  <div class='ocr_page' id='page_1' title='image "/cluster/home/n/w/nwhite01/storage/ocr_20150623/158/hvd.32044024236689/465.png"; bbox 0 0 4060 6292; ppageno 0'>
   <div class='ocr_carea' id='block_1_1' title="bbox 907 410 3428 503">
    <p class='ocr_par' dir='ltr' id='par_1_1' title="bbox 907 410 3428 503">
     <span class='ocr_line' id='line_1_1' title="bbox 907 410 3428 503; baseline -0.001 -28"><span class='ocrx_word' id='word_1_1' title='bbox 907 418 966 475; x_wconf 83' lang='lat'><strong>8.</strong></span> <span class='ocrx_word' id='word_1_2' title='bbox 1005 417 1304 477; x_wconf 72' lang='lat' dir='ltr'><strong>ANSELMI</strong></span> <span class='ocrx_word' id='word_1_3' title='bbox 1339 415 1692 477; x_wconf 78' lang='lat' dir='ltr'><strong>CANTUAR.</strong></span> <span class='ocrx_word' id='word_1_4' title='bbox 1723 410 2042 473; x_wconf 77' lang='lat' dir='ltr'><strong>ARCHIEP.</strong></span> <span class='ocrx_word' id='word_1_5' title='bbox 2071 412 2221 470; x_wconf 78' lang='lat' dir='ltr'><strong>OPP.</strong></span> <span class='ocrx_word' id='word_1_6' title='bbox 2252 413 2435 471; x_wconf 82' lang='lat' dir='ltr'><strong>PARS</strong></span> <span class='ocrx_word' id='word_1_7' title='bbox 2472 413 2535 470; x_wconf 87' lang='lat' dir='ltr'><strong>ll.</strong></span> <span class='ocrx_word' id='word_1_8' title='bbox 2564 446 2635 503; x_wconf 43' lang='lat'><em>7-</em></span> <span class='ocrx_word' id='word_1_9' title='bbox 2659 413 3031 473; x_wconf 59' lang='lat' dir='ltr'><strong>PARIENET.</strong></span> <span class='ocrx_word' id='word_1_10' title='bbox 3067 415 3157 474; x_wconf 82' lang='grc' dir='ltr'><strong>ΕΤ</strong></span> <span class='ocrx_word' id='word_1_11' title='bbox 3186 415 3428 474; x_wconf 79' lang='lat' dir='ltr'><strong>ASCET.</strong></span> 
     </span>
    </p>
   </div>
   <div class='ocr_carea' id='block_1_2' title="bbox 3723 419 3822 475">
    <p class='ocr_par' dir='ltr' id='par_1_2' title="bbox 3723 419 3822 475">
     <span class='ocr_line' id='line_1_2' title="bbox 3723 419 3822 475; baseline 0 -2"><span class='ocrx_word' id='word_1_12' title='bbox 3723 419 3822 475; x_wconf 72' lang='lat'><strong>820</strong></span> 
     </span>
    </p>
   </div>
   <div class='ocr_carea' id='block_1_3' title="bbox 551 504 3823 613">
    <p class='ocr_par' dir='ltr' id='par_1_3' title="bbox 551 504 3823 613">
     <span class='ocr_line' id='line_1_3' title="bbox 551 504 3823 613; baseline 0.001 -28"><span class='ocrx_word' id='word_1_13' title='bbox 551 531 733 587; x_wconf 82' lang='lat' dir='ltr'><strong>anima</strong></span> <span class='ocrx_word' id='word_1_14' title='bbox 760 547 867 588; x_wconf 91' lang='lat' dir='ltr'><strong>non</strong></span> <span class='ocrx_word' id='word_1_15' title='bbox 915 529 1184 588; x_wconf 75' lang='lat' dir='ltr'><strong>sufﬁciant</strong></span> <span class='ocrx_word' id='word_1_16' title='bbox 1229 531 1478 605; x_wconf 86' lang='lat' dir='ltr'><strong>dignitati</strong></span> <span class='ocrx_word' id='word_1_17' title='bbox 1519 530 1823 589; x_wconf 84' lang='lat' dir='ltr'><strong>dilectionis</strong></span> <span class='ocrx_word' id='word_1_18' title='bbox 1843 571 1860 596; x_wconf 91' lang='lat'><strong>,</strong></span> <span class='ocrx_word' id='word_1_19' title='bbox 1889 529 2137 603; x_wconf 80' lang='lat' dir='ltr'><strong>profecto</strong></span> <span class='ocrx_word' id='word_1_20' title='bbox 2164 535 2211 595; x_wconf 79' lang='grc' dir='ltr'>Α</span> <span class='ocrx_word' id='word_1_21' title='bbox 2239 529 2495 585; x_wconf 89' lang='lat' dir='ltr'><strong>amabunt</strong></span> <span class='ocrx_word' id='word_1_22' title='bbox 2522 504 2785 601; x_wconf 81' lang='lat' dir='ltr'><strong>quantum</strong></span> <span class='ocrx_word' id='word_1_23' title='bbox 2816 541 3169 605; x_wconf 88' lang='lat' dir='ltr'><strong>cognoscent.</strong></span> <span class='ocrx_word' id='word_1_24' title='bbox 3213 533 3487 602; x_wconf 84' lang='lat' dir='ltr'><strong>Quantum</strong></span> <span class='ocrx_word' id='word_1_25' title='bbox 3535 543 3589 589; x_wconf 91' lang='lat' dir='ltr'><strong>te</strong></span> <span class='ocrx_word' id='word_1_26' title='bbox 3626 548 3823 606; x_wconf 83' lang='lat' dir='ltr'><strong>cogno-</strong></span> 
     </span>
    </p>
   </div>
   <div class='ocr_carea' id='block_1_4' title="bbox 548 621 2133 695">
    <p class='ocr_par' dir='ltr' id='par_1_4' title="bbox 548 621 2133 695">
     <span class='ocr_line' id='line_1_4' title="bbox 548 621 2133 695; baseline 0.001 -18"><span class='ocrx_word' id='word_1_27' title='bbox 548 621 632 678; x_wconf 87' lang='lat' dir='ltr'><strong>sic</strong></span> <span class='ocrx_word' id='word_1_28' title='bbox 675 623 983 695; x_wconf 85' lang='lat' dir='ltr'><strong>gaudebunt</strong></span> <span class='ocrx_word' id='word_1_29' title='bbox 1017 623 1142 695; x_wconf 82' lang='lat' dir='ltr'><strong>iusti</strong></span> <span class='ocrx_word' id='word_1_30' title='bbox 1194 624 1248 679; x_wconf 95' lang='lat' dir='ltr'><strong>in</strong></span> <span class='ocrx_word' id='word_1_31' title='bbox 1290 623 1378 680; x_wconf 91' lang='lat' dir='ltr'><strong>illa</strong></span> <span class='ocrx_word' id='word_1_32' title='bbox 1424 639 1655 694; x_wconf 87' lang='lat' dir='ltr'><strong>superna</strong></span> <span class='ocrx_word' id='word_1_33' title='bbox 1706 622 1967 679; x_wconf 80' lang='lat' dir='ltr'><strong>felicitate</strong></span> <span class='ocrx_word' id='word_1_34' title='bbox 2017 631 2133 678; x_wconf 91' lang='lat' dir='ltr'><strong>toto</strong></span> 
     </span>
    </p>
   </div>
   <div class='ocr_carea' id='block_1_5' title="bbox 545 716 2132 782">
    <p class='ocr_par' dir='ltr' id='par_1_5' title="bbox 545 716 2132 782">
     <span class='ocr_line' id='line_1_5' title="bbox 545 716 2132 782; baseline -0.001 -11"><span class='ocrx_word' id='word_1_35' title='bbox 545 716 732 780; x_wconf 86' lang='lat' dir='ltr'><strong>corde,</strong></span> <span class='ocrx_word' id='word_1_36' title='bbox 763 724 874 769; x_wconf 90' lang='lat' dir='ltr'><strong>tota</strong></span> <span class='ocrx_word' id='word_1_37' title='bbox 906 727 1123 781; x_wconf 78' lang='lat' dir='ltr'><strong>mente,</strong></span> <span class='ocrx_word' id='word_1_38' title='bbox 1158 725 1269 771; x_wconf 87' lang='lat' dir='ltr'><strong>tota</strong></span> <span class='ocrx_word' id='word_1_39' title='bbox 1301 716 1506 782; x_wconf 87' lang='lat' dir='ltr'><strong>anima,</strong></span> <span class='ocrx_word' id='word_1_40' title='bbox 1551 725 1610 771; x_wconf 90' lang='lat' dir='ltr'><strong>ut</strong></span> <span class='ocrx_word' id='word_1_41' title='bbox 1655 723 1825 770; x_wconf 91' lang='lat' dir='ltr'><strong>totum</strong></span> <span class='ocrx_word' id='word_1_42' title='bbox 1872 729 1987 780; x_wconf 89' lang='lat' dir='ltr'><strong>cor,</strong></span> <span class='ocrx_word' id='word_1_43' title='bbox 2022 723 2132 769; x_wconf 89' lang='lat' dir='ltr'><strong>tota</strong></span> 
     </span>
    </p>
   </div>
   <div class='ocr_carea' id='block_1_6' title="bbox 544 804 2059 876">
    <p class='ocr_par' dir='ltr' id='par_1_6' title="bbox 544 804 2059 876">
     <span class='ocr_line' id='line_1_6' title="bbox 544 804 2059 876; baseline -0.001 -17"><span class='ocrx_word' id='word_1_44' title='bbox 544 819 721 873; x_wconf 88' lang='lat' dir='ltr'><strong>mens,</strong></span> <span class='ocrx_word' id='word_1_45' title='bbox 742 813 851 860; x_wconf 89' lang='lat' dir='ltr'><strong>tota</strong></span> <span class='ocrx_word' id='word_1_46' title='bbox 884 806 1064 861; x_wconf 86' lang='lat' dir='ltr'><strong>anima</strong></span> <span class='ocrx_word' id='word_1_47' title='bbox 1095 822 1198 862; x_wconf 91' lang='lat' dir='ltr'><strong>non</strong></span> <span class='ocrx_word' id='word_1_48' title='bbox 1225 805 1493 862; x_wconf 81' lang='lat' dir='ltr'><strong>suiliciant</strong></span> <span class='ocrx_word' id='word_1_49' title='bbox 1516 805 1836 876; x_wconf 88' lang='lat' dir='ltr'><strong>plenitudini</strong></span> <span class='ocrx_word' id='word_1_50' title='bbox 1858 804 2059 875; x_wconf 80' lang='lat' dir='ltr'><strong>gaudii.</strong></span> 
     </span>
    </p>
   </div>
   <div class='ocr_carea' id='block_1_7' title="bbox 612 897 2131 971">
    <p class='ocr_par' dir='ltr' id='par_1_7' title="bbox 612 897 2131 971">
     <span class='ocr_line' id='line_1_7' title="bbox 612 897 2131 971; baseline -0.001 -19"><span class='ocrx_word' id='word_1_51' title='bbox 612 897 755 953; x_wconf 90' lang='lat' dir='ltr'><strong>Deus</strong></span> <span class='ocrx_word' id='word_1_52' title='bbox 791 913 967 962; x_wconf 87' lang='lat' dir='ltr'><strong>meus,</strong></span> <span class='ocrx_word' id='word_1_53' title='bbox 1005 908 1060 954; x_wconf 92' lang='lat' dir='ltr'><strong>et</strong></span> <span class='ocrx_word' id='word_1_54' title='bbox 1104 900 1387 964; x_wconf 85' lang='lat' dir='ltr'><strong>Dominus,</strong></span> <span class='ocrx_word' id='word_1_55' title='bbox 1449 914 1573 971; x_wconf 83' lang='lat' dir='ltr'><strong>spes</strong></span> <span class='ocrx_word' id='word_1_56' title='bbox 1610 914 1728 954; x_wconf 90' lang='lat' dir='ltr'><strong>mea</strong></span> <span class='ocrx_word' id='word_1_57' title='bbox 1785 907 1839 953; x_wconf 89' lang='lat' dir='ltr'><strong>et</strong></span> <span class='ocrx_word' id='word_1_58' title='bbox 1877 897 2131 971; x_wconf 86' lang='lat' dir='ltr'><strong>gaudium</strong></span> 
     </span>
    </p>
   </div>
   <div class='ocr_carea' id='block_1_8' title="bbox 537 986 2134 1060">
    <p class='ocr_par' dir='ltr' id='par_1_8' title="bbox 537 986 2134 1060">
     <span class='ocr_line' id='line_1_8' title="bbox 537 986 2134 1060; baseline -0.001 -17"><span class='ocrx_word' id='word_1_59' title='bbox 537 988 723 1044; x_wconf 86' lang='lat' dir='ltr'><strong>cordis</strong></span> <span class='ocrx_word' id='word_1_60' title='bbox 753 989 881 1054; x_wconf 93' lang='lat' dir='ltr'><strong>mei,</strong></span> <span class='ocrx_word' id='word_1_61' title='bbox 914 989 1000 1045; x_wconf 90' lang='lat' dir='ltr'><strong>die</strong></span> <span class='ocrx_word' id='word_1_62' title='bbox 1042 991 1238 1046; x_wconf 69' lang='lat' dir='ltr'><strong>anima:</strong></span> <span class='ocrx_word' id='word_1_63' title='bbox 1273 1006 1408 1046; x_wconf 77' lang='lat' dir='ltr'><strong>meae</strong></span> <span class='ocrx_word' id='word_1_64' title='bbox 1433 990 1477 1045; x_wconf 91' lang='lat' dir='ltr'><strong>si</strong></span> <span class='ocrx_word' id='word_1_65' title='bbox 1518 990 1622 1047; x_wconf 92' lang='lat' dir='ltr'><strong>hoc</strong></span> <span class='ocrx_word' id='word_1_66' title='bbox 1658 997 1743 1045; x_wconf 84' lang='lat' dir='ltr'><strong>est</strong></span> <span class='ocrx_word' id='word_1_67' title='bbox 1780 988 2035 1060; x_wconf 77' lang='lat' dir='ltr'><strong>gaudium</strong></span> <span class='ocrx_word' id='word_1_68' title='bbox 2066 986 2134 1041; x_wconf 91' lang='lat' dir='ltr'><strong>de</strong></span> 
     </span>
    </p>
   </div>
   <div class='ocr_carea' id='block_1_9' title="bbox 540 1079 2131 1152">
    <p class='ocr_par' dir='ltr' id='par_1_9' title="bbox 540 1079 2131 1152">
     <span class='ocr_line' id='line_1_9' title="bbox 540 1079 2131 1152; baseline 0 -20"><span class='ocrx_word' id='word_1_69' title='bbox 540 1094 649 1148; x_wconf 87' lang='lat' dir='ltr'><strong>quo</strong></span> <span class='ocrx_word' id='word_1_70' title='bbox 681 1079 840 1136; x_wconf 90' lang='lat' dir='ltr'><strong>nobis</strong></span> <span class='ocrx_word' id='word_1_71' title='bbox 864 1081 999 1135; x_wconf 89' lang='lat' dir='ltr'><strong>dicis</strong></span> <span class='ocrx_word' id='word_1_72' title='bbox 1024 1098 1123 1152; x_wconf 84' lang='lat' dir='ltr'><strong>per</strong></span> <span class='ocrx_word' id='word_1_73' title='bbox 1148 1081 1344 1137; x_wconf 87' lang='lat' dir='ltr'><strong>Filium</strong></span> <span class='ocrx_word' id='word_1_74' title='bbox 1382 1093 1533 1137; x_wconf 91' lang='lat' dir='ltr'><strong>tuum</strong></span> <span class='ocrx_word' id='word_1_75' title='bbox 1564 1100 1576 1136; x_wconf 91' lang='lat'><strong>:</strong></span> <span class='ocrx_word' id='word_1_76' title='bbox 1608 1080 1795 1145; x_wconf 75' lang='lat' dir='ltr'><strong>Petita,</strong></span> <span class='ocrx_word' id='word_1_77' title='bbox 1827 1090 1875 1135; x_wconf 82' lang='lat' dir='ltr'><strong>et</strong></span> <span class='ocrx_word' id='word_1_78' title='bbox 1904 1080 2131 1149; x_wconf 83' lang='lat' dir='ltr'><strong>accipie-</strong></span> 
     </span>
    </p>
   </div>
   <div class='ocr_carea' id='block_1_10' title="bbox 538 1169 2129 1243">
    <p class='ocr_par' dir='ltr' id='par_1_10' title="bbox 538 1169 2129 1243">
     <span class='ocr_line' id='line_1_10' title="bbox 538 1169 2129 1243; baseline 0.001 -22"><span class='ocrx_word' id='word_1_79' title='bbox 538 1169 631 1231; x_wconf 86' lang='lat' dir='ltr'><strong>tis,</strong></span> <span class='ocrx_word' id='word_1_80' title='bbox 658 1179 713 1223; x_wconf 78' lang='lat' dir='ltr'><strong>ut</strong></span> <span class='ocrx_word' id='word_1_81' title='bbox 740 1170 992 1240; x_wconf 82' lang='lat' dir='ltr'><strong>gaudium</strong></span> <span class='ocrx_word' id='word_1_82' title='bbox 1036 1182 1257 1226; x_wconf 83' lang='lat' dir='ltr'><strong>vestrum</strong></span> <span class='ocrx_word' id='word_1_83' title='bbox 1287 1173 1355 1226; x_wconf 80' lang='lat' dir='ltr'><strong>sit</strong></span> <span class='ocrx_word' id='word_1_84' title='bbox 1386 1172 1597 1243; x_wconf 85' lang='lat' dir='ltr'><strong>plenum</strong></span> <span class='ocrx_word' id='word_1_85' title='bbox 1637 1171 1819 1242; x_wconf 81' lang='lat' dir='ltr'><strong>(Joan.</strong></span> <span class='ocrx_word' id='word_1_86' title='bbox 1871 1185 1984 1234; x_wconf 73' lang='lat' dir='ltr'><strong>3m,</strong></span> <span class='ocrx_word' id='word_1_87' title='bbox 2014 1169 2129 1239; x_wconf 64' lang='lat'><strong>24).</strong></span> 
     </span>
    </p>
   </div>
   <div class='ocr_carea' id='block_1_11' title="bbox 539 1260 2132 1345">
    <p class='ocr_par' dir='ltr' id='par_1_11' title="bbox 539 1260 2132 1345">
     <span class='ocr_line' id='line_1_11' title="bbox 539 1260 2132 1345; baseline 0.002 -30"><span class='ocrx_word' id='word_1_88' title='bbox 539 1260 723 1317; x_wconf 83' lang='lat' dir='ltr'><strong>Inveni</strong></span> <span class='ocrx_word' id='word_1_89' title='bbox 769 1278 1004 1333; x_wconf 89' lang='lat' dir='ltr'><strong>namque</strong></span> <span class='ocrx_word' id='word_1_90' title='bbox 1034 1264 1291 1345; x_wconf 85' lang='lat' dir='ltr'><strong>gaudium</strong></span> <span class='ocrx_word' id='word_1_91' title='bbox 1319 1265 1588 1336; x_wconf 81' lang='lat' dir='ltr'><strong>quoddam</strong></span> <span class='ocrx_word' id='word_1_92' title='bbox 1635 1262 1875 1334; x_wconf 89' lang='lat' dir='ltr'><strong>plenum,</strong></span> <span class='ocrx_word' id='word_1_93' title='bbox 1903 1272 1959 1316; x_wconf 88' lang='lat' dir='ltr'><strong>et</strong></span> <span class='ocrx_word' id='word_1_94' title='bbox 1987 1262 2132 1332; x_wconf 84' lang='lat' dir='ltr'><strong>plus-</strong></span> 
     </span>
    </p>
   </div>
   <div class='ocr_carea' id='block_1_12' title="bbox 538 1353 2129 1428">
    <p class='ocr_par' dir='ltr' id='par_1_12' title="bbox 538 1353 2129 1428">
     <span class='ocr_line' id='line_1_12' title="bbox 538 1353 2129 1428; baseline 0.002 -23"><span class='ocrx_word' id='word_1_95' title='bbox 538 1368 701 1422; x_wconf 84' lang='lat' dir='ltr'><strong>quam</strong></span> <span class='ocrx_word' id='word_1_96' title='bbox 728 1355 967 1426; x_wconf 88' lang='lat' dir='ltr'><strong>plemnn.</strong></span> <span class='ocrx_word' id='word_1_97' title='bbox 998 1355 1163 1412; x_wconf 90' lang='lat' dir='ltr'><strong>Pleno</strong></span> <span class='ocrx_word' id='word_1_98' title='bbox 1192 1358 1390 1428; x_wconf 83' lang='lat' dir='ltr'><strong>quippe</strong></span> <span class='ocrx_word' id='word_1_99' title='bbox 1414 1356 1598 1421; x_wconf 88' lang='lat' dir='ltr'><strong>corde,</strong></span> <span class='ocrx_word' id='word_1_100' title='bbox 1630 1354 1786 1425; x_wconf 86' lang='lat' dir='ltr'><strong>plena</strong></span> <span class='ocrx_word' id='word_1_101' title='bbox 1818 1354 1949 1419; x_wconf 79' lang='lat' dir='ltr'><strong>vita,</strong></span> <span class='ocrx_word' id='word_1_102' title='bbox 1972 1353 2129 1424; x_wconf 89' lang='lat' dir='ltr'><strong>plena</strong></span> 
     </span>
    </p>
   </div>
   <div class='ocr_carea' id='block_1_13' title="bbox 539 1446 2134 1522">
    <p class='ocr_par' dir='ltr' id='par_1_13' title="bbox 539 1446 2134 1522">
     <span class='ocr_line' id='line_1_13' title="bbox 539 1446 2134 1522; baseline 0.003 -24"><span class='ocrx_word' id='word_1_103' title='bbox 539 1446 743 1513; x_wconf 82' lang='lat' dir='ltr'><strong>anima,</strong></span> <span class='ocrx_word' id='word_1_104' title='bbox 787 1448 945 1518; x_wconf 90' lang='lat' dir='ltr'><strong>plcno</strong></span> <span class='ocrx_word' id='word_1_105' title='bbox 974 1458 1085 1504; x_wconf 90' lang='lat' dir='ltr'><strong>toto</strong></span> <span class='ocrx_word' id='word_1_106' title='bbox 1116 1451 1335 1505; x_wconf 84' lang='lat' dir='ltr'><strong>homine</strong></span> <span class='ocrx_word' id='word_1_107' title='bbox 1363 1450 1557 1522; x_wconf 85' lang='lat' dir='ltr'><strong>gaudio</strong></span> <span class='ocrx_word' id='word_1_108' title='bbox 1584 1449 1705 1514; x_wconf 92' lang='lat' dir='ltr'><strong>illo,</strong></span> <span class='ocrx_word' id='word_1_109' title='bbox 1737 1449 1915 1504; x_wconf 88' lang='lat' dir='ltr'><strong>adhuc</strong></span> <span class='ocrx_word' id='word_1_110' title='bbox 1942 1464 2134 1517; x_wconf 90' lang='lat' dir='ltr'><strong>super-</strong></span> 
     </span>
    </p>
   </div>
   <div class='ocr_carea' id='block_1_14' title="bbox 541 1537 2130 1613">
    <p class='ocr_par' dir='ltr' id='par_1_14' title="bbox 541 1537 2130 1613">
     <span class='ocr_line' id='line_1_14' title="bbox 541 1537 2130 1613; baseline 0.003 -23"><span class='ocrx_word' id='word_1_111' title='bbox 541 1537 649 1592; x_wconf 90' lang='lat' dir='ltr'><strong>erit</strong></span> <span class='ocrx_word' id='word_1_112' title='bbox 685 1554 845 1609; x_wconf 87' lang='lat' dir='ltr'><strong>supra</strong></span> <span class='ocrx_word' id='word_1_113' title='bbox 903 1542 1119 1596; x_wconf 86' lang='lat' dir='ltr'><strong>modum</strong></span> <span class='ocrx_word' id='word_1_114' title='bbox 1149 1542 1429 1613; x_wconf 82' lang='lat' dir='ltr'><strong>gaudium.</strong></span> <span class='ocrx_word' id='word_1_115' title='bbox 1468 1540 1582 1597; x_wconf 89' lang='lat' dir='ltr'><strong>Non</strong></span> <span class='ocrx_word' id='word_1_116' title='bbox 1623 1541 1769 1596; x_wconf 91' lang='lat' dir='ltr'><strong>enim</strong></span> <span class='ocrx_word' id='word_1_117' title='bbox 1796 1548 1963 1596; x_wconf 89' lang='lat' dir='ltr'><strong>totum</strong></span> <span class='ocrx_word' id='word_1_118' title='bbox 1999 1540 2130 1595; x_wconf 82' lang='lat' dir='ltr'><strong>illud</strong></span> 
     </span>
    </p>
   </div>
   <div class='ocr_carea' id='block_1_15' title="bbox 543 1626 2131 1702">
    <p class='ocr_par' dir='ltr' id='par_1_15' title="bbox 543 1626 2131 1702">
     <span class='ocr_line' id='line_1_15' title="bbox 543 1626 2131 1702; baseline 0.006 -23"><span class='ocrx_word' id='word_1_119' title='bbox 543 1626 799 1695; x_wconf 87' lang='lat' dir='ltr'><strong>gaudium</strong></span> <span class='ocrx_word' id='word_1_120' title='bbox 834 1628 1056 1684; x_wconf 83' lang='lat' dir='ltr'><strong>intrabit</strong></span> <span class='ocrx_word' id='word_1_121' title='bbox 1101 1631 1154 1685; x_wconf 90' lang='lat' dir='ltr'><strong>in</strong></span> <span class='ocrx_word' id='word_1_122' title='bbox 1198 1631 1517 1702; x_wconf 86' lang='lat' dir='ltr'><strong>gaudentes,</strong></span> <span class='ocrx_word' id='word_1_123' title='bbox 1554 1632 1646 1687; x_wconf 89' lang='lat' dir='ltr'><strong>sed</strong></span> <span class='ocrx_word' id='word_1_124' title='bbox 1695 1630 1789 1685; x_wconf 91' lang='lat' dir='ltr'><strong>toti</strong></span> <span class='ocrx_word' id='word_1_125' title='bbox 1829 1630 2131 1701; x_wconf 82' lang='lat' dir='ltr'><strong>gaudentes</strong></span> 
     </span>
    </p>
   </div>
   <div class='ocr_carea' id='block_1_16' title="bbox 539 1714 2039 1791">
    <p class='ocr_par' dir='ltr' id='par_1_16' title="bbox 539 1714 2039 1791">
     <span class='ocr_line' id='line_1_16' title="bbox 539 1714 2039 1791; baseline 0.007 -22"><span class='ocrx_word' id='word_1_126' title='bbox 539 1714 823 1771; x_wconf 85' lang='lat' dir='ltr'><strong>intrabunt</strong></span> <span class='ocrx_word' id='word_1_127' title='bbox 855 1717 904 1771; x_wconf 92' lang='lat' dir='ltr'><strong>in</strong></span> <span class='ocrx_word' id='word_1_128' title='bbox 931 1718 1059 1775; x_wconf 89' lang='lat' dir='ltr'><strong>illud</strong></span> <span class='ocrx_word' id='word_1_129' title='bbox 1082 1720 1361 1791; x_wconf 83' lang='lat' dir='ltr'><strong>gaudium.</strong></span> <span class='ocrx_word' id='word_1_130' title='bbox 1892 1749 1897 1753; x_wconf 91' lang='grc'><strong>·</strong></span> <span class='ocrx_word' id='word_1_131' title='bbox 2030 1718 2039 1722; x_wconf 65' lang='grc'><em>’</em></span> 
     </span>
    </p>
   </div>
   <div class='ocr_carea' id='block_1_17' title="bbox 613 1806 2124 1879">
    <p class='ocr_par' dir='ltr' id='par_1_17' title="bbox 613 1806 2124 1879">
     <span class='ocr_line' id='line_1_17' title="bbox 613 1806 2124 1879; baseline 0.003 -17"><span class='ocrx_word' id='word_1_132' title='bbox 613 1806 730 1874; x_wconf 91' lang='lat' dir='ltr'><strong>Dic,</strong></span> <span class='ocrx_word' id='word_1_133' title='bbox 770 1808 1016 1878; x_wconf 88' lang='lat' dir='ltr'><strong>Domine,</strong></span> <span class='ocrx_word' id='word_1_134' title='bbox 1049 1812 1138 1867; x_wconf 87' lang='lat' dir='ltr'><strong>die</strong></span> <span class='ocrx_word' id='word_1_135' title='bbox 1180 1827 1339 1867; x_wconf 87' lang='lat' dir='ltr'><strong>servo</strong></span> <span class='ocrx_word' id='word_1_136' title='bbox 1371 1821 1495 1879; x_wconf 85' lang='lat' dir='ltr'><strong>tuo,</strong></span> <span class='ocrx_word' id='word_1_137' title='bbox 1539 1810 1687 1866; x_wconf 88' lang='lat' dir='ltr'><strong>intus</strong></span> <span class='ocrx_word' id='word_1_138' title='bbox 1717 1810 1769 1865; x_wconf 94' lang='lat' dir='ltr'><strong>in</strong></span> <span class='ocrx_word' id='word_1_139' title='bbox 1808 1810 1972 1865; x_wconf 85' lang='lat' dir='ltr'><strong>corde</strong></span> <span class='ocrx_word' id='word_1_140' title='bbox 2005 1825 2124 1874; x_wconf 91' lang='lat' dir='ltr'><strong>suo,</strong></span> 
     </span>
    </p>
   </div>
   <div class='ocr_carea' id='block_1_18' title="bbox 541 1897 2124 1972">
    <p class='ocr_par' dir='ltr' id='par_1_18' title="bbox 541 1897 2124 1972">
     <span class='ocr_line' id='line_1_18' title="bbox 541 1897 2124 1972; baseline 0.002 -21"><span class='ocrx_word' id='word_1_141' title='bbox 541 1897 589 1952; x_wconf 95' lang='lat' dir='ltr'><strong>si</strong></span> <span class='ocrx_word' id='word_1_142' title='bbox 619 1897 725 1953; x_wconf 88' lang='lat' dir='ltr'><strong>hoc</strong></span> <span class='ocrx_word' id='word_1_143' title='bbox 752 1907 837 1954; x_wconf 90' lang='lat' dir='ltr'><strong>est</strong></span> <span class='ocrx_word' id='word_1_144' title='bbox 864 1899 1119 1971; x_wconf 88' lang='lat' dir='ltr'><strong>gaudium</strong></span> <span class='ocrx_word' id='word_1_145' title='bbox 1159 1902 1211 1957; x_wconf 92' lang='lat' dir='ltr'><strong>in</strong></span> <span class='ocrx_word' id='word_1_146' title='bbox 1243 1903 1385 1972; x_wconf 88' lang='lat' dir='ltr'><strong>quod</strong></span> <span class='ocrx_word' id='word_1_147' title='bbox 1426 1901 1709 1956; x_wconf 86' lang='lat' dir='ltr'><strong>intrabunt</strong></span> <span class='ocrx_word' id='word_1_148' title='bbox 1741 1901 1880 1955; x_wconf 94' lang='lat' dir='ltr'><strong>servi</strong></span> <span class='ocrx_word' id='word_1_149' title='bbox 1911 1900 2009 1966; x_wconf 88' lang='lat' dir='ltr'><strong>tui,</strong></span> <span class='ocrx_word' id='word_1_150' title='bbox 2035 1900 2124 1970; x_wconf 85' lang='lat' dir='ltr'><strong>qui</strong></span> 
     </span>
    </p>
   </div>
   <div class='ocr_carea' id='block_1_19' title="bbox 541 1991 2129 2065">
    <p class='ocr_par' dir='ltr' id='par_1_19' title="bbox 541 1991 2129 2065">
     <span class='ocr_line' id='line_1_19' title="bbox 541 1991 2129 2065; baseline 0 -19"><span class='ocrx_word' id='word_1_151' title='bbox 541 1991 820 2046; x_wconf 87' lang='lat' dir='ltr'><strong>intrabunt</strong></span> <span class='ocrx_word' id='word_1_152' title='bbox 869 1993 922 2047; x_wconf 90' lang='lat' dir='ltr'><strong>in</strong></span> <span class='ocrx_word' id='word_1_153' title='bbox 956 1995 1210 2065; x_wconf 88' lang='lat' dir='ltr'><strong>gaudium</strong></span> <span class='ocrx_word' id='word_1_154' title='bbox 1257 1995 1351 2050; x_wconf 86' lang='lat' dir='ltr'><strong>Dei</strong></span> <span class='ocrx_word' id='word_1_155' title='bbox 1394 1994 1499 2048; x_wconf 88' lang='lat' dir='ltr'><strong>sui.</strong></span> <span class='ocrx_word' id='word_1_156' title='bbox 1548 1993 1655 2047; x_wconf 90' lang='lat' dir='ltr'><strong>Sed</strong></span> <span class='ocrx_word' id='word_1_157' title='bbox 1700 1992 1958 2063; x_wconf 77' lang='lat' dir='ltr'><strong>gaudium</strong></span> <span class='ocrx_word' id='word_1_158' title='bbox 1998 1991 2129 2046; x_wconf 88' lang='lat' dir='ltr'><strong>illud</strong></span> 
     </span>
    </p>
   </div>
   <div class='ocr_carea' id='block_1_20' title="bbox 539 2083 2132 2155">
    <p class='ocr_par' dir='ltr' id='par_1_20' title="bbox 539 2083 2132 2155">
     <span class='ocr_line' id='line_1_20' title="bbox 539 2083 2132 2155; baseline -0.001 -18"><span class='ocrx_word' id='word_1_159' title='bbox 539 2090 689 2138; x_wconf 88' lang='lat' dir='ltr'><strong>certe</strong></span> <span class='ocrx_word' id='word_1_160' title='bbox 714 2098 822 2154; x_wconf 89' lang='lat' dir='ltr'><strong>quo</strong></span> <span class='ocrx_word' id='word_1_161' title='bbox 851 2086 1162 2155; x_wconf 87' lang='lat' dir='ltr'><strong>gaudebunt</strong></span> <span class='ocrx_word' id='word_1_162' title='bbox 1191 2086 1345 2141; x_wconf 89' lang='lat' dir='ltr'><strong>electi</strong></span> <span class='ocrx_word' id='word_1_163' title='bbox 1376 2088 1474 2153; x_wconf 88' lang='lat' dir='ltr'><strong>tui,</strong></span> <span class='ocrx_word' id='word_1_164' title='bbox 1509 2102 1602 2140; x_wconf 83' lang='lat' dir='ltr'><strong>nec</strong></span> <span class='ocrx_word' id='word_1_165' title='bbox 1632 2083 1823 2139; x_wconf 70' lang='lat' dir='ltr'><strong>oculus</strong></span> <span class='ocrx_word' id='word_1_166' title='bbox 1847 2084 1971 2138; x_wconf 72' lang='lat' dir='ltr'><strong>vidit</strong></span> <span class='ocrx_word' id='word_1_167' title='bbox 1991 2125 2006 2150; x_wconf 92' lang='lat'><strong>,</strong></span> <span class='ocrx_word' id='word_1_168' title='bbox 2039 2099 2132 2137; x_wconf 78' lang='lat' dir='ltr'><strong>nec</strong></span> 
     </span>
    </p>
   </div>
   <div class='ocr_carea' id='block_1_21' title="bbox 542 2172 2130 2239">
    <p class='ocr_par' dir='ltr' id='par_1_21' title="bbox 542 2172 2130 2239">
     <span class='ocr_line' id='line_1_21' title="bbox 542 2172 2130 2239; baseline 0.003 -16"><span class='ocrx_word' id='word_1_169' title='bbox 542 2172 692 2225; x_wconf 83' lang='lat' dir='ltr'><strong>auris</strong></span> <span class='ocrx_word' id='word_1_170' title='bbox 714 2173 940 2239; x_wconf 76' lang='lat' dir='ltr'><strong>audivit,</strong></span> <span class='ocrx_word' id='word_1_171' title='bbox 974 2191 1065 2228; x_wconf 69' lang='lat' dir='ltr'><strong>nec:</strong></span> <span class='ocrx_word' id='word_1_172' title='bbox 1094 2175 1149 2229; x_wconf 86' lang='lat' dir='ltr'><strong>in</strong></span> <span class='ocrx_word' id='word_1_173' title='bbox 1177 2192 1266 2230; x_wconf 87' lang='lat' dir='ltr'><strong>cor</strong></span> <span class='ocrx_word' id='word_1_174' title='bbox 1289 2176 1514 2230; x_wconf 76' lang='lat' dir='ltr'><strong>hominis</strong></span> <span class='ocrx_word' id='word_1_175' title='bbox 1539 2174 1774 2229; x_wconf 74' lang='lat' dir='ltr'><strong>ascendit</strong></span> <span class='ocrx_word' id='word_1_176' title='bbox 1800 2175 1851 2228; x_wconf 92' lang='lat' dir='ltr'><strong>in</strong></span> <span class='ocrx_word' id='word_1_177' title='bbox 1890 2173 1990 2230; x_wconf 89' lang='lat' dir='ltr'><strong>hac</strong></span> <span class='ocrx_word' id='word_1_178' title='bbox 2021 2175 2130 2229; x_wconf 87' lang='lat' dir='ltr'><strong>vita</strong></span> 
     </span>
    </p>
   </div>
   <div class='ocr_carea' id='block_1_22' title="bbox 541 2263 2132 2340">
    <p class='ocr_par' dir='ltr' id='par_1_22' title="bbox 541 2263 2132 2340">
     <span class='ocr_line' id='line_1_22' title="bbox 541 2263 2132 2340; baseline 0.003 -23"><span class='ocrx_word' id='word_1_179' title='bbox 541 2263 597 2332; x_wconf 87' lang='grc'><strong>(1</strong></span> <span class='ocrx_word' id='word_1_180' title='bbox 624 2264 748 2321; x_wconf 82' lang='lat' dir='ltr'><strong>Cor.</strong></span> <span class='ocrx_word' id='word_1_181' title='bbox 780 2283 840 2333; x_wconf 89' lang='grc' dir='ltr'>ιι,</span> <span class='ocrx_word' id='word_1_182' title='bbox 869 2267 948 2337; x_wconf 82' lang='lat'><strong>9).</strong></span> <span class='ocrx_word' id='word_1_183' title='bbox 1001 2268 1245 2324; x_wconf 77' lang='lat' dir='ltr'><strong>Nondum</strong></span> <span class='ocrx_word' id='word_1_184' title='bbox 1291 2284 1423 2340; x_wconf 85' lang='lat' dir='ltr'><strong>ergo</strong></span> <span class='ocrx_word' id='word_1_185' title='bbox 1461 2268 1573 2325; x_wconf 75' lang='lat' dir='ltr'><strong>dixi</strong></span> <span class='ocrx_word' id='word_1_186' title='bbox 1620 2268 1719 2336; x_wconf 63' lang='grc' dir='ltr'><strong>ω,</strong></span> <span class='ocrx_word' id='word_1_187' title='bbox 1752 2265 2007 2329; x_wconf 84' lang='lat' dir='ltr'><strong>Domine,</strong></span> <span class='ocrx_word' id='word_1_188' title='bbox 2037 2277 2132 2322; x_wconf 91' lang='lat' dir='ltr'><strong>aut</strong></span> 
     </span>
    </p>
   </div>
   <div class='ocr_carea' id='block_1_23' title="bbox 540 2356 2129 2432">
    <p class='ocr_par' dir='ltr' id='par_1_23' title="bbox 540 2356 2129 2432">
     <span class='ocr_line' id='line_1_23' title="bbox 540 2356 2129 2432; baseline 0.003 -23"><span class='ocrx_word' id='word_1_189' title='bbox 540 2356 775 2427; x_wconf 77' lang='lat' dir='ltr'><strong>cogitavi</strong></span> <span class='ocrx_word' id='word_1_190' title='bbox 815 2368 1078 2429; x_wconf 88' lang='lat' dir='ltr'><strong>quantum</strong></span> <span class='ocrx_word' id='word_1_191' title='bbox 1135 2360 1446 2432; x_wconf 87' lang='lat' dir='ltr'><strong>gaudebunt</strong></span> <span class='ocrx_word' id='word_1_192' title='bbox 1480 2359 1553 2414; x_wconf 86' lang='lat' dir='ltr'><strong>illi</strong></span> <span class='ocrx_word' id='word_1_193' title='bbox 1605 2358 1744 2415; x_wconf 88' lang='lat' dir='ltr'><strong>beati</strong></span> <span class='ocrx_word' id='word_1_194' title='bbox 1787 2357 1883 2413; x_wconf 90' lang='lat' dir='ltr'><strong>tui.</strong></span> <span class='ocrx_word' id='word_1_195' title='bbox 1932 2356 2129 2427; x_wconf 86' lang='lat' dir='ltr'><strong>Utique</strong></span> 
     </span>
    </p>
   </div>
   <div class='ocr_carea' id='block_1_24' title="bbox 541 2450 2124 2524">
    <p class='ocr_par' dir='ltr' id='par_1_24' title="bbox 541 2450 2124 2524">
     <span class='ocr_line' id='line_1_24' title="bbox 541 2450 2124 2524; baseline 0.002 -22"><span class='ocrx_word' id='word_1_196' title='bbox 541 2458 749 2507; x_wconf 90' lang='lat' dir='ltr'><strong>tantum</strong></span> <span class='ocrx_word' id='word_1_197' title='bbox 792 2452 1104 2524; x_wconf 82' lang='lat' dir='ltr'><strong>gaudebunt</strong></span> <span class='ocrx_word' id='word_1_198' title='bbox 1149 2462 1410 2523; x_wconf 84' lang='lat' dir='ltr'><strong>quantum</strong></span> <span class='ocrx_word' id='word_1_199' title='bbox 1459 2451 1721 2509; x_wconf 90' lang='lat' dir='ltr'><strong>amabunt</strong></span> <span class='ocrx_word' id='word_1_200' title='bbox 1765 2450 1858 2517; x_wconf 72' lang='lat' dir='ltr'><strong>m,</strong></span> <span class='ocrx_word' id='word_1_201' title='bbox 1918 2458 2124 2505; x_wconf 88' lang='lat' dir='ltr'><strong>tantum</strong></span> 
     </span>
    </p>
   </div>
   <div class='ocr_carea' id='block_1_25' title="bbox 2236 622 3825 694">
    <p class='ocr_par' dir='ltr' id='par_1_25' title="bbox 2236 622 3825 694">
     <span class='ocr_line' id='line_1_25' title="bbox 2236 622 3825 694; baseline 0.005 -18"><span class='ocrx_word' id='word_1_202' title='bbox 2236 629 2390 676; x_wconf 89' lang='lat' dir='ltr'><strong>scent</strong></span> <span class='ocrx_word' id='word_1_203' title='bbox 2416 631 2562 688; x_wconf 91' lang='lat' dir='ltr'><strong>tunc,</strong></span> <span class='ocrx_word' id='word_1_204' title='bbox 2599 622 2842 693; x_wconf 83' lang='lat' dir='ltr'><strong>Domine,</strong></span> <span class='ocrx_word' id='word_1_205' title='bbox 2874 635 2929 678; x_wconf 94' lang='lat' dir='ltr'><strong>et</strong></span> <span class='ocrx_word' id='word_1_206' title='bbox 2953 633 3216 694; x_wconf 86' lang='lat' dir='ltr'><strong>quantum</strong></span> <span class='ocrx_word' id='word_1_207' title='bbox 3249 635 3303 680; x_wconf 88' lang='lat' dir='ltr'><strong>te</strong></span> <span class='ocrx_word' id='word_1_208' title='bbox 3339 625 3622 680; x_wconf 83' lang='lat' dir='ltr'><strong>amabunt.</strong></span> <span class='ocrx_word' id='word_1_209' title='bbox 3664 625 3825 684; x_wconf 84' lang='lat' dir='ltr'><strong>Certe</strong></span> 
     </span>
    </p>
   </div>
   <div class='ocr_carea' id='block_1_26' title="bbox 2237 712 3821 789">
    <p class='ocr_par' dir='ltr' id='par_1_26' title="bbox 2237 712 3821 789">
     <span class='ocr_line' id='line_1_26' title="bbox 2237 712 3821 789; baseline 0.005 -24"><span class='ocrx_word' id='word_1_210' title='bbox 2237 727 2329 766; x_wconf 83' lang='lat' dir='ltr'><strong>nec</strong></span> <span class='ocrx_word' id='word_1_211' title='bbox 2354 712 2538 789; x_wconf 73' lang='lat' dir='ltr'><strong>oculus</strong></span> <span class='ocrx_word' id='word_1_212' title='bbox 2568 713 2719 779; x_wconf 79' lang='lat' dir='ltr'><strong>vidit,</strong></span> <span class='ocrx_word' id='word_1_213' title='bbox 2768 730 2861 768; x_wconf 81' lang='lat' dir='ltr'><strong>nec</strong></span> <span class='ocrx_word' id='word_1_214' title='bbox 2889 717 3035 769; x_wconf 80' lang='lat' dir='ltr'><strong>auris</strong></span> <span class='ocrx_word' id='word_1_215' title='bbox 3063 716 3286 783; x_wconf 80' lang='lat' dir='ltr'><strong>audivit,</strong></span> <span class='ocrx_word' id='word_1_216' title='bbox 3310 732 3405 772; x_wconf 81' lang='lat' dir='ltr'><strong>nec</strong></span> <span class='ocrx_word' id='word_1_217' title='bbox 3458 717 3514 772; x_wconf 77' lang='lat' dir='ltr'><strong>in</strong></span> <span class='ocrx_word' id='word_1_218' title='bbox 3535 734 3629 771; x_wconf 84' lang='lat' dir='ltr'><strong>cor</strong></span> <span class='ocrx_word' id='word_1_219' title='bbox 3655 718 3821 773; x_wconf 83' lang='lat' dir='ltr'><strong>homi-</strong></span> 
     </span>
    </p>
   </div>
   <div class='ocr_carea' id='block_1_27' title="bbox 2236 804 3823 878">
    <p class='ocr_par' dir='ltr' id='par_1_27' title="bbox 2236 804 3823 878">
     <span class='ocr_line' id='line_1_27' title="bbox 2236 804 3823 878; baseline 0.006 -22"><span class='ocrx_word' id='word_1_220' title='bbox 2236 804 2318 858; x_wconf 81' lang='lat' dir='ltr'><strong>nis</strong></span> <span class='ocrx_word' id='word_1_221' title='bbox 2358 804 2590 859; x_wconf 75' lang='lat' dir='ltr'><strong>ascendit</strong></span> <span class='ocrx_word' id='word_1_222' title='bbox 2644 804 2697 859; x_wconf 92' lang='lat' dir='ltr'><strong>in</strong></span> <span class='ocrx_word' id='word_1_223' title='bbox 2745 804 2848 860; x_wconf 91' lang='lat' dir='ltr'><strong>hac</strong></span> <span class='ocrx_word' id='word_1_224' title='bbox 2889 806 2995 861; x_wconf 85' lang='lat' dir='ltr'><strong>vita</strong></span> <span class='ocrx_word' id='word_1_225' title='bbox 3050 816 3315 878; x_wconf 88' lang='lat' dir='ltr'><strong>quantum</strong></span> <span class='ocrx_word' id='word_1_226' title='bbox 3361 819 3413 862; x_wconf 84' lang='lat' dir='ltr'><strong>te</strong></span> <span class='ocrx_word' id='word_1_227' title='bbox 3475 820 3823 878; x_wconf 76' lang='lat' dir='ltr'><strong>cognoscent,</strong></span> 
     </span>
    </p>
   </div>
   <div class='ocr_carea' id='block_1_28' title="bbox 2235 894 3823 977">
    <p class='ocr_par' dir='ltr' id='par_1_28' title="bbox 2235 894 3823 977">
     <span class='ocr_line' id='line_1_28' title="bbox 2235 894 3823 977; baseline 0.002 -25"><span class='ocrx_word' id='word_1_228' title='bbox 2235 906 2290 952; x_wconf 89' lang='lat' dir='ltr'><strong>et</strong></span> <span class='ocrx_word' id='word_1_229' title='bbox 2308 896 2568 951; x_wconf 88' lang='lat' dir='ltr'><strong>amabunt</strong></span> <span class='ocrx_word' id='word_1_230' title='bbox 2594 894 2760 977; x_wconf 84' lang='lat' dir='ltr'><strong>inilla</strong></span> <span class='ocrx_word' id='word_1_231' title='bbox 2788 894 2898 977; x_wconf 79' lang='lat' dir='ltr'><strong>vita</strong></span> <span class='ocrx_word' id='word_1_232' title='bbox 2924 897 3098 977; x_wconf 83' lang='lat' dir='ltr'><strong>sancti</strong></span> <span class='ocrx_word' id='word_1_233' title='bbox 3125 899 3225 954; x_wconf 88' lang='lat' dir='ltr'><strong>tui.</strong></span> <span class='ocrx_word' id='word_1_234' title='bbox 3252 896 3363 954; x_wconf 86' lang='lat' dir='ltr'><strong>Oro</strong></span> <span class='ocrx_word' id='word_1_235' title='bbox 3387 908 3459 963; x_wconf 91' lang='lat' dir='ltr'><strong>tc,</strong></span> <span class='ocrx_word' id='word_1_236' title='bbox 3481 899 3622 954; x_wconf 71' lang='lat' dir='ltr'><strong>Deus</strong></span> <span class='ocrx_word' id='word_1_237' title='bbox 3652 915 3823 965; x_wconf 83' lang='lat' dir='ltr'><strong>meus,</strong></span> 
     </span>
    </p>
   </div>
   <div class='ocr_carea' id='block_1_29' title="bbox 2237 972 3825 1066">
    <p class='ocr_par' dir='ltr' id='par_1_29' title="bbox 2237 972 3825 1066">
     <span class='ocr_line' id='line_1_29' title="bbox 2237 972 3825 1066; baseline 0.002 -23"><span class='ocrx_word' id='word_1_238' title='bbox 2237 998 2291 1043; x_wconf 92' lang='lat' dir='ltr'><strong>ut</strong></span> <span class='ocrx_word' id='word_1_239' title='bbox 2321 973 2755 1066; x_wconf 50' lang='lat' dir='ltr'><strong>cognoscatn&#39;te,</strong></span> <span class='ocrx_word' id='word_1_240' title='bbox 2786 972 2965 1043; x_wconf 86' lang='lat' dir='ltr'><strong>amem</strong></span> <span class='ocrx_word' id='word_1_241' title='bbox 2988 972 3083 1056; x_wconf 5' lang='lat' dir='ltr'><strong>tte,</strong></span> <span class='ocrx_word' id='word_1_242' title='bbox 3118 990 3490 1061; x_wconf 84' lang='lat' dir='ltr'><strong>gandeamque</strong></span> <span class='ocrx_word' id='word_1_243' title='bbox 3527 989 3596 1045; x_wconf 87' lang='lat' dir='ltr'><strong>de</strong></span> <span class='ocrx_word' id='word_1_244' title='bbox 3642 999 3734 1057; x_wconf 82' lang='lat' dir='ltr'><strong>te;</strong></span> <span class='ocrx_word' id='word_1_245' title='bbox 3775 1000 3825 1046; x_wconf 92' lang='lat' dir='ltr'><strong>et</strong></span> 
     </span>
    </p>
   </div>
   <div class='ocr_carea' id='block_1_30' title="bbox 2237 1077 3823 1149">
    <p class='ocr_par' dir='ltr' id='par_1_30' title="bbox 2237 1077 3823 1149">
     <span class='ocr_line' id='line_1_30' title="bbox 2237 1077 3823 1149; baseline 0.001 -16"><span class='ocrx_word' id='word_1_246' title='bbox 2237 1078 2281 1133; x_wconf 88' lang='lat' dir='ltr'><strong>si</strong></span> <span class='ocrx_word' id='word_1_247' title='bbox 2310 1094 2417 1146; x_wconf 79' lang='lat' dir='ltr'><strong>non</strong></span> <span class='ocrx_word' id='word_1_248' title='bbox 2448 1093 2667 1148; x_wconf 90' lang='lat' dir='ltr'><strong>possum</strong></span> <span class='ocrx_word' id='word_1_249' title='bbox 2702 1079 2754 1133; x_wconf 92' lang='lat' dir='ltr'><strong>in</strong></span> <span class='ocrx_word' id='word_1_250' title='bbox 2784 1079 2886 1133; x_wconf 89' lang='lat' dir='ltr'><strong>hac</strong></span> <span class='ocrx_word' id='word_1_251' title='bbox 2920 1079 3030 1149; x_wconf 81' lang='lat' dir='ltr'><strong>vita</strong></span> <span class='ocrx_word' id='word_1_252' title='bbox 3067 1079 3135 1133; x_wconf 89' lang='lat' dir='ltr'><strong>ad</strong></span> <span class='ocrx_word' id='word_1_253' title='bbox 3158 1078 3397 1149; x_wconf 91' lang='lat' dir='ltr'><strong>plenum,</strong></span> <span class='ocrx_word' id='word_1_254' title='bbox 3431 1077 3514 1136; x_wconf 90' lang='lat' dir='ltr'><strong>vel</strong></span> <span class='ocrx_word' id='word_1_255' title='bbox 3546 1079 3823 1149; x_wconf 84' lang='lat' dir='ltr'><strong>proﬁciam</strong></span> 
     </span>
    </p>
   </div>
   <div class='ocr_carea' id='block_1_31' title="bbox 2238 1168 3824 1249">
    <p class='ocr_par' dir='ltr' id='par_1_31' title="bbox 2238 1168 3824 1249">
     <span class='ocr_line' id='line_1_31' title="bbox 2238 1168 3824 1249; baseline -0.001 -24"><span class='ocrx_word' id='word_1_256' title='bbox 2238 1169 2291 1225; x_wconf 93' lang='lat' dir='ltr'><strong>in</strong></span> <span class='ocrx_word' id='word_1_257' title='bbox 2318 1170 2457 1235; x_wconf 90' lang='lat' dir='ltr'><strong>dies,</strong></span> <span class='ocrx_word' id='word_1_258' title='bbox 2490 1184 2774 1249; x_wconf 82' lang='lat' dir='ltr'><strong>quousque</strong></span> <span class='ocrx_word' id='word_1_259' title='bbox 2801 1170 2986 1246; x_wconf 53' lang='lat' dir='ltr'><strong>geniat</strong></span> <span class='ocrx_word' id='word_1_260' title='bbox 3013 1168 3142 1229; x_wconf 89' lang='lat' dir='ltr'><strong>illud</strong></span> <span class='ocrx_word' id='word_1_261' title='bbox 3166 1169 3238 1202; x_wconf 84' lang='grc'><strong>⁹¹⁶</strong></span> <span class='ocrx_word' id='word_1_262' title='bbox 3268 1170 3336 1225; x_wconf 91' lang='lat' dir='ltr'><strong>ad</strong></span> <span class='ocrx_word' id='word_1_263' title='bbox 3380 1170 3620 1239; x_wconf 90' lang='lat' dir='ltr'><strong>plenum.</strong></span> <span class='ocrx_word' id='word_1_264' title='bbox 3655 1168 3824 1224; x_wconf 84' lang='lat' dir='ltr'><strong>Proti-</strong></span> 
     </span>
    </p>
   </div>
   <div class='ocr_carea' id='block_1_32' title="bbox 2236 1261 3828 1331">
    <p class='ocr_par' dir='ltr' id='par_1_32' title="bbox 2236 1261 3828 1331">
     <span class='ocr_line' id='line_1_32' title="bbox 2236 1261 3828 1331; baseline -0.001 -14"><span class='ocrx_word' id='word_1_265' title='bbox 2236 1262 2344 1317; x_wconf 87' lang='lat' dir='ltr'><strong>ciat</strong></span> <span class='ocrx_word' id='word_1_266' title='bbox 2370 1262 2459 1317; x_wconf 89' lang='lat' dir='ltr'><strong>hic</strong></span> <span class='ocrx_word' id='word_1_267' title='bbox 2488 1261 2540 1317; x_wconf 91' lang='lat' dir='ltr'><strong>in</strong></span> <span class='ocrx_word' id='word_1_268' title='bbox 2569 1277 2655 1315; x_wconf 84' lang='lat' dir='ltr'><strong>me</strong></span> <span class='ocrx_word' id='word_1_269' title='bbox 2686 1261 2879 1317; x_wconf 90' lang='lat' dir='ltr'><strong>notitia</strong></span> <span class='ocrx_word' id='word_1_270' title='bbox 2913 1270 3026 1326; x_wconf 86' lang='lat' dir='ltr'><strong>tua,</strong></span> <span class='ocrx_word' id='word_1_271' title='bbox 3056 1271 3111 1317; x_wconf 85' lang='lat' dir='ltr'><strong>et</strong></span> <span class='ocrx_word' id='word_1_272' title='bbox 3136 1262 3207 1318; x_wconf 87' lang='lat' dir='ltr'><strong>ibi</strong></span> <span class='ocrx_word' id='word_1_273' title='bbox 3243 1262 3338 1316; x_wconf 76' lang='lat' dir='ltr'><strong>fiat</strong></span> <span class='ocrx_word' id='word_1_274' title='bbox 3366 1261 3547 1331; x_wconf 87' lang='lat' dir='ltr'><strong>plena.</strong></span> <span class='ocrx_word' id='word_1_275' title='bbox 3604 1262 3828 1318; x_wconf 79' lang='lat' dir='ltr'><strong>Crescat</strong></span> 
     </span>
    </p>
   </div>
   <div class='ocr_carea' id='block_1_33' title="bbox 2235 1334 3827 1423">
    <p class='ocr_par' dir='ltr' id='par_1_33' title="bbox 2235 1334 3827 1423">
     <span class='ocr_line' id='line_1_33' title="bbox 2235 1334 3827 1423; baseline 0.001 -17"><span class='ocrx_word' id='word_1_276' title='bbox 2235 1351 2326 1407; x_wconf 92' lang='lat' dir='ltr'><strong>hic</strong></span> <span class='ocrx_word' id='word_1_277' title='bbox 2354 1334 2509 1407; x_wconf 84' lang='lat' dir='ltr'><strong>amor</strong></span> <span class='ocrx_word' id='word_1_278' title='bbox 2536 1361 2682 1416; x_wconf 92' lang='lat' dir='ltr'><strong>tuus,</strong></span> <span class='ocrx_word' id='word_1_279' title='bbox 2709 1358 2764 1406; x_wconf 89' lang='lat' dir='ltr'><strong>et</strong></span> <span class='ocrx_word' id='word_1_280' title='bbox 2789 1350 2862 1406; x_wconf 89' lang='lat' dir='ltr'><strong>ibi</strong></span> <span class='ocrx_word' id='word_1_281' title='bbox 2891 1351 2987 1406; x_wconf 81' lang='lat' dir='ltr'><strong>ﬁat</strong></span> <span class='ocrx_word' id='word_1_282' title='bbox 3016 1353 3242 1423; x_wconf 84' lang='lat' dir='ltr'><strong>plenus;</strong></span> <span class='ocrx_word' id='word_1_283' title='bbox 3266 1344 3327 1406; x_wconf 83' lang='lat' dir='ltr'><strong>ut</strong></span> <span class='ocrx_word' id='word_1_284' title='bbox 3355 1352 3441 1409; x_wconf 86' lang='lat' dir='ltr'><strong>hic</strong></span> <span class='ocrx_word' id='word_1_285' title='bbox 3472 1353 3734 1423; x_wconf 81' lang='lat' dir='ltr'><strong>gaudium</strong></span> <span class='ocrx_word' id='word_1_286' title='bbox 3762 1353 3827 1407; x_wconf 86' lang='lat' dir='ltr'><strong>sit</strong></span> 
     </span>
    </p>
   </div>
   <div class='ocr_carea' id='block_1_34' title="bbox 2234 1428 3441 1515">
    <p class='ocr_par' dir='ltr' id='par_1_34' title="bbox 2234 1428 3441 1515">
     <span class='ocr_line' id='line_1_34' title="bbox 2234 1428 3441 1515; baseline -0.001 -18"><span class='ocrx_word' id='word_1_287' title='bbox 2234 1442 2288 1497; x_wconf 92' lang='lat' dir='ltr'><strong>in</strong></span> <span class='ocrx_word' id='word_1_288' title='bbox 2326 1457 2421 1514; x_wconf 87' lang='lat' dir='ltr'><strong>spe</strong></span> <span class='ocrx_word' id='word_1_289' title='bbox 2452 1456 2731 1512; x_wconf 85' lang='lat' dir='ltr'><strong>magnum,</strong></span> <span class='ocrx_word' id='word_1_290' title='bbox 2761 1451 2818 1496; x_wconf 92' lang='lat' dir='ltr'><strong>et</strong></span> <span class='ocrx_word' id='word_1_291' title='bbox 2844 1442 2913 1497; x_wconf 86' lang='lat' dir='ltr'><strong>ibi</strong></span> <span class='ocrx_word' id='word_1_292' title='bbox 2944 1443 3015 1497; x_wconf 90' lang='lat' dir='ltr'><strong>sit</strong></span> <span class='ocrx_word' id='word_1_293' title='bbox 3039 1442 3091 1497; x_wconf 93' lang='lat' dir='ltr'><strong>in</strong></span> <span class='ocrx_word' id='word_1_294' title='bbox 3119 1453 3171 1497; x_wconf 93' lang='lat' dir='ltr'><strong>te</strong></span> <span class='ocrx_word' id='word_1_295' title='bbox 3202 1428 3441 1515; x_wconf 86' lang='lat' dir='ltr'><strong>plenum.</strong></span> 
     </span>
    </p>
   </div>
   <div class='ocr_carea' id='block_1_35' title="bbox 2306 1524 3827 1605">
    <p class='ocr_par' dir='ltr' id='par_1_35' title="bbox 2306 1524 3827 1605">
     <span class='ocr_line' id='line_1_35' title="bbox 2306 1524 3827 1605; baseline 0.001 -16"><span class='ocrx_word' id='word_1_296' title='bbox 2306 1535 2553 1601; x_wconf 89' lang='lat' dir='ltr'><strong>Domine,</strong></span> <span class='ocrx_word' id='word_1_297' title='bbox 2588 1549 2685 1604; x_wconf 88' lang='lat' dir='ltr'><strong>per</strong></span> <span class='ocrx_word' id='word_1_298' title='bbox 2724 1532 2920 1589; x_wconf 86' lang='lat' dir='ltr'><strong>Filium</strong></span> <span class='ocrx_word' id='word_1_299' title='bbox 2952 1542 3101 1589; x_wconf 90' lang='lat' dir='ltr'><strong>tuum</strong></span> <span class='ocrx_word' id='word_1_300' title='bbox 3134 1524 3313 1604; x_wconf 73' lang='lat' dir='ltr'><strong>iubes,</strong></span> <span class='ocrx_word' id='word_1_301' title='bbox 3343 1534 3451 1588; x_wconf 91' lang='lat' dir='ltr'><strong>imo</strong></span> <span class='ocrx_word' id='word_1_302' title='bbox 3480 1534 3725 1591; x_wconf 74' lang='lat' dir='ltr'><strong>consulis</strong></span> <span class='ocrx_word' id='word_1_303' title='bbox 3747 1550 3827 1605; x_wconf 85' lang='lat' dir='ltr'><strong>pe-</strong></span> 
     </span>
    </p>
   </div>
   <div class='ocr_carea' id='block_1_36' title="bbox 2235 1614 3824 1701">
    <p class='ocr_par' dir='ltr' id='par_1_36' title="bbox 2235 1614 3824 1701">
     <span class='ocr_line' id='line_1_36' title="bbox 2235 1614 3824 1701; baseline -0.001 -19"><span class='ocrx_word' id='word_1_304' title='bbox 2235 1632 2350 1683; x_wconf 89' lang='lat' dir='ltr'><strong>tere</strong></span> <span class='ocrx_word' id='word_1_305' title='bbox 2374 1637 2428 1693; x_wconf 87' lang='lat' dir='ltr'><strong>et</strong></span> <span class='ocrx_word' id='word_1_306' title='bbox 2451 1628 2725 1698; x_wconf 84' lang='lat' dir='ltr'><strong>promittis</strong></span> <span class='ocrx_word' id='word_1_307' title='bbox 2749 1614 3018 1701; x_wconf 80' lang='lat' dir='ltr'><strong>accipere,</strong></span> <span class='ocrx_word' id='word_1_308' title='bbox 3038 1639 3091 1681; x_wconf 91' lang='lat' dir='ltr'><strong>ut</strong></span> <span class='ocrx_word' id='word_1_309' title='bbox 3113 1626 3369 1699; x_wconf 86' lang='lat' dir='ltr'><strong>gaudium</strong></span> <span class='ocrx_word' id='word_1_310' title='bbox 3399 1637 3641 1682; x_wconf 91' lang='lat' dir='ltr'><strong>nostrum</strong></span> <span class='ocrx_word' id='word_1_311' title='bbox 3669 1628 3747 1683; x_wconf 85' lang='lat' dir='ltr'><strong>sit</strong></span> <span class='ocrx_word' id='word_1_312' title='bbox 3760 1628 3824 1663; x_wconf 73' lang='grc' dir='ltr'>ἰ’</span> 
     </span>
    </p>
   </div>
   <div class='ocr_carea' id='block_1_37' title="bbox 2232 1718 3827 1791">
    <p class='ocr_par' dir='ltr' id='par_1_37' title="bbox 2232 1718 3827 1791">
     <span class='ocr_line' id='line_1_37' title="bbox 2232 1718 3827 1791; baseline 0 -19"><span class='ocrx_word' id='word_1_313' title='bbox 2232 1718 2473 1791; x_wconf 90' lang='lat' dir='ltr'><strong>plenum.</strong></span> <span class='ocrx_word' id='word_1_314' title='bbox 2504 1719 2661 1787; x_wconf 88' lang='lat' dir='ltr'><strong>Peto,</strong></span> <span class='ocrx_word' id='word_1_315' title='bbox 2693 1719 2945 1784; x_wconf 89' lang='lat' dir='ltr'><strong>Domine,</strong></span> <span class='ocrx_word' id='word_1_316' title='bbox 2973 1719 3116 1791; x_wconf 88' lang='lat' dir='ltr'><strong>quod</strong></span> <span class='ocrx_word' id='word_1_317' title='bbox 3167 1719 3406 1773; x_wconf 89' lang='lat' dir='ltr'><strong>consulis</strong></span> <span class='ocrx_word' id='word_1_318' title='bbox 3456 1735 3553 1789; x_wconf 89' lang='lat' dir='ltr'><strong>per</strong></span> <span class='ocrx_word' id='word_1_319' title='bbox 3587 1720 3827 1773; x_wconf 87' lang='lat' dir='ltr'><strong>admira-</strong></span> 
     </span>
    </p>
   </div>
   <div class='ocr_carea' id='block_1_38' title="bbox 2233 1810 3828 1881">
    <p class='ocr_par' dir='ltr' id='par_1_38' title="bbox 2233 1810 3828 1881">
     <span class='ocr_line' id='line_1_38' title="bbox 2233 1810 3828 1881; baseline 0.001 -16"><span class='ocrx_word' id='word_1_320' title='bbox 2233 1810 2397 1865; x_wconf 88' lang='lat' dir='ltr'><strong>bilem</strong></span> <span class='ocrx_word' id='word_1_321' title='bbox 2426 1811 2796 1867; x_wconf 83' lang='lat' dir='ltr'><strong>consiliarium</strong></span> <span class='ocrx_word' id='word_1_322' title='bbox 2821 1820 2996 1875; x_wconf 88' lang='lat' dir='ltr'><strong>tuum,</strong></span> <span class='ocrx_word' id='word_1_323' title='bbox 3013 1820 3071 1865; x_wconf 88' lang='lat' dir='ltr'><strong>ut</strong></span> <span class='ocrx_word' id='word_1_324' title='bbox 3092 1811 3359 1880; x_wconf 75' lang='lat' dir='ltr'><strong>accipiam</strong></span> <span class='ocrx_word' id='word_1_325' title='bbox 3386 1812 3530 1881; x_wconf 89' lang='lat' dir='ltr'><strong>qund</strong></span> <span class='ocrx_word' id='word_1_326' title='bbox 3553 1813 3828 1881; x_wconf 87' lang='lat' dir='ltr'><strong>promittis</strong></span> 
     </span>
    </p>
   </div>
   <div class='ocr_carea' id='block_1_39' title="bbox 2235 1901 3823 1972">
    <p class='ocr_par' dir='ltr' id='par_1_39' title="bbox 2235 1901 3823 1972">
     <span class='ocr_line' id='line_1_39' title="bbox 2235 1901 3823 1972; baseline 0.004 -20"><span class='ocrx_word' id='word_1_327' title='bbox 2235 1915 2332 1971; x_wconf 86' lang='lat' dir='ltr'><strong>per</strong></span> <span class='ocrx_word' id='word_1_328' title='bbox 2359 1902 2646 1957; x_wconf 88' lang='lat' dir='ltr'><strong>veritatem</strong></span> <span class='ocrx_word' id='word_1_329' title='bbox 2680 1912 2850 1967; x_wconf 89' lang='lat' dir='ltr'><strong>tuam,</strong></span> <span class='ocrx_word' id='word_1_330' title='bbox 2899 1911 2955 1956; x_wconf 91' lang='lat' dir='ltr'><strong>ut</strong></span> <span class='ocrx_word' id='word_1_331' title='bbox 2983 1901 3238 1972; x_wconf 87' lang='lat' dir='ltr'><strong>gaudium</strong></span> <span class='ocrx_word' id='word_1_332' title='bbox 3272 1918 3447 1955; x_wconf 83' lang='lat' dir='ltr'><strong>meum</strong></span> <span class='ocrx_word' id='word_1_333' title='bbox 3488 1901 3707 1972; x_wconf 90' lang='lat' dir='ltr'><strong>plenum</strong></span> <span class='ocrx_word' id='word_1_334' title='bbox 3740 1904 3823 1957; x_wconf 87' lang='lat' dir='ltr'><strong>sit.</strong></span> 
     </span>
    </p>
   </div>
   <div class='ocr_carea' id='block_1_40' title="bbox 2235 1982 3829 2062">
    <p class='ocr_par' dir='ltr' id='par_1_40' title="bbox 2235 1982 3829 2062">
     <span class='ocr_line' id='line_1_40' title="bbox 2235 1982 3829 2062; baseline -0.001 -15"><span class='ocrx_word' id='word_1_335' title='bbox 2235 1982 2527 2047; x_wconf 65' lang='lat' dir='ltr'><strong>meditetur</strong></span> <span class='ocrx_word' id='word_1_336' title='bbox 2552 1992 2772 2048; x_wconf 87' lang='lat' dir='ltr'><strong>interim</strong></span> <span class='ocrx_word' id='word_1_337' title='bbox 2796 1990 2849 2047; x_wconf 91' lang='lat' dir='ltr'><strong>in</strong></span> <span class='ocrx_word' id='word_1_338' title='bbox 2879 2002 2930 2047; x_wconf 88' lang='lat' dir='ltr'><strong>te</strong></span> <span class='ocrx_word' id='word_1_339' title='bbox 2958 2007 3112 2047; x_wconf 82' lang='lat' dir='ltr'><strong>meus</strong></span> <span class='ocrx_word' id='word_1_340' title='bbox 3138 1991 3551 2062; x_wconf 80' lang='lat' dir='ltr'><strong>n1ea,loquatnr</strong></span> <span class='ocrx_word' id='word_1_341' title='bbox 3581 1992 3710 2045; x_wconf 86' lang='lat' dir='ltr'><strong>inde</strong></span> <span class='ocrx_word' id='word_1_342' title='bbox 3732 1992 3829 2046; x_wconf 80' lang='lat' dir='ltr'><strong>lin-</strong></span> 
     </span>
    </p>
   </div>
   <div class='ocr_carea' id='block_1_41' title="bbox 2235 2083 3828 2158">
    <p class='ocr_par' dir='ltr' id='par_1_41' title="bbox 2235 2083 3828 2158">
     <span class='ocr_line' id='line_1_41' title="bbox 2235 2083 3828 2158; baseline 0 -20"><span class='ocrx_word' id='word_1_343' title='bbox 2235 2101 2337 2158; x_wconf 84' lang='lat' dir='ltr'><strong>gua</strong></span> <span class='ocrx_word' id='word_1_344' title='bbox 2372 2100 2512 2151; x_wconf 87' lang='lat' dir='ltr'><strong>mea,</strong></span> <span class='ocrx_word' id='word_1_345' title='bbox 2539 2093 2685 2140; x_wconf 90' lang='lat' dir='ltr'><strong>amet</strong></span> <span class='ocrx_word' id='word_1_346' title='bbox 2706 2083 2836 2139; x_wconf 88' lang='lat' dir='ltr'><strong>illud</strong></span> <span class='ocrx_word' id='word_1_347' title='bbox 2853 2100 2950 2140; x_wconf 89' lang='lat' dir='ltr'><strong>cor</strong></span> <span class='ocrx_word' id='word_1_348' title='bbox 2971 2099 3175 2149; x_wconf 79' lang='lat' dir='ltr'><strong>incum,</strong></span> <span class='ocrx_word' id='word_1_349' title='bbox 3204 2083 3598 2139; x_wconf 75' lang='lat' dir='ltr'><strong>sermocinetur</strong></span> <span class='ocrx_word' id='word_1_350' title='bbox 3621 2084 3687 2137; x_wconf 89' lang='lat' dir='ltr'><strong>de</strong></span> <span class='ocrx_word' id='word_1_351' title='bbox 3713 2085 3828 2153; x_wconf 86' lang='lat' dir='ltr'><strong>ipso</strong></span> 
     </span>
    </p>
   </div>
   <div class='ocr_carea' id='block_1_42' title="bbox 2239 2173 3913 2242">
    <p class='ocr_par' dir='ltr' id='par_1_42' title="bbox 2239 2173 3913 2242">
     <span class='ocr_line' id='line_1_42' title="bbox 2239 2173 3913 2242; baseline -0.003 -9"><span class='ocrx_word' id='word_1_352' title='bbox 2239 2191 2298 2233; x_wconf 92' lang='lat' dir='ltr'><strong>os</strong></span> <span class='ocrx_word' id='word_1_353' title='bbox 2328 2191 2533 2242; x_wconf 89' lang='lat' dir='ltr'><strong>meum,</strong></span> <span class='ocrx_word' id='word_1_354' title='bbox 2565 2175 2771 2230; x_wconf 88' lang='lat' dir='ltr'><strong>esuriat</strong></span> <span class='ocrx_word' id='word_1_355' title='bbox 2801 2173 2928 2229; x_wconf 91' lang='lat' dir='ltr'><strong>illud</strong></span> <span class='ocrx_word' id='word_1_356' title='bbox 2960 2174 3144 2229; x_wconf 88' lang='lat' dir='ltr'><strong>anima</strong></span> <span class='ocrx_word' id='word_1_357' title='bbox 3174 2190 3318 2239; x_wconf 91' lang='lat' dir='ltr'><strong>mea,</strong></span> <span class='ocrx_word' id='word_1_358' title='bbox 3348 2175 3499 2228; x_wconf 84' lang='lat' dir='ltr'><strong>sitiat</strong></span> <span class='ocrx_word' id='word_1_359' title='bbox 3524 2189 3657 2229; x_wconf 90' lang='lat' dir='ltr'><strong>caro</strong></span> <span class='ocrx_word' id='word_1_360' title='bbox 3679 2189 3825 2238; x_wconf 89' lang='lat' dir='ltr'><strong>mea,</strong></span> <span class='ocrx_word' id='word_1_361' title='bbox 3902 2228 3913 2235; x_wconf 79' lang='grc'><em>,</em></span> 
     </span>
    </p>
   </div>
   <div class='ocr_carea' id='block_1_43' title="bbox 2250 2264 3827 2335">
    <p class='ocr_par' dir='ltr' id='par_1_43' title="bbox 2250 2264 3827 2335">
     <span class='ocr_line' id='line_1_43' title="bbox 2250 2264 3827 2335; baseline -0.003 -12"><span class='ocrx_word' id='word_1_362' title='bbox 2250 2268 2510 2324; x_wconf 82' lang='lat' dir='ltr'><strong>lesideret</strong></span> <span class='ocrx_word' id='word_1_363' title='bbox 2538 2277 2647 2323; x_wconf 90' lang='lat' dir='ltr'><strong>tota</strong></span> <span class='ocrx_word' id='word_1_364' title='bbox 2677 2267 2983 2323; x_wconf 89' lang='lat' dir='ltr'><strong>substantia</strong></span> <span class='ocrx_word' id='word_1_365' title='bbox 3018 2280 3157 2332; x_wconf 90' lang='lat' dir='ltr'><strong>mea,</strong></span> <span class='ocrx_word' id='word_1_366' title='bbox 3190 2265 3361 2321; x_wconf 86' lang='lat' dir='ltr'><strong>donec</strong></span> <span class='ocrx_word' id='word_1_367' title='bbox 3393 2264 3587 2319; x_wconf 76' lang='lat' dir='ltr'><strong>intrent</strong></span> <span class='ocrx_word' id='word_1_368' title='bbox 3617 2265 3669 2318; x_wconf 89' lang='lat' dir='ltr'><strong>in</strong></span> <span class='ocrx_word' id='word_1_369' title='bbox 3693 2279 3827 2335; x_wconf 83' lang='lat' dir='ltr'><strong>gau-</strong></span> 
     </span>
    </p>
   </div>
   <div class='ocr_carea' id='block_1_44' title="bbox 2234 2353 3828 2428">
    <p class='ocr_par' dir='ltr' id='par_1_44' title="bbox 2234 2353 3828 2428">
     <span class='ocr_line' id='line_1_44' title="bbox 2234 2353 3828 2428; baseline -0.001 -16"><span class='ocrx_word' id='word_1_370' title='bbox 2234 2358 2381 2412; x_wconf 89' lang='lat' dir='ltr'><strong>dimn</strong></span> <span class='ocrx_word' id='word_1_371' title='bbox 2416 2357 2631 2412; x_wconf 91' lang='lat' dir='ltr'><strong>Domini</strong></span> <span class='ocrx_word' id='word_1_372' title='bbox 2659 2357 2789 2422; x_wconf 91' lang='lat' dir='ltr'><strong>mei,</strong></span> <span class='ocrx_word' id='word_1_373' title='bbox 2816 2357 2907 2428; x_wconf 89' lang='lat' dir='ltr'><strong>qui</strong></span> <span class='ocrx_word' id='word_1_374' title='bbox 2930 2365 3013 2411; x_wconf 90' lang='lat' dir='ltr'><strong>est</strong></span> <span class='ocrx_word' id='word_1_375' title='bbox 3035 2357 3215 2411; x_wconf 88' lang='lat' dir='ltr'><strong>trinus</strong></span> <span class='ocrx_word' id='word_1_376' title='bbox 3235 2366 3286 2410; x_wconf 87' lang='lat' dir='ltr'><strong>et</strong></span> <span class='ocrx_word' id='word_1_377' title='bbox 3316 2371 3455 2412; x_wconf 91' lang='lat' dir='ltr'><strong>unus</strong></span> <span class='ocrx_word' id='word_1_378' title='bbox 3480 2356 3639 2423; x_wconf 90' lang='lat' dir='ltr'><strong>Deus,</strong></span> <span class='ocrx_word' id='word_1_379' title='bbox 3662 2353 3828 2410; x_wconf 83' lang='lat' dir='ltr'><strong>bene-</strong></span> 
     </span>
    </p>
   </div>
   <div class='ocr_carea' id='block_1_45' title="bbox 2234 2446 3323 2505">
    <p class='ocr_par' dir='ltr' id='par_1_45' title="bbox 2234 2446 3323 2505">
     <span class='ocr_line' id='line_1_45' title="bbox 2234 2446 3323 2505; baseline -0.001 -3"><span class='ocrx_word' id='word_1_380' title='bbox 2234 2447 2409 2505; x_wconf 88' lang='lat' dir='ltr'><strong>dictus</strong></span> <span class='ocrx_word' id='word_1_381' title='bbox 2436 2447 2490 2505; x_wconf 90' lang='lat' dir='ltr'><strong>in</strong></span> <span class='ocrx_word' id='word_1_382' title='bbox 2523 2446 2719 2504; x_wconf 73' lang='lat' dir='ltr'><strong>szecula</strong></span> <span class='ocrx_word' id='word_1_383' title='bbox 2747 2448 3094 2504; x_wconf 65' lang='lat' dir='ltr'><strong>saeculorum.</strong></span> <span class='ocrx_word' id='word_1_384' title='bbox 3125 2446 3323 2502; x_wconf 79' lang='lat' dir='ltr'><strong>Amen.</strong></span> 
     </span>
    </p>
   </div>
   <div class='ocr_carea' id='block_1_46' title="bbox 1822 2630 2495 2692">
    <p class='ocr_par' dir='ltr' id='par_1_46' title="bbox 1822 2630 2495 2692">
     <span class='ocr_line' id='line_1_46' title="bbox 1822 2630 2495 2692; baseline -0.003 -1"><span class='ocrx_word' id='word_1_385' title='bbox 1822 2634 2057 2692; x_wconf 78' lang='lat' dir='ltr'><strong>VARle</strong></span> <span class='ocrx_word' id='word_1_386' title='bbox 2085 2630 2495 2690; x_wconf 78' lang='lat' dir='ltr'><strong>LECTIONES.</strong></span> 
     </span>
    </p>
   </div>
   <div class='ocr_carea' id='block_1_47' title="bbox 605 2766 2678 2830">
    <p class='ocr_par' dir='ltr' id='par_1_47' title="bbox 605 2766 2678 2830">
     <span class='ocr_line' id='line_1_47' title="bbox 605 2766 2678 2830; baseline -0.001 -6"><span class='ocrx_word' id='word_1_387' title='bbox 605 2766 677 2801; x_wconf 71' lang='grc'><strong>⁸⁸⁸</strong></span> <span class='ocrx_word' id='word_1_388' title='bbox 708 2769 782 2825; x_wconf 87' lang='lat' dir='ltr'><strong>al.</strong></span> <span class='ocrx_word' id='word_1_389' title='bbox 819 2770 929 2828; x_wconf 74' lang='lat' dir='ltr'><strong>dixi</strong></span> <span class='ocrx_word' id='word_1_390' title='bbox 963 2771 1056 2828; x_wconf 89' lang='lat' dir='ltr'><strong>tibi</strong></span> <span class='ocrx_word' id='word_1_391' title='bbox 1129 2772 1202 2807; x_wconf 77' lang='grc'><strong>’⁸⁸</strong></span> <span class='ocrx_word' id='word_1_392' title='bbox 1230 2773 1303 2830; x_wconf 83' lang='lat' dir='ltr'><strong>at.</strong></span> <span class='ocrx_word' id='word_1_393' title='bbox 1328 2773 1474 2829; x_wconf 87' lang='lat' dir='ltr'><strong>omit.</strong></span> <span class='ocrx_word' id='word_1_394' title='bbox 1554 2772 1625 2805; x_wconf 74' lang='lat'><strong>’“</strong></span> <span class='ocrx_word' id='word_1_395' title='bbox 1656 2770 1726 2825; x_wconf 85' lang='lat' dir='ltr'><strong>at.</strong></span> <span class='ocrx_word' id='word_1_396' title='bbox 1752 2768 2041 2826; x_wconf 88' lang='lat' dir='ltr'><strong>deveniam</strong></span> <span class='ocrx_word' id='word_1_397' title='bbox 2075 2769 2184 2825; x_wconf 91' lang='lat' dir='ltr'><strong>bic.</strong></span> <span class='ocrx_word' id='word_1_398' title='bbox 2220 2769 2292 2802; x_wconf 79' lang='grc'><strong>’⁸⁷</strong></span> <span class='ocrx_word' id='word_1_399' title='bbox 2316 2766 2391 2824; x_wconf 87' lang='lat' dir='ltr'><strong>al.</strong></span> <span class='ocrx_word' id='word_1_400' title='bbox 2410 2775 2678 2826; x_wconf 82' lang='lat' dir='ltr'><strong>vestrum.</strong></span> 
     </span>
    </p>
   </div>
   <div class='ocr_carea' id='block_1_48' title="bbox 548 3014 3816 3049">
    <p class='ocr_par' dir='ltr' id='par_1_48' title="bbox 548 3014 3816 3049">
     <span class='ocr_line' id='line_1_48' title="bbox 548 3014 3816 3049; baseline 0 -8"><span class='ocrx_word' id='word_1_401' title='bbox 548 3014 3816 3049; x_wconf 43' lang='grc' dir='ltr'><strong>*ψη-..Μ</strong></span> 
     </span>
    </p>
   </div>
   <div class='ocr_carea' id='block_1_49' title="bbox 934 3164 3429 3333">
    <p class='ocr_par' dir='ltr' id='par_1_49' title="bbox 934 3164 3429 3333">
     <span class='ocr_line' id='line_1_49' title="bbox 934 3164 3429 3333; baseline 0 -46"><span class='ocrx_word' id='word_1_402' title='bbox 934 3197 1517 3293; x_wconf 90' lang='lat' dir='ltr'><strong>MONITUM</strong></span> <span class='ocrx_word' id='word_1_403' title='bbox 1611 3201 1739 3292; x_wconf 92' lang='lat' dir='ltr'><strong>IN</strong></span> <span class='ocrx_word' id='word_1_404' title='bbox 1815 3198 2541 3296; x_wconf 88' lang='lat' dir='ltr'><strong>OPUSCULUM</strong></span> <span class='ocrx_word' id='word_1_405' title='bbox 2614 3164 3429 3333; x_wconf 78' lang='lat' dir='ltr'><strong>SUBSEQUENS.</strong></span> 
     </span>
    </p>
   </div>
   <div class='ocr_carea' id='block_1_50' title="bbox 781 3385 3568 3463">
    <p class='ocr_par' dir='ltr' id='par_1_50' title="bbox 781 3385 3568 3463">
     <span class='ocr_line' id='line_1_50' title="bbox 781 3385 3568 3463; baseline -0 -20"><span class='ocrx_word' id='word_1_406' title='bbox 781 3385 997 3459; x_wconf 72' lang='lat' dir='ltr'><strong>KEdidit</strong></span> <span class='ocrx_word' id='word_1_407' title='bbox 1022 3388 1187 3444; x_wconf 91' lang='lat' dir='ltr'><strong>emin.</strong></span> <span class='ocrx_word' id='word_1_408' title='bbox 1219 3389 1513 3447; x_wconf 87' lang='lat' dir='ltr'><strong>cardinalis</strong></span> <span class='ocrx_word' id='word_1_409' title='bbox 1534 3389 1742 3463; x_wconf 80' lang='lat' dir='ltr'><strong>Angela</strong></span> <span class='ocrx_word' id='word_1_410' title='bbox 1781 3389 1911 3458; x_wconf 82' lang='lat' dir='ltr'><strong>Mai,</strong></span> <span class='ocrx_word' id='word_1_411' title='bbox 1953 3388 2107 3446; x_wconf 78' lang='lat' dir='ltr'><strong>Nova</strong></span> <span class='ocrx_word' id='word_1_412' title='bbox 2138 3388 2464 3447; x_wconf 81' lang='lat' dir='ltr'><strong>Bibliotheca</strong></span> <span class='ocrx_word' id='word_1_413' title='bbox 2498 3388 2721 3447; x_wconf 82' lang='lat' dir='ltr'><strong>Patrum</strong></span> <span class='ocrx_word' id='word_1_414' title='bbox 2757 3397 2798 3447; x_wconf 94' lang='lat' dir='ltr'><strong>t.</strong></span> <span class='ocrx_word' id='word_1_415' title='bbox 2826 3416 2869 3458; x_wconf 81' lang='grc' dir='ltr'>ι,</span> <span class='ocrx_word' id='word_1_416' title='bbox 2909 3405 2965 3461; x_wconf 89' lang='lat' dir='ltr'><strong>p.</strong></span> <span class='ocrx_word' id='word_1_417' title='bbox 2997 3390 3139 3458; x_wconf 84' lang='lat'><strong>505;</strong></span> <span class='ocrx_word' id='word_1_418' title='bbox 3169 3389 3360 3451; x_wconf 68' lang='lat' dir='ltr'><strong>Roma:</strong></span> <span class='ocrx_word' id='word_1_419' title='bbox 3384 3387 3568 3461; x_wconf 70' lang='lat' dir='ltr'><strong>l85i.)</strong></span> 
     </span>
    </p>
   </div>
   <div class='ocr_carea' id='block_1_51' title="bbox 1959 3576 2413 3595">
    <p class='ocr_par' dir='ltr' id='par_1_51' title="bbox 1959 3576 2413 3595">
     <span class='ocr_line' id='line_1_51' title="bbox 1959 3576 2413 3595; baseline 0 -3"><span class='ocrx_word' id='word_1_420' title='bbox 1959 3576 2413 3595; x_wconf 40' lang='grc' dir='ltr'><strong><em>ψ</em></strong></span> 
     </span>
    </p>
   </div>
   <div class='ocr_carea' id='block_1_52' title="bbox 592 3690 3816 3768">
    <p class='ocr_par' dir='ltr' id='par_1_52' title="bbox 592 3690 3816 3768">
     <span class='ocr_line' id='line_1_52' title="bbox 592 3690 3816 3768; baseline 0.002 -21"><span class='ocrx_word' id='word_1_421' title='bbox 592 3692 739 3749; x_wconf 85' lang='lat' dir='ltr'><strong>Inter</strong></span> <span class='ocrx_word' id='word_1_422' title='bbox 761 3690 958 3749; x_wconf 82' lang='lat' dir='ltr'><strong>Leonis</strong></span> <span class='ocrx_word' id='word_1_423' title='bbox 984 3691 1164 3748; x_wconf 80' lang='lat' dir='ltr'><strong>Allatii</strong></span> <span class='ocrx_word' id='word_1_424' title='bbox 1193 3693 1442 3765; x_wconf 76' lang='lat' dir='ltr'><strong>volgatas</strong></span> <span class='ocrx_word' id='word_1_425' title='bbox 1478 3694 1886 3752; x_wconf 87' lang='lat' dir='ltr'><strong>lucubrationes</strong></span> <span class='ocrx_word' id='word_1_426' title='bbox 1918 3706 2127 3767; x_wconf 90' lang='lat' dir='ltr'><strong>ponunt</strong></span> <span class='ocrx_word' id='word_1_427' title='bbox 2157 3697 2516 3768; x_wconf 86' lang='lat' dir='ltr'><strong>hibliographi</strong></span> <span class='ocrx_word' id='word_1_428' title='bbox 2548 3695 2865 3753; x_wconf 83' lang='lat' dir='ltr'><strong>mantissam</strong></span> <span class='ocrx_word' id='word_1_429' title='bbox 2890 3696 3181 3768; x_wconf 83' lang='lat' dir='ltr'><strong>quamdam</strong></span> <span class='ocrx_word' id='word_1_430' title='bbox 3222 3695 3291 3752; x_wconf 84' lang='lat' dir='ltr'><strong>ad</strong></span> <span class='ocrx_word' id='word_1_431' title='bbox 3319 3703 3569 3752; x_wconf 88' lang='lat' dir='ltr'><strong>sanctum</strong></span> <span class='ocrx_word' id='word_1_432' title='bbox 3622 3695 3816 3752; x_wconf 65' lang='lat' dir='ltr'><strong>Anser</strong></span> 
     </span>
    </p>
   </div>
   <div class='ocr_carea' id='block_1_53' title="bbox 521 3780 3817 3857">
    <p class='ocr_par' dir='ltr' id='par_1_53' title="bbox 521 3780 3817 3857">
     <span class='ocr_line' id='line_1_53' title="bbox 521 3780 3817 3857; baseline 0 -20"><span class='ocrx_word' id='word_1_433' title='bbox 521 3797 672 3838; x_wconf 87' lang='lat' dir='ltr'><strong>mum</strong></span> <span class='ocrx_word' id='word_1_434' title='bbox 709 3780 1179 3837; x_wconf 85' lang='lat' dir='ltr'><strong>Cantuariensem.</strong></span> <span class='ocrx_word' id='word_1_435' title='bbox 1211 3780 1324 3839; x_wconf 87' lang='lat' dir='ltr'><strong>Nec</strong></span> <span class='ocrx_word' id='word_1_436' title='bbox 1366 3783 1678 3852; x_wconf 86' lang='lat' dir='ltr'><strong>immerito;</strong></span> <span class='ocrx_word' id='word_1_437' title='bbox 1732 3784 1933 3840; x_wconf 90' lang='lat' dir='ltr'><strong>etenim</strong></span> <span class='ocrx_word' id='word_1_438' title='bbox 1978 3784 2311 3856; x_wconf 81' lang='lat' dir='ltr'><strong>Theophilus</strong></span> <span class='ocrx_word' id='word_1_439' title='bbox 2358 3784 2687 3857; x_wconf 75' lang='lat' dir='ltr'><strong>Baynaudus</strong></span> <span class='ocrx_word' id='word_1_440' title='bbox 2733 3785 2788 3840; x_wconf 92' lang='lat' dir='ltr'><strong>in</strong></span> <span class='ocrx_word' id='word_1_441' title='bbox 2835 3799 2933 3841; x_wconf 88' lang='lat' dir='ltr'><strong>sua</strong></span> <span class='ocrx_word' id='word_1_442' title='bbox 2974 3784 3218 3840; x_wconf 81' lang='lat' dir='ltr'><strong>Anselmi</strong></span> <span class='ocrx_word' id='word_1_443' title='bbox 3257 3785 3517 3851; x_wconf 88' lang='lat' dir='ltr'><strong>editione,</strong></span> <span class='ocrx_word' id='word_1_444' title='bbox 3565 3783 3817 3857; x_wconf 74' lang='lat' dir='ltr'><strong>htgduai</strong></span> 
     </span>
    </p>
   </div>
   <div class='ocr_carea' id='block_1_54' title="bbox 521 3872 3813 3950">
    <p class='ocr_par' dir='ltr' id='par_1_54' title="bbox 521 3872 3813 3950">
     <span class='ocr_line' id='line_1_54' title="bbox 521 3872 3813 3950; baseline 0.001 -21"><span class='ocrx_word' id='word_1_445' title='bbox 521 3872 683 3938; x_wconf 76' lang='grc'><strong>1650,</strong></span> <span class='ocrx_word' id='word_1_446' title='bbox 708 3872 910 3928; x_wconf 76' lang='lat' dir='ltr'><strong>fatetur</strong></span> <span class='ocrx_word' id='word_1_447' title='bbox 937 3889 993 3945; x_wconf 90' lang='lat' dir='ltr'><strong>p.</strong></span> <span class='ocrx_word' id='word_1_448' title='bbox 1018 3872 1127 3931; x_wconf 75' lang='grc'><strong>248</strong></span> <span class='ocrx_word' id='word_1_449' title='bbox 1151 3888 1274 3930; x_wconf 89' lang='lat' dir='ltr'><strong>cum</strong></span> <span class='ocrx_word' id='word_1_450' title='bbox 1298 3883 1455 3947; x_wconf 89' lang='lat' dir='ltr'><strong>grato</strong></span> <span class='ocrx_word' id='word_1_451' title='bbox 1476 3876 1660 3932; x_wconf 87' lang='lat' dir='ltr'><strong>animo</strong></span> <span class='ocrx_word' id='word_1_452' title='bbox 1692 3891 1753 3932; x_wconf 90' lang='lat' dir='ltr'><strong>se</strong></span> <span class='ocrx_word' id='word_1_453' title='bbox 1774 3878 2053 3950; x_wconf 87' lang='lat' dir='ltr'><strong>accepisse</strong></span> <span class='ocrx_word' id='word_1_454' title='bbox 2073 3894 2103 3933; x_wconf 90' lang='lat' dir='ltr'><strong>a</strong></span> <span class='ocrx_word' id='word_1_455' title='bbox 2133 3877 2315 3935; x_wconf 90' lang='lat' dir='ltr'><strong>Leone</strong></span> <span class='ocrx_word' id='word_1_456' title='bbox 2347 3877 2573 3944; x_wconf 82' lang='lat' dir='ltr'><strong>Allatio,</strong></span> <span class='ocrx_word' id='word_1_457' title='bbox 2604 3877 2833 3950; x_wconf 81' lang='lat' dir='ltr'><strong>insignis</strong></span> <span class='ocrx_word' id='word_1_458' title='bbox 2868 3878 3193 3934; x_wconf 82' lang='lat' dir='ltr'><strong>eruditionis</strong></span> <span class='ocrx_word' id='word_1_459' title='bbox 3221 3892 3288 3934; x_wconf 83' lang='lat' dir='ltr'><strong>ac</strong></span> <span class='ocrx_word' id='word_1_460' title='bbox 3315 3876 3608 3947; x_wconf 78' lang='lat' dir='ltr'><strong>probitatis</strong></span> <span class='ocrx_word' id='word_1_461' title='bbox 3636 3888 3813 3934; x_wconf 73' lang='lat' dir='ltr'><strong>sacen-</strong></span> 
     </span>
    </p>
   </div>
   <div class='ocr_carea' id='block_1_55' title="bbox 521 3968 3816 4050">
    <p class='ocr_par' dir='ltr' id='par_1_55' title="bbox 521 3968 3816 4050">
     <span class='ocr_line' id='line_1_55' title="bbox 521 3968 3816 4050; baseline 0 -25"><span class='ocrx_word' id='word_1_462' title='bbox 521 3970 649 4026; x_wconf 82' lang='lat' dir='ltr'><strong>dote</strong></span> <span class='ocrx_word' id='word_1_463' title='bbox 669 3968 897 4042; x_wconf 82' lang='lat' dir='ltr'><strong>(fallitur</strong></span> <span class='ocrx_word' id='word_1_464' title='bbox 925 3968 1276 4050; x_wconf 78' lang='lat' dir='ltr'><strong>Raynaudus,</strong></span> <span class='ocrx_word' id='word_1_465' title='bbox 1315 3985 1590 4042; x_wconf 87' lang='lat' dir='ltr'><strong>nunquam</strong></span> <span class='ocrx_word' id='word_1_466' title='bbox 1620 3973 1767 4028; x_wconf 88' lang='lat' dir='ltr'><strong>enim</strong></span> <span class='ocrx_word' id='word_1_467' title='bbox 1797 3972 1895 4029; x_wconf 84' lang='lat' dir='ltr'><strong>fuit</strong></span> <span class='ocrx_word' id='word_1_468' title='bbox 1941 3976 2198 4032; x_wconf 87' lang='lat' dir='ltr'><strong>sacerdos</strong></span> <span class='ocrx_word' id='word_1_469' title='bbox 2226 3975 2501 4044; x_wconf 81' lang='lat' dir='ltr'><strong>Allatius),</strong></span> <span class='ocrx_word' id='word_1_470' title='bbox 2530 3974 2804 4044; x_wconf 79' lang='lat' dir='ltr'><strong>exscripta</strong></span> <span class='ocrx_word' id='word_1_471' title='bbox 2837 3988 2905 4031; x_wconf 82' lang='lat' dir='ltr'><strong>ex</strong></span> <span class='ocrx_word' id='word_1_472' title='bbox 2937 3973 3214 4031; x_wconf 82' lang='lat' dir='ltr'><strong>Vaticanis</strong></span> <span class='ocrx_word' id='word_1_473' title='bbox 3248 3971 3530 4028; x_wconf 84' lang='lat' dir='ltr'><strong>codicibus</strong></span> <span class='ocrx_word' id='word_1_474' title='bbox 3557 3969 3816 4027; x_wconf 71' lang='lat' dir='ltr'><strong>nonnulla</strong></span> 
     </span>
    </p>
   </div>
   <div class='ocr_carea' id='block_1_56' title="bbox 518 4058 3813 4135">
    <p class='ocr_par' dir='ltr' id='par_1_56' title="bbox 518 4058 3813 4135">
     <span class='ocr_line' id='line_1_56' title="bbox 518 4058 3813 4135; baseline -0.001 -17"><span class='ocrx_word' id='word_1_475' title='bbox 518 4060 694 4118; x_wconf 82' lang='lat' dir='ltr'><strong>sancti</strong></span> <span class='ocrx_word' id='word_1_476' title='bbox 736 4058 975 4115; x_wconf 84' lang='lat' dir='ltr'><strong>Anselmi</strong></span> <span class='ocrx_word' id='word_1_477' title='bbox 1008 4060 1361 4117; x_wconf 88' lang='lat' dir='ltr'><strong>incrementa.</strong></span> <span class='ocrx_word' id='word_1_478' title='bbox 1393 4061 1762 4120; x_wconf 78' lang='lat' dir='ltr'><strong>Gerberonius</strong></span> <span class='ocrx_word' id='word_1_479' title='bbox 1791 4072 1975 4120; x_wconf 88' lang='lat' dir='ltr'><strong>autem</strong></span> <span class='ocrx_word' id='word_1_480' title='bbox 2003 4106 2018 4129; x_wconf 88' lang='lat'><strong>,</strong></span> <span class='ocrx_word' id='word_1_481' title='bbox 2054 4073 2362 4135; x_wconf 87' lang='lat' dir='ltr'><strong>postremus</strong></span> <span class='ocrx_word' id='word_1_482' title='bbox 2394 4064 2637 4120; x_wconf 84' lang='lat' dir='ltr'><strong>Anselmi</strong></span> <span class='ocrx_word' id='word_1_483' title='bbox 2678 4064 2877 4128; x_wconf 88' lang='lat' dir='ltr'><strong>editor,</strong></span> <span class='ocrx_word' id='word_1_484' title='bbox 2911 4063 2964 4118; x_wconf 93' lang='lat' dir='ltr'><strong>in</strong></span> <span class='ocrx_word' id='word_1_485' title='bbox 2988 4062 3237 4119; x_wconf 85' lang='lat' dir='ltr'><strong>censuris</strong></span> <span class='ocrx_word' id='word_1_486' title='bbox 3272 4074 3500 4131; x_wconf 82' lang='lat' dir='ltr'><strong>operum</strong></span> <span class='ocrx_word' id='word_1_487' title='bbox 3537 4060 3813 4116; x_wconf 84' lang='lat' dir='ltr'><strong>interdum</strong></span> 
     </span>
    </p>
   </div>
   <div class='ocr_carea' id='block_1_57' title="bbox 517 4138 3815 4227">
    <p class='ocr_par' dir='ltr' id='par_1_57' title="bbox 517 4138 3815 4227">
     <span class='ocr_line' id='line_1_57' title="bbox 517 4138 3815 4227; baseline -0.001 -20"><span class='ocrx_word' id='word_1_488' title='bbox 517 4153 745 4208; x_wconf 80' lang='lat' dir='ltr'><strong>adnotat</strong></span> <span class='ocrx_word' id='word_1_489' title='bbox 777 4167 1025 4223; x_wconf 77' lang='lat' dir='ltr'><strong>quamam</strong></span> <span class='ocrx_word' id='word_1_490' title='bbox 1061 4153 1381 4209; x_wconf 90' lang='lat' dir='ltr'><strong>nominatim</strong></span> <span class='ocrx_word' id='word_1_491' title='bbox 1418 4155 1581 4227; x_wconf 81' lang='lat' dir='ltr'><strong>hujus</strong></span> <span class='ocrx_word' id='word_1_492' title='bbox 1616 4155 1995 4214; x_wconf 74' lang='lat' dir='ltr'><strong>Meditationes</strong></span> <span class='ocrx_word' id='word_1_493' title='bbox 2018 4157 2378 4213; x_wconf 80' lang='lat' dir='ltr'><strong>cx-Vaticana</strong></span> <span class='ocrx_word' id='word_1_494' title='bbox 2409 4156 2737 4213; x_wconf 78' lang='lat' dir='ltr'><strong>bibliotheca</strong></span> <span class='ocrx_word' id='word_1_495' title='bbox 2774 4164 3011 4226; x_wconf 67' lang='lat' dir='ltr'><strong>accepta:</strong></span> <span class='ocrx_word' id='word_1_496' title='bbox 3042 4168 3073 4209; x_wconf 89' lang='lat' dir='ltr'><strong>a</strong></span> <span class='ocrx_word' id='word_1_497' title='bbox 3104 4152 3405 4225; x_wconf 78' lang='lat' dir='ltr'><strong>Raynaudo</strong></span> <span class='ocrx_word' id='word_1_498' title='bbox 3426 4149 3654 4207; x_wconf 81' lang='lat' dir='ltr'><strong>fuerint.</strong></span> <span class='ocrx_word' id='word_1_499' title='bbox 3680 4138 3815 4205; x_wconf 71' lang='lat' dir='ltr'><strong>libi</strong></span> 
     </span>
    </p>
   </div>
   <div class='ocr_carea' id='block_1_58' title="bbox 514 4244 3812 4323">
    <p class='ocr_par' dir='ltr' id='par_1_58' title="bbox 514 4244 3812 4323">
     <span class='ocr_line' id='line_1_58' title="bbox 514 4244 3812 4323; baseline -0.001 -23"><span class='ocrx_word' id='word_1_500' title='bbox 514 4258 650 4300; x_wconf 73' lang='lat' dir='ltr'><strong>vero</strong></span> <span class='ocrx_word' id='word_1_501' title='bbox 671 4260 816 4301; x_wconf 89' lang='lat' dir='ltr'><strong>nunc</strong></span> <span class='ocrx_word' id='word_1_502' title='bbox 855 4245 907 4300; x_wconf 92' lang='lat' dir='ltr'><strong>in</strong></span> <span class='ocrx_word' id='word_1_503' title='bbox 941 4244 1323 4304; x_wconf 82' lang='lat' dir='ltr'><strong>Vallicellianis</strong></span> <span class='ocrx_word' id='word_1_504' title='bbox 1365 4247 1550 4304; x_wconf 84' lang='lat' dir='ltr'><strong>Allatii</strong></span> <span class='ocrx_word' id='word_1_505' title='bbox 1581 4249 1797 4305; x_wconf 87' lang='lat' dir='ltr'><strong>schedis</strong></span> <span class='ocrx_word' id='word_1_506' title='bbox 1838 4250 2048 4321; x_wconf 86' lang='lat' dir='ltr'><strong>ingens,</strong></span> <span class='ocrx_word' id='word_1_507' title='bbox 2083 4249 2248 4307; x_wconf 89' lang='lat' dir='ltr'><strong>libelli</strong></span> <span class='ocrx_word' id='word_1_508' title='bbox 2287 4251 2481 4314; x_wconf 84' lang='lat' dir='ltr'><strong>instar,</strong></span> <span class='ocrx_word' id='word_1_509' title='bbox 2520 4249 2802 4323; x_wconf 33' lang='lat' dir='ltr'><strong>,Meditatio</strong></span> <span class='ocrx_word' id='word_1_510' title='bbox 2824 4250 3069 4318; x_wconf 83' lang='lat' dir='ltr'><strong>ejusdem</strong></span> <span class='ocrx_word' id='word_1_511' title='bbox 3099 4245 3342 4303; x_wconf 82' lang='lat' dir='ltr'><strong>Anselmi</strong></span> <span class='ocrx_word' id='word_1_512' title='bbox 3383 4245 3676 4301; x_wconf 77' lang='lat' dir='ltr'><strong>observata</strong></span> <span class='ocrx_word' id='word_1_513' title='bbox 3704 4250 3812 4308; x_wconf 87' lang='lat' dir='ltr'><strong>est,</strong></span> 
     </span>
    </p>
   </div>
   <div class='ocr_carea' id='block_1_59' title="bbox 519 4332 3812 4412">
    <p class='ocr_par' dir='ltr' id='par_1_59' title="bbox 519 4332 3812 4412">
     <span class='ocr_line' id='line_1_59' title="bbox 519 4332 3812 4412; baseline -0.002 -21"><span class='ocrx_word' id='word_1_514' title='bbox 519 4350 687 4405; x_wconf 87' lang='lat' dir='ltr'><strong>quam</strong></span> <span class='ocrx_word' id='word_1_515' title='bbox 719 4352 786 4393; x_wconf 88' lang='lat' dir='ltr'><strong>ne</strong></span> <span class='ocrx_word' id='word_1_516' title='bbox 813 4337 867 4392; x_wconf 92' lang='lat' dir='ltr'><strong>in</strong></span> <span class='ocrx_word' id='word_1_517' title='bbox 903 4335 1223 4394; x_wconf 84' lang='lat' dir='ltr'><strong>Gerberonii</strong></span> <span class='ocrx_word' id='word_1_518' title='bbox 1254 4339 1500 4410; x_wconf 87' lang='lat' dir='ltr'><strong>quidem,</strong></span> <span class='ocrx_word' id='word_1_519' title='bbox 1526 4339 1721 4395; x_wconf 87' lang='lat' dir='ltr'><strong>nedum</strong></span> <span class='ocrx_word' id='word_1_520' title='bbox 1752 4341 2058 4412; x_wconf 83' lang='lat' dir='ltr'><strong>Raynaudi,</strong></span> <span class='ocrx_word' id='word_1_521' title='bbox 2087 4341 2324 4397; x_wconf 85' lang='lat' dir='ltr'><strong>editione</strong></span> <span class='ocrx_word' id='word_1_522' title='bbox 2350 4341 2671 4410; x_wconf 86' lang='lat' dir='ltr'><strong>impressam</strong></span> <span class='ocrx_word' id='word_1_523' title='bbox 2700 4340 2971 4395; x_wconf 81' lang='lat' dir='ltr'><strong>videbam.</strong></span> <span class='ocrx_word' id='word_1_524' title='bbox 3002 4335 3326 4393; x_wconf 86' lang='lat' dir='ltr'><strong>Necessario</strong></span> <span class='ocrx_word' id='word_1_525' title='bbox 3354 4335 3536 4405; x_wconf 83' lang='lat' dir='ltr'><strong>itaque</strong></span> <span class='ocrx_word' id='word_1_526' title='bbox 3561 4332 3812 4405; x_wconf 79' lang='lat' dir='ltr'><strong>sequitur</strong></span> 
     </span>
    </p>
   </div>
   <div class='ocr_carea' id='block_1_60' title="bbox 515 4424 3808 4504">
    <p class='ocr_par' dir='ltr' id='par_1_60' title="bbox 515 4424 3808 4504">
     <span class='ocr_line' id='line_1_60' title="bbox 515 4424 3808 4504; baseline 0.002 -27"><span class='ocrx_word' id='word_1_527' title='bbox 515 4432 581 4479; x_wconf 88' lang='lat' dir='ltr'><strong>ut</strong></span> <span class='ocrx_word' id='word_1_528' title='bbox 609 4424 837 4501; x_wconf 82' lang='lat' dir='ltr'><strong>Allatius</strong></span> <span class='ocrx_word' id='word_1_529' title='bbox 878 4426 1023 4483; x_wconf 87' lang='lat' dir='ltr'><strong>hanc</strong></span> <span class='ocrx_word' id='word_1_530' title='bbox 1065 4428 1331 4485; x_wconf 87' lang='lat' dir='ltr'><strong>invenerit</strong></span> <span class='ocrx_word' id='word_1_531' title='bbox 1371 4438 1494 4500; x_wconf 90' lang='lat' dir='ltr'><strong>post</strong></span> <span class='ocrx_word' id='word_1_532' title='bbox 1524 4432 1872 4487; x_wconf 78' lang='lat' dir='ltr'><strong>transmissae</strong></span> <span class='ocrx_word' id='word_1_533' title='bbox 1901 4431 2037 4486; x_wconf 88' lang='lat' dir='ltr'><strong>alias</strong></span> <span class='ocrx_word' id='word_1_534' title='bbox 2067 4431 2135 4485; x_wconf 90' lang='lat' dir='ltr'><strong>ad</strong></span> <span class='ocrx_word' id='word_1_535' title='bbox 2167 4430 2523 4504; x_wconf 76' lang='lat' dir='ltr'><strong>Raynaudum</strong></span> <span class='ocrx_word' id='word_1_536' title='bbox 2557 4430 2951 4492; x_wconf 74' lang='lat' dir='ltr'><strong>Meditationes,</strong></span> <span class='ocrx_word' id='word_1_537' title='bbox 2986 4437 3043 4485; x_wconf 92' lang='lat' dir='ltr'><strong>et</strong></span> <span class='ocrx_word' id='word_1_538' title='bbox 3088 4439 3208 4500; x_wconf 89' lang='lat' dir='ltr'><strong>post</strong></span> <span class='ocrx_word' id='word_1_539' title='bbox 3233 4426 3653 4500; x_wconf 82' lang='lat' dir='ltr'><strong>Lugdunensem</strong></span> <span class='ocrx_word' id='word_1_540' title='bbox 3680 4437 3808 4495; x_wconf 79' lang='lat' dir='ltr'><strong>pro-</strong></span> 
     </span>
    </p>
   </div>
   <div class='ocr_carea' id='block_1_61' title="bbox 519 4513 3813 4594">
    <p class='ocr_par' dir='ltr' id='par_1_61' title="bbox 519 4513 3813 4594">
     <span class='ocr_line' id='line_1_61' title="bbox 519 4513 3813 4594; baseline 0 -24"><span class='ocrx_word' id='word_1_541' title='bbox 519 4513 761 4584; x_wconf 81' lang='lat' dir='ltr'><strong>ﬂigatam</strong></span> <span class='ocrx_word' id='word_1_542' title='bbox 790 4517 1116 4585; x_wconf 87' lang='lat' dir='ltr'><strong>editionem;</strong></span> <span class='ocrx_word' id='word_1_543' title='bbox 1149 4535 1258 4588; x_wconf 88' lang='lat' dir='ltr'><strong>quo</strong></span> <span class='ocrx_word' id='word_1_544' title='bbox 1286 4520 1485 4576; x_wconf 79' lang='lat' dir='ltr'><strong>factum</strong></span> <span class='ocrx_word' id='word_1_545' title='bbox 1511 4531 1596 4577; x_wconf 90' lang='lat' dir='ltr'><strong>est</strong></span> <span class='ocrx_word' id='word_1_546' title='bbox 1623 4531 1682 4576; x_wconf 92' lang='lat' dir='ltr'><strong>ut</strong></span> <span class='ocrx_word' id='word_1_547' title='bbox 1707 4523 1821 4577; x_wconf 65' lang='lat' dir='ltr'><strong>haec</strong></span> <span class='ocrx_word' id='word_1_548' title='bbox 1851 4522 2077 4593; x_wconf 82' lang='lat' dir='ltr'><strong>insignis</strong></span> <span class='ocrx_word' id='word_1_549' title='bbox 2114 4530 2171 4577; x_wconf 91' lang='lat' dir='ltr'><strong>et</strong></span> <span class='ocrx_word' id='word_1_550' title='bbox 2199 4523 2414 4579; x_wconf 54' lang='lat' dir='ltr'><strong>caeteris</strong></span> <span class='ocrx_word' id='word_1_551' title='bbox 2450 4522 2702 4580; x_wconf 88' lang='lat' dir='ltr'><strong>omnibus</strong></span> <span class='ocrx_word' id='word_1_552' title='bbox 2736 4522 2894 4594; x_wconf 92' lang='lat' dir='ltr'><strong>longe</strong></span> <span class='ocrx_word' id='word_1_553' title='bbox 2923 4520 3187 4593; x_wconf 77' lang='lat' dir='ltr'><strong>prolixior</strong></span> <span class='ocrx_word' id='word_1_554' title='bbox 3217 4521 3268 4575; x_wconf 93' lang='lat' dir='ltr'><strong>in</strong></span> <span class='ocrx_word' id='word_1_555' title='bbox 3295 4517 3813 4590; x_wconf 74' lang='lat' dir='ltr'><strong>quinquagesimum</strong></span> 
     </span>
    </p>
   </div>
   <div class='ocr_carea' id='block_1_62' title="bbox 515 4606 3807 4683">
    <p class='ocr_par' dir='ltr' id='par_1_62' title="bbox 515 4606 3807 4683">
     <span class='ocr_line' id='line_1_62' title="bbox 515 4606 3807 4683; baseline -0.001 -18"><span class='ocrx_word' id='word_1_556' title='bbox 515 4606 782 4680; x_wconf 86' lang='lat' dir='ltr'><strong>psalmum</strong></span> <span class='ocrx_word' id='word_1_557' title='bbox 824 4607 1123 4674; x_wconf 79' lang='lat' dir='ltr'><strong>Meditatio,</strong></span> <span class='ocrx_word' id='word_1_558' title='bbox 1154 4619 1282 4665; x_wconf 90' lang='lat' dir='ltr'><strong>tunc</strong></span> <span class='ocrx_word' id='word_1_559' title='bbox 1311 4611 1497 4667; x_wconf 80' lang='lat' dir='ltr'><strong>Roma:</strong></span> <span class='ocrx_word' id='word_1_560' title='bbox 1540 4608 1773 4678; x_wconf 78' lang='lat' dir='ltr'><strong>reienta,</strong></span> <span class='ocrx_word' id='word_1_561' title='bbox 1810 4613 2001 4669; x_wconf 83' lang='lat' dir='ltr'><strong>deinde</strong></span> <span class='ocrx_word' id='word_1_562' title='bbox 2030 4613 2082 4668; x_wconf 93' lang='lat' dir='ltr'><strong>in</strong></span> <span class='ocrx_word' id='word_1_563' title='bbox 2133 4614 2486 4670; x_wconf 86' lang='lat' dir='ltr'><strong>centesimum</strong></span> <span class='ocrx_word' id='word_1_564' title='bbox 2518 4628 2691 4683; x_wconf 86' lang='lat' dir='ltr'><strong>usque</strong></span> <span class='ocrx_word' id='word_1_565' title='bbox 2720 4628 2784 4669; x_wconf 89' lang='lat' dir='ltr'><strong>ac</strong></span> <span class='ocrx_word' id='word_1_566' title='bbox 2825 4610 3287 4682; x_wconf 88' lang='lat' dir='ltr'><strong>septuagesimum</strong></span> <span class='ocrx_word' id='word_1_567' title='bbox 3336 4623 3560 4671; x_wconf 89' lang='lat' dir='ltr'><strong>annum,</strong></span> <span class='ocrx_word' id='word_1_568' title='bbox 3592 4608 3648 4663; x_wconf 82' lang='lat' dir='ltr'><strong>id</strong></span> <span class='ocrx_word' id='word_1_569' title='bbox 3698 4612 3807 4672; x_wconf 78' lang='lat' dir='ltr'><strong>est,</strong></span> 
     </span>
    </p>
   </div>
   <div class='ocr_carea' id='block_1_63' title="bbox 515 4696 3807 4772">
    <p class='ocr_par' dir='ltr' id='par_1_63' title="bbox 515 4696 3807 4772">
     <span class='ocr_line' id='line_1_63' title="bbox 515 4696 3807 4772; baseline -0.001 -16"><span class='ocrx_word' id='word_1_570' title='bbox 515 4714 692 4771; x_wconf 88' lang='lat' dir='ltr'><strong>usque</strong></span> <span class='ocrx_word' id='word_1_571' title='bbox 720 4700 788 4754; x_wconf 90' lang='lat' dir='ltr'><strong>ad</strong></span> <span class='ocrx_word' id='word_1_572' title='bbox 828 4700 1085 4755; x_wconf 86' lang='lat' dir='ltr'><strong>traditum</strong></span> <span class='ocrx_word' id='word_1_573' title='bbox 1128 4702 1362 4772; x_wconf 88' lang='lat' dir='ltr'><strong>benigne</strong></span> <span class='ocrx_word' id='word_1_574' title='bbox 1395 4704 1549 4760; x_wconf 87' lang='lat' dir='ltr'><strong>nobis</strong></span> <span class='ocrx_word' id='word_1_575' title='bbox 1588 4719 1619 4758; x_wconf 89' lang='lat' dir='ltr'><strong>a</strong></span> <span class='ocrx_word' id='word_1_576' title='bbox 1663 4704 1733 4759; x_wconf 90' lang='lat' dir='ltr'><strong>cl.</strong></span> <span class='ocrx_word' id='word_1_577' title='bbox 1763 4703 2034 4760; x_wconf 88' lang='lat' dir='ltr'><strong>Theinero</strong></span> <span class='ocrx_word' id='word_1_578' title='bbox 2079 4703 2454 4761; x_wconf 80' lang='lat' dir='ltr'><strong>Vallicelliano</strong></span> <span class='ocrx_word' id='word_1_579' title='bbox 2500 4702 2916 4759; x_wconf 86' lang='lat' dir='ltr'><strong>bibliothecario</strong></span> <span class='ocrx_word' id='word_1_580' title='bbox 2943 4701 3338 4772; x_wconf 86' lang='lat' dir='ltr'><strong>apograpbum,</strong></span> <span class='ocrx_word' id='word_1_581' title='bbox 3364 4712 3551 4769; x_wconf 76' lang='lat' dir='ltr'><strong>pressa</strong></span> <span class='ocrx_word' id='word_1_582' title='bbox 3595 4696 3807 4764; x_wconf 64' lang='lat' dir='ltr'><strong>interit;</strong></span> 
     </span>
    </p>
   </div>
   <div class='ocr_carea' id='block_1_64' title="bbox 517 4789 3807 4868">
    <p class='ocr_par' dir='ltr' id='par_1_64' title="bbox 517 4789 3807 4868">
     <span class='ocr_line' id='line_1_64' title="bbox 517 4789 3807 4868; baseline -0.002 -18"><span class='ocrx_word' id='word_1_583' title='bbox 517 4803 682 4866; x_wconf 79' lang='lat' dir='ltr'><strong>atque</strong></span> <span class='ocrx_word' id='word_1_584' title='bbox 717 4809 837 4850; x_wconf 91' lang='lat' dir='ltr'><strong>eam</strong></span> <span class='ocrx_word' id='word_1_585' title='bbox 875 4808 1096 4865; x_wconf 88' lang='lat' dir='ltr'><strong>prorsus</strong></span> <span class='ocrx_word' id='word_1_586' title='bbox 1126 4794 1493 4866; x_wconf 87' lang='lat' dir='ltr'><strong>ignoraverint</strong></span> <span class='ocrx_word' id='word_1_587' title='bbox 1517 4796 1774 4867; x_wconf 70' lang='lat' dir='ltr'><strong>pmcipui</strong></span> <span class='ocrx_word' id='word_1_588' title='bbox 1806 4811 2026 4868; x_wconf 87' lang='lat' dir='ltr'><strong>quoque</strong></span> <span class='ocrx_word' id='word_1_589' title='bbox 2073 4795 2438 4866; x_wconf 88' lang='lat' dir='ltr'><strong>bibliographi</strong></span> <span class='ocrx_word' id='word_1_590' title='bbox 2479 4794 2834 4861; x_wconf 84' lang='lat' dir='ltr'><strong>Trithemius,</strong></span> <span class='ocrx_word' id='word_1_591' title='bbox 2872 4793 3221 4859; x_wconf 81' lang='lat' dir='ltr'><strong>Possevinus,</strong></span> <span class='ocrx_word' id='word_1_592' title='bbox 3249 4791 3634 4856; x_wconf 87' lang='lat' dir='ltr'><strong>Bellarminus,</strong></span> <span class='ocrx_word' id='word_1_593' title='bbox 3663 4789 3807 4845; x_wconf 71' lang='grc' dir='ltr'>ιιι».</span> 
     </span>
    </p>
   </div>
   <div class='ocr_carea' id='block_1_65' title="bbox 513 4880 3810 4955">
    <p class='ocr_par' dir='ltr' id='par_1_65' title="bbox 513 4880 3810 4955">
     <span class='ocr_line' id='line_1_65' title="bbox 513 4880 3810 4955; baseline -0.003 -13"><span class='ocrx_word' id='word_1_594' title='bbox 513 4882 669 4953; x_wconf 79' lang='lat' dir='ltr'><strong>beas,</strong></span> <span class='ocrx_word' id='word_1_595' title='bbox 700 4885 982 4943; x_wconf 82' lang='lat' dir='ltr'><strong>Fabricius</strong></span> <span class='ocrx_word' id='word_1_596' title='bbox 1039 4885 1284 4944; x_wconf 85' lang='lat' dir='ltr'><strong>Ondinus</strong></span> <span class='ocrx_word' id='word_1_597' title='bbox 1308 4925 1323 4955; x_wconf 89' lang='lat'><strong>,</strong></span> <span class='ocrx_word' id='word_1_598' title='bbox 1365 4886 1610 4944; x_wconf 79' lang='lat' dir='ltr'><strong>Cavacus.</strong></span> <span class='ocrx_word' id='word_1_599' title='bbox 1647 4886 1929 4955; x_wconf 85' lang='lat' dir='ltr'><strong>Cellerius,</strong></span> <span class='ocrx_word' id='word_1_600' title='bbox 1968 4885 2412 4943; x_wconf 82' lang='lat' dir='ltr'><strong>Mazzuchellius.</strong></span> <span class='ocrx_word' id='word_1_601' title='bbox 2459 4884 2615 4943; x_wconf 88' lang='lat' dir='ltr'><strong>Nunc</strong></span> <span class='ocrx_word' id='word_1_602' title='bbox 2644 4900 2743 4942; x_wconf 89' lang='lat' dir='ltr'><strong>nos</strong></span> <span class='ocrx_word' id='word_1_603' title='bbox 2786 4886 2891 4943; x_wconf 90' lang='lat' dir='ltr'><strong>hoc</strong></span> <span class='ocrx_word' id='word_1_604' title='bbox 2930 4882 3172 4940; x_wconf 85' lang='lat' dir='ltr'><strong>Anselmi</strong></span> <span class='ocrx_word' id='word_1_605' title='bbox 3212 4880 3512 4954; x_wconf 75' lang='lat' dir='ltr'><strong>prienobile</strong></span> <span class='ocrx_word' id='word_1_606' title='bbox 3536 4882 3810 4952; x_wconf 72' lang='lat' dir='ltr'><strong>scriptun</strong></span> 
     </span>
    </p>
   </div>
   <div class='ocr_carea' id='block_1_66' title="bbox 514 4971 854 5036">
    <p class='ocr_par' dir='ltr' id='par_1_66' title="bbox 514 4971 854 5036">
     <span class='ocr_line' id='line_1_66' title="bbox 514 4971 854 5036; baseline 0.006 -2"><span class='ocrx_word' id='word_1_607' title='bbox 514 4971 854 5036; x_wconf 75' lang='lat' dir='ltr'><strong>exhibemus.</strong></span> 
     </span>
    </p>
   </div>
  </div>
