4060 6292
281 290 373 353 831
436 314 441 319 *

305 603 1817 634 ____________________________________..

1338 278 1714 340 MEDI’I‘ATIO
1744 277 1811 333 IN
1843 273 2036 333 PSAL.
2072 269 2234 329 MlSE
2251 267 2459 327 RERE.

1821 585 3437 612 mm

840 912 1711 1080 SANCTI
1856 905 2931 1070 ANSELMI

941 1306 2090 1509 CANTUARIENSIS
2175 1323 2825 1441 EPISCOPI
2927 1397 2930 1400 ~

1543 1674 2226 1769 MEDITATIO

337 2662 391 2718 i.
442 2636 764 2716 Fortissime
810 2656 953 2713 Deus
1001 2653 1291 2726 spirituum
1338 2650 1604 2706 universa:
1645 2649 1852 2715 carnis,
1884 2654 1933 2712 Α
1963 2661 2049 2703 me
2074 2644 2363 2702 clementia
2395 2653 2507 2711 tua,
2538 2644 2704 2711 Deus,
2728 2645 2772 2702 si
2805 2646 2992 2703 videns
3022 2663 3220 2703 anima:
3250 2662 3382 2703 mea;
3412 2664 3554 2718 peri.

266 2754 358 2825 qui
386 2753 529 2808 vinci
562 2767 665 2807 non
707 2761 886 2825 potes,
912 2748 1040 2819 quia
1069 2762 1130 2804 es
1172 2744 1520 2813 omnipotens
1542 2751 1596 2798 et
1637 2758 1727 2798 rex
1762 2757 1858 2812 po-

273 2855 420 2911 tens;
446 2842 560 2898 falli
592 2857 698 2898 non
728 2850 902 2910 potes,
924 2838 1049 2909 quia
1072 2834 1291 2908 sapiens
1316 2848 1394 2897 es,
1423 2840 1673 2887 serutans
1695 2830 1858 2885 corda

270 2945 324 2990 ct
352 2951 513 2992 renes
560 2935 734 2999 Deus;
758 2929 1032 3000 corrumpi
1058 2944 1164 2984 non
1194 2936 1370 2998 potes,
1397 2923 1523 2994 quia
1544 2923 1726 2995 justus
1755 2921 1860 2977 Do-

275 3027 472 3090 minus,
502 3034 558 3082 et
605 3038 819 3093 semper
844 3021 1087 3093 justitias
1115 3017 1350 3074 dilexisti
1375 3035 1391 3083 ;
1421 3015 1511 3085 qui
1541 3029 1644 3070 non
1668 3027 1858 3085 parces

275 3116 325 3171 in
356 3116 443 3171 die
470 3114 748 3178 vindictae,
772 3126 872 3167 nec
899 3110 1215 3180 acquiesces
1243 3106 1563 3176 cujusquam
1583 3100 1858 3173 precibus,

275 3223 372 3263 nec
411 3205 644 3278 recipies
688 3218 789 3275 pro
837 3199 1209 3270 redemptione
1245 3196 1385 3250 dona
1419 3194 1651 3265 plurima
1699 3209 1712 3248 :
1758 3206 1858 3261 ego

274 3315 393 3355 reus
423 3308 479 3354 et
502 3298 669 3353 miser
694 3302 950 3366 peccator
977 3293 1029 3345 in
1049 3296 1342 3358 conspectu
1385 3285 1581 3341 divinae
1608 3283 1861 3352 majesta-

274 3374 340 3445 tis
373 3399 495 3455 tute,
535 3389 588 3443 in
630 3400 741 3456 qua
773 3384 862 3455 qui
900 3395 1028 3437 vere
1069 3377 1380 3438 confitetur,
1423 3373 1736 3439 absolvitur,
1777 3389 1862 3429 re-

273 3495 534 3554 cognosco
579 3481 712 3552 quia
752 3475 972 3549 peccavi
1019 3486 1183 3542 super
1217 3482 1501 3525 numermu
1530 3481 1712 3521 arena:
1743 3479 1860 3519 ma-

274 3589 368 3637 rzs,
388 3582 443 3631 et
465 3572 845 3643 multiplicatae
868 3575 997 3624 sunt
1017 3563 1333 3634 iniquitates
1355 3574 1504 3614 mea).
1539 3556 1860 3612 luenrvatus

274 3682 389 3722 smn
420 3666 592 3723 multo
638 3660 912 3720 curriculo
937 3672 1071 3716 mea:
1106 3656 1297 3712 ferreae
1324 3652 1640 3714 voluntatis,
1664 3660 1719 3704 et
1752 3666 1858 3707 non

273 3766 351 3811 est
381 3758 510 3813 mihi
556 3753 851 3826 respiratio
879 3765 896 3806 :
944 3759 1002 3806 et
1028 3749 1154 3820 quia
1178 3762 1244 3803 ex
1273 3745 1567 3801 indiscrete
1605 3757 1859 3812 processu

276 3851 467 3921 negotii
517 3851 653 3906 vita:
696 3861 831 3901 mea:
860 3842 1056 3908 sentio,
1088 3841 1213 3910 quia
1246 3848 1336 3893 tua
1365 3834 1574 3905 justitia
1610 3836 1661 3888 in
1684 3843 1862 3889 extre-

277 3957 360 3994 mo
385 3952 474 3997 tuo
511 3939 726 4010 judicio
758 3933 1040 3991 manifeste
1069 3932 1229 3987 debet
1258 3944 1343 3983 tuo
1365 3941 1621 3996 gravare;
1653 3926 1720 3978 ab
1746 3924 1861 3993 ipsa

1965 2737 2146 2795 culum
2200 2737 2488 2793 inuninere
2537 2746 2642 2793 ate
2672 2737 2833 2804 irato,
2873 2740 2939 2793 ad
2992 2749 3042 2796 te
3085 2739 3354 2809 placatum
3394 2758 3558 2798 ausus

1965 2842 2085 2883 smn
2114 2826 2355 2883 totaliter
2405 2827 2705 2898 appellare,
2753 2822 2875 2884 eum
2922 2845 3079 2900 teque
3130 2830 3315 2903 animo
3368 2832 3564 2889 tuleris

1964 2921 2108 2992 quod
2134 2919 2412 2992 apostolus
2442 2929 2567 2980 tuus
2594 2919 2815 2985 Paulus,
2849 2923 3047 2978 timens
3070 2938 3138 2979 ne
3166 2939 3195 2978 a
3230 2922 3393 2979 Festo
3416 2941 3557 2996 pra:-

1964 3010 2081 3066 side
2118 3010 2478 3081 corporaliter
2518 3020 2866 3081 gravaretur,
2899 3011 2965 3066 ad
3005 3012 3272 3069 Cursarem
3317 3014 3554 3085 appella-

1961 3101 2063 3157 vit.
2089 3101 2239 3156 Adeo
2265 3100 2430 3171 igitur
2459 3115 2582 3155 cum
2624 3100 2817 3155 fiducia
2843 3103 3029 3172 gratiae
3055 3112 3159 3158 tuze
3190 3104 3466 3172 thronum,
3499 3116 3565 3161 ut

1962 3192 2395 3248 misericordiam
2442 3206 2769 3261 consequar,
2812 3202 2869 3247 et
2909 3193 3138 3262 gratiam
3187 3194 3458 3249 inveniam
3500 3195 3555 3252 in

1962 3282 2169 3338 auxilio
2188 3290 2493 3356 Opportune
2519 3294 2535 3336 :
2575 3291 2631 3336 et
2662 3282 2788 3352 quia
2817 3282 2982 3338 miser
3018 3289 3162 3345 sum.
3188 3296 3244 3340 et
3266 3286 3580 3353 miserabis

1963 3374 2055 3440 iis,
2086 3374 2207 3429 ideo
2251 3388 2472 3445 gemens
2499 3373 2691 3442 spiritu
2724 3375 2919 3429 iterum
2952 3374 3047 3430 tibi
3084 3376 3206 3431 dico
3239 3366 3265 3432 ξ’
3284 3378 3552 3433 Miserere.

1962 3467 2061 3522 Est
2086 3466 2230 3521 enim
2263 3475 2351 3519 tua
2402 3465 2798 3531 misericordia,
2825 3465 3146 3521 miserorum
3197 3469 3419 3537 chorda,
3448 3485 3554 3540 qua

1963 3558 2031 3615 de
2077 3557 2198 3612 lacu
2233 3554 2380 3611 faecis
2422 3564 2478 3611 et
2523 3556 2755 3611 miseriae
2780 3559 3161 3613 extrahuntur.
3208 3558 3343 3626 Quia
3389 3560 3560 3631 igitur

1962 3649 2226 3705 solvendo
2250 3663 2356 3704 non
2399 3657 2528 3704 sunt
2572 3649 2853 3719 passiones
2881 3650 3164 3721 condignae
3201 3652 3269 3707 ad
3318 3651 3554 3707 futuram

1962 3739 2188 3815 gloriam
2220 3756 2383 3811 quam
2410 3749 2698 3810 exspecto;
2728 3749 2783 3797 et
2800 3749 2889 3796 tua
2918 3742 3292 3798 misericordia
3321 3759 3426 3798 non
3439 3760 3556 3800 mc-

1963 3835 2151 3899 ritum,
2196 3834 2288 3887 sed
2331 3832 2503 3889 solam
2547 3832 2822 3887 miseriam
2859 3833 3121 3900 intuetur,
3163 3835 3230 3889 de
3276 3834 3557 3903 profundis

1966 3924 2220 3980 ﬂuctibus
2281 3923 2559 3986 interioris
2606 3933 2661 3979 et
2708 3924 2998 3981 exterioris
3054 3926 3310 3990 miseriae,
3363 3926 3560 3996 quibus

279 4038 450 4085 tamen
479 4028 682 4085 merito
709 4021 847 4098 mibi
868 4031 1143 4093 suspecta,
1168 4019 1235 4093 ad
1260 4023 1408 4072 tuam
1432 4013 1857 4071 misericordiam
1894 4016 1936 4075 Β
1968 4012 2145 4086 imago
2170 4015 2263 4072 Dei
2293 4016 2555 4072 asseritur
2575 4016 2673 4086 (ita
2710 4018 2857 4087 ms.),
2902 4018 2954 4071 in
2986 4034 3073 4072 me
3103 4020 3218 4088 ipso
3246 4019 3314 4072 ad
3349 4019 3558 4074 miser}-

276 4119 520 4192 co‘nt‘ugio
544 4128 604 4175 et.
635 4114 868 4188 appello.
890 4113 957 4168 Et
980 4126 1047 4167 ne
1076 4108 1437 4182 appellatione
1467 4108 1567 4162 ista
1592 4104 1860 4176 pendente

276 4208 438 4266 intres
492 4210 547 4265 in
589 4207 861 4278 judicium
916 4218 1039 4259 cum
1082 4214 1241 4261 servo
1293 4209 1401 4263 tuo,
1443 4198 1536 4253 sed
1568 4197 1747 4269 potius
1771 4206 1861 4250 tua

279 4277 650 4356 misericordia
679 4310 766 4351 me
797 4292 1114 4365 praeveniat,
1144 4300 1201 4346 et
1237 4299 1497 4360 sequatur
1528 4303 1632 4348 me,
1657 4277 1719 4341 et
1737 4302 1866 4340 sen-

278 4403 385 4455 sus,
404 4400 459 4445 et
478 4399 657 4450 actus,
680 4384 1059 4458 cogitationes,
1089 4378 1430 4443 affectiones,
1451 4387 1504 4433 et
1525 4391 1691 4448 Opera
1721 4388 1863 4437 mea,

279 4482 592 4548 protectioni
618 4478 741 4548 ejus
763 4488 1094 4547 supponens,
1124 4472 1406 4543 ipsamque
1434 4467 1863 4524 misericordiam

279 4573 572 4640 postulans,
622 4579 681 4627 et
703 4568 967 4638 judicimn
1022 4580 1128 4621 non
1176 4563 1481 4635 requirens,
1521 4561 1684 4616 corde
1718 4574 1867 4614 com-

281 4672 506 4732 punctus
530 4660 817 4719 humiliter
844 4657 940 4712 tibi
964 4655 1123 4713 dico:

286 4816 291 4820 δ
346 4751 400 4807 2.
429 4751 524 4823 (V.
558 4752 644 4822 5.)
691 4750 964 4814 Miserere,
998 4747 1122 4818 quia
1166 4755 1382 4815 tempus
1421 4753 1505 4799 cst
1549 4741 1866 4806 miserendi,

258 4858 383 4900 ~non
406 4843 721 4913 iudicandi;
756 4842 882 4913 quia
917 4839 1099 4895 dixisti
1151 4839 1203 4893 in
1237 4835 1525 4906 Evangelia
1561 4845 1651 4889 tuo
1677 4845 1869 4889 sancto

285 4937 420 5004 quod
466 4952 571 4991 non
614 4933 807 4989 venisti
845 4942 904 4987 ut
931 4932 1142 5003 judices
1173 4929 1454 4992 nmndum,
1493 4927 1585 4981 sed
1618 4937 1677 4981 ut
1707 4927 1871 4981 salvi—

287 5024 408 5080 tiees
445 5024 731 5080 mundum.
771 5022 839 5077 Et
884 5023 937 5077 in
979 5031 1068 5076 tua
1103 5020 1305 5090 pietate
1330 5017 1568 5083 confido,
1588 5011 1745 5087 quod
1775 5034 1871 5087 ap-

290 5114 552 5182 pellationi
606 5129 743 5171 unca:
789 5112 999 5169 deferre
1041 5112 1263 5173 debeas,
1292 5126 1455 5181 quam
1485 5124 1585 5181 ego
1614 5111 1727 5181 (qui
1761 5120 1870 5166 tre—

290 5220 434 5260 mens
456 5205 632 5261 factus
654 5221 774 5261 sum
807 5213 861 5259 et
888 5206 1054 5259 timeo
1077 5219 1108 5258 a
1134 5213 1220 5258 tua
1246 5200 1481 5271 iustitia)
1514 5211 1768 5273 tanquam
1800 5203 1871 5258 ab

290 5295 523 5352 inferiori
575 5296 645 5351 ad
711 5296 1044 5365 superiorem
1109 5297 1294 5351 sedem
1340 5305 1447 5351 tua:
1484 5295 1869 5351 misericordia:

292 5384 782 5459 interpono,scieus
806 5385 948 5457 quod
983 5386 1352 5441 misericordia
1384 5386 1860 5456 superexaltatju-
1897 5368 1943 5429 (ἶ

291 5480 506 5548 dicium,
542 5490 600 5536 et
632 5480 776 5551 quod
817 5477 1186 5534 misericordia
1239 5487 1327 5530 tua
1357 5484 1443 5531 est
1481 5489 1645 5545 super
1682 5476 1867 5530 omnia

294 5579 378 5625 tua
398 5586 563 5645 opera
600 5572 916 5628 constituta.
948 5570 1180 5642 Ideoque
1193 5569 1536 5640 appellationi
1566 5590 1699 5631 mcze
1732 5582 1813 5627 est
1840 5584 1877 5627 a’

295 5668 346 5715 te
370 5676 473 5716 non
504 5660 777 5718 iuunerito
808 5658 1177 5716 deferendum.
1204 5660 1310 5720 Nec
1339 5664 1647 5735 indignetur
1669 5670 1861 5718 contra

1964 4108 2206 4161 cordiam
2266 4115 2411 4161 tuam
2463 4106 2646 4170 clauto
2695 4106 3126 4178 lacrymabiliter
3179 4108 3275 4162 tibi
3322 4107 3509 4164 dicens
3539 4125 3566 4165 ε-

1966 4195 2220 4252 Miserere
2241 4198 2341 4251 mei

2035 4286 2087 4340 5.
2120 4285 2379 4343 Subtieco
2424 4301 2620 4342 nomen
2664 4302 2844 4341 meum
2879 4305 2894 4341 :
2936 4303 3057 4342 nam
3079 4278 3154 4344 si
3192 4285 3321 4342 illud
3355 4287 3448 4344 tibi
3477 4290 3561 4345 di-

1964 4393 2125 4444 xero,
2175 4393 2271 4449 per
2311 4378 2363 4434 id
2407 4394 2494 4435 me
2543 4378 2773 4433 forsitan
2822 4394 2928 4433 non
2979 4392 3285 4450 agnosces:
3326 4385 3558 4455 etquod

1966 4479 2091 4542 post
2161 4479 2536 4541 recuperatam
2597 4469 2735 4525 alias
2784 4471 2927 4527 sicut
2980 4486 3142 4541 spero
3190 4474 3560 4533 innocentiam

1967 4562 2369 4633 baptismalem,
2391 4563 2458 4616 ab
2486 4562 2577 4616 illa
2606 4562 2747 4617 dulci
2786 4561 3156 4620 familiaritate
3186 4574 3274 4622 tua
3304 4584 3391 4624 tne
3412 4570 3563 4626 eluu-

1967 4656 2089 4727 gavi
2131 4656 2296 4711 nimis
2325 4655 2658 4727 imprudens,
2713 4657 2767 4712 in
2820 4672 2925 4728 qua
2975 4660 3192 4730 quando
3226 4662 3278 4717 in
3321 4675 3564 4720 montem

1969 4748 2233 4803 orationis
2285 4748 2352 4803 ad
2395 4758 2445 4804 te
2477 4748 2606 4804 olim
2637 4748 2930 4819 aliquando
2970 4754 3352 4817 ascendebam,
3385 4767 3561 4812 tecum

1971 4841 2121 4910 quasi
2155 4840 2364 4895 amicus
2389 4856 2509 4895 cum
2560 4842 2739 4898 amico
2773 4840 3115 4898 familiariter
3143 4843 3443 4913 locuturus,
3475 4865 3564 4920 me

1972 4933 2173 5002 pluries
2205 4932 2435 4988 dulciter
2461 4933 2702 5004 recipere
2726 4933 2942 4988 voluisti
2985 4952 3001 4987 :
3050 4943 3106 4989 et
3136 4943 3265 4990 tunc
3295 4936 3561 5008 meipsum

1972 5040 2093 5079 eum
2131 5024 2313 5097 Moyse
2361 5039 2427 5079 ex
2464 5027 2682 5080 nomine
2731 5025 3135 5095 cognoscebas,
3162 5034 3214 5081 et
3260 5028 3561 5099 gaudebam

1976 5117 2027 5170 in
2055 5125 2102 5171 te
2125 5133 2247 5171 cum
2279 5116 2400 5172 aliis
2447 5116 2619 5171 servis
2659 5114 2788 5179 tuis,
2840 5130 3070 5184 quorum
3111 5118 3313 5189 scripta
3342 5120 3562 5176 nomina

1973 5217 2100 5264 sunt
2132 5209 2184 5263 in
2233 5208 2408 5274 caelis,
2450 5216 2505 5261 et
2549 5215 2669 5261 erat
2704 5221 2890 5261 coram
2921 5218 2972 5262 te
3024 5209 3340 5267 Itonorabile
3363 5228 3561 5269 nomen

1975 5316 2176 5356 meum.
2221 5299 2375 5354 Nunc
2409 5307 2587 5353 autem
2616 5298 2871 5366 quoniam
2900 5309 3121 5369 peccata
3156 5316 3350 5359 nomen
3382 5320 3555 5361 meum

1976 5395 2044 5449 de
2066 5393 2202 5448 libro
2235 5391 2528 5446 viventium
2559 5389 2895 5453 deleverunt,
2936 5398 2992 5446 et
3015 5407 3135 5447 cum
3155 5391 3317 5463 justis
3348 5410 3451 5451 non
3482 5408 3551 5452 est

1976 5487 2258 5557 scriptum,
2313 5483 2435 5539 ideo
2480 5482 2609 5537 illud
2664 5497 2773 5537 non
2821 5484 2998 5539 audeo
3042 5486 3346 5555 nominare,
3384 5489 3467 5545 vel
3497 5490 3564 5546 ad

1978 5586 2126 5630 tuam
2180 5574 2499 5630 memoriam
2556 5587 2863 5629 revocare:
2899 5575 3040 5631 sicut
3086 5575 3176 5635 ille
3225 5579 3308 5634 vir
3348 5580 3560 5649 beatus,

1979 5682 2135 5737 quem
2188 5664 2436 5722 invenisti
2489 5665 2663 5721 virum
2702 5665 3003 5743 secundum
3046 5684 3141 5727 eor
3161 5678 3334 5744 tuum,
3382 5673 3568 5748 quiet
