4060 6292
809 276 867 342 8.
900 281 1203 341 ANSELMI
1238 281 1586 342 CANTHAR.
1625 278 1946 338 ARCHIEP.
1983 279 2141 338 UPP.
2182 277 2367 336 PARS
2410 277 2476 336 ll.
2514 309 2589 321 -—-
2626 277 3000 340 PARENLT.
3039 282 3131 341 ΕΤ
3167 284 3415 344 Αδοετ.

3654 288 3764 345 εει

487 415 688 460 nomen
737 414 923 469 suum,
956 408 1014 456 et
1045 412 1200 456 suam
1234 395 1706 454 mansuetudinem
1747 403 1856 452 tuae
1899 394 2071 451 beatae
2098 396 2148 455 Α
2170 404 2295 447 cere
2356 405 2642 464 possumus
2694 408 2817 451 cum
2862 394 3125 466 propheta
3156 413 3175 452 :
3226 395 3596 455 Misericordia
3661 399 3772 455 Do-

488 489 766 552 memoriae
817 491 1141 550 ﬁducialiter
1195 487 1614 546 commendabat
1660 488 1848 545 dicens
1900 506 1916 544 :
1962 488 2073 546 Me-

488 594 690 653 mento,
724 583 970 648 Domine,
999 581 1170 638 David
1200 590 1255 637 et
1282 580 1461 638 omnis
1481 582 1913 639 mansuetudinis
1931 582 2070 654 ejus.

487 676 616 734 llzec
657 676 802 732 enim
848 675 941 734 tibi
979 674 1284 739 blandiens,
1322 674 1437 729 sive
1476 673 1633 739 mihi,
1672 674 1846 729 audeo
1867 674 2070 742 dicere,

486 768 627 823 sicut
653 766 743 822 ille
781 783 794 821 :
833 765 910 821 Da
960 763 1246 836 imperium
1272 779 1441 836 puero
1467 771 1586 831 tuo,
1619 765 1734 820 sive
1764 779 1921 820 servo
1958 772 2070 833 tuo,

486 858 569 913 vel
600 857 712 913 filio
740 854 949 912 ancillae
972 863 1107 922 tuae;
1125 855 1254 927 quia
1278 855 1396 910 lucc
1417 854 1804 915 familiaritatis
1830 855 2071 925 nomina,

488 964 575 1006 me
603 965 756 1006 reum
798 957 1080 1021 rogantem
1107 948 1342 1019 amplius
1369 957 1693 1004 accusarent
1724 964 1739 1003 :
1774 947 1868 1004 sed
1889 946 2065 1017 appel-

484 1042 744 1099 lationem
789 1056 967 1098 meam
1024 1054 1383 1112 prosequens,
1438 1047 1614 1096 tactus
1667 1038 1854 1096 dolore
1892 1040 2074 1096 cordis

484 1132 839 1201 intrinsecus,
895 1147 962 1189 eo
1012 1131 1157 1203 quod
1206 1131 1543 1187 iracundiam
1577 1140 1769 1187 contra
1806 1145 1892 1185 me
1923 1131 2073 1187 exci-

486 1226 620 1291 tavi,
648 1225 934 1296 suspirans
966 1224 1162 1280 iterum
1189 1236 1246 1280 et
1270 1223 1466 1280 iterum
1495 1223 1589 1279 tibi
1619 1223 1742 1279 dico
1773 1238 1787 1276 :
1824 1222 2073 1280 Miserere

485 1318 608 1385 mei,
632 1317 796 1373 Deus.

555 1409 611 1465 4.
642 1410 758 1467 Non
785 1412 961 1469 audeo
995 1411 1181 1468 dicere
1213 1427 1361 1467 meus
1392 1426 1414 1466 :
1459 1408 1797 1467 solummodo
1822 1417 1873 1466 te
1901 1409 2071 1467 Deum

485 1516 777 1574 cognosco,
810 1504 905 1559 sed
932 1518 1111 1560 meum
1140 1502 1323 1560 dicere
1358 1517 1467 1558 non
1495 1517 1742 1573 possum.
1769 1502 1905 1559 Nam
1946 1520 2070 1560 cum

482 1602 631 1650 esset
656 1608 790 1665 puer
817 1594 949 1650 mihi
981 1602 1167 1660 natus,
1207 1602 1264 1650 et
1312 1593 1574 1665 parvulus
1614 1593 1709 1649 Dei
1738 1594 1906 1651 Filius
1938 1595 2071 1664 mihi

482 1686 676 1742 datus:
716 1687 897 1751 datus,
924 1685 1168 1756 inquam,
1198 1701 1228 1739 a
1252 1685 1435 1751 Patre,
1473 1685 1565 1755 qui
1596 1685 1675 1741 sic
1705 1684 1892 1741 dilexit
1917 1701 2071 1740 mun-

2173 485 2330 552 mini,
2363 486 2492 556 quia
2540 486 2848 558 consumpti
2888 502 2999 545 non
3028 504 3240 546 sumus.
3289 490 3359 547 Et
3394 491 3517 549 hac
3539 493 3772 564 quidem

2174 583 2264 631 tua
2298 576 2474 647 prima
2524 575 2923 647 misericordia,
2944 592 3112 649 parva
3142 590 3318 648 esset;
3342 596 3441 637 nec
3470 582 3516 638 si
3542 582 3664 639 sola
3688 598 3774 639 es-

2173 676 2279 734 set,
2307 667 2443 723 mihi
2476 666 2748 724 sufﬁceret
2771 669 2840 724 ad
2867 668 3122 738 salutem,
3158 671 3253 726 sed
3284 672 3465 742 potius
3495 672 3772 742 judicium

2173 760 2449 818 damnatio
2487 760 2864 828 accumulaus,
2912 762 3217 818 divinarum
3262 763 3522 821 bonitatis
3568 774 3679 821 tuae
3718 775 3775 821 ct

2169 850 2448 927 patientiae
2482 857 2538 907 et
2576 851 3005 924 longanimitatis
3030 867 3133 932 me
3180 853 3387 913 faceret
3423 864 3774 925 contempto-

2172 957 2310 1010 rem,
2335 952 2391 999 et
2412 946 2709 1001 secundum
2734 944 2988 1000 duritiem
3017 958 3195 1001 meam
3217 956 3272 1002 et
3299 963 3399 1005 cor
3416 948 3775 1021 impmnitens

2171 1032 2599 1089 thesaurizarem
2644 1033 2778 1090 mibi
2807 1033 2944 1089 iram
2983 1034 3037 1089 in
3076 1035 3164 1092 die
3193 1036 3309 1104 irae,
3344 1045 3399 1093 et
3420 1039 3775 1095 revelationis

2165 1124 2357 1195 judicii
2407 1125 2481 1180 tui
2525 1123 2684 1194 justi,
2724 1125 2781 1181 in
2826 1141 2934 1197 quo
2957 1127 3089 1182 mihi
3130 1127 3552 1199 improperando
3584 1132 3774 1186 omnia

2172 1216 2311 1273 mala
2338 1232 2481 1282 mea,
2512 1215 2744 1280 inferres
2774 1236 2797 1272 7:
2845 1218 2963 1285 haec
3001 1218 3178 1275 fecisti
3208 1260 3228 1288 ,
3259 1230 3316 1276 et
3344 1222 3507 1278 tacui.
3538 1222 3776 1293 Ideoque

2173 1308 2305 1364 mihi
2338 1317 2486 1364 tuam
2517 1309 2812 1365 secundam
2861 1319 2918 1366 et
2947 1311 3211 1383 majorem
3243 1312 3419 1382 prima
3455 1314 3778 1371 misericor-

2173 1399 2314 1455 diam
2347 1396 2665 1469 porrexisti,
2715 1414 2822 1471 qua
2853 1415 2941 1457 me
2981 1403 3245 1458 miserum
3296 1412 3650 1473 peccatorem
3692 1406 3776 1478 (ut

2173 1490 2271 1547 tibi
2309 1491 2382 1546 sit
2404 1491 2528 1546 inde
2554 1492 2855 1562 gratiarum
2888 1493 3032 1549 actio
3057 1501 3114 1549 et
3144 1509 3248 1550 vox
3277 1494 3477 1568 laudis)
3501 1497 3573 1552 ad
3596 1498 3773 1568 peni-

2174 1585 2400 1642 tentiam
2433 1584 2724 1641 revocasti.
2765 1584 2949 1657 Neque
2984 1587 3130 1643 enim
3157 1604 3281 1644 cum
3312 1604 3490 1646 essem
3517 1600 3777 1649 mortuus

2175 1673 2230 1728 in
2268 1675 2530 1745 peccatis,
2561 1691 2781 1734 movere
2806 1686 3047 1748 poteram
3077 1681 3266 1750 pedem
3293 1680 3522 1739 aﬂ‘ectus
3562 1684 3774 1752 mei,ut

482 1774 611 1830 dum
642 1783 702 1830 ut
732 1785 786 1831 te
836 1749 1172 1848 unigenitum
1203 1791 1359 1832 suum
1390 1749 1545 1832 daret
1576 1794 1591 1832 :
1618 1776 1776 1832 datus
1803 1792 1833 1832 a
1860 1786 2061 1843 matre;

2178 1779 2266 1820 me
2286 1766 2356 1820 ad
2381 1773 2434 1822 te
2456 1776 2832 1826 converterem
2865 1749 3202 1840 paenitendo,
3230 1774 3334 1830 nisi
3365 1790 3451 1829 me
3479 1784 3571 1831 tua
3606 1777 3775 1833 mise-

483 1878 605 1933 qu:e
630 1864 786 1934 quasi
835 1863 1006 1919 altera
1039 1865 1235 1920 mulier
1262 1865 1628 1932 Samaritana,
1659 1875 1719 1921 ut
1750 1866 1921 1923 aleret
1947 1883 2069 1935 nos,

480 1950 538 2006 in
573 1952 695 2024 igne
724 1953 992 2022 passionis
1045 1963 1097 2009 te
1120 1952 1317 2010 Filium
1347 1970 1506 2035 suum
1542 1961 1691 2017 coxit
1718 1956 1829 2030 (IV
1849 1956 1976 2030 Reg.
2004 1972 2070 2025 ιι,
2112 1990 2115 1993 ν

480 2043 600 2109 99),
628 2052 681 2098 et
711 2043 764 2100 in
795 2055 1140 2102 sacramento
1164 2046 1356 2103 altaris
1383 2048 1452 2105 ad
1481 2050 1873 2105 comedendum
1910 2051 2070 2107 nobis

487 2134 675 2190 dedit:
702 2134 861 2191 datus
907 2135 1179 2207 insupera
1219 2137 1411 2209 teipso,
1468 2138 1561 2208 qui
1613 2139 1805 2196 dedisti
1842 2140 2093 2211 teipsum'

485 2239 587 2294 pro
608 2225 784 2292 nobis,
817 2236 879 2282 ut
929 2242 1031 2283 uos
1057 2228 1128 2284 ab
1169 2229 1315 2284 omni
1351 2229 1639 2300 iniquitate
1670 2231 1967 2289 redimeres
2015 2242 2073 2288 et

486 2318 813 2375 mundares:
843 2334 988 2386 cum,
1013 2320 1259 2390 inquam,
1283 2321 1363 2377 sic
1384 2336 1534 2381 esses
1560 2323 1627 2379 ab
1652 2322 2069 2395 omnibus,quo-

486 2425 607 2464 rum
638 2410 920 2477 intererat,
959 2412 1091 2468 mihi
1118 2412 1293 2479 datus,
1324 2421 1380 2469 et
1412 2414 1534 2470 ideo
1562 2414 1781 2486 proprie
1820 2417 2072 2487 proprius

484 2499 631 2555 Deus
659 2515 833 2565 meus,
865 2515 965 2571 ego
994 2499 1183 2557 infelit
1228 2511 1451 2573 propter
1473 2513 1696 2574 peccata
1724 2519 1843 2561 mea
1874 2514 1926 2560 te
1949 2521 2072 2576 pcr-

484 2591 594 2646 didi
631 2609 645 2646 :
681 2580 805 2647 nam
839 2601 891 2649 te
925 2607 1106 2650 meum
1140 2609 1264 2652 esse
1297 2596 1567 2651 veraciter
1598 2611 1950 2670 recognosco,
1977 2599 2069 2670 qui

486 2684 870 2755 conquerendo
905 2685 973 2741 de
999 2701 1086 2743 me
1112 2694 1169 2742 et
1201 2687 1326 2744 aliis
1356 2690 1753 2760 peccatoribus,
1783 2690 1920 2747 dicis
1946 2709 1959 2746 :
1988 2691 2073 2749 Me

485 2786 942 2846 exspectaverunt
971 2788 1285 2848 peccatores
1312 2788 1373 2835 ut
1400 2779 1691 2850 perderent
1716 2796 1824 2838 me.
1854 2781 1919 2838 Et
1949 2784 1994 2839 si
2021 2792 2072 2838 te

484 2866 719 2937 perdidi,
763 2868 944 2925 omnia
992 2870 1222 2942 perdidi,
1278 2880 1336 2926 et
1382 2873 1780 2942 memetipsnm.
1833 2871 1938 2928 Sed
1991 2882 2070 2940 tu,

488 2957 653 3021 Deus,
682 2959 831 3029 quia
858 2974 946 3014 me
980 2961 1353 3031 imprudenter
1394 2963 1570 3019 factus
1598 2979 1660 3019 es
1690 2974 1948 3037 tanquam
1976 2981 2074 3022 vas

485 3048 787 3118 perditum;
837 3059 894 3105 et
944 3051 1034 3122 qui
1088 3067 1119 3107 a
1170 3052 1386 3109 dolente
1418 3063 1595 3111 matre
1626 3063 1738 3120 tua,
1788 3063 1987 3126 quzete
2015 3055 2070 3111 in
2101 3091 2146 3154 C

488 3138 691 3208 templo
714 3140 1045 3209 perdiderat,
1088 3143 1317 3201 inveniri
1358 3160 1456 3217 per
1503 3154 1650 3203 tuam
1684 3162 1932 3219 magnam
1973 3149 2075 3202 mi-

487 3229 840 3285 sericordiam
866 3231 1289 3291 misericorditer
1307 3235 1622 3307 permisisti,
1660 3236 1735 3293 ita
1763 3247 1821 3293 ut
1845 3236 2076 3308 amplius

489 3330 543 3378 te
574 3339 680 3378 nou
711 3325 988 3396 perderet,
1018 3326 1113 3382 sed
1159 3327 1388 3384 sollicite
1417 3329 1751 3397 custodiret;

556 3414 613 3471 5.
645 3414 737 3473 Sic
757 3426 812 3473 et
835 3427 888 3472 ιιι
914 3418 1161 3476 miserere
1184 3419 1308 3484 mei,
1331 3419 1496 3486 Deus,
1518 3422 1805 3476 secundum
1828 3435 2074 3493 magnam

487 3508 902 3564 misericordiam
932 3520 1099 3566 tuoin.
1134 3510 1248 3568 Non
1289 3512 1410 3567 dico
1438 3513 1734 3568 secundum
1766 3529 1941 3568 meam
1974 3514 2073 3568 mi-

488 3599 711 3665 seriam,
739 3600 832 3655 sed
862 3602 1154 3656 secundum
1185 3610 1331 3658 tuam
1358 3619 1606 3676 magnam
1626 3604 2072 3670 misericordiam,

489 3703 609 3759 qum
639 3689 800 3759 longe
850 3691 1026 3761 major
1066 3701 1145 3749 est
1178 3708 1341 3764 quam
1374 3710 1493 3750 mea
1519 3696 1739 3752 miseria
1767 3711 1957 3768 magna
1993 3697 2076 3753 ni-

487 3779 616 3834 mis.
640 3778 756 3836 Non
779 3791 906 3852 peto
937 3784 1233 3839 secundum
1263 3785 1513 3840 meritum
1544 3801 1746 3854 meum,
1773 3787 1858 3843 vel
1881 3803 2075 3843 secun-

424 3938 433 3943 Ἰ
490 3873 616 3927 dum
632 3870 903 3944 justitiam
935 3883 1084 3930 tuam
1108 3876 1191 3932 vel
1224 3892 1420 3941 meam.
1444 3877 1560 3932 sive
1583 3880 1880 3934 secundum
1906 3898 2073 3952 opera

488 3978 630 4033 mea,
660 3966 855 4035 quibus
883 3982 982 4039 ego
1019 3968 1187 4025 miser
1210 3969 1479 4024 deviavia
1523 3982 1605 4033 te;
1646 3973 1738 4027 sed
1778 3975 2072 4030 secundum

486 4074 742 4132 magnam
783 4061 1213 4118 misericordiam
1261 4071 1429 4118 tuam.
1467 4062 1716 4135 Magnam
1757 4081 1942 4135 quaero
1974 4069 2076 4124 mi-

488 4149 870 4218 scricordiam,
896 4151 1020 4222 quia
1058 4168 1163 4209 non
1191 4153 1347 4209 decet
1372 4162 1517 4207 tuam
1548 4168 1799 4226 magnam
1830 4159 2077 4230 magnifi-

490 4240 724 4297 centiam
753 4256 920 4314 parva
972 4241 1122 4298 dare.
1173 4242 1288 4299 lmo
1331 4242 1576 4299 exaudiri
1620 4244 1814 4316 dignus
1856 4262 1959 4303 non
1989 4263 2078 4306 es-

2174 1855 2407 1912 nicordia
2441 1856 2767 1940 adjuvisset._
2789 1860 2899 1917 Sed
2940 1861 2985 1916 si
3016 1862 3264 1919 dicebam
3300 1883 3313 1920 :
3350 1865 3528 1922 Motus
3559 1878 3647 1924 est
3677 1883 3776 1940 pe-

2173 1961 2366 2014 meus;
2397 1935 2768 2009 misericordia
2800 1961 2912 2021 tua,
2948 1956 3193 2020 Domine.
3228 1956 3523 2026 adjuvabat
3551 1976 3662 2016 me.

2247 2042 2303 2096 6.
2349 2041 2458 2098 Nec
2491 2042 2610 2099 istis
2642 2044 2851 2101 duabus
2881 2045 3273 2103 misericordiis
3297 2063 3415 2103 sum
3450 2059 3771 2106 contentus.

2173 2130 2309 2186 Nam
2361 2130 2490 2188 licet
2533 2132 2586 2187 iu
2643 2148 2702 2189 se
2757 2149 2965 2206 magum
3011 2136 3136 2198 sint,
3182 2145 3363 2193 tamen
3407 2153 3592 2208 parvae
3640 2149 3772 2194 sunt

2173 2223 2584 2293 comparatione
2619 2224 2763 2281 illius
2801 2234 2909 2282 tua:
2944 2242 3156 2297 magnae
3183 2229 3572 2285 misericordim
3597 2247 3771 2301 quam

2174 2314 2415 2384 requiro.
2446 2314 2609 2371 Abuti
2642 2316 2858 2388 quidem
2904 2333 3119 2390 possem
3150 2320 3409 2390 patientia
3448 2323 3767 2378 miscricor-

2174 2408 2278 2464 diae
2304 2417 2408 2465 tua:
2434 2408 2642 2480 primae,
2680 2418 2737 2466 et
2758 2425 2853 2481 pes
2875 2425 3051 2477 meus,
3069 2412 3159 2482 qui
3190 2426 3289 2482 per
3316 2414 3610 2469 secundam
3645 2431 3765 2470 mo-

2175 2508 2334 2554 vetur
2377 2508 2440 2555 ut
2485 2499 2553 2556 ad
2584 2509 2637 2556 te
2687 2510 3059 2568 convertatur,
3089 2503 3285 2560 iterum
3314 2503 3421 2559 labi
3465 2517 3678 2577 posset,
3713 2515 3769 2562 et

2173 2578 2321 2648 esset
2356 2594 2684 2650 novissimus
2733 2610 2891 2651 error
2928 2609 3081 2651 meus
3116 2594 3267 2666 pejor
3298 2597 3502 2667 priore.
3536 2597 3605 2652 Et
3646 2598 3774 2653 ideo

2175 2684 2308 2749 scio,
2341 2700 2376 2740 ι)
2396 2698 2604 2740 summa
2635 2685 2923 2757 sapientia,
2958 2694 3010 2740 te
3038 2685 3288 2754 ducente,
3317 2687 3432 2743 scio
3460 2687 3588 2759 quid
3616 2699 3771 2760 peto,

2173 2775 2430 2842 quoniam
2492 2784 2615 2844 peto
2667 2775 3095 2831 misericordiam
3143 2785 3289 2832 tuam
3338 2792 3613 2849 magnam,
3656 2795 3765 2850 τευ

2174 2863 2356 2918 cordis
2388 2873 2442 2919 et
2472 2863 2718 2934 corporis
2770 2864 2900 2921 mihi
2942 2875 3143 2923 terram
3184 2882 3214 2920 a
3259 2867 3557 2923 stabilitate
3595 2869 3773 2924 virtu-

2178 2963 2289 3008 tum
2318 2954 2370 3008 in
2400 2953 2642 3010 diversas
2671 2956 3140 3026 concupiscentias
3162 2956 3534 3028 liquefactam,
3558 2958 3770 3031 Spiritu

2179 3054 2284 3101 tua:
2311 3045 2646 3102 fortitudinis
2668 3046 2740 3102 ita
2762 3048 3080 3104 corrobores
3105 3057 3160 3104 ct
3188 3050 3497 3112 confirmes.
3537 3061 3599 3105 ut
3623 3060 3773 3108 tuan:

2178 3136 2522 3193 clementiam
2557 3138 2624 3193 de
2657 3147 2857 3195 caetero
2897 3156 3001 3195 non
3031 3140 3300 3197 olferulam
3325 3160 3347 3221 ς)
3381 3142 3463 3199 de
3486 3150 3690 3199 caetero
3719 3153 3773 3202 te

2177 3230 2548 3300 non'perdam,
2586 3230 2679 3286 sed
2713 3245 2929 3303 semper
2959 3240 3196 3297 teneam,
3225 3248 3327 3289 nec
3355 3234 3651 3300 dimittam,
3674 3234 3774 3291 do~

2177 3335 2276 3377 nec
2307 3321 2640 3377 intromittas
2678 3337 2765 3379 me
2791 3322 2845 3378 in
2877 3323 3099 3379 domum
3137 3324 3282 3380 illius
3304 3340 3557 3401 supernae
3580 3326 3774 3382 Hieru-

2176 3413 2343 3470 salem
2372 3415 2564 3471 matris
2597 3429 2753 3481 mete,
2783 3423 2839 3471 et
2868 3425 2998 3471 tunc
3031 3416 3346 3488 glorificabo
3375 3433 3577 3474 nomen
3621 3428 3771 3473 tuum

2177 3503 2231 3560 in
2259 3515 2546 3574 aeternum,
2570 3517 2623 3562 et
2668 3499 2848 3562 dicam
2883 3525 2897 3562 :
2931 3508 3070 3575 Quia
3119 3498 3492 3565 misericordia
3528 3521 3619 3564 tua
3661 3526 3772 3565 ma-

2175 3612 2279 3669 gna
2318 3606 2403 3654 est
2449 3613 2616 3670 super
2657 3614 2766 3665 me,
2798 3608 2854 3655 et
2884 3600 3074 3656 eruisti
3115 3601 3353 3657 animam
3386 3616 3567 3657 meam
3599 3618 3667 3658 ex
3694 3602 3773 3657 in.

2175 3689 2335 3747 ferno
2385 3689 2652 3746 inferiori.
2692 3690 2760 3746 Et
2808 3691 2923 3747 haec
2978 3702 3063 3749 est
3115 3693 3207 3748 illa
3259 3693 3643 3750 misericordia
3686 3705 3773 3750 tua

2176 3797 2368 3854 magna
2390 3796 2554 3853 quam
2585 3790 2732 3853 peto,
2768 3797 2876 3853 qua
2906 3784 3214 3853 nousolum
3241 3794 3532 3857 exspectas
3556 3786 3629 3841 ad
3658 3801 3775 3856 pte-

2176 3872 2463 3928 nitentiam
2516 3881 2856 3944 peccatores,
2911 3888 3016 3931 nec
3067 3876 3241 3930 solum
3291 3877 3388 3932 das
3428 3877 3510 3932 eis
3539 3878 3772 3948 gratiam

2176 3965 2495 4035 paenitendi,
2520 3965 2615 4021 sed
2645 3981 2748 4036 qua
2778 3967 3107 4036 poenitenles
3134 3969 3339 4025 virtute
3358 3985 3427 4026 ex
3453 3971 3567 4027 alto
3595 3973 3775 4043 induis

2174 4069 2231 4114 et
2257 4060 2570 4125 confirmas,
2615 4071 2676 4115 ut
2719 4077 2826 4116 non
2850 4062 3067 4118 labatur
3090 4062 3156 4118 de
3194 4072 3390 4119 caetero
3432 4080 3529 4135 pes
3556 4081 3770 4122 eorum.

2178 4148 2285 4206 Res
2314 4149 2474 4222 plane
2499 4150 2730 4216 dillicilis
2751 4162 2807 4206 et
2827 4152 3032 4208 homini
3062 4141 3413 4224 impossibilis
3439 4156 3559 4223 (sed
3593 4156 3773 4227 possi-

2177 4240 2300 4296 bilis
2350 4240 2450 4296 soli
2486 4242 2632 4312 tibi),
2675 4252 2989 4312 susceptum
3046 4244 3302 4300 videlicet
3350 4246 3517 4301 semel
3560 4244 3769 4318 peccati

491 4344 629 4395 sem,
670 4330 715 4386 si
753 4346 784 4385 a
827 4347 1023 4404 magno
1049 4348 1213 4403 parva
1244 4343 1507 4404 peterem.
1547 4335 1658 4404 Ego
1684 4338 1829 4393 enim
1862 4348 1932 4402 te,
1966 4356 2072 4397 non

2178 4328 2358 4401 iugum
2390 4330 2469 4386 sic
2495 4344 2525 4384 a
2555 4331 2770 4386 cervice
2795 4347 2891 4386 sua
2920 4342 3212 4399 excutere;
3247 4335 3391 4404 quod
3442 4350 3552 4389 non
3595 4343 3773 4406 potest

491 4417 643 4474 illum
671 4435 924 4494 maguum
953 4425 1046 4480 sed
1077 4426 1285 4494 infinite
1312 4429 1572 4502 majorem
1612 4432 1824 4489 aestimo
1851 4433 2080 4489 Alexan-
2108 4433 2155 4492 D
2182 4421 2384 4487 iacere,
2432 4420 2537 4477 "iSi
2584 4421 2801 4492 adimus
2841 4422 3217 4478 misericordi“
3261 4432 3348 4479 ιι¹³
3390 4440 3616 4495 magna.
3656 4442 3772 4496 (1³³³⁵

493 4511 675 4577 drum,
698 4513 795 4597 qui
829 4530 932 4569 non
971 4517 1207 4574 attendis
1238 4519 1370 4590 quid
1408 4538 1495 4578 me
1529 4532 1777 4592 oporteat
1805 4525 2077 4596 accipere,

493 4601 589 4656 sed
629 4602 759 4673 quid
807 4603 997 4661 deceat
1042 4615 1095 4662 te
1128 4609 1262 4663 dare
1300 4626 1317 4663 :
1354 4625 1454 4666 nec
1492 4625 1695 4683 magna
1744 4623 1956 4683 petens,
2013 4615 2082 4671 de
2131 4602 2136 4611 ’

495 4696 705 4751 meritis
749 4696 887 4753 meis
915 4712 1207 4768 prmsumo,
1246 4702 1340 4757 sed
1388 4702 1602 4759 conﬁdo
1643 4705 1712 4761 de
1741 4715 1828 4760 tua
1877 4706 2084 4765 miseri-

495 4785 681 4840 cordia
712 4800 929 4858 magna,
977 4802 1099 4858 qua:
1126 4790 1280 4858 quasi
1333 4806 1491 4848 soror
1521 4802 1613 4848 tua
1649 4794 1718 4850 ab
1746 4795 1972 4852 infantia
2007 4806 2084 4853 te-

494 4890 619 4931 cum
649 4874 840 4944 crevit,
883 4887 939 4932 et
975 4878 1041 4933 de
1078 4887 1233 4934 utero
1262 4882 1452 4935 matris
1481 4891 1584 4937 tute
1629 4898 1846 4955 egressa
1893 4895 1977 4942 est
2009 4895 2084 4943 te-

495 4984 639 5025 cum.
673 4968 922 5041 Magnam
957 4971 1120 5042 igitur
1169 4973 1596 5030 misericordiam
1630 4985 1774 5032 tuam
1807 4988 1951 5049 peto.
1979 4980 2083 5050 Qui

497 5062 788 5119 tribularer
814 5063 1130 5134 plurimum,
1152 5065 1195 5120 si
1226 5066 1491 5123 nescirem
1516 5069 1918 5129 misericordias
1942 5084 2082 5142 tuas,

496 5153 758 5221 Domine;
808 5154 904 5210 sed
958 5171 1057 5226 per
1100 5158 1495 5226 experientiam
1539 5161 1717 5216 sentio
1754 5161 1809 5218 in
1881 5166 2086 5236 meipso

498 5255 611 5302 tres
634 5246 1035 5305 misericordias
1085 5258 1137 5305 te
1177 5250 1395 5307 habere.
1428 5251 1610 5309 Prima
1650 5263 1754 5322 est,
1790 5270 1895 5327 qua
1924 5274 2010 5312 me
2033 5266 2088 5313 et

500 5337 635 5393 alios
661 5350 980 5411 peccatores
1024 5342 1091 5397 ad
1121 5344 1419 5413 quamlibet
1455 5345 1743 5414 oﬂ’eusam,
1767 5363 1872 5419 qua
1901 5347 2088 5405 oculos

501 5437 607 5485 tua:
636 5429 936 5501 majestatis
956 5428 1298 5500 oli‘eudimus,
1329 5451 1438 5492 non
1465 5438 1726 5494 continuo
1749 5441 2089 5512 consumpsi-

503 5519 606 5584 sti;
637 5523 780 5579 sicut
823 5533 879 5579 et
906 5540 1007 5581 nos
1031 5541 1326 5583 conservos
1362 5538 1598 5597 nostros,
1626 5533 1844 5601 quando
1869 5549 1969 5589 nos
2003 5533 2088 5590 of-

504 5609 1117 5679 fendunthoufundere
1147 5619 1331 5675 statim
1365 5620 1617 5678 volumus
1653 5635 1708 5680 et
1736 5624 1960 5693 punire:
1995 5626 2089 5681 sed

507 5703 696 5761 tandiu
749 5710 1079 5778 suspendisti
1118 5712 1354 5783 gladium
1404 5714 1642 5782 ultionis,
1684 5717 1825 5786 quod
1856 5731 1980 5772 vere
2013 5718 2061 5772 di

2181 4511 2284 4569 hoc
2306 4513 2470 4569 modo
2498 4513 2552 4568 in
2599 4513 2755 4570 cmlis
2781 4513 3007 4586 angelos
3035 4516 3400 4581 confirmavit,
3432 4528 3491 4571 et
3526 4517 3775 4573 homines

2183 4604 2237 4660 in
2266 4604 2685 4673 resurrectione,
2740 4605 2795 4661 in
2827 4620 2931 4675 qua
2977 4606 3144 4663 facies
3178 4623 3337 4678 pares
3382 4608 3505 4663 illis.
3541 4608 3774 4680 Ideoque

2180 4696 2480 4751 eonlilebor
2497 4695 2591 4750 tibi
2624 4697 2678 4751 in
2698 4696 2929 4767 populis,
2950 4697 3197 4765 Domine,
3225 4705 3276 4751 et
3302 4696 3568 4767 psalmum
3598 4698 3773 4781 dicam

2185 4786 2281 4842 tibi
2338 4786 2391 4840 in
2443 4786 2742 4857 gentibus:
2777 4786 3045 4853 Quoniam
3095 4788 3441 4859 magniﬁcata
3472 4797 3560 4844 est
3607 4802 3773 4859 usque

2184 4877 2251 4932 ad
2281 4877 2474 4944 caelos,
2500 4877 2610 4933 imo
2636 4893 2804 4949 super
2824 4878 2994 4936 celos
3023 4879 3399 4936 misericordia
3440 4889 3534 4934 tua
3566 4894 3584 4935 :
3617 4890 3675 4936 et
3697 4881 3773 4936 sic

2185 4965 2465 5039 indignum
2496 4967 2731 5025 salvabis
2750 4984 2837 5025 me
2857 4970 3156 5026 secundum
3180 4985 3431 5042 magnam
3464 4971 3774 5029 misericoro

2185 5059 2329 5116 diam
2370 5068 2541 5115 tuam.

2257 5151 2313 5206 7.
2345 5150 2415 5205 Et
2454 5152 2739 5207 secundum
2770 5151 3164 5208 multitudinem
3206 5152 3609 5209 miserationem
3655 5164 3777 5208 tuc-

2193 5257 2333 5311 rum,
2365 5256 2501 5313 quas
2535 5241 2591 5297 in
2619 5241 2955 5298 exhibitione
2984 5242 3248 5298 bonorum
3270 5243 3511 5313 antiquis
3532 5246 3780 5313 patrihus

2188 5333 2493 5400 ostendisti,
2539 5333 2634 5404 qui
2686 5349 2961 5404 nunquam
3014 5335 3260 5406 peccanti
3304 5336 3511 5393 homini
3564 5338 3620 5393 iu
3673 5340 3779 5396 tuis

2190 5426 2632 5483 miserationibus
2659 5424 2902 5483 defuisti.
2927 5420 3035 5505 Sed
3066 5442 3193 5482 cum
3221 5426 3312 5484 ille
3336 5429 3566 5500 populus
3586 5439 3776 5486 contu-

2190 5533 2316 5573 max
2356 5525 2412 5573 et
2434 5516 2670 5583 rebellis,
2711 5533 2875 5589 quem
2915 5516 2985 5574 de
3011 5517 3280 5574 servitute
3301 5520 3601 5591 argypliaca
3628 5520 3679 5576 in
3709 5521 3778 5576 si-

2192 5611 2311 5680 gnis
2332 5618 2387 5665 ct
2413 5611 2681 5678 portentis
2722 5609 3041 5666 terribiliter
3060 5609 3324 5676 eduxisti.
3348 5626 3513 5682 quem
3553 5628 3652 5685 per
3671 5628 3777 5668 tue-

2194 5703 2341 5759 diutn
2365 5702 2531 5758 maris
2570 5701 2742 5758 Rubri
2778 5701 2924 5758 sicco
2953 5702 3185 5772 vestigio
3206 5702 3502 5772 deduxisti,
3525 5704 3613 5760 cui
3638 5703 3756 5759 locu
