4060 6292
213 258 323 347 ass

1294 283 1667 341 MEDITATIO
1702 282 1768 339 IN
1807 280 2012 338 PSAL.
2057 280 2433 339 MISERERE.

3381 279 3486 339 820

221 415 371 459 turus
396 401 519 476 [mm
563 398 796 476 locutus]
829 399 895 476 de
916 397 1064 476 _cmlo
1091 396 1145 454 in
1176 398 1794 476 montemdesceudisti;
1826 407 1875 466 Α
1902 410 2023 465 qua;
2066 396 2437 451 invenirentur
2469 394 2523 450 in
2567 394 2686 451 istis
2718 394 3018 463 codicibus,
3058 394 3345 466 ludicarer.
3378 394 3484 449 Sed

218 476 300 530 cui
343 469 540 544 pa'nem
576 473 642 527 de
671 469 810 525 curio
842 471 1131 526 habentem
1159 485 1318 525 omne
1344 469 1798 525 delectamentum

217 569 336 624 sine
367 566 550 622 labore
581 564 905 620 mirabiliter
923 563 1251 635 prtestitisti;
1273 563 1355 618 cui
1381 563 1583 619 sitienti
1608 579 1801 633 aquam

215 659 281 713 de
311 667 461 729 petra
492 656 799 727 largissime
828 653 1163 726 produxisti;
1196 669 1357 725 quem
1408 655 1460 709 in
1497 664 1639 709 terra
1667 654 1803 712 lacte

213 763 267 807 et
321 751 480 806 melle
532 758 862 813 manantem,
909 750 1050 804 sicut
1109 750 1456 820 promiseras,
1510 748 1799 819 induxisti;

213 860 361 907 cum,
393 844 633 912 inquam,
660 842 889 913 populus
920 842 1008 897 ille
1038 845 1207 898 durus
1232 856 1354 915 post
1382 856 1653 904 tantorum
1681 864 1800 903 ma-

212 935 476 1006 gualium,
505 943 584 988 tot
634 933 982 999 mirabilium,
1028 943 1104 990 tot
1145 938 1465 993 terribilium
1487 940 1800 996 salvationis

209 1044 321 1083 sure
352 1027 610 1083 beneficia
656 1037 712 1083 et
753 1028 963 1093 salutis,
994 1042 1114 1099 qua:
1142 1027 1192 1083 ei
1239 1029 1665 1085 misericorditer
1694 1030 1798 1085 im-

207 1119 500 1186 penderas.
551 1119 752 1174 olditus
790 1129 936 1174 esset
987 1128 1060 1186 te,
1118 1127 1173 1173 et
1223 1129 1413 1174 contra
1458 1129 1511 1175 te
1567 1123 1799 1192 superbe

206 1224 379 1278 agens
406 1209 675 1264 cervicem
722 1224 873 1262 suam
902 1208 1249 1263 durissimam
1276 1210 1611 1275 indurasset;
1646 1220 1701 1266 et
1730 1228 1797 1267 ne

205 1309 280 1363 te,
311 1300 404 1371 qui
428 1316 551 1355 eum
582 1301 649 1356 de
676 1311 821 1356 terra
860 1301 1076 1373 IEgypti
1101 1302 1394 1369 eduxeras,
1432 1304 1674 1375 ingratus
1702 1320 1797 1375 po—

202 1398 367 1468 pulus
397 1398 674 1463 adoraret,
720 1413 844 1453 cum
886 1398 1049 1453 minis
1082 1407 1140 1453 et
1184 1400 1484 1455 terroribus
1520 1402 1588 1455 ab
1615 1402 1795 1459 Aaron

202 1490 517 1554 resistente,
547 1490 675 1545 deos
694 1500 883 1560 petens
904 1490 1133 1557 alienos,
1157 1491 1329 1546 vitulo
1351 1492 1601 1547 conflatili
1638 1509 1796 1550 mane

202 1597 437 1651 surgens
482 1583 687 1638 hostias
733 1584 1057 1650 obtulisset;
1089 1594 1146 1640 et
1196 1594 1311 1639 ate
1353 1587 1635 1653 recedens,
1672 1597 1794 1657 post

203 1682 359 1741 terga
397 1688 492 1727 sua
531 1672 701 1743 legem
752 1682 806 1728 et
860 1676 1223 1741 caerimonias,
1268 1692 1405 1745 quas
1442 1679 1490 1733 ei
1545 1680 1790 1749 dederas,

1905 501 1976 543 ne
2026 497 2155 544 tunc
2190 489 2499 545 inveniatur
2544 488 2597 543 in
2632 504 2719 543 me
2750 488 3027 558 iniquitas,
3069 497 3277 541 amator
3306 486 3481 542 homi-

1905 595 2031 635 num
2063 579 2222 646 Deus,
2255 580 2374 636 dele
2402 581 2739 652 iniquitatem
2774 596 2972 647 meam,
3010 580 3098 650 qui
3134 594 3347 648 semper
3380 578 3487 635 inii-

1902 684 2037 741 quos
2065 670 2189 725 odio
2213 671 2469 736 habuisti,
2494 672 2748 741 quoniam
2781 687 2885 726 non
2917 672 3055 727 Deus
3083 670 3265 724 volens
3289 669 3484 737 iniqui-

1905 771 2067 817 tatem
2094 772 2148 816 tu
2178 777 2255 819 es.
2299 763 2424 827 Sed,
2455 764 2701 829 Domine,
2733 764 2823 834 qtti
2859 778 2962 817 non
2991 763 3221 832 despicis
3251 763 3483 831 gemitus

1900 858 2275 919 eontritorum,
2316 864 2371 911 tu
2413 856 2575 921 nosti,
2616 858 2758 927 quod
2801 857 2941 911 sicut
2971 871 3136 926 super
3161 855 3365 909 deletas
3393 854 3479 907 lit-

1902 958 2067 1011 teras,
2116 950 2361 1019 qntedam
2395 965 2462 1004 ex
2520 949 2634 1019 ipsa
2688 949 2848 1004 litura
2902 957 3146 1004 remanet
3182 949 3480 1017 turpitudo,

1899 1056 1997 1111 per
2024 1056 2188 1111 quam
2219 1042 2475 1111 perpendi
2523 1049 2750 1110 possunt
2776 1041 3011 1110 ipsarum
3060 1041 3357 1095 deletarum
3389 1055 3483 1095 ve-

1898 1133 2056 1202 Stigizt
2088 1142 2143 1187 et
2188 1133 2513 1203 significatio
2545 1134 2871 1198 litterarum,
2913 1135 3016 1188 nisi
3055 1135 3181 1204 ipse
3206 1134 3397 1189 littera:
3425 1141 3484 1189 et

1899 1223 2058 1279 litura
2106 1225 2341 1295 poenitus
2391 1226 2702 1293 eradantur,
2743 1226 2815 1280 ita
2844 1235 2899 1281 et
2936 1241 3031 1296 per
3054 1226 3422 1295 paenitentiam
3447 1237 3481 1279 ιι

1900 1326 1952 1373 te
1976 1317 2148 1372 deleta
2193 1317 2468 1389 iniquitas,
2522 1319 2574 1373 in
2605 1319 2787 1374 anima
2823 1334 2939 1372 mea
2980 1319 3266 1387 quamdam
3303 1316 3483 1371 defor-

1897 1411 2141 1465 mitatem
2174 1409 2409 1478 reliquit,
2451 1426 2549 1481 per
2576 1426 2739 1481 quam
2762 1426 2792 1465 a
2822 1420 2894 1475 te,
2927 1410 3017 1481 qui
3048 1408 3194 1464 solus
3219 1423 3279 1463 es
3302 1408 3482 1477 inspe-

1896 1511 2017 1557 ctor
2047 1499 2290 1555 cordimu
2320 1509 2373 1555 et
2416 1502 2667 1557 conscius
2698 1510 3050 1567 secretorum,
3081 1509 3133 1556 et
3167 1498 3233 1553 ab
3274 1498 3362 1553 illo
3389 1498 3478 1566 qui

1894 1604 1980 1649 est
2022 1592 2327 1652 animarum
2381 1594 2659 1663 improbus
2718 1603 3021 1656 accusator,
3074 1601 3250 1663 potest
3306 1591 3482 1649 adhuc

1895 1689 2153 1758 perpendi
2194 1703 2311 1742 mea
2363 1686 2624 1757 iniquitas
2661 1694 2864 1756 quanta
2890 1684 3013 1752 fuit,
3058 1684 3159 1739 nisi
3191 1692 3307 1754 post
3337 1682 3481 1737 deleo

200 1763 555 1832 projecisset;
586 1766 875 1834 prophetas
904 1774 1044 1833 tuos,
1074 1767 1164 1836 qui
1192 1769 1643 1825 contestabantur
1669 1788 1791 1828 emn
1825 1762 1869 1816 Β
1899 1779 2097 1834 tionem
2122 1795 2150 1833 ο
2183 1788 2234 1833 te
2257 1778 2487 1847 amplius
2514 1776 2785 1832 abluatur.

201 1862 254 1906 ut
285 1854 531 1908 redirent
557 1856 621 1908 ad
654 1864 725 1920 te,
758 1855 1126 1912 inhumaniter
1152 1858 1470 1925 occidisset;
1508 1861 1601 1916 tibi
1630 1878 1794 1933 gran-

199 1944 301 1997 des
359 1944 719 2014 blaSphemias
770 1946 1085 2018 irrogasset.
1134 1958 1190 2003 ut
1234 1959 1285 2004 te
1331 1951 1398 2005 ad
1453 1954 1789 2009 iracundiam

197 2043 559 2104 provocaret;
589 2043 641 2089 et
666 2046 886 2105 promer
910 2037 1025 2092 lucc
1046 2054 1168 2093 eum
1203 2040 1255 2093 iu
1289 2042 1538 2095 manibus
1570 2057 1790 2098 suorum

196 2124 445 2179 hostium
472 2124 821 2192 tradidisscs;
868 2137 990 2196 post
1018 2129 1133 2183 lucc
1162 2138 1364 2197 tamen,
1400 2148 1521 2185 cum
1562 2133 1628 2186 ad
1659 2142 1711 2187 te
1738 2134 1792 2189 in

195 2230 449 2288 tempore
478 2236 588 2273 sua:
616 2220 977 2277 tribulationis
1024 2232 1078 2277 et
1107 2225 1368 2294 angustiae
1389 2226 1789 2296 clamaverunt;

191 2321 243 2364 ιι.
272 2313 426 2364 heus
464 2312 777 2368 misericors
804 2322 859 2367 et
896 2314 1077 2368 multm
1106 2314 1492 2371 misericordiae
1518 2327 1572 2373 et
1608 2334 1791 2385 verax,

188 2404 254 2455 de
303 2403 452 2456 cudo
482 2404 751 2457 exandisti
784 2420 876 2459 eos
922 2406 1217 2461 secundum
1260 2408 1637 2467 miserationes
1674 2424 1793 2469 tuas

188 2496 424 2547 multas.
458 2494 700 2563 Cumque
729 2512 915 2551 rursus
944 2512 1232 2567 perversos
1259 2513 1353 2554 eos
1383 2500 1434 2554 in
1466 2517 1657 2557 manus
1689 2502 1794 2557 iui-

186 2589 469 2639 micorum
509 2600 729 2639 suorum
779 2588 972 2641 iterum
1004 2589 1335 2659 reliquisscs,
1384 2601 1439 2646 et
1477 2592 1575 2662 ipsi
1623 2594 1689 2648 ad
1740 2604 1792 2650 te

186 2677 399 2729 iterum
433 2684 597 2744 atque
641 2676 834 2729 iterum
863 2677 1262 2744 clamaverunt;
1300 2690 1352 2733 ιιι
1387 2681 1452 2735 de
1492 2682 1630 2735 coelo
1655 2683 1793 2737 lihe-

185 2766 326 2820 rasti
364 2780 459 2817 eos
486 2765 539 2818 in
575 2766 1013 2819 miserationibus
1041 2768 1146 2821 tuis
1183 2768 1385 2833 multis,
1417 2779 1470 2824 et
1501 2771 1554 2825 in
1581 2772 1790 2827 miseri-

188 2857 404 2910 cordiis
430 2857 532 2909 tuis
564 2856 813 2926 plurimis
843 2873 949 2911 non
995 2856 1167 2912 fecisti
1196 2874 1292 2914 eos
1330 2859 1381 2914 in
1416 2864 1790 2932 eonsumptioo

184 2966 345 3013 nem,
370 2949 625 3017 quoniam
662 2948 803 3003 Deus
836 2949 1245 3003 miserationum
1280 2958 1329 3004 et
1358 2952 1598 3007 clemens
1629 2964 1681 3005 ιιι
1706 2968 1784 3008 es.

185 3042 330 3108 Quia
358 3042 524 3109 igitur
570 3042 746 3095 minor
776 3058 895 3095 sum
925 3044 1133 3113 cunctis
1164 3045 1605 3101 miserationibus
1635 3045 1781 3112 tuis;

185 3142 473 3189 memento
488 3136 613 3200 mei,
650 3135 808 3199 Deus,
837 3143 889 3188 et
922 3149 1085 3203 parce
1113 3136 1242 3191 mihi
1280 3138 1576 3193 secundum
1604 3137 1787 3192 multi—
1816 3106 1861 3169 Ο

187 3229 440 3280 tudinem
469 3226 875 3279 llllSBl’ﬂllOlllllll
907 3238 1141 3292 tuarum,
1173 3244 1293 3296 qua:
1316 3237 1577 3296 superant
1600 3243 1787 3299 quam-

186 3321 323 3374 libet
362 3320 760 3375 multitudinem
802 3333 1167 3392 peccatorum.
1200 3321 1317 3375 Non
1346 3320 1489 3375 enim
1523 3321 1575 3375 in
1592 3320 1791 3389 justifi-

186 3417 508 3471 eationibus
541 3418 676 3470 meis
706 3427 990 3486 prosterno
1014 3433 1205 3487 preces
1234 3424 1362 3468 ante
1395 3413 1585 3467 faciem
1618 3424 1788 3481 tuam,

183 3513 280 3563 sed
321 3511 375 3563 in
415 3510 856 3564 miserationibus
893 3512 998 3565 tuis
1039 3512 1241 3567 multis.
1272 3512 1641 3567 Reminiscere
1663 3525 1790 3580 ergo

185 3603 611 3656 miserationum
645 3611 879 3667 tuarum,
911 3605 1152 3665 Domine.
1189 3621 1216 3659 a
1252 3614 1301 3660 te
1331 3604 1567 3675 antiquis
1596 3618 1787 3673 pecca-

186 3697 433 3759 toribus,
478 3696 703 3765 paribus
759 3698 1016 3764 operibus
1064 3699 1451 3754 misericordia:
1497 3697 1790 3753 efficaciter

187 3786 595 3854 impensarum,
627 3795 682 3839 et
729 3787 1228 3843 misericordiarum
1258 3799 1472 3843 tuarum
1500 3789 1595 3844 tibi
1626 3798 1786 3843 natu-

186 3879 395 3931 raliter
427 3876 737 3942 insitarum,
765 3895 883 3947 qum
926 3895 952 3931 a
989 3880 1185 3934 saeculo
1215 3890 1359 3935 stitit.

256 3969 316 4023 8.
360 3969 427 4023 Et
458 3969 592 4022 nein
620 3970 820 4023 misero
850 3981 1133 4041 peccatore
1155 3972 1323 4033 fallat,
1355 3974 1497 4043 quod
1535 3975 1605 4028 ab
1635 3974 1789 4029 initio

183 4059 384 4115 sreenli
422 4058 698 4129 incepisti.
733 4062 1028 4115 secundum
1062 4062 1458 4118 multitudinem
1488 4065 1791 4119 miseratio-

183 4169 323 4206 num
357 4159 594 4215 tuarum,
626 4153 739 4207 dele
782 4155 1104 4224 iniquitatem
1152 4171 1339 4220 meum,
1367 4156 1492 4224 quia
1534 4155 1645 4224 ipsa
1680 4171 1786 4218 me,

182 4242 294 4298 heu
328 4244 344 4296 !
378 4243 443 4296 de
471 4240 605 4296 libro
636 4244 762 4297 vitm
791 4242 1006 4297 delevit.
1040 4243 1131 4299 Sic
1171 4254 1248 4309 tu,
1282 4244 1444 4307 Dens,
1473 4245 1563 4314 qui
1595 4259 1786 4299 nomen

183 4334 490 4404 impiorum
533 4333 778 4388 delevisti
813 4343 871 4387 ιιι
908 4334 1078 4387 lutum
1121 4334 1449 4404 platearum,
1501 4335 1617 4391 dele
1646 4350 1787 4399 eam,

1966 1872 2021 1928 9.
2060 1869 2155 1941 (V.
2188 1869 2268 1941 4.)
2312 1870 2377 1925 Ει
2429 1870 2549 1924 ideo
2590 1879 2714 1939 peto
2744 1866 3063 1922 humiliter:
3108 1864 3342 1934 Amplius
3362 1863 3481 1919 lava

1896 1979 1977 2017 me
1998 1962 2062 2017 ab
2084 1962 2360 2033 iniquitate
2405 1977 2544 2024 mea,
2575 1975 2609 2014 o
2640 1958 2991 2014 mundissima
3030 1957 3189 2010 lotrix
3220 1967 3403 2010 nostra
3426 1965 3482 2011 et

1896 2053 2243 2118 nitidissima,
2277 2068 2396 2123 qua:
2422 2055 2488 2105 ad
2532 2053 2634 2107 hoc
2679 2065 2874 2120 aquam
2917 2050 3104 2119 gratia:
3137 2048 3351 2103 deitatis
3381 2049 3482 2103 mi-

1894 2144 2014 2201 sisti
2054 2144 2105 2198 iu
2147 2144 2344 2215 pelvim
2381 2142 2748 2197 umudissimm
2801 2139 2984 2194 carnis
3031 2149 3155 2200 tute,
3200 2146 3253 2190 ut
3308 2153 3407 2191 nos
3448 2153 3478 2191 a

1895 2233 2137 2302 peccatis
2163 2233 2361 2288 nostris
2389 2234 2441 2286 iu
2465 2233 2729 2304 sanguine
2758 2240 2848 2286 tuo
2874 2230 3103 2284 lavares.
3129 2229 3271 2284 Lava
3301 2245 3386 2284 me
3413 2230 3481 2283 ab

1897 2325 2180 2395 iniquitate
2214 2341 2364 2391 mea;
2394 2334 2451 2380 et
2474 2326 2544 2379 ita
2576 2324 2815 2395 perfecte
2837 2324 2977 2390 lava,
3000 2325 3091 2394 qui
3117 2322 3482 2393 imperfectiu-

1896 2415 1981 2471 nis
2006 2430 2167 2485 opera
2214 2430 2322 2469 non
2368 2415 2584 2481 novisti,
2618 2425 2677 2470 ut
2726 2416 2778 2470 in
2819 2430 2905 2471 me
2950 2415 3157 2485 peccati
3196 2413 3480 2484 vestigium

1895 2521 2003 2560 non
2036 2504 2329 2574 relinquas.
2356 2505 2401 2559 0
2431 2505 2649 2559 lmmilis
2678 2504 3002 2568 sublimitas,
3031 2519 3064 2557 o
3096 2503 3344 2557 sublimis
3383 2503 3483 2556 Iut-

1894 2595 2113 2659 militas,
2139 2610 2258 2663 qua).
2291 2594 2357 2649 ad
2388 2594 2776 2663 designandam
2806 2592 2949 2647 illam
2979 2592 3233 2646 lotionem
3262 2592 3482 2646 interio-

1892 2700 2007 2741 rem
2049 2686 2243 2741 anima:
2280 2700 2441 2755 quam
2476 2685 2714 2754 requiro,
2761 2698 2932 2753 usque
2974 2683 3040 2737 ad
3086 2682 3358 2736 lavat-rum
3389 2695 3482 2750 pe-

1893 2776 2019 2833 dum
2045 2776 2432 2845 discipulormn
2457 2784 2670 2830 tuorum
2707 2785 2852 2830 tuam
2876 2774 3216 2830 altitudinem
3250 2774 3478 2827 inclina-

1891 2869 1980 2927 sti.
2014 2868 2130 2923 lava
2159 2884 2263 2932 me,
2296 2878 2354 2923 ut
2388 2870 2438 2923 iu
2469 2877 2729 2924 atternum
2759 2869 2987 2923 habeam
3019 2874 3229 2936 partem
3262 2874 3436 2919 tecum
3462 2881 3477 2918 :

1891 2961 2007 3015 lava
2042 2978 2148 3016 non
2185 2961 2359 3016 solum
2388 2962 2553 3032 pedes
2582 2960 2896 3024 affectuum,
2951 2961 3044 3013 sed
3074 2957 3237 3014 etiam
3268 2966 3322 3012 et
3361 2971 3477 3011 ma-

1893 3070 1995 3110 nus
2022 3068 2269 3124 operum,
2317 3062 2373 3109 et
2409 3060 2570 3124 caput
2606 3065 2885 3107 sensuum.
2918 3049 2984 3103 Et
3014 3049 3267 3119 quoniam
3298 3047 3477 3099 anima

1895 3160 2014 3199 mea
2050 3144 2172 3200 vilis
2222 3144 2360 3198 facta
2408 3151 2512 3208 est,
2548 3141 2855 3210 iteransque
2885 3140 3149 3210 pessimas
3183 3138 3299 3191 vias
3329 3151 3478 3199 suas,

1893 3237 2009 3291 lava
2035 3252 2065 3291 a
2090 3236 2296 3291 malitia
2328 3250 2424 3290 cor
2447 3233 2638 3304 ipsius,
2665 3243 2724 3287 ut
2750 3234 2803 3287 in
2828 3248 2893 3287 eo
2916 3232 3276 3302 cogitationes
3306 3228 3481 3283 noxia:

1891 3345 1998 3385 non
2027 3336 2308 3383 morentur
2345 3340 2361 3379 :
2400 3326 2517 3379 lava
2564 3325 2924 3396 lacrymarum
2976 3323 3159 3377 lixivio
3207 3322 3381 3375 calido
3422 3329 3476 3374 et

1891 3435 2080 3475 amaro
2101 3434 2196 3490 per
2217 3418 2458 3489 singulas
2480 3428 2667 3472 noctes
2692 3414 3036 3470 conscientim
3059 3429 3191 3468 mere
3212 3423 3440 3468 stratum
3455 3426 3476 3465 :

1894 3512 2009 3565 lava
2040 3510 2204 3581 pedes
2260 3523 2408 3563 meos
2434 3518 2491 3562 et
2515 3506 2787 3560 interioris
2828 3505 3063 3560 hominis
3093 3505 3285 3575 butyro
3310 3505 3474 3559 devo-

1892 3600 2075 3665 tionis,
2103 3599 2221 3654 lava
2245 3608 2299 3653 et
2321 3613 2515 3654 renova
2544 3596 2918 3653 sacramentis.
2945 3596 3010 3652 Et
3032 3597 3155 3667 quia
3182 3598 3357 3666 aliqua
3375 3596 3481 3649 al}-

1891 3692 2108 3764 quando
2138 3692 2217 3746 sic
2263 3691 2525 3755 lavantur,
2572 3688 2713 3759 quod
2763 3698 2883 3759 post
2929 3688 3256 3742 ablutionem
3300 3688 3479 3741 adhuc

1892 3784 2100 3853 impura
2146 3790 2431 3837 remanent
2458 3791 2514 3836 et
2546 3780 2844 3845 immunda,
2878 3780 2999 3833 ideo
3038 3780 3117 3833 sic
3154 3778 3272 3830 lava
3304 3794 3389 3831 me
3417 3788 3475 3831 ut

1889 3871 2177 3935 emnndes;
2227 3879 2273 3921 et
2308 3886 2347 3925 .a
2388 3878 2600 3937 peccato
2622 3884 2735 3921 meo
2777 3868 2973 3920 mumia
3002 3882 3102 3919 me.
3136 3865 3268 3932 Quis
3302 3874 3475 3934 potest

1891 3960 2068 4017 facere
2104 3958 2361 4014 mundum
2387 3964 2453 4014 de
2481 3960 2761 4013 immundo
2781 3967 3099 4027 conceptum
3127 3957 3472 4020 scmine,nisi

1894 4060 1949 4105 tu
1991 4050 2081 4120 qui
2116 4049 2264 4103 solus
2311 4049 2407 4104 es?
2434 4064 2467 4102 ο
2499 4048 2886 4117 benignissime
2924 4047 3133 4101 medice
3162 4046 3288 4100 Jcsu
3314 4047 3475 4101 Chri-

1848 4156 1851 4159 ‘
1891 4151 1972 4197 ste
2008 4150 2064 4197 et
2098 4142 2255 4203 bone,
2281 4142 2370 4211 qui
2396 4141 2512 4196 solo
2547 4142 2711 4197 verbo
2734 4149 3007 4195 restauras
3034 4141 3305 4203 universa,
3338 4140 3477 4205 seio,

1891 4242 1946 4289 et
1974 4248 2101 4288 vere
2143 4234 2279 4299 scio,
2320 4245 2375 4288 et
2418 4235 2521 4289 hoc
2568 4234 2742 4302 ipsum
2779 4244 2882 4288 tua:
2929 4232 3157 4288 bonitati
3193 4234 3475 4299 conﬁteor,

1891 4329 2145 4398 quoniam
2178 4328 2256 4383 sic
2303 4336 2458 4398 potes
2503 4342 2587 4382 me
2618 4328 2898 4383 mundare.
2938 4328 3101 4393 Ergo,
3145 4330 3281 4383 boue
3313 4329 3474 4394 Deus,

181 4423 336 4477 sicut
370 4422 544 4476 solent
577 4422 780 4476 aboleri
828 4422 1023 4476 tabula:
1063 4431 1119 4477 et
1154 4424 1317 4478 deleri
1347 4440 1360 4488 ;
1394 4434 1452 4477 ut
1483 4440 1545 4480 ea
1588 4425 1786 4479 abolita
1822 4452 1867 4511 η
1895 4420 2034 4477 bone
2071 4421 2255 4487 homo,
2297 4420 2436 4475 boue
2466 4420 2711 4486 Domine,
2744 4436 2842 4491 per
2865 4421 3293 4476 misericordiam
3332 4432 3477 4477 tuam

180 4524 240 4568 et
271 4514 481 4579 deleta,
531 4530 725 4567 nomen
787 4530 964 4567 meum
994 4531 1116 4568 eum
1143 4514 1304 4583 justis
1351 4517 1402 4570 in
1434 4516 1570 4571 libro
1602 4517 1790 4571 viven-

183 4604 358 4670 tium,
391 4602 458 4655 de
480 4617 584 4672 quo
606 4603 732 4657 illud
765 4603 1426 4669 deleverat,rescribatnr.
1459 4605 1604 4672 Dele,
1635 4608 1783 4661 obse-

178 4713 305 4757 cro,
340 4695 896 4764 omnipotentissime,
930 4697 1060 4752 illud
1096 4699 1237 4767 quod
1265 4698 1551 4752 adversum
1595 4712 1680 4751 me
1709 4707 1787 4753 est

179 4790 625 4859 chirographum
660 4788 862 4843 decreti
910 4790 1007 4843 tui.
1054 4790 1383 4845 Decreveras
1410 4790 1574 4851 enim.
1605 4790 1785 4858 Pater,

175 4890 243 4935 ut
273 4881 324 4935 si
358 4880 551 4934 vellem
579 4889 808 4936 mortem
832 4881 1085 4944 evadere,
1113 4897 1215 4934 non
1245 4896 1547 4950 peccarem.
1575 4882 1641 4937 Et
1661 4883 1786 4952 quia

177 4988 290 5043 ego
318 4971 510 5026 infelix
540 4962 729 5027 contra
758 4984 907 5027 tuum
936 4973 1215 5027 decretum
1250 4973 1539 5029 indiscrete
1559 4990 1789 5045 corpore

175 5075 238 5120 ct
271 5064 453 5121 corde
492 5064 675 5133 peregi
717 5064 782 5117 ad
834 5065 1197 5133 insipientiam
1228 5080 1503 5136 magnam,
1534 5068 1663 5121 mihi
1708 5078 1785 5130 tu,

175 5157 277 5227 qui
345 5155 702 5210 scientiarum
754 5170 812 5209 es
859 5155 1142 5221 Dominus,
1190 5157 1314 5212 inde
1368 5159 1785 5229 chirographum

175 5245 480 5302 memoria!
531 5246 583 5300 in
628 5254 715 5300 tua
765 5247 994 5301 scientia
1025 5257 1080 5302 et
1120 5263 1237 5302 mea
1281 5250 1610 5304 conscientia
1664 5267 1790 5304 con-

174 5337 487 5408 scripsisti,
517 5348 575 5392 ut
600 5355 721 5393 cum
749 5339 962 5395 sederet
993 5341 1328 5395 tremendum
1348 5340 1611 5408 judicium
1639 5352 1786 5396 tuum

174 5445 478 5500 magnum,
511 5429 854 5499 aperirentur
890 5430 980 5485 isti
1019 5431 1257 5486 scicntia:
1288 5440 1392 5485 tum
1423 5440 1477 5485 et
1508 5433 1791 5487 conscien—

176 5519 277 5573 tia:
307 5534 452 5573 mete
481 5518 627 5585 libri,
654 5530 710 5573 et
748 5519 885 5576 alius
918 5521 1002 5575 ille
1040 5522 1178 5577 liber
1204 5535 1362 5591 quem
1395 5521 1554 5575 habet
1602 5532 1788 5577 contra

174 5627 278 5667 me
315 5611 546 5665 humani
599 5614 812 5683 generis
857 5625 1142 5670 accusator
1180 5615 1459 5682 inimicus;
1507 5625 1561 5671 et
1587 5632 1648 5673 ex
1684 5619 1790 5682 his,

1893 4529 2143 4583 magnam
2171 4513 2257 4568 dic
2280 4512 2473 4567 animae
2493 4525 2624 4566 meae
2652 4512 2939 4566 multorum
2964 4524 3305 4583 peccatorum
3327 4514 3483 4584 lepra

1894 4604 2130 4671 infecte,
2171 4604 2297 4659 die:
2337 4601 2508 4667 Volo;
2556 4603 2847 4659 mundare:
2867 4604 2932 4659 Et
2967 4616 3023 4659 ιιι
3057 4605 3145 4660 hic
3178 4608 3356 4660 sanari
3388 4621 3478 4659 va-

1893 4698 2029 4752 leam
2057 4706 2112 4752 et
2135 4695 2411 4760 mundari,
2442 4696 2529 4751 hic
2559 4712 2676 4766 ure,
2711 4697 2797 4754 hic
2819 4713 2968 4760 seca.
3002 4698 3088 4753 hic
3124 4699 3215 4752 fiat
3240 4699 3489 4766 expiatio,

1893 4805 2037 4856 mea,
2075 4790 2165 4845 hic
2194 4787 2513 4843 emundatio
2562 4807 2715 4856 mea;
2767 4801 2825 4846 ut
2857 4808 2980 4845 cum
3014 4792 3065 4844 in
3101 4799 3193 4843 tuo
3232 4789 3489 4843 districto

1894 4882 2144 4937 examine
2166 4898 2350 4938 aream
2388 4892 2533 4938 tuam
2567 4884 2829 4939 ventilare
2862 4882 3075 4936 veneris
3104 4891 3158 4935 et
3193 4881 3476 4946 mundare,

1894 4976 2127 5029 animam
2170 4992 2346 5031 meam
2398 4979 2727 5048 preuiteutite
2761 4990 2902 5029 vera:
2946 4976 3123 5043 scopis
3165 4974 3476 5029 mandatam

1897 5066 2140 5121 invenias
2170 5077 2225 5122 et
2249 5079 2525 5123 ornatam.
2567 5068 2789 5122 Interim
2814 5074 2993 5119 autern
3021 5080 3124 5119 non
3154 5080 3367 5133 parcam
3395 5067 3474 5121 ori

1897 5174 2042 5222 meo,
2074 5160 2167 5216 sed
2202 5161 2311 5225 ibo,
2342 5172 2395 5217 ct
2426 5162 2796 5217 sacerdotibus
2823 5175 2909 5214 me
2943 5159 3251 5223 ostendam,
3281 5169 3477 5229 quate-

1898 5265 1999 5305 nus
2042 5250 2135 5305 fiat
2190 5262 2242 5306 et
2275 5253 2428 5317 mihi,
2461 5261 2514 5305 ut
2547 5252 2674 5305 dum
2723 5253 2931 5315 vixero,
2982 5250 3107 5304 fiam
3158 5251 3474 5315 mamlatus;

1897 5356 2021 5411 quia
2066 5343 2262 5398 anima:
2315 5357 2447 5397 mea:
2499 5341 2702 5412 lepram
2739 5357 2844 5397 non
2876 5356 3091 5412 pessum
3122 5355 3250 5396 vere
3298 5350 3479 5396 osten-

1898 5434 2027 5487 dere
2056 5432 2347 5500 sacerdoti,
2392 5432 2496 5487 nisi
2537 5433 2687 5502 prius
2712 5432 2806 5487 tibi
2830 5446 2949 5487 eam
2978 5432 3285 5497 ostendero,
3333 5441 3388 5487 et
3422 5439 3476 5485 tu

1897 5522 2025 5576 mihi
2055 5522 2152 5594 (5).

1975 5614 2059 5669 lo.
2087 5612 2180 5685 (V.
2212 5615 2290 5685 5.)
2322 5614 2445 5669 Ideo
2492 5614 2584 5671 tibi
2632 5628 2842 5669 sumine
2871 5624 2925 5670 ct
2966 5622 3168 5670 mterno
3198 5612 3474 5670 Sacerdoti

262 5737 357 5808 (5)
382 5735 775 5798 Testimonium
790 5742 855 5800 de
867 5743 1208 5801 confessione
1231 5744 1497 5802 sacerdoti
1528 5745 1799 5816 facienda,
1827 5757 1881 5805 et
1907 5747 2122 5819 quidem
2146 5763 2265 5803 cum
2291 5747 2466 5805 debita
2497 5748 2907 5824 pravparationc.
