4060 6292
607 209 714 266 827

934 210 993 267 8.
1050 207 1350 269 ΑΝεΕιιιι
1383 207 1737 271 CANTUAB.
1779 207 2133 266 ARCIIIIEI’.
2176 204 2327 264 Ol’l’.
2360 203 2537 259 PARS
2568 204 2630 260 ll.
2668 206 3136 266 ~°PAR1ENET.
3172 208 3258 265 ET
3282 207 3528 264 ASCET.

3786 206 3881 265 828

613 325 885 380 veraciter
924 340 1012 381 me
1045 327 1272 383 ostendo
1291 368 1306 392 ,
1355 326 1543 382 dicens
1575 341 1589 380 :
1650 325 1912 392 Quoniam
1961 324 2209 394 iniquita-
2237 324 2283 380 A
2313 321 2364 375 in
2392 335 2587 377 acervo
2634 306 2926 379 testimonii
2954 324 3167 395 positus
3185 324 3340 396 juxta
3365 326 3531 391 viam,
3560 331 3623 378 ut
3652 337 3775 380 eam
3795 338 3882 393 per

610 425 711 469 tem
748 433 915 470 meam
946 433 1038 487 ego
1078 433 1355 487 cognosco.
1382 417 1681 485 Cognosco.
1726 415 1972 480 Domine,
2004 411 2198 483 iniqui—

580 516 778 603 5tatem
805 524 999 571 meam,
1033 509 1127 565 sed
1155 524 1218 563 ex
1245 517 1396 579 parte
1422 524 1713 580 cognosco,
1751 516 1807 563 et
1833 522 1936 562 non
1971 506 2112 561 sicut
2143 513 2197 559 tu

612 601 897 670 cognoscis
947 615 1091 665 eam,
1121 616 1298 669 neque
1337 602 1477 657 sicut
1504 617 1606 672 ego
1637 600 1885 670 cognitus
1908 612 2025 653 sum
2056 612 2085 650 τι
2121 605 2195 659 te,

608 690 773 759 cujus
798 692 937 747 oculi
968 703 1098 748 sunt
1144 694 1317 748 multo
1353 696 1472 764 plus
1501 693 1791 749 lucidiores
1817 707 1980 761 super
2000 690 2191 754 solem,

560 780 563 781 ⁷
607 785 1010 854 conspicientes
1045 786 1161 841 vias
1212 786 1489 841 hominum
1537 795 1591 841 et
1630 786 1951 855 profundum
1991 782 2192 854 abyssi,

606 884 660 926 et
706 875 983 929 berniuum
1037 876 1202 931 corda
1256 878 1529 931 intuentes
1613 874 1720 930 Cor
1766 884 1944 927 autem
1992 887 2193 938 meum,

607 965 771 1030 Deus,
824 981 1045 1035 pravum
1071 976 1231 1022 estet
1262 966 1609 1021 inscrutabile
1639 985 1651 1020 :
1692 981 1793 1020 nec
1833 980 1932 1034 ego
1968 965 2078 1033 ipse
2104 978 2192 1019 co-

604 1073 807 1127 gnosco
833 1057 979 1123 illud,
1016 1059 1109 1114 sed
1144 1069 1221 1123 tu,
1256 1059 1499 1122 Domine,
1526 1058 1615 1128 qui
1649 1056 1945 1127 cognovisti
1970 1055 2193 1126 figmen-

606 1158 718 1204 tum
752 1159 1024 1215 nostrum,
1054 1159 1131 1205 et
1172 1150 1399 1205 intueris
1446 1150 1670 1221 abyssos
1694 1189 1708 1213 ,
1756 1147 1980 1202 intueris
2007 1156 2061 1202 et
2102 1162 2190 1202 co-

603 1242 818 1313 gnoscis
842 1242 985 1305 illud,
1014 1251 1071 1298 et
1098 1242 1432 1312 iniquitatem
1465 1256 1659 1307 meam,
1696 1256 1814 1310 qua:
1841 1240 1890 1294 in
1921 1254 1984 1294 eo
2013 1246 2115 1304 est,
2138 1248 2193 1294 et

604 1334 767 1390 sicuti
790 1344 875 1391 est
902 1354 916 1390 :
956 1352 1119 1407 quam
1150 1336 1194 1391 si
1234 1336 1305 1390 ita
1336 1335 1477 1390 unde
1504 1345 1557 1390 et
1586 1344 1771 1405 aperte
1792 1333 2187 1404 cognovissent,

604 1426 763 1481 sicuti
787 1434 843 1480 et
886 1434 961 1493 tu,
994 1435 1120 1481 ante
1158 1425 1312 1495 cujus
1340 1426 1526 1482 oculos
1576 1426 1757 1481 omnia
1804 1425 1947 1480 nuda
1981 1434 2105 1480 sunt
2136 1433 2189 1478 ct

602 1526 813 1595 aperta,
846 1528 995 1575 certe
1040 1530 1385 1588 erumperent
1412 1519 1662 1590 lacryma:
1694 1518 1761 1572 de
1790 1518 1939 1573 venis
1982 1518 2187 1572 intimis

600 1608 780 1666 cordis
830 1609 959 1674 mei,
1008 1618 1063 1664 et
1092 1610 1369 1665 continere
1412 1626 1517 1665 non
1563 1624 1794 1679 possem,
1829 1610 1982 1679 quasi
2024 1624 2186 1680 super

2303 412 2611 483 exemplum
2655 412 2954 468 viatoribus
2997 413 3455 483 demonstrarem,
3492 429 3599 468 non
3628 414 3885 467 remansit

2300 502 2353 557 in
2386 516 2473 555 me
2499 501 2634 572 lapis
2661 502 2789 557 boni
2830 502 3063 571 exempli
3088 500 3259 573 ‘super
3284 503 3522 573 lapidem
3554 502 3882 557 fortitudinis

2298 595 2387 650 vel
2417 594 2653 650 virtutis.
2695 595 2762 650 Et
2812 595 2925 650 [nec
2947 594 3127 649 omnia
3171 595 3310 649 mala
3335 594 3389 649 in
3418 609 3504 649 me
3527 594 3743 664 pariter
3771 609 3884 649 coa-

2300 687 2602 751 ﬂuxerunt,
2676 702 2741 743 eo
2810 688 2954 758 quod
3026 703 3132 743 non
3206 686 3432 756 cognovi
3497 685 3618 757 (tibi
3685 685 3883 740 debitas

2296 780 2501 850 gratias
2553 778 2857 848 referendo)
2892 787 3103 848 tempus
3138 778 3471 833 visitationis
3490 793 3651 841 meae,
3680 778 3884 846 quando

2299 879 2353 924 ιιι
2381 871 2562 925 oriens
2589 886 2653 925 ex
2686 869 2794 923 alto
2826 882 2911 922 me
2938 867 3181 937 (carnem
3226 866 3577 935 assumendo)
3608 865 3820 919 utiliter
3841 876 3884 919 et

2298 970 2534 1016 mentem
2563 961 2920 1015 illuminando
2967 958 3367 1015 delectabiliter
3394 957 3657 1019 visitasti,
3681 967 3741 1012 et
3775 958 3882 1012 visi-

2299 1054 2429 1108 tatio
2462 1065 2551 1108 tua
2600 1052 2891 1109 custodivit
2937 1055 3184 1125 spiritum
3234 1066 3435 1107 meum.
3473 1051 3539 1105 Et
3562 1066 3629 1104 ex
3663 1051 3760 1104 illo
3785 1060 3883 1105 tan-

2298 1145 2413 1199 tillo
2439 1144 2672 1216 Spiritu,
2710 1160 2869 1214 quem
2925 1145 2979 1199 in
3031 1160 3119 1201 me
3165 1154 3253 1199 tua
3292 1144 3535 1199 visitatio
3567 1144 3881 1202 reservavit,

2295 1253 2565 1306 cognosco
2606 1236 2947 1307 iniquitatem
2998 1253 3199 1304 meam,
3244 1246 3304 1290 ut
3330 1247 3406 1303 tu,
3433 1236 3603 1301 Deus,
3628 1236 3726 1305 qui
3756 1236 3883 1291 solus

2294 1337 2518 1400 peccata
2553 1329 2809 1395 remittis,
2834 1344 2954 1385 eam
2984 1329 3111 1385 mihi
3148 1331 3416 1400 ignoscas.

2368 1422 2454 1477 Η.
2496 1420 2561 1475 Et
2608 1431 2879 1491 peccatum
2926 1438 3096 1475 meum
3145 1431 3326 1475 contra
3370 1436 3451 1475 me
3472 1430 3547 1475 est
3585 1437 3816 1490 semper.
3846 1419 3881 1476 0

2293 1530 2575 1586 possessor
2627 1513 2776 1579 rteli,
2824 1521 2880 1567 et
2929 1514 3113 1568 terrae!
3157 1522 3211 1567 tu
3259 1512 3369 1568 scis
3406 1512 3535 1581 quid
3569 1527 3676 1581 ego
3702 1519 3758 1565 ιιι
3783 1526 3881 1565 mea

2296 1606 2776 1675 didicijuventute,
2808 1606 2952 1674 quod
2993 1620 3178 1659 meum
3229 1613 3284 1659 et
3321 1613 3471 1659 tuum
3503 1615 3639 1660 sunt
3675 1603 3878 1658 nomina

599 1702 863 1773 meipsum
889 1702 1093 1763 liercm,
1148 1718 1215 1757 ne
1247 1711 1300 1755 tu
1324 1702 1464 1757 Deus
1491 1703 1766 1772 patientiae
1792 1710 1847 1756 et
1880 1702 2056 1757 solatii
2086 1702 2182 1756 itc-
2218 1697 2262 1755 Β
2292 1697 2631 1770 possessiva;
2658 1697 2799 1751 unde
2826 1697 2870 1752 si
2900 1712 3078 1751 meum
3110 1706 3191 1751 est
3220 1705 3503 1765 peccatum
3529 1711 3744 1761 meum,
3778 1712 3879 1767 posp

598 1807 719 1847 rum
744 1807 907 1862 super
935 1807 1022 1847 me
1048 1791 1224 1847 lieres.
1257 1792 1357 1859 Qui
1382 1792 1524 1847 enim
1553 1792 1680 1845 olim
1706 1792 1757 1845 in
1790 1791 1979 1846 diebus
2004 1792 2186 1846 carnis

599 1893 726 1947 tuae,
761 1884 861 1939 sub
912 1883 1079 1954 figura
1112 1884 1257 1939 illius
1294 1884 1591 1941 materialis
1632 1884 1966 1939 Hierusalem
1998 1883 2187 1939 videns

598 1975 876 2030 civitatem
926 1976 1122 2031 animae
1167 1990 1318 2039 meze,
1374 1986 1429 2032 et
1475 1990 1807 2043 cognoscens
1847 1975 2182 2045 iniquitatem

597 2080 800 2130 meam,
822 2065 1202 2135 compatieudo
1232 2064 1422 2120 ﬂcvisti
1460 2081 1620 2136 super
1646 2082 1797 2133 eam;
1822 2075 1875 2121 et
1902 2067 2186 2122 interrum-

596 2155 853 2226 pentibus
887 2155 1145 2227 laerymis
1184 2164 1240 2211 et
1271 2155 1597 2228 singultibus
1632 2157 1793 2212 verba
1825 2166 1933 2222 tua,
1958 2157 2181 2213 verbum

595 2245 949 2318 semiplenum
983 2247 1277 2319 protulisti,
1308 2248 1492 2304 dicens
1524 2266 1537 2304 :
1581 2248 1715 2316 Quia
1747 2249 1791 2304 si
1837 2249 2183 2320 cognovisses

593 2348 649 2395 et
677 2348 764 2405 tu;
788 2339 903 2409 qui,
937 2348 997 2393 ut
1032 2339 1289 2405 arbitror,
1321 2340 1451 2395 mibi
1482 2340 1663 2395 dicere
1692 2339 1936 2406 voluisti,
1960 2340 2063 2396 nisi
2087 2356 2181 2410 ge-

592 2430 760 2486 mitus
792 2430 873 2485 tui
899 2428 1077 2495 multi,
1115 2439 1168 2485 ct
1218 2430 1483 2501 profunda
1508 2430 1739 2503 suspiria
1763 2432 2177 2502 compassionis,

589 2520 757 2575 verba
799 2528 890 2574 tua
923 2519 1227 2590 lmjusmodi
1257 2521 1673 2591 praecidissent:
1731 2521 1797 2577 Et
1838 2531 1893 2577 tu
1926 2522 2180 2593 iniquita-

590 2620 699 2666 tem
734 2620 880 2666 tuam
913 2610 1092 2677 lieres,
1133 2611 1177 2667 si
1213 2626 1333 2667 eam
1367 2613 1528 2668 sicuti
1554 2628 1654 2686 ego
1683 2613 1956 2670 veraciter
1981 2630 2180 2687 cogno-

588 2704 782 2760 visses.
816 2702 1110 2773 Adjiciens,
1158 2704 1393 2773 quandiu
1437 2721 1603 2776 super
1628 2721 1713 2761 me
1743 2704 1872 2761 ﬂere
1900 2706 2174 2775 deberem,

589 2808 713 2857 cum
750 2794 879 2849 mibi
911 2794 1306 2864 subsequenter
1353 2795 1539 2850 dixisti
1576 2813 1589 2851 :
1636 2795 1704 2849 Et
1737 2795 1955 2866 quidem
1987 2797 2039 2851 in
2078 2795 2177 2852 bac

589 2887 678 2941 die
711 2885 993 2955 praesentis
1035 2886 1181 2951 vitae,
1220 2886 1273 2940 in
1305 2900 1411 2955 qua
1459 2885 1591 2941 facis
1634 2902 1730 2957 pro
1756 2886 2033 2943 voluntate
2063 2896 2173 2955 tua,

590 2991 697 3032 non
730 2991 866 3040 mea,
903 2983 959 3031 et
985 2975 1182 3046 quzeris
1209 2991 1329 3045 qua:
1357 2975 1425 3031 ad
1452 2990 1638 3045 pacem
1675 2986 1800 3032 sunt
1825 2978 1946 3043 tibi,
1985 2987 2039 3035 ct
2069 2994 2173 3033 non

590 3066 743 3123 mibi.
775 3066 820 3124 Ο
855 3082 1056 3133 sermo,
1089 3067 1181 3138 qui
1212 3067 1413 3123 veritas
1439 3082 1520 3136 es,
1557 3084 1717 3142 quam
1747 3070 1800 3123 in
1831 3070 2059 3126 veritate
2104 3071 2177 3127 ri-
2205 3042 2246 3099 Ο

586 3159 757 3216 maris
788 3159 980 3215 intima
1027 3160 1211 3215 cordis
1264 3159 1398 3214 mei!
1434 3159 1500 3215 Et
1545 3174 1674 3216 vere
1704 3162 1747 3217 si
1780 3164 2171 3233 cognovissent,

586 3252 728 3307 sicut
751 3260 807 3309 et
848 3260 923 3317 tu,
946 3236 1188 3322 peterem
1222 3266 1252 3305 a
1285 3261 1336 3307 te
1363 3252 1416 3322 (a
1455 3268 1563 3323 quo
1584 3254 1759 3309 omnis
1780 3255 1871 3325 qui
1902 3254 2059 3327 digne
2084 3272 2175 3327 pe-

588 3342 676 3407 tit,
714 3344 929 3415 accipit)
961 3353 1020 3399 ut
1045 3343 1387 3414 aperirentur
1428 3353 1718 3401 cataractae
1743 3347 1937 3418 capitis
1966 3348 2090 3415 mei,
2121 3358 2176 3404 et

586 3435 848 3490 diluvium
899 3434 1267 3507 lacrymarum
1323 3450 1569 3491 mearum
1619 3437 1828 3495 faceres
1872 3440 2172 3505 abundare,

586 3527 662 3582 ita
689 3528 830 3596 quod
877 3528 1058 3582 anima
1104 3543 1225 3583 mea
1256 3536 1365 3581 tota
1396 3542 1537 3587 esset
1573 3532 1829 3603 laerymis
1860 3532 2171 3602 liquefacta,

585 3627 641 3673 ct
666 3618 920 3687 iniquitas
937 3635 1053 3674 mea
1078 3620 1222 3691 (qua:
1246 3624 1473 3694 replevit
1496 3624 1740 3693 corporis
1768 3633 1823 3678 ct
1860 3624 2039 3679 cordis
2068 3625 2172 3679 mei

586 3710 811 3779 terram)
861 3709 912 3764 iu
956 3710 1057 3765 boc
1083 3712 1285 3768 diluvio
1315 3714 1607 3770 deleretur.
1652 3712 1805 3770 Nunc
1840 3724 2018 3770 autem
2048 3716 2173 3770 abs-

582 3802 800 3857 condita
842 3813 970 3858 sunt
1026 3804 1168 3860 mala
1210 3806 1279 3861 ab
1324 3806 1496 3861 oculis
1525 3807 1681 3873 meis,
1716 3816 1771 3867 et
1803 3822 1907 3861 non
1939 3807 2087 3875 potui
2114 3816 2174 3861 ut

580 3892 823 3949 viderem
861 3910 873 3947 :
911 3893 1037 3963 quia
1077 3902 1344 3950 venerunt
1381 3895 1499 3951 dies
1552 3896 1605 3951 in
1657 3912 1764 3964 me,
1795 3912 1932 3967 quos
1965 3905 2049 3961 tu,
2078 3897 2169 3967 qui

580 3983 838 4051 aperuisti
865 3997 962 4037 ora
991 3984 1233 4039 omnium
1262 3986 1671 4061 prophetarum,
1699 3988 2013 4057 pr0pbetice
2035 4004 2186 4058 prze-g

581 4073 785 4129 dixisti.
834 4074 966 4129 Nam
1002 4078 1479 4133 circumdederunt
1509 4096 1594 4134 me
1628 4080 1829 4134 inimici
1872 4080 1976 4134 mei
2007 4080 2169 4149 Spiri-

583 4166 779 4231 tuales,
836 4165 975 4221 vallo
1011 4168 1431 4237 occupationum
1484 4169 1882 4223 mundanarum
1926 4168 2169 4225 laceran-

582 4256 715 4310 tium
752 4265 984 4309 mentem
1025 4272 1224 4322 meam,
1280 4258 1353 4315 ita
1402 4259 1542 4329 quod
1585 4274 1691 4314 non
1729 4261 2050 4330 permittunt
2084 4274 2170 4315 me

2290 1791 2440 1845 sideo
2469 1797 2753 1859 peccatum
2787 1805 2967 1844 meum
3014 1807 3027 1841 :
3067 1789 3161 1844 sed
3185 1788 3288 1843 beu
3322 1803 3483 1857 quam
3522 1790 3739 1843 misera
3770 1804 3878 1858 pos-

2290 1878 2461 1933 sessio
2491 1878 2696 1947 peccati
2731 1876 2853 1941 mei,
2885 1892 3005 1948 qu:e
3039 1892 3194 1932 suum
3226 1876 3356 1931 facit
3386 1876 3655 1932 miserum
3683 1894 3879 1942 posses-

2289 1970 2495 2025 sarem!
2545 1966 2589 2024 Ο
2634 1976 2917 2038 peccatum
2967 1969 3178 2022 meum!
3227 1969 3503 2037 quomodo
3557 1979 3611 2023 te
3639 1970 3879 2038 possedi?

2288 2062 2396 2116 imo
2425 2060 2696 2130 quomodo
2727 2068 2777 2115 te
2801 2059 3075 2115 sustinui?
3115 2061 3387 2127 quomodo
3420 2059 3587 2113 silui?
3617 2060 3877 2130 quomodo

2290 2151 2648 2219 dissimulavi,
2693 2158 2750 2205 ut
2801 2161 2854 2206 tu
2902 2166 2989 2207 me
3021 2151 3198 2222 potius
3224 2152 3571 2222 possideres?
3601 2151 3722 2207 Non
3745 2154 3875 2207 enim

2288 2246 2369 2301 sic
2399 2260 2582 2300 meum
2614 2253 2698 2299 est
2724 2253 3007 2314 peccatum
3039 2259 3245 2310 meum,
3276 2245 3417 2299 sicut
3447 2260 3569 2300 mea
3601 2257 3689 2301 est
3720 2262 3873 2317 capp:

2286 2352 2436 2405 mea;
2468 2351 2644 2407 neque
2667 2336 2740 2390 ita
2771 2336 3044 2406 possideo,
3078 2336 3351 2407 quomodo
3377 2338 3639 2408 possideo
3662 2354 3871 2409 cappam

2285 2445 2485 2495 meam,
2527 2427 2681 2499 cujus
2708 2429 3108 2499 possessionem
3157 2442 3212 2486 et
3238 2430 3637 2500 proprietatem
3666 2434 3879 2487 omnino

2282 2538 2506 2594 possunt
2534 2538 2563 2577 a
2594 2537 2682 2578 me
2709 2530 2964 2577 excutere
2996 2537 3100 2576 una
3135 2521 3254 2577 vice
3285 2538 3299 2576 :
3348 2531 3402 2578 te
3431 2533 3622 2577 autem
3654 2539 3758 2577 non
3782 2524 3877 2583 sic,

2285 2617 2378 2674 sed
2422 2618 2496 2673 ita
2529 2632 2560 2672 a
2599 2632 2687 2673 me
2717 2614 3008 2671 infeliciter
3042 2615 3361 2687 possideris,
3402 2624 3462 2669 ut
3504 2614 3823 2669 derelictum
3847 2628 3873 2665 a

2282 2724 2388 2776 me,
2421 2708 2658 2764 animam
2708 2722 2885 2769 meam
2931 2722 3038 2764 non
3092 2706 3229 2762 velis
3267 2706 3520 2762 desinere
3576 2704 3875 2776 possidere.

2284 2801 2390 2857 Sed
2444 2799 2798 2856 nihilominus
2836 2798 2879 2854 si
2909 2799 3306 2865 consentiatur,
3360 2798 3453 2853 tibi
3498 2813 3626 2852 eam
3656 2796 3877 2867 quaeris.

2282 2906 2403 2947 eam
2436 2889 2706 2961 sequeris,
2736 2904 2856 2944 eam
2888 2890 3234 2961 persequeris
3260 2889 3422 2945 etiam
3466 2904 3567 2959 per
3602 2888 3876 2959 angustis-

2281 2982 2475 3038 simam
2510 2989 2723 3053 portam
2758 2981 2970 3045 mortis,
3018 2992 3076 3036 ut
3122 2981 3294 3052 ipsam
3338 2980 3523 3035 tradas
3557 2982 3800 3035 flammis
3824 2988 3876 3033 et

2280 3075 2613 3131 cruciatibus
2662 3075 3035 3147 sempiternis.
3082 3073 3367 3143 Quomodo
3416 3089 3542 3145 ergo
3572 3090 3760 3129 meum
3796 3089 3885 3151 es,

2278 3179 2565 3238 peccatum
2595 3182 2798 3233 meum,
2832 3167 2937 3223 nisi
2979 3167 3105 3239 quia
3153 3174 3206 3222 te
3246 3165 3351 3222 feci
3379 3167 3403 3221 ?
3432 3166 3498 3221 Et
3534 3166 3661 3221 ideo
3692 3181 3870 3220 meum

2278 3273 2362 3324 es,
2416 3260 2559 3314 sicut
2608 3258 2817 3314 factura
2866 3258 3110 3324 factoris,
3159 3256 3245 3312 vel
3290 3257 3473 3328 potius
3504 3266 3567 3311 ut
3609 3256 3870 3319 defectus,

2276 3365 2435 3419 quem
2461 3351 2512 3405 in
2546 3352 2737 3419 Deum,
2766 3351 2859 3406 Dei
2896 3349 3103 3405 factura
3133 3349 3404 3404 commisi.
3430 3347 3550 3403 lleu
3589 3364 3727 3421 ergo
3752 3349 3865 3403 bore

2277 3441 2432 3497 ribile
2452 3452 2505 3499 et
2520 3443 2885 3499 abominabile
2908 3442 3108 3497 factum
3126 3441 3338 3495 meum!
3364 3455 3524 3511 pecca
3535 3449 3655 3495 tum
3679 3454 3859 3501 meum,

2276 3547 2443 3601 quare
2472 3542 2521 3588 te
2552 3533 2692 3589 feci?
2717 3549 2887 3604 quare
2914 3547 3012 3605 per
3043 3539 3095 3585 te
3121 3546 3303 3585 meam
3332 3531 3575 3585 animam
3605 3528 3864 3585 interfeci?

2276 3638 2448 3691 quare
2491 3638 2615 3678 eam
2642 3632 2753 3678 tam
2794 3623 3078 3678 mortifero
3106 3635 3315 3677 veneno
3346 3622 3553 3676 infeci?
3580 3637 3707 3692 qua:
3733 3622 3865 3675 insa-

2275 3715 2362 3770 nia
2406 3730 2493 3770 me
2543 3715 2809 3770 ducebat?
2862 3732 2983 3786 quze
3033 3716 3171 3772 furia
3208 3731 3294 3772 me
3320 3714 3590 3785 cogebat?
3638 3715 3862 3769 sciebam

2274 3805 2418 3859 enim
2446 3805 2589 3875 quod
2607 3807 2875 3877 stipendia
2902 3809 3108 3878 peccati
3128 3823 3275 3864 mors
3303 3825 3317 3862 :
3344 3807 3714 3877 Sciebamque
3732 3804 3861 3875 quod

2274 3907 2555 3967 peccatum
2586 3914 2710 3953 cum
2745 3910 3181 3955 consummatum
3221 3899 3405 3961 fuerit,
3459 3907 3697 3969 generat
3736 3910 3860 3949 mor.

2276 3997 2406 4054 tem,
2456 3997 2511 4043 et
2559 4005 2667 4044 non
2698 3989 2872 4045 solum
2921 4000 3361 4046 momentaneam
3405 3990 3666 4060 corporis
3716 3988 3859 4057 bujus

2273 4089 2666 4151 mortem,qua‘.
2688 4098 2786 4153 per
2815 4093 3099 4153 peccatum
3124 4084 3347 4139 intravit
3370 4083 3424 4137 in
3453 4083 3723 4137 mundum
3746 4080 3859 4141 :sed

2272 4173 2437 4227 etiam
2477 4182 2708 4228 mortem
2745 4175 2941 4230 auimxe
2990 4190 3086 4243 per
3122 4174 3557 4230 subtractionem
3590 4174 3720 4227 vitae
3744 4186 3856 4241 gra-

2275 4263 2360 4317 tia;
2390 4264 2441 4317 in
2480 4264 2754 4334 przesenti,
2787 4266 3150 4335 privationem
3182 4265 3367 4336 gloria:
3395 4273 3447 4319 et
3478 4264 3858 4333 obligationem

580 4345 819 4401 exterius
843 4347 1022 4416 egredi
1072 4349 1137 4403 ad
1177 4349 1361 4405 utilem
1389 4350 1682 4416 actionem,
1715 4366 1814 4406 nec
1842 4352 2070 4405 interius
2100 4352 2167 4405 ad
2200 4385 2245 4443 ο
2272 4369 2446 4426 preme
2476 4365 2749 4426 perpetua:
2782 4357 2833 4411 in
2864 4357 3067 4411 futuro.
3095 4357 3161 4412 Et
3196 4357 3298 4412 hoc
3343 4356 3521 4427 ipsum
3549 4355 3855 4415 didiceram,

584 4437 1117 4506 contemplationem.
1165 4438 1654 4497 Circumdederunt
1689 4458 1797 4507 me,
1846 4443 2089 4513 inquam,
2115 4453 2168 4498 et

583 4536 1077 4598 coangustaverunt
1116 4546 1202 4584 me
1235 4532 1473 4602 undique
1514 4542 1591 4588 tot
1620 4534 1885 4605 angustiis
1920 4545 1975 4590 et
2015 4550 2167 4605 pres-

578 4616 742 4683 suris,
766 4617 909 4687 quod
938 4627 1283 4688 augustatum
1332 4631 1416 4676 est
1460 4631 1515 4677 et
1550 4632 1841 4679 attractum
1871 4625 2007 4680 adeo
2038 4643 2165 4681 con-

576 4709 821 4763 scientite
853 4724 986 4763 mea:
1022 4718 1273 4775 stratum,
1315 4720 1376 4765 ut
1419 4727 1643 4769 necesse
1679 4716 1749 4768 sit
1782 4726 1838 4769 ut
1861 4717 2000 4773 alter
2021 4718 2166 4773 deci-

576 4802 689 4868 dat,
730 4800 1001 4867 videlicet,
1056 4801 1138 4857 vel
1185 4811 1238 4857 tu
1283 4804 1428 4860 Deus
1451 4806 1541 4874 qui
1571 4822 1631 4862 es
1674 4806 1945 4879 legitimus
1971 4809 2164 4865 anima:

572 4910 823 4965 sponsus,
880 4893 962 4949 vel
1020 4893 1230 4950 adulter
1277 4897 1512 4953 mundus
1562 4913 1722 4968 quem
1775 4914 1873 4970 ego
1906 4900 2063 4971 juxta
2110 4910 2162 4955 te

570 4988 761 5042 eodem
797 4986 1046 5042 cubiculo
1084 4985 1380 5052 introduxi,
1409 4990 1660 5058 quamvis
1688 4989 1882 5045 scirem
1913 5003 1965 5045 tc
1991 4992 2159 5047 Deum

571 5078 824 5145 zelotem,
859 5089 916 5132 ut
956 5095 1078 5134 cum
1110 5080 1229 5150 ipso
1252 5080 1306 5135 in
1335 5081 1508 5137 oculis
1539 5083 1650 5138 tuis
1678 5082 2095 5154 (delinquerent)
2125 5099 2159 5140 ο

570 5171 799 5241 turpium
849 5172 1025 5228 audax
1074 5182 1332 5243 peccator
1376 5183 1432 5229 et
1472 5175 1788 5246 imprudens
1820 5176 2152 5234 fornicator!

570 5260 639 5315 Et
667 5264 734 5317 ad
765 5271 966 5318 terram
1014 5274 1427 5335 prostraverunt
1458 5283 1544 5323 me
1585 5284 1682 5339 per
1710 5284 1951 5324 amorem
1985 5278 2157 5328 terre-

568 5367 787 5420 norum,
832 5364 886 5409 et
926 5355 1067 5411 filios
1097 5372 1247 5412 meos
1276 5359 1663 5427 cogitationum
1694 5369 1748 5414 et
1786 5358 2151 5426 aﬂ‘ectionum,

569 5457 689 5508 qua:
720 5445 773 5497 in
804 5460 889 5500 me
921 5454 1067 5512 sum,
1099 5447 1174 5501 ita
1222 5448 1364 5517 quod
1407 5450 1607 5518 possim
1649 5450 1842 5506 merito
1869 5452 2155 5523 deplorare

571 5531 701 5585 illud
728 5548 947 5591 carmen
986 5537 1332 5594 lamentabile
1374 5537 1666 5597 Jeremiazz
1702 5541 1961 5609 ,Eﬂ'usum
1990 5544 2150 5600 estin

570 5630 715 5677 terra
739 5623 893 5693 jecur
923 5643 1119 5683 meum.
1157 5630 1221 5686 Et
1255 5646 1378 5685 cum
1407 5633 1659 5690 deberem
1694 5651 1810 5691 csso
1836 5637 1989 5707 quasi
2018 5637 2150 5706 lapis

2274 4456 2326 4500 te
2353 4447 2600 4507 docente,
2641 4448 2769 4516 quia
2803 4448 3008 4516 anima,
3045 4463 3163 4517 qua?
3197 4448 3538 4518 peccaverit,
3584 4446 3855 4500 morietur.

2269 4536 2313 4592 Ο
2341 4536 2447 4591 vita
2505 4539 2736 4593 :eterna!
2775 4548 2953 4594 statue
2997 4547 3183 4593 contra
3238 4537 3436 4593 faciem
3481 4538 3685 4591 anima:
3729 4549 3857 4589 mea:

2269 4636 2501 4682 mortem
2561 4628 2704 4682 illam
2757 4638 3042 4692 arternam,
3090 4643 3196 4700 qua
3250 4629 3484 4682 moritur
3540 4625 3857 4681 immortalis

2267 4720 2446 4774 anima
2475 4734 2573 4790 per
2608 4732 2915 4791 peccatmn,
2959 4730 3015 4774 ut
3045 4721 3157 4789 ipsa
3199 4722 3379 4774 anima
3409 4734 3531 4773 mea
3567 4720 3742 4773 videat
3766 4733 3857 4772 co-

2265 4827 2381 4866 ram
2411 4823 2461 4867 te
2492 4827 2730 4883 semper,
2775 4822 2833 4867 et
2859 4812 3031 4883 fugiat
3058 4813 3214 4882 quasi
3247 4828 3276 4866 a
3309 4811 3447 4865 facie
3477 4811 3686 4866 colubri
3713 4826 3850 4865 mor—

2266 4910 2371 4956 tem
2410 4902 2579 4957 illam.
2624 4902 2819 4957 Audivi
2857 4902 2999 4956 enim
3036 4917 3065 4956 a
3112 4902 3345 4971 quodam
3381 4901 3637 4955 familiari
3686 4901 3855 4954 amico

2265 5001 2375 5057 tuo,
2407 4992 2491 5047 cui
2542 5000 2617 5059 tu,
2656 4991 2800 5046 Deus
2840 5007 3011 5055 meus,
3045 4992 3139 5062 qui
3182 4976 3390 5045 revelas
3418 4996 3716 5056 condensa,
3743 4991 3855 5043 diu-

2266 5084 2576 5139 turnitatem
2603 5092 2657 5139 et
2680 5084 3036 5138 acerbitatem
3067 5083 3413 5137 revelaveras
3450 5084 3617 5153 bujus
3646 5082 3852 5145 mortis,

2262 5173 2402 5241 quod
2435 5173 2550 5229 bzec
2600 5182 2685 5229 est
2718 5188 2867 5228 mors
2908 5172 3028 5227 sine
3068 5182 3266 5237 morte,
3312 5172 3435 5226 finis
3456 5172 3577 5227 sine
3604 5172 3725 5235 line,
3755 5170 3855 5223 de-

2259 5267 2434 5323 fectus
2474 5265 2594 5321 sine
2622 5262 2833 5319 defectu
2862 5281 2875 5317 :
2914 5262 3041 5334 quia
3072 5277 3221 5316 mors
3262 5262 3351 5315 illa
3383 5276 3600 5331 semper
3628 5260 3774 5321 vivit,
3800 5268 3859 5310 et

2259 5359 2384 5412 finis
2424 5371 2638 5426 semper
2691 5354 2903 5424 incipit,
2953 5362 3009 5409 et
3070 5352 3321 5409 defectus
3370 5353 3606 5406 deﬁcere
3648 5350 3852 5419 nequit.

2256 5450 2382 5506 llaec
2413 5459 2496 5504 est
2526 5462 2672 5502 mors
2706 5454 3052 5525 peccatorum
3098 5444 3353 5516 pessima.
3395 5444 3472 5499 De
3514 5444 3615 5499 bac
3657 5451 3856 5501 morte,

2256 5540 2784 5603 misericordissime,
2829 5545 2885 5592 tu
2915 5538 3101 5593 dixisti
3131 5555 3145 5592 :
3176 5536 3312 5592 Nolo
3344 5545 3577 5592 mortem
3606 5543 3856 5605 peccatus

2255 5635 2351 5690 ris.
2407 5632 2513 5689 Sed
2544 5633 2683 5688 ben!
2733 5646 2832 5703 ego
2870 5638 2926 5687 ει
2957 5629 3048 5685 alii
3098 5629 3280 5685 miseri
3313 5637 3625 5699 peccatores
3662 5634 3855 5681 contra
