4060 6292
205 355 297 416 829
558 380 561 385 ·
1260 352 1640 412 MEDITATIO
1678 350 1745 407 IN
1785 349 1976 406 PSAL.
2020 336 2387 407 MISERERE.

3350 351 3457 412 830

186 477 511 535 voluntatem
564 476 712 525 tuam
758 464 1008 522 volumus
1062 467 1337 538 propriam
1389 477 1618 524 mortem
1670 483 1768 522 no.
1797 471 1842 530 Α
1875 480 2048 531 meus,
2072 468 2316 540 quigallo
2337 467 2746 541 intelligentiam
2765 469 3037 526 contulisti
3077 470 3198 545 (Job
3222 486 3456 538 xxxvm,

200 580 373 627 stram.
409 564 487 620 Tu
539 570 742 630 autem,
780 566 921 621 Deus
968 571 1143 625 meus,
1178 560 1271 629 qui
1316 570 1544 615 mortem
1574 561 1768 616 animae

202 674 293 715 nou
324 656 527 720 fecisti,
549 656 732 711 vidisti
766 665 823 711 et
867 653 1090 718 siluisti,
1135 650 1373 722 quandiu
1408 660 1529 721 post
1561 660 1768 720 tergum

202 766 363 807 meum
389 746 571 804 omnia
606 758 827 818 peccata
870 762 988 803 mea
1019 747 1244 818 projeci,
1279 762 1349 804 ne
1373 747 1611 803 viderem
1653 747 1768 814 illa,

202 851 250 899 et
276 856 357 896 me
376 839 669 911 paeniteret
693 842 760 895 de
786 840 912 896 illis.
992 844 993 847 ‘

263 930 340 985 12.
405 929 559 985 Nune
609 940 812 997 autem,
863 931 1432 1003 omnipotentissime,
1488 937 1767 996 peccatum

201 1036 361 1077 meum
385 1029 467 1075 est
480 1022 706 1090 'sequela
736 1024 939 1092 peccati
967 1024 1093 1088 mei,
1122 1039 1241 1093 quae
1268 1032 1352 1079 est
1375 1038 1520 1079 mors
1542 1031 1766 1092 aeterna,

202 1123 372 1169 contra
403 1124 491 1166 me
540 1120 595 1165 et
636 1127 877 1182 semper,
920 1124 975 1168 et
1009 1130 1173 1185 super
1203 1116 1305 1169 hoc
1340 1114 1434 1169 tibi
1468 1114 1768 1184 gratiarum

198 1205 384 1273 optimo
413 1201 657 1272 largitori
689 1202 866 1258 refero
895 1214 1077 1275 grates
1118 1204 1336 1270 multas,
1363 1204 1489 1275 quia
1536 1220 1641 1259 non
1676 1219 1771 1275 po-

199 1296 338 1351 suisti
377 1309 462 1349 me
507 1296 740 1366 amplius
784 1297 1119 1352 contrarium
1146 1297 1241 1352 tibi
1271 1287 1587 1367 depeccato
1626 1311 1766 1362 meo,

197 1387 324 1456 quod
379 1386 619 1458 quandiu
671 1401 882 1444 mecum
942 1387 1064 1456 fuit,
1121 1398 1310 1445 contra
1366 1404 1452 1444 me
1497 1405 1600 1444 non
1647 1388 1768 1444 fuit.

198 1475 335 1531 Nunc
384 1487 563 1531 autem
600 1478 724 1547 quia
776 1494 881 1533 non
928 1490 1014 1535 est
1056 1494 1288 1543 mecum,
1327 1487 1516 1536 contra
1563 1495 1650 1536 me
1688 1490 1773 1535 est

195 1580 415 1634 semper,
445 1577 500 1621 et
540 1583 640 1639 ego
671 1568 792 1622 volo
826 1582 949 1624 esse
978 1571 1030 1624 in
1059 1578 1377 1640 perpetuum
1401 1580 1589 1625 contra
1619 1569 1768 1638 illud,

197 1659 308 1727 quia
337 1660 552 1727 quando
596 1662 723 1715 illud
771 1662 873 1719 feci
901 1662 997 1734 (γ.
1024 1663 1102 1736 6),
1135 1665 1231 1719 libi
1251 1664 1354 1718 soli
1383 1666 1610 1734 peccavi,
1642 1664 1767 1735 quia

197 1762 245 1807 tu
304 1750 447 1807 solus
492 1770 551 1809 es
598 1756 717 1811 sine
772 1766 996 1827 peccato
1016 1756 1043 1813 ':
1089 1766 1143 1814 et
1192 1758 1461 1813 universis
1504 1774 1613 1812 uno
1646 1765 1769 1829 post

1873 556 1989 627 56),
2015 560 2157 629 quod
2202 577 2302 633 ego
2336 561 2630 632 intelligam
2662 562 2715 617 in
2745 552 3033 633 pauentum
3073 578 3315 619 meorum
3345 563 3456 618 ori-

1871 649 2140 721 ginalibus
2160 662 2215 706 et
2239 652 2540 707 actualibus
2571 668 2656 709 me
2685 664 3039 724 conceptum;
3070 671 3192 710 cum
3214 657 3456 725 credam,

1871 744 2016 811 quod
2063 751 2119 799 et
2155 759 2340 800 eorum
2379 746 2663 816 originalia
2695 747 2959 803 deleveris
2981 749 3033 803 in
3079 748 3367 819 b:~ptismo,
3403 760 3460 805 et

1872 835 2109 905 ipsorum
2158 837 2455 892 actualium
2486 839 2641 895 fuero
2688 840 2967 905 imitator;
3001 842 3255 911 quoniam
3285 851 3338 894 tu
3377 843 3460 897 di-

1870 926 2020 991 xisti,
2052 928 2194 997 quod
2233 929 2581 998 iniquitatem
2630 932 2803 1001 patris
2843 932 2983 988 filius
3018 947 3123 988 non
3190 942 3454 1002 portaret.
3539 966 3543 970 -

1872 1018 1977 1075 Sed
2006 1021 2185 1091 potius
2213 1022 2328 1078 lucc
2363 1031 2445 1079 est
2475 1024 2702 1080 intentio
2737 1041 2875 1082 mea.
2904 1027 3063 1092 Deus,
3090 1043 3212 1083 cum
3235 1029 3376 1099 dico,
3404 1031 3456 1086 in

1871 1112 2251 1184 iniquitatibus
2285 1115 2639 1187 originalihus
2687 1130 2740 1173 et
2787 1121 3089 1177 actualibus
3138 1137 3224 1178 me
3269 1137 3458 1180 conce-

1872 1202 2180 1271 ptum,‘ltoc
2211 1214 2298 1259 est
2341 1206 2393 1260 iu
2448 1205 2533 1261 illa
2580 1208 2695 1278 iege
2728 1225 2860 1264 mere
2899 1210 3126 1277 originis
3153 1212 3371 1280 vitiosa,
3405 1213 3457 1268 in

1871 1311 1976 1367 qua
2007 1310 2196 1351 omnes
2226 1299 2587 1369 concipimur,
2618 1310 2670 1356 et
2695 1302 2973 1358 nascimur
3008 1303 3060 1357 iu
3096 1312 3269 1370 utero,
3309 1312 3364 1358 et
3390 1320 3460 1360 ex

1857 1394 2049 1452 ‘utero,
2096 1387 2189 1441 filii
2222 1390 2316 1445 iraa
2362 1399 2493 1457 tute;
2520 1402 2704 1474 .atque
2738 1408 2837 1464 per
2866 1395 3140 1450 traducem
3173 1394 3459 1450 libidinosa

1871 1482 2054 1536 carnis
2092 1481 2552 1549 concupiscentia,
2600 1482 2764 1537 etiam
2829 1492 3119 1555 antequam
3174 1498 3459 1555 peccemus

1870 1573 2606 1643 actualit‘er,'constituimur
2650 1574 2983 1643 peceatures,
3035 1584 3091 1631 et
3129 1575 3196 1630 ad
3228 1575 3458 1631 actualla

1870 1667 2172 1736 proniores.
2204 1666 2311 1722 Sed
2347 1681 2469 1721 cum
2503 1680 2609 1722 non
2635 1666 2704 1721 sit
2733 1666 2835 1721 nisi
2867 1682 3033 1721 unum
3065 1676 3121 1722 et
3152 1667 3322 1721 solum
3348 1668 3459 1723 ori-

1872 1755 2047 1824 ginale
2077 1766 2381 1826 peccatum,
2435 1756 2580 1827 quod
2624 1772 2654 1811 a
2704 1757 3022 1827 parentibus
3062 1757 3313 1823 trahitur,
3362 1772 3460 1837 pro

174 1844 347 1915 _alium
398 1845 779 1912 existentibus,
820 1847 962 1903 Deus
1011 1863 1184 1913 meus,
1236 1858 1292 1903 tu
1325 1847 1473 1904 solus
1510 1849 1770 1904 Dominus
1802 1844 1846 1898 B
1872 1863 1978 1919 quo
2001 1864 2107 1903 non
2138 1848 2394 1919 baptizati
2421 1848 2628 1919 parvuli
2655 1847 3084 1915 damnabtmtur;
3115 1863 3221 1903 non
3248 1863 3334 1904 me
3363 1863 3458 1903 ve-

195 1949 354 2002 mens,
389 1936 506 1989 siue
536 1946 761 2006 peccato
792 1937 846 1992 in
875 1937 1052 1995 medio
1082 1939 1410 2005 remanebis,
1440 1949 1495 1996 et
1515 1940 1661 1995 solus
1683 1956 1770 1996 me

192 2036 335 2095 potes
370 2027 437 2083 de
470 2039 692 2097 peccato
721 2046 840 2085 meo
870 2031 1104 2097 solvere,
1134 2040 1189 2086 et
1218 2033 1499 2098 damnare,
1522 2032 1647 2103 quia
1677 2033 1771 2087 tibi

192 2120 281 2173 soli
315 2122 540 2190 peccavi,
566 2132 614 2176 et
641 2121 837 2175 malum
874 2138 1048 2176 raram
1075 2133 1122 2178 te
1143 2123 1263 2192 feci.
1294 2124 1429 2190 lleu,
1477 2115 1577 2178 heu
1612 2124 1765 2190 mihi,

192 2209 430 2278 Domine,
468 2213 571 2268 heu
606 2213 762 2278 mihi,
789 2213 914 2282 quia
955 2214 1169 2282 quando
1191 2214 1392 2268 malum
1429 2215 1553 2280 feci,
1586 2230 1769 2270 coram

191 2309 256 2365 te,
287 2318 374 2357 tne
406 2317 567 2372 quem
615 2312 692 2367 tu,
731 2303 822 2370 qui
855 2302 1001 2359 solus
1030 2302 1203 2361 bonus
1229 2322 1310 2367 es,
1361 2309 1558 2360 bonum
1594 2307 1645 2360 in
1678 2306 1772 2361 ba-

186 2391 381 2460 ptismo
431 2393 661 2457 feceras,
697 2392 896 2447 malu’m
944 2393 1044 2449 feci
1073 2396 1086 2449 !
1120 2393 1274 2451 Nunc
1305 2406 1484 2452 autem
1511 2398 1673 2452 timor
1718 2406 1775 2453 et

188 2492 388 2537 tremor
417 2492 682 2539 venerunt
703 2498 864 2554 super
893 2500 999 2551 me,
1040 2486 1165 2557 quia
1197 2488 1375 2543 audivi
1405 2497 1548 2544 tuam
1577 2491 1772 2544 verita-

189 2580 289 2626 tem
321 2572 376 2626 in
403 2571 651 2630 Ecclesia
675 2575 1095 2643 exclamantem,
1122 2577 1266 2649 quod
1299 2579 1470 2634 malos
1494 2580 1629 2636 male
1651 2596 1775 2651 per-

191 2664 297 2731 des,
324 2664 471 2720 inter
504 2679 641 2733 quos
670 2681 770 2721 nec
798 2666 929 2722 mihi
961 2683 1175 2739 parces,
1220 2670 1324 2725 nisi
1351 2671 1629 2741 placabilis
1659 2672 1776 2729 fue-

191 2757 261 2812 ris
286 2772 450 2827 super
472 2756 677 2812 malitia
715 2774 855 2828 mea,
898 2760 1062 2817 Deus.
1096 2763 1304 2818 Exaudi
1337 2779 1493 2837 ergo,
1524 2766 1770 2835 Domine,

192 2847 424 2916 placare,
471 2844 720 2915 Domine,
744 2853 991 2915 attende,
1022 2862 1077 2909 et
1106 2854 1192 2910 iac
1220 2871 1432 2912 mecum
1465 2857 1774 2913 misericor-

199 2938 332 2994 diam
362 2951 509 2998 tuam
542 2957 818 3012 magnam,
849 2945 992 3015 quia
1033 2953 1087 3001 et
1117 2949 1335 3015 quando
1365 2960 1551 3003 coram
1575 2957 1627 3003 te
1653 2965 1773 3003 ma-

196 3027 293 3083 lum
321 3030 446 3096 feci,
477 3033 702 3088 nimium
737 3034 910 3089 audax
940 3034 1037 3100 fui,
1059 3036 1183 3105 quia
1219 3035 1321 3092 feci
1348 3052 1533 3093 coram
1563 3040 1772 3109 tequod

197 3136 366 3177 coram
396 3123 707 3180 hominibus
744 3141 850 3181 non
894 3125 1166 3183 fecissem.
1188 3127 1268 3183 llli
1295 3138 1500 3196 autem,
1524 3130 1767 3197 Domine,

182 3215 279 3281 qui
307 3231 489 3273 coram
532 3226 589 3272 te
625 3217 760 3288 justi
798 3219 1165 3285 invenientur,
1214 3219 1541 3277 laetabuntur
1586 3238 1768 3279 coram

197 3316 259 3371 te,
305 3309 570 3382 sicut’qui
613 3311 864 3367 laetantur
907 3312 963 3367 in
1012 3327 1208 3368 messe.
1247 3313 1353 3368 Sed
1385 3329 1486 3385 ego
1515 3313 1768 3383 iniustus,

194 3396 274 3464 qui
307 3413 487 3456 coram
518 3400 832 3459 hominibus
872 3402 1193 3474 injustitiam
1234 3419 1435 3473 meam,
1476 3414 1532 3461 et
1569 3407 1771 3463 malum

193 3498 362 3542 coram
406 3499 460 3546 te
499 3490 630 3559 feci,
679 3507 822 3547 nunc
862 3492 931 3548 de
969 3493 1127 3549 malis
1176 3495 1315 3550 meis
1340 3510 1535 3551 coram
1570 3505 1622 3552 te
1647 3511 1773 3551 eru-

193 3574 362 3635 besco.
409 3580 588 3638 Parce
633 3597 766 3653 ergo
818 3583 974 3649 mihi,
1025 3584 1169 3642 Deus
1218 3601 1393 3654 meus,
1446 3602 1611 3658 parce
1638 3590 1768 3646 mihi

197 3672 557 3732 amarissimos
604 3678 838 3747 gemitus
885 3678 1220 3749 pmnitentite
1266 3689 1323 3736 et
1370 3682 1639 3751 profunda
1674 3699 1769 3740 su-

194 3768 343 3836 spiria
373 3772 440 3827 ab
468 3773 587 3829 imo
621 3775 858 3844 pectoris
889 3773 1208 3845 proferenti.
1242 3775 1313 3831 Ut
1363 3784 1418 3831 tu
1461 3777 1552 3848 qui
1582 3777 1770 3834 dixisti

192 3872 277 3927 per
307 3864 572 3933 Spiritum
624 3878 873 3923 sanctum
913 3877 1062 3923 tuum
1096 3885 1111 3923 :
1152 3867 1211 3922 In
1258 3883 1584 3939 quacunque
1635 3870 1771 3927 hora

193 3949 495 4021 ingemuerit
563 3968 859 4028 peccator,
925 3960 1168 4015 omnium
1224 3959 1570 4029 iniquitatum
1631 3960 1768 4029 ejus,

194 4058 312 4114 quas
337 4063 596 4122 operatus
645 4062 747 4113 est,
787 4068 895 4108 non
939 4052 1295 4118 recordabar,
1330 4052 1673 4123 justi/irem;
1716 4062 1772 4110 et

190 4132 349 4201 iustus
376 4151 430 4197 et
462 4158 663 4207 verax,
714 4142 856 4197 sicut
901 4156 981 4206 es,
1034 4142 1333 4199 invenieris
1363 4142 1421 4197 in
1445 4142 1772 4198 sermonibus

194 4225 315 4292 ὐἷες
343 4232 464 4301 quia
497 4247 687 4289 sermo
726 4240 851 4288 tuus
873 4233 1076 4289 veritas
1113 4241 1229 4299 est,
1263 4240 1320 4290 et
1360 4248 1455 4289 eos
1483 4233 1774 4291 mendaces

193 4321 444 4384 ostendes.
488 4325 587 4396 qui
641 4324 832 4381 dicunt
873 4324 1015 4395 quod
1055 4324 1187 4380 mihi
1244 4327 1623 4398 ingemiscenti
1662 4342 1770 4383 non

193 4419 384 4473 Parces.
421 4415 486 4471 Et
506 4431 608 4473 eos
632 4418 832 4481 vincas,
860 4431 981 4472 cum
1010 4416 1079 4472 ab
1101 4417 1234 4488 ipsis
1263 4426 1345 4483 tu,
1372 4418 1457 4475 cui
1493 4420 1771 4490 proprium

193 4508 266 4554 est
290 4504 531 4564 misereri
566 4523 781 4579 semper
801 4517 856 4564 et
881 4524 1125 4580 parcere,
1147 4510 1538 4569 immisericors
1556 4512 1773 4584 judica-
1799 4521 1848 4582 ι)

193 4586 280 4644 rit.
323 4592 645 4662 Considera,
677 4598 989 4655 misericors
1024 4601 1185 4664 Deus,
1220 4602 1581 4657 substantiam
1619 4604 1770 4658 intir-

193 4683 381 4743 mitatis
423 4698 476 4746 et
514 4691 855 4762 paupertatis
905 4708 1073 4759 meae;
1122 4700 1179 4749 et
1220 4694 1446 4750 ostende
1483 4709 1648 4765 super
1684 4710 1772 4751 me

196 4779 607 4848 magnitudinem
632 4782 853 4852 "pietatis
893 4791 1019 4850 tum,
1046 4793 1100 4840 et
1125 4784 1179 4840 in
1203 4785 1529 4841 immensum
1561 4786 1773 4842 miseri-

195 4869 379 4928 cordiae
410 4882 517 4931 tute
563 4873 787 4945 pelagus
818 4890 903 4932 me
943 4876 1153 4944 attolle,
1179 4886 1234 4933 et
1276 4885 1367 4933 tua
1396 4877 1628 4948 benigna
1658 4877 1770 4933 cle—

197 4964 383 5020 mentia
407 4971 593 5027 omnia
641 4981 867 5043 peccata
911 4985 1030 5026 mea
1077 4970 1326 5037 remitte;
1359 4985 1480 5041 quae
1527 4970 1659 5025 mihi
1700 4984 1770 5027 ex

196 5047 427 5121 originali
476 5068 710 5130 peccato
750 5059 1119 5128 adhaeserunt,
1170 5060 1266 5115 aut
1299 5074 1377 5116 ex.
1400 5059 1772 5129 pravitatibus

197 5142 322 5199 meis
343 5159 531 5216 postea
578 5158 1042 5222 supervenerunt;
1070 5159 1125 5208 et
1160 5150 1230 5208 ab
1255 5151 1364 5216 his,
1396 5149 1645 5217 Domine,
1683 5165 1771 5207 me

199 5226 478 5295 clementer
496 5241 749 5306 emunda,
779 5250 833 5298 et
859 5243 1112 5299 omnibus
1131 5241 1450 5315 parentibus
1477 5240 1613 5298 meis
1637 5254 1767 5298 con-

197 5325 319 5378 cede
346 5330 542 5397 gaudia
565 5332 915 5403 sempiterna.

260 5412 345 5472 13.
372 5417 467 5490 (γ.
493 5421 575 5493 7.)
610 5422 746 5479 Ecce
770 5424 909 5479 enim
938 5423 993 5478 in
1027 5422 1393 5494 iniquitatibus
1417 5422 1771 5494 originalibtts

201 5507 564 5569 etactualibus
587 5523 864 5584 conceptus
894 5529 1012 5569 sum
1040 5512 1135 5586 (6).
1168 5510 1281 5569 Nec
1308 5512 1601 5583 intelligas,
1628 5514 1770 5569 Deus

252 5685 339 5780 ξφ)
375 5698 675 5775 Observent
707 5705 940 5780 theologi
964 5720 1108 5780 eam,
1144 5721 1263 5780 quae
1286 5707 1550 5780 sequitur,
1574 5708 1765 5764 Ansel-

201 5769 356 5827 mide
386 5772 630 5842 peccato
672 5769 926 5849 originali
981 5769 1256 5849 copiosam
1288 5769 1612 5847 doctrinam,
1647 5794 1767 5852 qua:

1872 1937 1961 2006 lis,
1994 1937 2241 2003 Domine,
2296 1952 2525 2008 arguere
2567 1938 2620 1992 in
2670 1932 2876 2003 furore,
2914 1938 2958 1994 si
3007 1938 3199 2007 plurali
3232 1951 3459 1993 numero

1873 2043 2002 2084 usus
2027 2044 2146 2083 sum
2171 2028 2224 2083 in
2255 2028 2355 2083 hac
2377 2038 2531 2097 parte
2555 2028 2803 2093 dicendo,
2833 2028 2978 2099 quod
3002 2028 3055 2082 in
3083 2027 3460 2098 iniquitatibus

1871 2119 2223 2189 originalibus
2247 2128 2301 2173 et
2327 2120 2629 2176 actualibus
2653 2135 2773 2175 sum
2803 2129 3128 2190 conceptus:
3154 2135 3277 2175 cum
3304 2120 3461 2176 dixe-

1872 2211 1975 2266 rim
2015 2213 2130 2269 haec.
2162 2228 2262 2293 pro
2304 2228 2371 2269 eo
2403 2213 2547 2284 quod
2596 2211 2726 2267 illud
2775 2227 2940 2267 unum
2971 2211 3235 2281 originale
3263 2222 3459 2283 pecca-

1875 2309 1987 2355 tum
2026 2302 2208 2373 plures
2238 2304 2434 2359 habeat
2471 2301 2711 2371 etl'ectus,
2758 2311 2815 2359 et
2844 2303 2970 2373 quia
3004 2303 3058 2358 in
3099 2302 3189 2359 ille
3218 2318 3328 2357 uno
3346 2303 3466 2360 ori-

1874 2391 2037 2463 ginali
2078 2402 2302 2463 peccato
2344 2393 2565 2465 intelligi
2597 2394 2751 2464 plura
2788 2404 3036 2463 possunt,
3080 2394 3150 2460 si,
3178 2394 3334 2465 quasi
3367 2409 3462 2464 per

1875 2481 2114 2537 membra
2142 2480 2350 2552 singula
2374 2482 2686 2537 dividantur
2714 2497 2729 2537 :
2773 2492 2826 2538 et
2858 2482 3097 2538 maxime
3125 2484 3249 2553 quia
3280 2483 3332 2537 iu
3356 2484 3464 2539 hoc

1874 2573 2064 2643 plurali
2096 2589 2324 2629 numero
2347 2573 2604 2644 intelligo,
2628 2574 2769 2629 sicut
2792 2582 2847 2628 et
2872 2584 2925 2629 tu
2950 2575 3087 2647 ipse,
3112 2574 3277 2641 Deus,
3304 2575 3463 2631 intel-

1875 2665 2019 2736 ligis,
2048 2665 2422 2736 singularem;
2470 2673 2528 2721 ut
2554 2681 2676 2721 eum
2726 2666 2951 2738 angelus
2998 2676 3121 2722 tuus
3156 2667 3209 2723 in
3256 2668 3463 2725 somnis

1874 2757 2125 2827 apparuit
2161 2756 2362 2827 .loseph
2414 2758 2600 2814 dicens
2630 2773 2646 2813 :
2671 2758 2823 2814 Tolle
2869 2773 3097 2828 puerum
3133 2768 3189 2815 et
3230 2769 3462 2815 matrem

1873 2847 2013 2916 ejus,
2061 2856 2118 2904 et
2162 2847 2299 2903 vade
2349 2847 2402 2902 iu
2433 2858 2634 2903 terram
2685 2848 2887 2915 Israel;
2920 2849 3160 2907 defuncti
3188 2860 3337 2918 sunt,
3367 2852 3461 2922 qui

1873 2939 2190 3008 qumrebant
2218 2938 2454 2994 animam
2483 2939 2667 3008 pueri;
2696 2938 2960 3001 defuncti.
2982 2940 3463 3011 pluraliterdixisti

1873 3044 1973 3100 per
2018 3029 2291 3099 angelum,
2340 3043 2448 3084 non
2491 3029 2798 3096 defunctus,
2847 3032 3096 3101 quamvis
3135 3026 3463 3105 intelligeres

1877 3118 2228 3189 singulariter
2274 3119 2343 3173 de
2388 3117 2624 3183 Herode,
2670 3119 2762 3189 qui
2816 3126 2944 3176 tunc
2986 3122 3134 3178 solus
3187 3125 3464 3195 quaerebat

1877 3222 2000 3263 eum
2053 3222 2279 3279 puerum
2332 3209 2400 3263 ad
2432 3208 2788 3279 perdendum.
2845 3208 2951 3266 Sed
2996 3220 3052 3267 et
3100 3212 3311 3285 Moyses
3332 3214 3461 3269 dum

1875 3306 2047 3352 staret
2072 3298 2126 3353 in
2144 3297 2515 3353 confractioue
2553 3296 2606 3351 in
2637 3307 2929 3366 conspectu
2960 3308 3075 3367 tuo,
3106 3310 3165 3355 ut
3185 3312 3465 3360 avertere:

1873 3387 2010 3444 iram
2034 3397 2203 3454 tuam,
2228 3387 2532 3459 designavit
2557 3388 2609 3441 iu
2635 3387 2829 3456 plurali
2858 3407 3088 3447 numero
3107 3393 3459 3464 singularem,

1872 3493 1997 3534 cum
2045 3478 2184 3534 dixit
2215 3494 2232 3534 :
2259 3478 2511 3536 Peccavit
2558 3478 2788 3549 populus
2830 3480 2932 3538 iste
2980 3493 3260 3554 peccatum
3290 3485 3463 3542 maxi-

1857 3587 2042 3638 mum,
2073 3571 2319 3629 fecerunt
2361 3574 2463 3630 sibi
2502 3576 2633 3632 deos
2660 3589 2892 3643 aureos;
2924 3575 3052 3634 licet
3081 3593 3247 3635 unum
3286 3580 3463 3636 solum

1871 3665 2100 3721 vitulum
2134 3666 2541 3725 conflavissent.
2566 3669 2643 3727 De
2666 3687 2775 3745 quo
2798 3671 2964 3730 etiam
2992 3672 3160 3730 vitulo
3176 3672 3462 3746 singulari,

1870 3758 2156 3830 pluraliter
2190 3760 2533 3817 addiderunt.
2848 3768 2851 3771 “

1944 3851 2033 3906 ﬂ.
2068 3851 2127 3907 ln
2153 3850 2532 3922 iniquitatibus
2560 3854 2913 3925 originalibus
2941 3864 2997 3911 et
3026 3855 3335 3911 actualibus
3374 3871 3463 3913 me

1872 3951 2217 4013 c0nceptum,
2262 3944 2505 4015 intelligo
2555 3946 2737 4001 dicere
2779 3960 2865 4002 me
2913 3955 3231 4017 conceptum
3270 3947 3322 4001 in
3372 3947 3462 4004 Illo

1872 4049 1982 4090 uuo
2005 4036 2350 4105 et‘singulari
2381 4036 2635 4108 originali
2678 4044 2923 4108 peccato,
2957 4039 3010 4093 in
3057 4054 3165 4109 quo
3191 4053 3382 4096 omnes
3406 4039 3460 4096 in

1872 4129 2047 4186 Adam
2072 4141 2458 4201 peccaverunt,
2502 4138 2563 4186 ut
2608 4131 2662 4186 in
2695 4129 2966 4187 materiali
3007 4145 3208 4186 massa.
3240 4129 3376 4186 Nam
3405 4130 3462 4188 in

1872 4235 1939 4277 eo
1968 4222 2305 4278 semiualiter
2339 4236 2531 4278 omnes
2571 4229 2753 4286 erant,
2807 4221 3026 4291 quando
3057 4223 3171 4294 ipse
3208 4231 3461 4279 naturam

1873 4313 2116 4384 corrupit
2185 4313 2511 4379 humanam;
2563 4322 2618 4370 et
2662 4315 2732 4369 ab
2782 4314 2873 4369 illo
2918 4330 3028 4369 uno
3071 4313 3310 4379 homine,
3367 4315 3461 4385 qui

1873 4405 2116 4460 omnium
2147 4414 2389 4461 nostrum
2418 4404 2520 4460 fuit
2553 4405 2781 4460 materia
2812 4414 2869 4461 et
2907 4405 3082 4475 origo,
3113 4421 3303 4462 omnes
3330 4422 3463 4462 con-

1874 4495 2800 4565 cupiscentialiter.descenderunt,
2840 4505 2892 4552 et
2937 4511 3034 4568 per
3058 4497 3462 4569 prepagationis

1873 4588 2275 4644 successionem
2324 4596 2382 4645 et
2436 4589 2620 4644 carnis
2667 4589 3194 4660 concupiscentiam,
3251 4591 3462 4647 occulte

1873 4678 1964 4733 illa
1994 4678 2272 4749 corruptio
2301 4679 2356 4734 in
2394 4688 2640 4750 posteros
2661 4681 3005 4754 demigravit.
3030 4680 3141 4736 Nec
3166 4680 3462 4736 tamenhoc

1862 4769 2004 4825 fecit
2048 4770 2389 4842 propagatio,
2421 4772 2515 4826 sed
2550 4770 2715 4827 libido
2750 4790 2765 4827 :
2795 4788 2901 4829 non
2953 4782 3164 4833 natura:
3210 4772 3461 4826 humanae

1872 4862 2200 4928 fecunditas,
2233 4862 2327 4917 sed
2355 4861 2594 4919 libidinis
2627 4862 2870 4925 fteditas,
2891 4878 3053 4933 quam
3082 4863 3333 4918 homines
3356 4863 3458 4916 ha-

1872 4950 2002 5008 bent
2028 4966 2096 5008 ex
2131 4951 2276 5008 illius
2318 4952 2479 5023 primi
2513 4951 2819 5022 justissima
2856 4961 2971 5017 tua,
3007 4951 3167 5012 Deus,
3193 4950 3457 5006 condem-

1873 5045 2093 5101 natione
2115 5045 2346 5116 peccati.
2378 5042 2494 5100 Non
2524 5046 2670 5101 enim
2696 5044 2822 5115 quia
2862 5044 2930 5099 ab
2956 5043 3126 5098 Adam
3159 5057 3256 5112 per
3278 5041 3460 5097 carnis

1870 5137 2317 5210 propagationem
2356 5135 2759 5215 descendimus,
2794 5133 2918 5190 ideo
2949 5131 3204 5203 originali
3236 5134 3461 5203 peccato

1873 5236 2143 5294 tenemur,
2170 5243 2296 5283 cum
2334 5234 2391 5281 et
2440 5235 2496 5279 tu
2527 5224 2662 5294 ipse,
2692 5222 2919 5279 Domine
2945 5222 3072 5279 Jestt
3099 5221 3337 5290 Christe,
3367 5221 3460 5293 qui

1871 5321 2018 5378 omni
2073 5328 2300 5392 peccato
2337 5314 2587 5387 originali
2622 5325 2679 5371 et
2725 5314 2929 5369 actuali
2975 5314 3193 5385 penitus
3214 5313 3457 5381 caruisti,

1872 5412 1926 5469 in
1956 5411 2406 5467 medicamentum
2441 5405 2614 5461 nostri
2646 5405 2907 5473 vulneris,
2936 5405 3057 5461 sine
3077 5418 3244 5476 opere
3265 5419 3461 5460 concu-

1869 5504 2199 5577 piscentiali,
2251 5502 2304 5559 in
2349 5501 2466 5557 sola
2511 5500 2743 5558 materia
2788 5497 3082 5572 corporali,
3111 5505 3166 5553 et
3199 5512 3301 5569 per
3325 5496 3462 5553 divi-

1875 5703 2082 5760 utiliter
2122 5699 2434 5757 conferetur
2475 5715 2596 5755 cum
2628 5697 2868 5767 ejusdem
2899 5697 3008 5754 divi
3043 5696 3182 5755 libro
3224 5696 3298 5754 De
3329 5712 3456 5753 con-

1875 5785 2034 5846 ceptu
2064 5772 2312 5846 virginali
2340 5781 2394 5829 et
2426 5770 2673 5845 originali
2706 5778 2948 5842 peccato.
