4060 6292
568 332 667 391 ﬁl

926 326 986 383 Β.
1025 321 1327 381 ANSELMI
1369 319 1721 378 CANTHAR.
1761 314 2083 374 ARCHIEP.
2112 312 2265 371 OPP.
2297 296 2478 368 PARS
2516 311 2580 368 ll.
2617 341 2690 354 -
2718 312 3089 370 PAlleX'ET.
3132 315 3218 373 ET
3242 314 3490 374 ASCET.

574 460 698 502 nam
727 443 1154 514 conceptionem,
1188 436 1612 507 formatorisque
1640 433 1909 494 rationem
1933 432 2156 489 descen-
2185 432 2229 490 Λ
2261 438 2371 482 tam
2415 426 2709 483 violentum
2750 426 3052 484 dominium
3100 438 3468 494 exercentem,
3513 432 3664 503 quod
3705 432 3895 505 ξιιμ-ι

575 538 719 595 deris
739 537 808 591 ah
830 537 1041 593 eodem.
1072 534 1179 608 Sed
1209 532 1334 605 quia
1361 529 1609 598 concepti
1635 542 1822 583 sumus
1852 525 1940 581 illa
1963 526 2157 580 vitiosa

573 636 689 699 tege
736 625 1100 696 concipiendi,
1139 623 1297 678 nohis
1342 635 1408 677 ex
1449 626 1671 688 peccato
1721 617 1883 689 primi
1923 614 2160 673 hominis

575 697 782 771 occulte
826 724 880 771 et
933 716 1319 770 miserabiliter
1370 713 1674 778 accedenti,
1724 712 1846 766 ideo
1879 707 2159 780 originalis

573 807 776 876 peccati
816 823 880 862 ex
932 816 1023 862 tua
1064 806 1393 876 justissima,
1434 806 1599 872 Deus,
1650 802 1921 859 sententia
1966 799 2043 855 rei
2068 815 2159 856 su-

573 913 712 954 mus.
771 897 904 953 Nam
956 898 1412 969 quemadmodum
1460 905 1558 960 tu,
1601 895 1742 948 Deus
1794 891 2157 961 omnipotens,

572 990 819 1062 cognitor
844 990 1203 1054 occultorum,
1248 988 1671 1043 occultissimam
1708 985 1939 1056 gratiam
1981 981 2156 1053 Spiri-

572 1091 660 1139 tus
684 1083 855 1138 sancti
881 1082 954 1137 tui
974 1082 1204 1136 latenter
1229 1080 1468 1136 infundis
1490 1078 1595 1135 tuis
1623 1077 1894 1141 fidelibus,
1911 1086 1965 1131 et
1990 1075 2155 1132 etiam

572 1174 810 1243 parvulis
863 1174 917 1228 in
955 1174 1260 1245 baptismo;
1310 1172 1391 1226 sic
1438 1179 1493 1225 et
1530 1170 1691 1224 homo
1730 1168 1841 1233 ille,
1872 1182 1968 1238 per
1995 1181 2155 1237 quem

574 1267 677 1322 hoc.
707 1273 984 1336 peccatum
1029 1262 1293 1335 originale
1335 1261 1557 1317 intravit
1592 1259 1646 1314 in
1693 1259 1972 1322 mundum,
2007 1258 2062 1312 in
2099 1272 2160 1313 se

573 1373 762 1411 omnes
790 1356 857 1410 de
883 1356 1052 1427 stirpe
1099 1369 1196 1410 sua
1228 1362 1484 1410 venturos
1511 1350 1720 1407 occulta
1755 1349 1874 1404 labe
1912 1359 1967 1404 et
1996 1347 2156 1405 feedi-

576 1460 685 1505 tate
720 1465 831 1503 sna-
856 1447 1153 1503 libidinosa:
1190 1442 1638 1514 concupiscentia!
1665 1441 1802 1496 adeo
1840 1439 2155 1506 labilieavit,

574 1540 716 1609 quod
743 1539 919 1593 anima
950 1556 979 1593 a
1024 1548 1095 1604 te,
1133 1538 1291 1604 Dens,
1317 1536 1551 1592 creando
1581 1532 1758 1588 inlusa
1789 1531 2006 1602 corpori
2036 1531 2159 1586 tali-

574 1641 656 1687 ter
686 1630 972 1698 labefacta,
1005 1630 1270 1686 maculata
1302 1628 1562 1701 polluitur
1595 1636 1650 1683 et
1680 1624 1919 1680 findatur
1952 1641 1967 1680 :
2012 1624 2154 1679 sicut

572 1740 626 1778 tn
656 1739 781 1779 vase
811 1738 914 1778 non
951 1723 1165 1778 sincero
1192 1722 1377 1777 vinum
1407 1718 1671 1785 inlusum,
1700 1717 1827 1774 licet
1868 1718 2154 1785 optimmn,

573 1816 810 1870 tnlicitnr
834 1824 890 1870 et
929 1816 1170 1880 acescit;
1208 1823 1262 1870 et
1305 1815 1360 1869 in
1394 1813 1482 1869 illa
1512 1813 1785 1868 inlusione
1825 1814 1939 1886 ipsa
1970 1815 2155 1869 anima

572 1907 932 1962 damnationis
980 1906 1307 1962 sententiam
1357 1907 1410 1961 in
1475 1920 1595 1961 sese
1630 1896 1835 1976 justam
1882 1909 2159 1979 excipiens

572 1997 780 2068 culpam
810 1999 1083 2054 contrahit
1103 2006 1159 2053 et
1178 2006 1413 2066 reatum,
1445 2007 1503 2054 et
1521 2013 1695 2070 pecua:
1717 2008 1994 2071 perpetem
2021 2001 2158 2056 obli-

572 2101 750 2161 gatnr.

644 2179 731 2235 15.
750 2180 877 2248 Sed,
913 2197 946 2237 ο
977 2181 1223 2250 Domine,
1256 2181 1384 2252 quid
1424 2181 1621 2250 dicam,
1653 2184 1780 2254 quid
1802 2184 2155 2255 respondebo,

572 2285 696 2326 cum
736 2284 852 2325 mea
899 2272 1225 2328 sensualitas
1274 2288 1303 2326 ιι
1362 2287 1482 2326 mea
1533 2272 1895 2345 interrogetur
1947 2276 2159 2330 ratione

572 2366 775 2432 qubmo
796 2364 844 2418 io
885 2363 986 2418 hoc
1017 2373 1194 2433 potest
1228 2377 1371 2427 esse,
1400 2370 1459 2417 ut
1484 2377 1607 2418 cum
1632 2364 1883 2434 originali
1934 2375 2159 2435 peccato

574 2467 829 2508 nascatur
860 2456 1137 2526 parvulus,
1169 2457 1386 2526 genitus
1425 2476 1456 2516 a
1496 2458 1817 2531 parentibus
1847 2458 2155 2528 baptizatis,

570 2559 695 2599 cum
745 2560 852 2599 nun
904 2547 1114 2616 possint
1166 2549 1218 2604 in
1275 2550 1422 2607 illum
1455 2552 1842 2608 transfundere
1870 2549 2012 2623 quod
2050 2567 2158 2608 non

569 2633 807 2688 habent?
836 2635 997 2699 Ecce,
1027 2635 1274 2706 Domine,
1302 2640 1395 2710 qui
1440 2641 1672 2697 docuisti
1702 2656 1790 2697 me
1818 2657 1849 2695 a
1871 2640 2159 2710 juventnte

569 2741 687 2781 mra
720 2736 867 2783 stare
893 2744 1059 2798 super
1084 2731 1201 2786 vias
1239 2746 1410 2799 meas,
1439 2742 1496 2787 et
1526 2732 1867 2805 interrogare
1898 2733 1966 2788 de
1996 2732 2162 2788 semi-

569 2820 640 2872 tis
669 2820 927 2890 antiquis,
947 2836 1046 2891 per
1074 2823 1292 2878 easdem
1318 2825 1575 2895 antiquas
1595 2825 1818 2881 semitas
1840 2823 2162 2895 simpliciter

568 2911 913 2978 ambulando,
953 2914 1206 2970 existimo
1254 2917 1398 2984 quod
1444 2917 1633 2973 eodem
1668 2917 1848 2982 modo,
1879 2932 1989 2987 quo
2034 2930 2161 2986 par-

569 3002 727 3056 vulus
769 3003 897 3057 olim
947 3019 1070 3059 cum
1126 3008 1390 3076 praeputio
1434 3010 1785 3077 nascebatur,
1833 3022 1993 3079 quem
2046 3018 2159 3064 tum

569 3102 825 3160 parentes
856 3106 1253 3161 generaverunt
1281 3097 1585 3153 circumcisi
1611 3116 1626 3165 ;
1654 3109 1710 3153 ct
1737 3100 2005 3169 quomodo
2026 3116 2160 3170 quo-

572 3181 706 3237 tidie
735 3200 963 3255 granum
1010 3185 1233 3247 nudum,
1285 3201 1315 3239 a
1347 3186 1501 3257 palea
1554 3190 1789 3244 Ianuario
1824 3202 1986 3260 opere
2034 3205 2158 3245 eum

569 3273 849 3346 diligentia
900 3285 1229 3345 separatum,
1269 3285 1327 3330 et
1358 3278 1436 3333 sic
1470 3280 1819 3344 seminatnm,
1857 3296 1980 3335 cum
2011 3280 2162 3350 palea

570 3373 749 3419 tamen
788 3366 1031 3420 nascitur
1056 3377 1111 3420 et
1139 3371 1412 3442 exsurgit;
1442 3371 1522 3426 sic
1543 3382 1598 3426 et
1630 3386 1730 3442 ego
1756 3388 1879 3427 enm
1910 3371 2159 3441 originali

568 3465 791 3525 peccato
835 3470 918 3511 mc
948 3455 1122 3512 lateor
1157 3473 1278 3515 esse
1302 3471 1510 3528 uatum,
1556 3463 1681 3519 licet
1709 3472 1787 3529 tu,
1821 3462 1962 3519 Deus
1989 3464 2165 3519 οιιιιιί-

577 3557 788 3617 potens,
834 3564 1088 3621 parentes
1124 3572 1272 3610 meos
1299 3555 1367 3611 ah
1398 3555 1490 3609 illo
1524 3556 1868 3611 mandaveris
1896 3555 1947 3609 in
1980 3555 2162 3626 bapti-

572 3650 692 3691 smo
719 3658 731 3670 -
771 3643 1023 3710 quoniam
1051 3645 1151 3716 ipSI
1186 3662 1271 3701 me
1297 3662 1362 3701 ex
1395 3647 1497 3701 hoe
1524 3645 1818 3701 carnaliter
1837 3656 2159 3713 genuerunt.

576 3728 719 3797 quod
751 3745 816 3785 ex
869 3743 1152 3802 peccatore
1199 3747 1384 3791 vetere
1417 3737 1634 3793 homine
1663 3745 2076 3803 contraxerunt,
2105 3748 2162 3793 et

574 3835 683 3876 non
730 3825 1027 3879 sccundmn
1072 3826 1218 3882 illam
1243 3829 1672 3903 generationem,
1702 3842 1809 3898 qua
1849 3827 2026 3883 denuo
2048 3827 2161 3883 nati

571 3922 728 3969 erant
747 3956 762 3979 ,
806 3917 902 3972 Sed
934 3918 1134 3987 potius.
1158 3920 1285 3990 quia
1308 3929 1364 3975 et
1388 3920 1490 3990 ipsi
1517 3919 1733 3975 fuerant
1755 3918 2050 3977 carnaliter
2067 3935 2163 3991 ge-

572 4010 767 4066 nerati.
793 4011 858 4067 Et
884 4012 986 4069 hoc
1015 4015 1329 4070 recordatus
1353 4023 1568 4080 sum,et
1590 4014 1754 4070 ell‘udi
1784 4016 1837 4070 in
1863 4031 1949 4070 me
1970 4029 2160 4069 coram

573 4110 626 4155 te
651 4103 886 4158 animam
934 4120 1133 4170 meam,
1162 4096 1332 4174 Deus,
1365 4116 1427 4162 ut
1459 4105 1754 4177 intelligam
1778 4104 2162 4161 miserabiliter

571 4189 625 4245 in
656 4205 741 4246 me
770 4190 994 4259 factttm,
1023 4197 1166 4264 quod
1219 4195 1308 4250 ille
1352 4198 1561 4267 primus
1610 4196 1792 4261 homo,
1828 4211 1953 4252 cum
1984 4196 2037 4251 in
2069 4196 2161 4251 ho-

571 4297 704 4337 norc
734 4270 894 4348 esset,
930 4284 982 4339 in
1020 4302 1079 4342 se
1116 4303 1222 4342 non
1267 4286 1536 4345 intellexit
1585 4303 1615 4342 a
1663 4297 1716 4344 te
1748 4286 2054 4357 iustissime
2077 4288 2160 4344 la-

572 4376 845 4433 cicndum.
900 4379 981 4434 Τιι
1014 4389 1217 4448 autem,
1259 4383 1424 4448 Dens,
1454 4382 1545 4452 qui
1577 4381 1731 4438 dives
1761 4398 1825 4438 es
1854 4382 1907 4437 in
1948 4381 2161 4437 miseri-

2259 520 2494 576 miscens
2537 519 2640 575 sub
2674 533 2845 575 onere
2885 519 2992 577 isto
3022 520 3174 591 gravi
3207 536 3435 578 necesse
3468 522 3648 579 habeo
3669 523 3864 581 excla-

2258 626 2457 666 mare:
2494 609 2683 665 Infelix
2733 625 2835 681 ego
2873 611 3057 675 homo,
3109 610 3200 681 qui
3251 625 3351 681 per
3401 628 3491 668 me
3542 614 3611 669 de
3643 615 3856 671 crudeli

2259 702 2497 757 dominio
2542 702 2646 758 isto
2694 702 2876 758 carnis
2918 701 3136 757 liberari
3196 718 3303 757 non
3341 718 3588 773 possum,
3612 707 3744 776 quis
3775 722 3863 763 me

2260 794 2513 850 liberabit
2544 795 2611 850 de
2659 809 2888 863 corpore
2932 794 3125 850 mortis
3157 792 3355 864 hujus?
3399 796 3566 851 Certe
3614 813 3728 852 non
3776 798 3864 855 lex

2258 885 2478 957 Moysis,
2528 901 2635 942 non
2665 886 2964 956 prophetas,
3005 900 3113 939 non
3142 885 3377 955 propria:
3404 886 3551 941 vires
3572 903 3735 950 meae,
3767 887 3864 944 scd

2258 978 2433 1051 gratia
2466 987 2578 1043 tua,
2613 977 2776 1041 Dens,
2809 992 2906 1047 per
2923 975 3109 1031 Iesum
3141 977 3418 1032 Christum
3449 977 3744 1033 Dominum
3766 997 3862 1033 no-

2260 1079 2470 1135 strum;
2498 1082 2658 1138 quem
2691 1078 2803 1134 tua,
2830 1068 3009 1133 Pater,
3031 1067 3407 1123 misericordia
3432 1068 3570 1124 mihi
3598 1068 3775 1127 dedit.
3805 1078 3865 1123 ut

2262 1177 2360 1232 per
2383 1176 2508 1217 eum
2549 1159 2925 1215 remissionem
2965 1158 3227 1228 accipiam
3259 1170 3636 1230 peccatorum.
3677 1161 3736 1216 lu
3762 1160 3862 1216 hoe

2262 1263 2443 1308 autem
2472 1251 2784 1320 considero,
2815 1261 2871 1308 et
2898 1251 3132 1321 suspiro,
3149 1252 3508 1322 iustissimam
3530 1253 3863 1308 condemna-

2262 1341 2425 1397 tionis
2466 1340 2791 1396 sententiam
2827 1350 2996 1406 tuam,
3023 1339 3189 1407 Deus,
3221 1355 3384 1411 quam
3416 1342 3470 1396 in
3500 1343 3680 1397 Adam
3718 1352 3772 1397 et
3803 1343 3857 1397 in

2259 1432 2375 1502 ejus
2403 1442 2646 1504 posteros
2686 1433 2895 1488 ratione
2923 1433 3066 1487 illius
3106 1434 3492 1490 inohedientia:
3527 1435 3805 1505 protulisti
3837 1453 3853 1491 :

2259 1527 2403 1596 quod
2441 1526 2694 1582 videlicet
2724 1541 2833 1581 non
2868 1533 2951 1582 est
2973 1526 3192 1598 aliquis,
3215 1525 3306 1597 qui
3337 1527 3504 1582 etiam
3533 1537 3665 1597 post
3688 1527 3860 1598 bapti-

2259 1632 2434 1670 smum
2466 1615 2664 1673 vixerit.
2692 1617 2743 1671 in
2771 1617 2872 1672 hac
2901 1630 3092 1682 carne,
3120 1618 3212 1684 qni
3244 1634 3354 1672 non
3382 1618 3452 1673 ab
3479 1618 3650 1687 hujus
3676 1620 3861 1675 lust'li

2260 1704 2697 1775 concupiscentia
2732 1702 3022 1776 allligatur,
3055 1707 3156 1760 nisi
3202 1705 3343 1762 forte
3392 1706 3658 1763 ineﬂ‘ahili
3693 1709 3856 1763 mira.

2190 1776 2232 1835 Β
2261 1794 2383 1850 culo
2425 1794 2495 1849 ab
2523 1793 2914 1864 omnipotentia
2955 1803 3070 1861 tua,
3120 1794 3290 1862 Deus,
3326 1795 3413 1851 lex
3463 1797 3708 1866 peccati,
3742 1813 3865 1868 quae

2260 1894 2345 1942 est
2400 1886 2453 1941 iu
2508 1885 2766 1940 membris
2810 1885 2954 1957 ejus,
2989 1887 3044 1940 in
3088 1901 3157 1942 eo
3197 1889 3415 1957 penitus
3451 1890 3857 1960 exstinguatnr,

2262 1975 2405 2046 quod
2432 1974 2587 2030 valde
2611 1991 2866 2046 magnum
2894 1975 3237 2048 privilegium
3261 1988 3346 2032 est
3377 1992 3702 2047 paucorum.
3734 1979 3859 2034 lude

2263 2076 2440 2120 tamen
2478 2066 2681 2138 gratias
2728 2064 2821 2120 tibi
2876 2082 2979 2138 ago
3005 2066 3301 2138 gratiarmn
3329 2067 3541 2138 optimo
3584 2067 3857 2140 largitori,

2261 2157 2385 2226 quia
2416 2156 2517 2212 etsi
2562 2157 2660 2213 iste
2684 2157 3016 2213 domesticus
3044 2159 3215 2213 hostis
3252 2174 3425 2223 meus,
3464 2159 3554 2215 hic
3577 2160 3854 2227 stimulus,

2260 2249 2350 2304 hic
2383 2259 2667 2321 tyrannus,
2709 2249 2763 2303 in
2799 2264 2885 2305 me
2916 2260 3134 2306 maneat
3182 2260 3304 2320 post
3339 2251 3699 2322 baptismum,
3748 2270 3859 2309 non

2264 2348 2443 2393 tmnen
2474 2339 2610 2395 adeo
2640 2340 2946 2394 dominatur
2974 2352 3030 2395 et
3072 2350 3282 2411 regnat,
3314 2351 3373 2397 ut
3416 2352 3579 2408 ante;
3611 2345 3707 2399 sed
3734 2354 3852 2415 post

2176 2458 2179 2461 <
2261 2430 2514 2501 baptismi
2545 2430 2773 2500 gratiam
2802 2431 3143 2499 debilitatur;
3176 2433 3430 2490 inimicus
3468 2433 3768 2505 mitigatur,
3798 2445 3858 2489 ut

2263 2522 2316 2577 in
2342 2539 2427 2577 me
2456 2540 2560 2578 non
2594 2523 2770 2580 valeat
2800 2524 3090 2591 dominari,
3121 2525 3226 2581 nisi
3250 2541 3351 2596 ego
3378 2525 3433 2581 in
3466 2542 3692 2582 vacuum
3722 2542 3862 2583 sus-

2262 2615 2471 2683 cipicns
2509 2614 2739 2684 gratiam
2790 2623 2961 2678 tuam,
3025 2615 3185 2683 Dens,
3235 2627 3289 2671 et
3317 2627 3440 2686 post
3463 2620 3861 2689 concnp‘seeu—

2265 2707 2370 2762 tias
2400 2722 2548 2762 meas
2595 2707 2812 2767 vadens.
2858 2707 3142 2764 restituam
3176 2709 3320 2763 vires
3349 2708 3517 2778 hosti,
3562 2710 3742 2766 eidem
3774 2725 3863 2766 me

2260 2813 2358 2869 per
2385 2813 2707 2854 consensum
2745 2798 2991 2854 illicitum
3014 2803 3387 2871 supponenda.

2336 2906 2423 2962 l7.
2475 2907 2580 2962 Sed
2619 2908 2721 2962 llCll
2775 2909 2903 2964 mihi
2943 2909 3143 2965 misero
3168 2910 3463 2981 peccaturi,
3516 2912 3595 2967 mi
3632 2911 3861 2969 Domine

2264 3001 2579 3056 metuende!
2625 3000 2758 3056 Cum
2808 3002 3005 3057 scirem
3051 3002 3198 3072 quod
3235 3012 3290 3058 tu
3325 3019 3412 3059 me
3436 3004 3682 3073 gaudeas
3714 3005 3856 3074 (eod.

2263 3093 2461 3163 videns)
2486 3104 2732 3165 spectare
2760 3096 3077 3161 luctantem,
3103 3094 3297 3165 juvare
3325 3097 3702 3166 deiicientem,
3730 3101 3857 3156 sub-

2265 3182 2449 3239 levare
2495 3185 2800 3252 cadentem,
2857 3201 3121 3243 coronare
3161 3187 3501 3254 vincentem;
3552 3204 3714 3257 ecce,
3758 3190 3860 3246 Do-

2265 3272 2433 3335 mine,
2462 3283 2516 3327 tu
2547 3274 2749 3342 vidisti,
2776 3277 3034 3348 quoniam
3066 3278 3120 3332 in
3144 3292 3230 3334 me
3253 3277 3443 3333 insiliit
3468 3278 3659 3336 subito
3688 3282 3859 3338 hostis

2266 3364 2368 3419 iste
2402 3366 2667 3437 impulsus
2699 3369 2769 3425 ab
2801 3368 2894 3424 illo
2923 3368 3080 3439 cujus
3106 3369 3307 3426 haiitus
3326 3386 3534 3440 prunas
3569 3374 3770 3430 ardere
3785 3373 3854 3427 la-

2264 3456 2359 3524 cit,
2389 3466 2445 3512 et
2494 3458 2731 3528 quietem
2777 3464 2958 3519 cordis
2987 3462 3092 3518 mei
3137 3471 3193 3517 et
3234 3466 3481 3534 corporis
3502 3468 3851 3536 perturbavit.

2264 3549 2487 3616 Quoties
2522 3551 2794 3609 obscoenis
2821 3563 2878 3609 et
2912 3553 3206 3610 immundis
3233 3566 3286 3610 et
3318 3558 3474 3611 vanis
3509 3558 3856 3628 eugitatio:.i-

2264 3638 2365 3694 hos
2403 3655 2489 3695 me
2544 3642 2773 3711 turpiter
2801 3642 3227 3713 blasphemavitl
3266 3646 3483 3716 quoties
3538 3648 3610 3702 ad
3643 3649 3853 3718 phalan-

2263 3745 2357 3801 ges
2393 3732 2573 3788 cordis
2620 3734 2723 3788 mei
2767 3748 2928 3791 mane
2958 3745 3012 3791 et
3042 3752 3268 3806 vespere
3300 3737 3665 3804 exclamavit,
3698 3749 3760 3795 ut
3791 3740 3856 3795 ad

2264 3824 2535 3895 singulare
2573 3838 2855 3885 certamen
2907 3830 3289 3887 descenderem
3340 3839 3533 3888 contra
3563 3831 3771 3902 ipsum,
3805 3843 3859 3884 et

2264 3916 2606 3974 aﬂ‘ectionum
2650 3936 2895 3977 mearum
2939 3921 3248 3992 agminibus
3274 3923 3638 3994 exprobavit!
3675 3922 3856 3977 Vidisti

2263 4011 2450 4079 etiam,
2491 4013 2739 4080 Domine,
2790 4029 2856 4071 ex
2899 4016 3130 4071 adverso
3153 4016 3426 4085 quomodo
3457 4025 3659 4072 contra
3690 4018 3801 4087 ipsa
3822 4032 3855 4068 ιι

2263 4098 2409 4154 velut
2437 4101 2796 4171 pusillanitnis
2823 4119 2932 4159 non
2966 4105 3191 4171 certavi,
3223 4105 3369 4159 velut
3399 4104 3645 4162 inﬁdelis
3694 4106 3860 4175 illegi-

2265 4189 2396 4247 time
2427 4193 2718 4261 decertavi,
2750 4195 2834 4250 vel
2861 4195 3081 4251 omnino
3103 4196 3236 4251 solvi
3278 4196 3485 4253 militia:
3511 4215 3654 4255 mea:
3680 4201 3862 4254 vinct-

2262 4281 2374 4338 lum
2427 4284 2760 4353 indecenter,
2838 4299 3129 4357 antequam
3190 4289 3240 4344 ei
3288 4290 3512 4345 cederet
3557 4290 3859 4347 ndvetsitas

2260 4375 2590 4447 praeliorum.
2611 4376 2801 4434 Vidisti
2824 4377 3044 4448 insuper
3063 4378 3334 4449 (Domine,
3358 4394 3429 4435 ne
3448 4378 3617 4435 sileas
3641 4396 3711 4435 ac
3735 4397 3856 4451 pro.

487 4520 497 4530 ,
571 4466 780 4531 cordia,
812 4467 1092 4525 dimittens
1121 4471 1407 4543 originalia
1434 4481 1489 4528 et
1519 4472 1776 4536 actualia,
1808 4488 1913 4528 ηοιι
1938 4480 2159 4543 propter
2187 4484 2237 4545 ι)
2262 4476 2384 4536 pter
2418 4467 2520 4522 hoc
2547 4468 2781 4524 tinaliter
2820 4469 3065 4527 discedas
3108 4486 3137 4524 a
3167 4469 3274 4542 me)
3305 4470 3581 4541 quomodo
3608 4487 3735 4526 cum
3762 4473 3857 4526 hu-

569 4556 824 4613 meritnm
856 4569 1124 4628 nostrum,
1159 4561 1252 4616 sed
1283 4571 1505 4631 propter
1541 4562 1766 4617 nimiam
1810 4561 2153 4625 charitatetn,

570 4663 676 4719 qua
720 4649 953 4706 dilexisti
987 4667 1104 4718 nos,
1149 4667 1274 4708 cum
1302 4667 1478 4709 essem
1510 4653 1564 4709 in
1591 4652 1754 4708 dictis
1780 4652 2158 4722 iniquitatibus

568 4740 650 4796 sic
681 4751 1008 4812 conceptus,
1058 4750 1112 4796 et
1145 4751 1394 4799 mortuus
1436 4744 1599 4800 etiam
1659 4753 1951 4813 antequam
1998 4750 2157 4801 natus
2200 4800 2205 4803 _

566 4846 767 4898 essem,
790 4832 1180 4890 convivilicasti
1223 4850 1309 4888 me
1339 4849 1436 4905 per
1461 4844 1606 4891 tuam
1624 4835 1857 4907 gratiam
1896 4836 1948 4890 in
1982 4835 2158 4906 bapti-

565 4937 707 4989 smo,
738 4924 976 4980 animam
1016 4940 1045 4979 a
1069 4934 1341 4981 vetustate
1365 4923 1538 4995 culpa:
1580 4924 1914 4989 mandando,
1948 4932 2156 4980 reatum

565 5013 684 5083 ejus
708 5014 987 5083 solvendo,
1012 5032 1077 5071 ac
1103 5016 1275 5087 ipsam
1311 5031 1341 5070 a
1367 5029 1527 5087 pinna
1557 5026 1815 5086 perpetua
1853 5013 2155 5085 liberando.

565 5108 634 5165 Et
659 5116 942 5180 propterea
989 5108 1111 5175 tibi,
1143 5109 1393 5175 Domine,
1442 5122 1655 5179 semper
1685 5108 1739 5164 in
1771 5108 1996 5179 psalmis
2021 5122 2155 5163 con-

567 5200 783 5257 litebor.

639 5293 726 5351 16.
765 5293 1154 5352 Verumtamen
1197 5294 1376 5350 adhuc
1424 5291 1479 5348 in
1529 5306 1700 5349 carne
1729 5306 1872 5361 mea,
1902 5291 2152 5359 Domine,

565 5385 745 5440 sentio
774 5385 1112 5443 incessanter
1147 5387 1311 5442 etiam
1348 5393 1471 5455 post
1516 5383 1850 5455 baptismum
1899 5384 2155 5457 concupi-

565 5476 830 5531 scentiam
875 5477 1021 5533 illam
1051 5478 1259 5545 carnis,
1288 5493 1409 5550 qua:
1453 5487 1538 5533 est
1568 5476 1742 5534 l‘omes
1778 5477 2011 5548 peccati,
2039 5477 2155 5534 lan-

565 5579 666 5635 gor
700 5566 794 5635 (ita
816 5550 934 5620 cod,
976 5567 1245 5638 archaice)
1278 5575 1509 5633 naturae,
1537 5575 1802 5639 tyrannus
1830 5567 2031 5635 carnis,
2056 5568 2155 5625 sti-

567 5651 748 5707 mulus
770 5655 984 5722 mortis,
1020 5654 1106 5710 lex
1137 5657 1505 5713 membrorum
1534 5670 1843 5729 repugnans
1867 5658 1973 5730 legi
2000 5674 2156 5717 men-

566 5741 643 5803 iis
672 5757 824 5811 meae,
865 5753 917 5800 et
954 5745 1234 5816 captivans
1270 5761 1355 5805 me
1381 5744 1433 5804 in
1465 5748 1585 5821 lege
1607 5749 1839 5821 peccati,
1871 5750 2035 5822 super
2067 5766 2153 5808 me

2264 4557 2501 4612 miliatns
2553 4575 2658 4613 non
2692 4574 2809 4615 mea
2861 4561 2956 4616 sed
3007 4569 3095 4614 tua
3134 4561 3333 4616 virtute
3362 4559 3575 4628 sileret,
3608 4572 3667 4615 et
3700 4562 3858 4616 relu-

2261 4658 2455 4718 qneret
2476 4665 2561 4705 me
2591 4650 2644 4704 in
2680 4665 2848 4720 pace;
2882 4666 2983 4722 ego
3027 4651 3178 4706 illum
3216 4652 3330 4723 ipse
3359 4651 3653 4707 adversum
3682 4666 3766 4705 me
3788 4651 3856 4706 ad

2260 4740 2503 4810 praelium
2538 4742 2792 4808 excitavi,
2843 4752 2899 4797 et
2922 4742 3065 4797 vires
3107 4752 3292 4797 reatus
3318 4742 3457 4803 mei,
3494 4756 3641 4810 quas
3670 4742 3728 4796 in
3758 4740 3855 4794 ba-

2259 4832 2463 4903 ptismo
2491 4840 2546 4887 et
2589 4834 2641 4886 in
2676 4834 2902 4903 pristina
2939 4834 3260 4902 paenitentia
3287 4849 3402 4887 mea
3440 4835 3776 4904 perdiderat,
3802 4832 3852 4885 ei

2261 4927 2493 4992 reddidi,
2532 4936 2589 4983 et
2631 4927 2715 4983 sic
2756 4941 3015 4983 coronam
3040 4927 3166 4997 (veh
3198 4926 3353 4991 mihi)
3380 4928 3394 4981 !
3421 4925 3855 4996 perdidi,quatn

2260 5018 2471 5072 nonnisi
2497 5017 2733 5089 legitime
2771 5018 3107 5073 certantibus
3141 5016 3477 5088 praeparasti.
3508 5016 3581 5069 At
3600 5017 3677 5080 si,
3700 5031 3859 5070 reen-

2259 5109 2461 5179 peratis
2492 5124 2588 5179 per
2626 5120 2676 5164 te
2720 5109 2946 5173 viribus,
2976 5108 3266 5178 aliquando
3291 5106 3530 5178 praedicti
3560 5107 3737 5163 hostis
3760 5107 3857 5161 de-

2257 5202 2473 5259 sideriis
2495 5202 2705 5259 vitiosis
2734 5201 3169 5258 virilitcr‘restiti
3223 5202 3305 5256 vel
3332 5201 3591 5256 restitero
3617 5199 3676 5254 in
3708 5199 3855 5253 futu-

2260 5310 2400 5359 rum,
2448 5310 2683 5365 emnqne
2727 5295 2977 5366 superavi
3005 5294 3090 5348 νυι
3129 5308 3481 5363 snperavero,
3507 5301 3561 5347 te
3598 5293 3856 5360 iuvante,

2256 5384 2384 5441 licet
2416 5387 2627 5441 hostem
2659 5385 2835 5456 ipsum
2865 5394 3151 5458 tyrannum
3187 5384 3544 5441 domesticum
3574 5382 3643 5437 de
3675 5396 3851 5436 carne

2256 5494 2376 5538 mea
2422 5480 2475 5534 in
2518 5479 2620 5534 hac
2650 5479 2851 5534 misera
2876 5477 2985 5532 vita
3020 5492 3128 5533 non
3168 5476 3371 5550 possim
3412 5476 3637 5532 omnino
3664 5473 3834 5554 expet

2256 5569 2390 5637 lere,
2427 5569 2572 5625 velut
2629 5568 2860 5624 alterum
2915 5566 3259 5634 Jebuszeum,
3331 5566 3619 5638 providiin
3666 5574 3856 5621 tamen

2257 5661 2491 5729 mihi,si
2538 5674 2647 5719 non
2693 5659 3082 5726 consentienti,
3103 5659 3249 5731 quod
3278 5666 3543 5727 quantum
3568 5656 3639 5712 ad
3665 5664 3854 5713 aetum

2257 5760 2490 5819 tantum,
2530 5761 2586 5809 et
2611 5766 2720 5808 non
2744 5758 3008 5822 quantum
3030 5751 3100 5807 ad
3144 5758 3372 5817 reatum,
3401 5748 3459 5805 in
3490 5763 3578 5807 me
3604 5752 3855 5807 rem
