4060 6292
166 367 253 424 835
1200 363 1574 423 MEDITATIO
1611 364 1677 419 IN
1727 363 1920 420 PSAL.
1964 363 2334 422 LIISERERE.

3295 375 3402 434 83$

165 492 264 556 post
306 479 644 550 baptismum.
695 479 826 536 Nam
855 481 923 538 de
946 491 1033 536 tua
1063 483 1262 554 pietate
1289 483 1524 548 conﬁdo,
1570 482 1712 553 quod
1742 487 1789 546 Α
1819 481 2195 553 impugnantes
2235 498 2320 539 me
2363 493 2676 542 constanter
2701 485 2906 542 valeam
2966 502 3180 562 expugn
3222 506 3312 556 re;
3345 502 3401 546 et

159 590 212 628 ea
236 588 342 643 qua:
367 572 564 625 invitus
590 583 644 626 et
685 574 925 630 renitens
954 575 1130 646 patior
1157 575 1226 629 ab
1248 575 1346 630 hoc
1377 575 1553 638 hoste,
1581 573 1714 628 mihi

162 669 395 735 imputare
423 680 530 720 non
562 665 761 721 debeas
790 668 858 722 ad
884 676 1187 739 peceatum.
1219 669 1286 723 Et
1312 668 1478 724 etiam
1510 668 1563 724 in
1591 669 1712 734 hoc,

161 759 277 810 Deus
319 769 488 823 meus,
529 757 802 825 parcendo
834 761 1068 815 maxime
1103 769 1159 815 et
1212 760 1521 815 miserando
1565 768 1714 813 tuam

157 845 576 916 numipotentiam
622 847 962 913 manifestas,
1018 849 1161 919 quod
1214 849 1355 905 sicut
1412 850 1519 904 alia
1571 847 1713 902 mala

156 947 455 1007 pratereunt
486 938 540 992 in
573 940 728 996 nobis
757 949 902 1007 actu,
928 951 984 996 et
1009 952 1291 997 remanent
1329 951 1503 1007 reatu,
1531 951 1588 995 ut
1616 941 1715 994 ho-

155 1031 426 1097 micidium,
471 1031 819 1096 adulterimn,
872 1044 928 1088 et
980 1034 1212 1100 similia;
1255 1036 1330 1088 ita
1377 1049 1409 1088 c
1453 1049 1714 1089 converso

152 1132 382 1191 aperatur
403 1123 457 1177 in
484 1124 639 1179 nobis
666 1124 988 1180 mirabiliter
1007 1126 1396 1196 omnipotentia
1422 1125 1710 1191 tua,Dcus,

151 1226 198 1268 ut
217 1216 438 1272 carnalis
467 1218 923 1288 concupiscentia,
949 1217 1100 1287 cuius
1130 1235 1235 1274 non
1259 1219 1598 1274 consentitur
1621 1219 1715 1271 de-

149 1305 340 1359 sideriis
367 1307 598 1372 vitiosis,
653 1308 704 1360 in
738 1308 1006 1378 baptismo
1033 1319 1319 1380 praetereat
1347 1316 1521 1374 reatu,
1557 1317 1611 1363 et
1662 1309 1712 1362 in

146 1411 336 1465 ittl‘llalll
377 1399 586 1468 peccati
622 1401 779 1455 nobis
812 1411 1090 1456 remaneat
1115 1416 1330 1471 semper
1355 1411 1498 1454 actu.

205 1493 283 1546 l8.
319 1493 383 1547 Et
435 1491 540 1548 hoc
579 1503 663 1548 est
697 1494 885 1565 iugum
936 1509 1120 1565 grave,
1163 1495 1306 1565 quod
1355 1503 1594 1548 creatum
1631 1502 1715 1547 est

144 1598 286 1652 super
335 1583 476 1639 ﬁlios
534 1584 704 1638 Adam
761 1601 789 1638 a
844 1585 931 1639 die
982 1586 1164 1640 exitus
1198 1586 1265 1639 de
1305 1594 1494 1640 ventre
1524 1585 1714 1639 matris

141 1689 331 1740 mrum,
365 1689 538 1744 usque
560 1676 626 1728 ad
655 1675 796 1730 diem
824 1675 1179 1746 sepulturazin
1200 1683 1427 1729 matrem
1443 1673 1708 1728 oumium.

140 1767 236 1821 Sub
289 1767 390 1821 hoc
430 1765 563 1836 iugo
614 1767 935 1836 gravissimo
979 1767 1341 1838 ingemiscunt
1390 1780 1582 1820 omnes
1618 1765 1708 1836 qui

1819 575 2067 644 procacis
2090 575 2294 630 militiae
2324 576 2596 632 turbinem
2619 579 2846 649 sapienti
2876 581 3246 637 moderatione
3279 583 3393 638 dis—

1820 663 2055 728 cutiens,
2108 663 2416 720 innocentia
2454 667 2578 722 vita:
2603 677 2658 723 et
2686 670 2893 725 devotae
2920 672 3184 728 orationis
3208 673 3401 728 suifra-

1819 757 1908 826 gio
1941 756 2070 811 mihi
2121 758 2441 815 continuare
2489 762 2696 816 valeam
2743 765 2972 832 gratiam
3021 775 3188 834 tuam,
3234 767 3378 825 Deus

1816 848 1882 902 Et
1913 849 2035 905 inde
2059 849 2222 907 Josue
2260 850 2504 922 clypeum
2531 871 2635 909 non
2656 853 2948 922 dimittam,
2976 874 3254 928 quousque
3274 861 3404 916 ohe.

1816 937 1999 994 diente
2037 949 2088 994 te
2118 940 2226 996 Deo
2265 942 2382 997 voci
2411 941 2664 1010 hominis,
2697 946 2837 1000 diem
2866 949 2990 1003 vita:
3021 965 3152 1004 meae
3184 959 3400 1020 protra-

1817 1032 1914 1087 has
1945 1035 2011 1086 ad
2043 1033 2374 1104 triumphtnn
2402 1051 2415 1089 :
2452 1050 2550 1090 nec
2577 1038 2825 1110 recedam
2851 1041 2918 1093 ah
2941 1042 3077 1106 acie,
3108 1043 3278 1097 donec
3307 1058 3402 1112 pa-

1817 1121 1921 1175 riat
1969 1122 2096 1176 mihi
2159 1125 2473 1192 congressio
2523 1135 2700 1195 empta
2751 1127 3031 1183 victoriam
3086 1133 3290 1200 pariter
3347 1141 3402 1188 et

1815 1229 2092 1288 coronam.
2123 1215 2374 1286 Alioquin
2401 1217 2660 1287 quidquid
2689 1235 2788 1289 ago
2824 1221 2940 1275 sine
2973 1232 3043 1286 te,
3075 1224 3202 1278 mihi
3240 1227 3401 1279 verti-

1817 1316 1904 1360 tur
1932 1308 1982 1361 in
2011 1309 2240 1362 ruinam.
2270 1309 2405 1365 Nam
2437 1312 2613 1366 adhuc
2643 1322 2697 1366 et
2728 1314 2936 1369 macula
2964 1317 3247 1387 originalis
3267 1334 3397 1389 pec-

1814 1401 1919 1455 cati
1952 1410 2177 1467 teneor;
2208 1411 2260 1458 et
2298 1403 2434 1469 ideo,
2480 1413 2539 1458 ut
2567 1406 2812 1472 praedixi,
2851 1409 3025 1463 existo
3057 1410 3124 1463 ad
3161 1409 3398 1464 actualia

1815 1488 1986 1559 magis
2017 1505 2238 1560 pronus.
2284 1490 2395 1546 Nec
2442 1493 2545 1548 hoc
2585 1493 2730 1560 dico,
2768 1495 2909 1551 Deus
2937 1514 3107 1561 meus,
3138 1500 3205 1554 ad
3234 1515 3401 1555 exeu-

1813 1583 2012 1636 sandas
2069 1584 2472 1653 excusationes,
2515 1587 2711 1656 quibus
2741 1604 2771 1643 a
2813 1597 2864 1644 te
2912 1591 2978 1645 de
3015 1593 3250 1660 peccatis
3267 1593 3402 1648 meis

1813 1689 2029 1742 possum
2064 1674 2258 1728 nierito
2288 1675 2556 1742 accusari,
2585 1676 2668 1732 vel
2698 1678 2822 1731 utin
2850 1690 3106 1748 parentes
3135 1696 3285 1736 meos
3309 1697 3400 1736 ve.

1813 1762 1904 1816 lim
1937 1761 2223 1816 refundere
2257 1763 2471 1834 culpam
2514 1781 2712 1832 meam,
2743 1781 2866 1821 cum
2917 1784 3190 1838 nunquam
3220 1772 3398 1826 credi-

138 1859 236 1927 ejus
261 1858 505 1912 sentiunt
549 1858 890 1929 gravitatem,
923 1859 1022 1913 sub
1060 1873 1166 1928 quo
1195 1858 1396 1912 Tobias
1427 1857 1706 1927 ingemuit,
1745 1854 1785 1908 Β
1813 1855 1981 1910 derim
2021 1854 2230 1926 culpam
2271 1865 2324 1909 et
2357 1867 2638 1927 peceatum
2671 1874 2814 1927 esse,
2855 1860 2898 1915 si
2943 1855 3200 1932 coniuges
3237 1880 3398 1918 causa

137 1951 377 2022 ingemuit
429 1961 484 2006 et
533 1951 781 2006 Susanna
840 1969 852 2005 :
896 1951 990 2007 sed
1025 1961 1080 2006 et
1121 1951 1299 2005 omnis
1325 1959 1575 2006 creatura
1610 1951 1708 2004 sub

136 2045 222 2098 hoc
259 2043 392 2114 iugo
441 2045 748 2116 iugemiscit
800 2053 856 2098 et
880 2045 1113 2114 parturit
1136 2058 1303 2114 usque
1331 2043 1528 2098 adhuc.
1562 2043 1710 2112 lnge-

133 2136 281 2191 misco
301 2146 358 2192 et
384 2151 490 2207 ego
526 2137 768 2192 sentiens
799 2136 851 2191 in
885 2136 1114 2206 meipso,
1176 2135 1301 2203 quia
1338 2134 1708 2188 circumdede-

133 2239 238 2283 rum
269 2246 358 2285 me
414 2229 651 2302 gemitus
697 2229 911 2293 mortis,
977 2238 1034 2280 et
1087 2234 1356 2281 torrentes
1411 2225 1710 2292 iniquitatis

129 2320 294 2376 aliena:
333 2332 395 2377 et
449 2337 584 2376 mea:
640 2319 1093 2376 conturbaverunt
1151 2333 1256 2372 me.
1313 2317 1539 2386 Propter
1589 2331 1709 2386 qua:

132 2429 324 2482 possunt
361 2414 793 2484 iacrymabiliter
833 2413 1017 2468 dicere
1053 2427 1176 2466 cum
1203 2411 1462 2482 propheta
1504 2429 1517 2464 :
1559 2410 1706 2464 Multi

127 2517 225 2560 sum
259 2505 509 2576 gemitus
556 2507 682 2567 mei,
717 2514 771 2560 et
809 2519 906 2559 cor
962 2518 1140 2558 meum
1189 2503 1392 2556 factum
1421 2512 1502 2557 est
1531 2503 1585 2555 in
1626 2519 1710 2556 me

129 2612 366 2652 lttmI‘CltS.
413 2597 588 2651 Porro
634 2613 756 2651 eum
782 2611 1080 2667 Oppressus
1123 2595 1224 2651 hoc
1247 2595 1376 2664 iugo
1419 2595 1708 2664 aliquando

126 2689 364 2759 recogito,
404 2688 549 2742 Deus
577 2703 749 2753 utens,
783 2689 925 2758 quod
950 2700 1237 2758 peccatum
1270 2688 1397 2742 illud
1423 2687 1706 2758 originale.

125 2782 167 2834 in
198 2797 301 2852 quo
360 2791 664 2852 conceptus
711 2797 852 2846 sum,
893 2782 946 2836 in
985 2782 1256 2851 baptismo
1298 2785 1442 2852 (cum
1477 2782 1548 2836 sit
1587 2782 1708 2835 inde

122 2875 296 2945 gratia)
353 2875 607 2929 delevisti
634 2888 648 2928 :
675 2883 728 2930 et
758 2874 1025 2945 gemendo
1055 2889 1120 2929 ac
1151 2874 1482 2944 suspiranda
1533 2874 1585 2927 in
1623 2890 1707 2928 me

122 2965 219 3033 ipso
257 2967 486 3036 requiro
517 2982 614 3020 cur
647 2966 986 3035 pcenalitalcs
1035 2967 1189 3031 istas,
1245 2981 1381 3036 quas
1424 2967 1708 3020 occasione

120 3055 230 3110 dicti
268 3057 562 3128 or'ginalis
597 3057 802 3126 peccati
855 3057 1051 3128 patior,
1108 3057 1160 3112 in
1202 3058 1393 3112 eodem
1436 3057 1707 3126 baptismo

119 3150 302 3214 pariter
331 3167 443 3205 non
482 3149 652 3204 tulisti
679 3167 694 3202 :
741 3159 888 3204 certe
915 3149 1059 3204 inter
1087 3139 1230 3219 ipsas
1262 3149 1607 3220 pinnalitates
1653 3157 1707 3202 et

117 3254 382 3308 pressuras
412 3242 618 3306 fateor,
649 3243 794 3311 quod
825 3257 893 3296 ex
921 3241 1328 3309 dispensatione
1355 3240 1588 3307 maxima
1612 3255 1706 3295 eas

117 3329 160 3384 in
182 3348 261 3388 me
282 3334 459 3387 voluit
489 3344 581 3386 tua
607 3332 925 3387 admiranda
949 3331 1287 3401 providentia
1319 3343 1620 3388 remanere,
1651 3339 1709 3383 ut

115 3424 344 3480 videlicet
389 3425 618 3497 sagittae
655 3436 780 3488 tum,
833 3423 1078 3486 Domine,
1129 3425 1180 3477 in
1228 3438 1314 3478 me
1344 3431 1549 3486 essent,
1586 3437 1708 3492 quae

113 3527 186 3568 me
207 3515 470 3571 docerent
510 3515 651 3584 quod
684 3513 984 3568 lunuiliatio
1004 3513 1106 3568 mei
1132 3513 1184 3567 in
1209 3513 1384 3566 medio
1415 3520 1557 3566 esset
1581 3511 1701 3565 mei.

113 3601 248 3672 item,
277 3616 337 3662 ut
367 3617 625 3662 terrores
651 3606 723 3659 tui
764 3614 956 3660 contra
993 3619 1079 3660 me
1105 3604 1349 3674 quotidie
1389 3603 1703 3665 militarent,

111 3700 188 3764 qui
235 3699 500 3756 timorem
561 3706 711 3752 tuum
764 3697 895 3752 mihi
949 3697 1302 3763 incuterent,
1351 3705 1408 3752 et
1443 3712 1703 3752 amorem.

111 3789 247 3859 ltem,
272 3804 332 3850 ιιι
357 3794 596 3850 vexatio
626 3792 753 3847 mihi
797 3793 952 3847 daret
984 3791 1315 3846 intellectum
1344 3789 1704 3862 cognoscendi

109 3887 235 3952 quod
271 3903 302 3942 a
334 3890 536 3950 nobis,
575 3901 680 3940 non
709 3902 738 3940 a
766 3894 835 3951 te,
860 3884 988 3939 mali
1020 3898 1228 3940 sumus.
1261 3883 1421 3950 Item,
1448 3892 1507 3938 ut
1533 3884 1705 3937 Adam

112 3980 401 4048 exeinplum
427 3994 623 4036 mcum
659 3977 727 4033 ab
756 3977 1120 4033 adolescentia
1152 3990 1272 4032 mea
1301 3985 1466 4040 esset,
1493 3985 1547 4029 et
1583 3989 1709 4045 pec-

110 4080 275 4126 catum
308 4071 722 4128 inobcdientize
754 4085 886 4125 mea:
916 4069 1200 4124 evitarem.
1230 4061 1375 4123 ltem'
1400 4075 1458 4122 ut
1484 4067 1562 4123 sic
1594 4076 1706 4121 tra-

110 4158 256 4218 heres
285 4181 374 4220 me
413 4166 487 4219 ad
545 4171 616 4230 te,
651 4163 812 4230 Deus,
855 4161 908 4216 in
949 4159 1204 4217 funiculis
1229 4159 1382 4225 Adae,
1421 4167 1479 4214 et
1509 4159 1562 4214 in
1594 4159 1710 4213 vino

109 4252 232 4308 culis
258 4255 594 4317 eharitatis,
620 4264 680 4307 ut
716 4267 1097 4324 cognoscerem
1135 4250 1278 4322 quod
1305 4259 1384 4315 tu,
1411 4250 1590 4312 Pater,
1623 4263 1708 4303 me

111 4354 258 4408 quem
283 4346 498 4414 diligis,
566 4343 736 4397 ﬁlium
778 4343 858 4398 sic
889 4341 1070 4412 arguis
1093 4350 1146 4397 et
1172 4340 1428 4411 castigas.
1459 4337 1618 4403 item,
1653 4346 1710 4392 ut

108 4445 308 4502 semper
337 4437 618 4491 haberem
643 4442 829 4488 contra
858 4431 1167 4506 spirituales
1192 4431 1458 4501 nequitias
1482 4443 1708 4485 conSne-

1813 1948 2015 2004 sobolis
2066 1949 2417 2018 procreandae
2462 1950 2754 2005 carnaliter
2800 1952 3159 2019 misceantur;
3195 1957 3287 2011 sed
3342 1966 3401 2010 ut

1814 2051 1890 2104 tu,
1916 2041 2078 2108 Deus,
2101 2043 2193 2111 qui
2216 2058 2278 2096 ea
2303 2057 2424 2112 quae
2447 2051 2572 2096 sunt
2601 2043 2653 2097 in
2689 2045 2907 2099 homine
2944 2047 3268 2116 cognovisti,
3327 2050 3393 2102 ad

1814 2133 2177 2188 miserandum
2213 2135 2316 2189 mei
2373 2132 2587 2190 facilius
2639 2135 2934 2205 incliueris,
2990 2139 3035 2192 si
3065 2139 3133 2194 ab
3166 2140 3277 2209 ipsa
3315 2157 3400 2195 ra-

1812 2225 1932 2279 dice
1988 2239 2128 2297 mea,
2167 2239 2252 2279 me
2285 2240 2468 2280 coram
2530 2236 2579 2280 te
2631 2229 2897 2283 conﬁteor
2937 2240 3300 2300 peccatorem.
3343 2234 3396 2287 In

1811 2317 2062 2371 omnibus
2087 2317 2230 2371 enim
2261 2316 2494 2370 trahitur
2522 2317 2780 2387 iniquitas
2805 2336 2870 2374 ex
2904 2321 3094 2385 Adam,
3132 2334 3183 2378 et
3217 2324 3401 2377 vincu-

1813 2408 1922 2462 lum
1949 2409 2181 2477 peceati,
2214 2419 2267 2462 et
2311 2410 2630 2479 propagatio
2678 2413 2886 2475 mortis,
2925 2422 2976 2466 te
3006 2415 3118 2468 solo
3147 2426 3395 2484 excepto,

1812 2506 2037 2560 Domine
2059 2503 2437 2569 JesuChriste,
2459 2507 2573 2574 qui,
2610 2515 2806 2561 natura
2835 2507 3087 2570 mirante,
3112 2508 3177 2560 de
3207 2519 3396 2561 sancto

1813 2595 2014 2667 Spiritu
2043 2615 2102 2654 es
2138 2609 2451 2668 conceptus.
2491 2596 2555 2652 Et
2587 2599 2639 2652 in
2667 2598 2892 2670 peccatis
2920 2599 3148 2668 concepit
3182 2616 3261 2652 me
3284 2617 3398 2651 mu-

1811 2698 1888 2740 ter
1916 2704 2059 2752 meo;
2089 2689 2192 2742 hoc
2233 2697 2317 2742 est
2359 2689 2799 2759 concupiscentia
2829 2688 3090 2753 libidinis,
3115 2706 3236 2760 quae
3271 2706 3394 2760 pec-

1811 2787 2115 2844 catumcst,
2141 2779 2240 2833 nisi
2280 2796 2376 2850 per
2399 2781 2540 2836 bona
2572 2777 2804 2851 coniugii
2829 2789 3138 2834 excusetur.
3183 2782 3244 2834 Et
3272 2781 3398 2836 licet

1811 2868 1862 2922 in
1891 2879 2120 2940 utroque
2151 2883 2375 2940 parente
2404 2887 2546 2936 meo,
2577 2873 2668 2942 qui
2699 2885 2770 2938 te,
2805 2872 3051 2938 Domine,
3075 2873 3394 2940 timuerunt,

1809 2970 1864 3016 et
1891 2978 1976 3016 me
2000 2981 2104 3018 non
2135 2965 2186 3018 in
2214 2965 2504 3030 adulterio,
2537 2967 2630 3020 sed
2659 2967 2710 3019 in
2739 2975 2888 3020 casto
2917 2964 3168 3037 coniugio
3192 2983 3392 3038 genucv

1810 3061 1958 3114 runt,
1989 3053 2201 3122 Culpam
2255 3069 2359 3108 non
2397 3055 2647 3109 habuerit
2683 3071 2818 3124 opus
2859 3055 3010 3122 illud,
3038 3065 3216 3111 tamen
3244 3058 3396 3127 origo

1811 3146 2015 3212 peccati
2067 3147 2119 3199 in
2159 3147 2305 3215 prole
2348 3162 2531 3202 secum
2570 3148 2806 3203 debitam
2859 3163 3074 3217 poenam
3105 3151 3286 3202 traxit.
3320 3150 3396 3205 Ne

1813 3235 2180 3291 reminiscaris
2220 3251 2350 3304 ergo
2387 3239 2610 3292 Domine
2654 3248 2875 3307 peccata
2909 3254 3051 3306 mea,
3086 3239 3169 3293 vel
3199 3256 3395 3309 paren-

1813 3335 1922 3380 tum
1951 3342 2191 3382 tneorum
2221 3345 2235 3382 :
2289 3344 2357 3384 ne
2394 3345 2576 3384 sumas
2602 3329 2859 3384 ultionem
2889 3332 2953 3383 de
2976 3332 3212 3400 peccatis
3239 3332 3392 3398 meis,

1810 3416 1945 3470 side
1985 3433 2070 3470 me
2097 3429 2380 3488 peccatore
2405 3419 2522 3486 tibi,
2553 3420 2644 3489 qui
2675 3420 2855 3474 omnia
2879 3421 3006 3486 scis,
3037 3429 3203 3477 totam
3232 3436 3395 3492 quam

1809 3509 1926 3563 seio
1956 3510 2214 3578 proﬁteor
2239 3513 2547 3566 veritatem.

1878 3599 1966 3655 20.
2002 3599 2096 3671 (V.
2133 3600 2213 3673 8.)
2248 3602 2380 3657 Ecce
2421 3603 2561 3658 enim
2598 3604 2866 3659 veritatem
2896 3604 3149 3660 dilexisti.
3182 3603 3396 3660 Veritas

1809 3708 1888 3756 es,
1932 3703 1988 3748 et
2026 3710 2130 3750 non
2172 3695 2386 3761 fallens,
2424 3699 2508 3752 vin
2557 3713 2662 3753 non
2699 3713 2909 3763 errans,
2965 3699 3073 3753 vita
3110 3715 3214 3753 non
3260 3699 3396 3753 deﬁ-

1808 3783 1976 3837 ciens.
2009 3781 2053 3838 0
2080 3799 2208 3838 vera
2236 3785 2496 3850 Charitas,
2537 3795 2593 3840 et
2630 3802 2735 3841 non
2770 3787 2940 3861 chara.
2969 3788 3188 3852 veritas,
3221 3787 3312 3855 qui
3344 3789 3395 3842 in

1810 3876 1913 3930 hoc
1944 3885 2105 3930 natus
2127 3891 2201 3929 es
2252 3887 2306 3930 et
2353 3879 2418 3930 ad
2453 3879 2551 3932 hoc
2581 3878 2773 3931 venisti
2808 3879 2859 3931 in
2887 3879 3146 3933 mundum
3182 3887 3238 3930 ut
3269 3893 3390 3948 per-

1810 3967 2000 4022 hibeas
2046 3967 2409 4022 testimonium
2441 3968 2678 4028 veritati,
2706 3969 2758 4021 in
2797 3968 3024 4022 veritate
3053 3977 3142 4020 tua
3195 3969 3390 4022 exaudi

1810 4073 1918 4124 me,
1956 4057 2198 4119 Domine,
2245 4057 2298 4111 in
2355 4067 2442 4110 tua
2487 4057 2732 4126 iustitia!
2766 4057 2828 4111 Et
2857 4059 2982 4126 quia
3013 4059 3126 4112 seio
3165 4059 3305 4127 quod
3341 4068 3393 4112 tu

1804 4149 2074 4220 iudicabis
2105 4147 2328 4220 populos
2365 4149 2415 4202 in
2453 4150 2703 4212 veritate,
2746 4159 2798 4202 et
2847 4151 3038 4219 perdes
3069 4163 3260 4204 omnes
3302 4149 3394 4218 qtti

1809 4241 2102 4313 loquuntur
2148 4241 2509 4305 mendacium,
2564 4240 2686 4295 ideo
2739 4242 2892 4312 prius
2949 4243 3038 4297 hic
3067 4243 3118 4296 in
3165 4243 3396 4298 veritate

1809 4349 1994 4390 coram
2046 4341 2098 4389 te
2147 4333 2519 4402 memetipsum
2563 4333 2828 4400 diiudico,
2863 4342 2919 4387 ut
2961 4349 3084 4388 eum
3141 4344 3220 4397 tu,
3253 4336 3396 4391 Deus

1803 4437 1988 4492 meus,
2021 4432 2230 4494 tempus
2257 4423 2554 4494 acceperis,
2594 4435 2645 4478 et
2671 4423 2815 4492 ipsas
2836 4423 3079 4493 iustitias
3101 4423 3392 4494 iudicabis,

111 4525 336 4580 tudinem
393 4524 712 4596 prmliandi,
761 4533 815 4579 et
847 4539 934 4578 me
967 4521 1142 4578 sacris
1173 4523 1463 4576 virtutibus
1483 4536 1707 4576 exerce-
1739 4542 1786 4601 ι)
1813 4529 1918 4570 ιιοιι
1969 4514 2140 4570 intres
2181 4515 2234 4569 in
2275 4513 2538 4584 judicium
2570 4529 2690 4568 cum
2726 4531 2810 4570 me
2851 4530 3008 4570 servo
3037 4529 3148 4586 tuo,
3178 4521 3260 4574 cui
3280 4519 3393 4589 iam

108 4629 210 4672 rem
249 4637 262 4672 :
297 4628 356 4673 et
412 4618 668 4674 maxime
719 4631 804 4680 ne,
836 4607 883 4670 si
921 4614 1184 4669 liberatus
1217 4611 1439 4667 fuissem
1490 4613 1559 4667 ab
1591 4611 1708 4666 istis

108 4710 526 4772 ptenalitatibus
559 4709 612 4763 in
649 4708 939 4778 baptismo,
981 4721 1080 4777 ego
1112 4713 1166 4759 et
1218 4704 1308 4758 alii
1334 4702 1582 4759 homines
1609 4701 1708 4756 boc

107 4812 216 4854 esse
259 4800 538 4872 baptismi
575 4798 809 4868 pretium
844 4795 926 4852 vel
972 4794 1250 4866 praemium
1285 4800 1625 4864 putaremus,
1655 4798 1712 4843 et

107 4903 201 4942 non
223 4892 464 4961 gloriam
505 4889 660 4959 regni
701 4888 802 4943 tui.
831 4887 1064 4958 lieoque
1089 4886 1267 4941 soluto
1296 4893 1451 4941 reatu
1485 4883 1553 4938 ab
1584 4882 1706 4936 ani-

105 4994 203 5044 ma,
236 4980 602 5052 providentia
641 4987 750 5046 tua,
800 4977 964 5041 Deus,
997 4975 1344 5047 temporalem
1380 4989 1599 5045 pceuam
1629 4982 1712 5026 ta-

105 5086 217 5125 men
245 5074 304 5129 in
337 5089 434 5130 me
488 5085 724 5128 manere
758 5071 926 5125 voluit
956 5070 1010 5125 in
1049 5070 1150 5124 hac
1177 5069 1308 5132 vita,
1341 5077 1402 5122 ut
1429 5082 1459 5121 a
1490 5081 1576 5122 me
1602 5063 1707 5120 alia

104 5163 202 5218 tita
234 5165 559 5222 studiosius
601 5172 958 5234 quaereretur,
988 5177 1107 5232 quae
1133 5161 1237 5216 erit
1261 5175 1291 5215 a
1331 5159 1508 5231 pmnis
1537 5157 1711 5214 omni-

100 5252 192 5309 bus
219 5258 433 5314 aliena.

166 5349 254 5404 l9.
298 5350 575 5418 Exsurge
597 5363 746 5420 ergo,
779 5347 1029 5415 Domine,
1058 5343 1250 5414 adiuva
1279 5361 1402 5401 me:
1434 5345 1596 5401 indue
1625 5360 1710 5399 me

99 5439 320 5498 thorace
338 5441 613 5510 iustitiae,
639 5439 927 5509 etaccinge
956 5436 1269 5493 fortitudine
1297 5435 1506 5490 lumbos
1537 5450 1708 5501 meos,

100 5539 153 5584 ut
191 5533 340 5588 inter
379 5543 470 5587 tot
525 5531 762 5586 insultus
789 5531 1023 5586 hostium
1053 5531 1106 5585 in
1135 5530 1254 5584 acie
1287 5538 1424 5584 stem
1461 5542 1708 5592 securus,

95 5631 146 5675 et
183 5639 284 5693 per
338 5631 612 5695 patentes
647 5637 869 5693 campos
904 5621 1246 5683 humilitatis,
1290 5621 1344 5675 in
1385 5619 1584 5673 virtute
1613 5635 1708 5688 pa-

97 5714 298 5774 tientiae
326 5729 391 5774 et
441 5714 885 5781 longanimitatis
931 5713 1212 5769 accinctus
1241 5709 1382 5783 [cod.
1419 5709 1708 5782 accensus]

1813 4606 1932 4677 (tibi
1975 4606 2048 4662 sit
2081 4607 2207 4661 inde
2233 4606 2530 4676 gratiarum
2563 4607 2727 4674 actio,
2757 4616 2811 4662 et
2833 4622 2936 4662 vox
2970 4609 3196 4682 laudis!)
3223 4613 3397 4666 mani-

1811 4698 2004 4754 festavi
2063 4699 2386 4763 veritatem,
2435 4699 2722 4756 veritatem
2781 4700 2952 4756 beatae
3008 4702 3395 4757 incarnationis

1815 4801 1935 4857 ture,
1967 4807 2100 4862 .qna:
2148 4791 2327 4846 adhuc
2366 4805 2463 4862 per
2520 4793 2843 4862 Sapientiam
2894 4803 3038 4847 tuam
3089 4793 3396 4849 inﬁdelibus

1813 4885 2017 4941 incerta
2043 4893 2126 4941 est
2147 4895 2202 4940 et
2235 4885 2485 4953 occulta;
2517 4894 2572 4942 et
2607 4889 2890 4943 veritatem
2922 4888 3255 4944 remissionis
3277 4904 3398 4959 pce-

1812 4987 2060 5034 catorum
2091 4993 2360 5044 meorum,
2388 4979 2454 5034 de
2499 4994 2605 5048 qua
2651 4979 2902 5034 similiter
2936 4979 3200 5034 incertum
3232 4993 3309 5038 est
3346 4993 3398 5036 et

1811 5069 2106 5135 occultum,
2138 5068 2224 5123 cui
2259 5069 2504 5125 misereri
2546 5069 2699 5132 velis,
2730 5078 2781 5124 et
2815 5084 2976 5142 quem
3009 5069 3242 5124 volueris
3260 5069 3398 5139 iudi-

1811 5174 1958 5216 care.
1984 5159 2051 5214 Et
2075 5171 2250 5214 tamen
2276 5160 2513 5214 hmcduo
2538 5175 2551 5212 :
2585 5157 2795 5212 Incerta
2822 5169 2869 5214 et
2903 5159 3107 5214 occulta
3129 5161 3400 5229 sapientia:

1811 5261 1918 5305 tuo:
1968 5249 2314 5319 manifestarti
2353 5247 2501 5302 milii.
2531 5247 2772 5304 Primum
2813 5261 2908 5320 per
2932 5249 3114 5316 ﬁdem,
3140 5260 3396 5323 tanquam

1813 5357 1911 5414 per
1929 5341 2064 5396 alios
2093 5341 2284 5396 Isaiam
2309 5347 2362 5393 et
2391 5337 2693 5393 Gabrielem
2736 5348 2900 5395 testes
2926 5340 3248 5396 mirabiliter
3273 5358 3396 5397 eon-

1812 5432 2104 5490 cordantes
2148 5439 2202 5486 et
2247 5429 2492 5485 dicentes
2534 5429 2666 5484 mihi
2697 5449 2711 5485 :
2745 5431 2889 5488 Ecce
2925 5434 3076 5502 virgo
3106 5435 3397 5505 concipiet,

1811 5533 1866 5581 et
1908 5525 2085 5596 pariet
2119 5521 2307 5588 ﬁlium,
2353 5529 2409 5575 et
2455 5521 2740 5579 vocabitur
2786 5541 2981 5580 nomen
3013 5527 3130 5598 eius
3181 5527 3398 5582 Emma-

1814 5617 1958 5673 nuel.
1995 5615 2302 5671 Secundum
2347 5630 2444 5683 per
2468 5630 2642 5688 spem,
2687 5617 2839 5687 quasi
2865 5631 2964 5687 per
2987 5616 3149 5670 alimn
3183 5615 3394 5672 Nathan

1813 5712 2158 5783 prophetam,
2205 5709 2473 5766 dicentem
2501 5711 2630 5767 mihi
2665 5721 2722 5767 ιιι
2761 5712 2950 5768 Davidi
2989 5711 3254 5766 veraciter
3282 5703 3396 5783 poe-
