4060 6292
639 313 743 370 855

938 310 939 313 ‘
1098 308 1395 363 ANSELMI
1432 307 1793 362 caurum.
1836 296 2163 360 ancmEF.
2204 308 2216 356 ι

2322 306 2360 357 ³.
2399 307 2581 363 PARS
2621 308 2761 360 Il.—
2799 304 3168 364 ΡΑΒᾸΞΝΕΤ.
3208 306 3297 361 ΕΤ
3337 306 3586 363 ASCET.

3803 307 3917 365 836

640 427 868 486 nitenti:
893 424 1191 481 Transtulit
1218 438 1247 477 ιι
1284 432 1335 476 te
1375 418 1635 476 Dominus
1660 429 1939 491 peccatum
1969 429 2141 482 tuum,
2163 425 2219 473 et
2247 421 2291 477 A
2323 417 2557 486 primum
2612 424 2669 472 et
2720 416 3020 489 maximum
3068 425 3154 473 est
3186 417 3468 475 delictum.
3528 419 3600 474 Et
3647 433 3745 489 per
3770 419 3915 476 hanc

639 541 745 578 non
788 516 1162 587 morieris._Et
1207 516 1251 572 si
1282 514 1391 570 dixi
1420 514 1585 569 corde
1622 513 1863 571 contrito
1892 521 1945 566 et
1987 509 2173 566 humili
2202 524 2215 563 :

636 613 939 677 Conﬁteor;
977 620 1029 666 tu
1055 608 1321 680 propitius
1357 605 1636 662 remisisti.
1659 604 1868 677 thuia
1894 603 1946 658 in
1969 617 2222 658 sermone

639 719 729 761 tuo
756 717 976 759 manere
1005 701 1142 763 volo,
1175 707 1228 754 cl
1256 695 1688 766 verediseipulus
1709 709 1829 749 esse
1857 702 2000 758 tuus,
2026 691 2146 748 ideo
2170 700 2223 747 te

634 795 1013 852 manifestante
1044 790 1266 862 cognovi
1299 778 1437 844 hanc
1467 787 1754 857 duplicem,
1785 794 1839 840 et
1866 785 1917 839 in
1957 782 2219 854 sapientia

636 899 726 943 tua
771 902 802 941 a
850 884 1061 940 smculis
1098 879 1472 937 abscomlitam
1534 879 1835 932 veritatem.
1892 873 1972 929 Tu
2016 882 2217 940 autem,

635 977 796 1040 Deus,
853 975 945 1046 qui
997 972 1247 1044 superbis
1299 970 1526 1034 resistis,
1560 978 1612 1026 cl
1644 968 1937 1024 humilibus
1975 965 2071 1021 das
2097 981 2221 1036 gra-

637 1069 765 1124 tiam
796 1069 848 1123 in
876 1066 1149 1139 precsenti,
1178 1073 1232 1119 ct
1257 1063 1409 1131 cujus
1437 1061 1601 1134 gloria
1628 1059 1885 1115 humilem
1923 1073 2072 1129 spem
2101 1073 2223 1111 sus-

635 1159 799 1229 cipiet
843 1160 895 1213 in
937 1157 1138 1223 futuro,
1189 1171 1251 1211 ex
1303 1170 1408 1224 quo
1435 1152 1764 1207 conﬁdenter
1798 1149 1923 1203 mihi
1973 1157 2059 1202 tua
2091 1163 2221 1217 prte-

636 1251 778 1307 dicta
821 1249 1033 1306 occulta
1083 1257 1139 1303 et
1166 1246 1485 1302 abscondita
1520 1242 1787 1305 revelasti,
1830 1240 2045 1295 conﬁdo
2077 1239 2219 1310 quod

638 1342 740 1395 hoc
764 1340 963 1395 donum
994 1350 1142 1393 tuum
1171 1335 1522 1406 setniplenum
1553 1350 1657 1387 non
1691 1332 1982 1401 relinques.

705 1430 794 1485 21.
829 1428 923 1501 (γ.
951 1427 1029 1499 9.)
1078 1426 1185 1482 Sed
1237 1441 1475 1495 asperge:
1521 1441 1621 1488 me,
1681 1422 1923 1484 Domine,
1975 1422 2217 1492 Ityssopo.

638 1524 821 1580 Sancti
873 1523 968 1587 tui,
1024 1521 1267 1582 Domine,
1300 1534 1396 1590 per
1418 1534 1555 1588 quos
1593 1517 1748 1598 nobis
1778 1525 1896 1569 tuas
1938 1513 2136 1586 ﬁguras
2165 1524 2217 1569 et

634 1614 919 1687 parabolas
960 1612 1202 1669 ediscere
1245 1610 1483 1675 voluisti,
1510 1610 1695 1664 dicunt
1720 1607 1876 1662 nobis
1914 1609 2057 1676 quod
2089 1607 2218 1680 hys-

633 1724 799 1779 Soptts
827 1715 909 1761 est
948 1706 1112 1761 herba
1140 1704 1362 1759 humilis
1403 1712 1458 1756 et
1496 1701 1855 1767 medicinalis,
1885 1700 2036 1769 Cujus
2066 1702 2216 1755 radix

2324 510 2763 567 emundationem
2796 509 3003 564 lavabis
3057 530 3143 567 me
3186 528 3283 587 per
3326 513 3556 581 gratiam
3612 521 3761 568 tuam
3789 528 3912 568 san-

2323 610 2487 669 clam,
2522 602 2575 657 in
2601 601 2872 673 baptismo
2912 603 3190 674 sanguinis
3216 604 3411 659 animae
3448 618 3581 658 meae
3603 618 3701 674 per
3731 604 3904 674 paeni-

2326 694 2549 751 tentiam
2599 694 2931 758 renovando,
2961 710 3121 765 quem
3152 694 3214 762 in
3261 695 3532 764 baptismo
3572 693 3814 748 ﬂuminis
3860 704 3916 749 ct

2323 784 2561 840 ﬂaminis
2582 770 2719 856 '(tihi’
2735 784 2813 838 sit
2840 783 2965 838 inde
2990 784 3108 840 laus
3142 795 3197 840 et
3219 785 3471 855 jtthilatio
3499 784 3540 856 ἰ)
3559 783 3674 853 jam
3706 783 3913 839 lavisti.

2326 876 2392 931 Et
2419 893 2575 946 super
2600 876 2764 930 nivem
2783 875 3075 933 dealbalor.
3108 879 3185 934 Ex
3212 879 3314 934 hoc
3338 875 3509 932 audeo
3527 878 3711 933 dicere
3739 878 3915 931 conli-

2323 969 2540 1031 denler;
2572 968 2722 1036 qu7a,
2759 966 3002 1034 Domine,
3033 978 3088 1023 lu
3119 970 3336 1025 dixisti:
3370 962 3426 1024 Si
3452 967 3655 1023 fuerint
3687 975 3908 1035 peccata

2322 1069 2522 1127 vestra,
2548 1068 2608 1112 ιιι
2637 1059 2911 1113 coccinum
2943 1061 3257 1130 sanguinea,
3286 1060 3440 1130 quasi
3468 1060 3555 1114 nix
3581 1059 3908 1114 dcalbabnn—

2325 1162 2412 1206 tur
2443 1153 2494 1207 in
2529 1151 2847 1224 poenitentia
2882 1168 2895 1204 :
2952 1158 3006 1205 ct
3045 1151 3089 1206 si
3134 1150 3335 1205 fuerint
3387 1153 3547 1205 rnhra
3598 1149 3763 1226 quasi
3796 1164 3919 1205 ver-

2322 1244 2574 1309 miculus,
2601 1246 2742 1300 sicut
2782 1247 2907 1300 lana
2931 1228 3058 1299 alba
3101 1251 3280 1307 erunt,
3310 1251 3362 1297 et
3392 1242 3472 1297 sic
3498 1257 3666 1311 opera
3692 1241 3915 1311 sangui-

2322 1338 2428 1403 nis,
2460 1338 2511 1393 in
2558 1349 2762 1395 vestem
2796 1352 2963 1405 tuam,
3007 1335 3252 1402 Domine,
3282 1336 3717 1390 misericorditer
3747 1342 3915 1388 muta-

2324 1430 2527 1485 buntur
2555 1449 2568 1485 :
2597 1430 2670 1486 ita
2696 1435 2839 1502 quod
2866 1434 2933 1489 de
2963 1448 3048 1487 me
3062 1446 3181 1486 cum
3196 1429 3318 1485 aliis
3339 1428 3542 1484 sanctis
3571 1429 3704 1493 tuis,
3722 1428 3915 1499 quibus

2322 1522 2477 1591 quasi
2527 1524 2785 1594 przcclara
2819 1534 2969 1579 veste
3015 1523 3068 1577 in
3118 1521 3285 1593 gloria
3319 1521 3590 1581 vestieris.
3623 1519 3801 1574 facies
3826 1536 3913 1575 ve-

2323 1621 2460 1667 stem
2491 1620 2669 1680 tuam;
2703 1630 2864 1684 quam
2896 1597 3199 1667 dealbatam
3241 1610 3566 1666 mirabiliter
3592 1611 3911 1682 designasti,

2326 1719 2448 1759 cum
2481 1705 2534 1760 in
2585 1704 3064 1776 transﬁguratione
3112 1702 3431 1779 vestimenta
3474 1710 3564 1755 tua
3599 1700 3753 1755 facta
3797 1709 3913 1755 sunt

633 1772 800 1872 petrtc
830 1799 1028 1854 dicitur
1071 1796 1370 1856 adlucrere,
1396 1804 1449 1848 et
1481 1793 1764 1865 pulmones
1792 1792 2008 1847 inﬂatos
2049 1793 2220 1863 repri—
2255 1772 2299 1832 Β
2328 1795 2471 1861 alba,
2499 1794 2677 1865 qualia
2708 1772 2814 1850 non
2842 1801 3025 1867 posset
3059 1789 3185 1848 fullo
3210 1772 3389 1847 facere
3420 1792 3587 1861 super
3615 1799 3848 1846 terram.

633 1903 789 1945 mere
824 1899 879 1946 et
926 1903 1180 1959 purgare.
1228 1886 1293 1940 Et
1346 1886 1466 1943 ideo
1518 1884 1735 1954 quando
1792 1884 1879 1938 hic
1916 1882 2128 1938 locutus
2159 1899 2218 1940 es

636 1980 883 2046 Domine,
912 1980 977 2033 de
999 1979 1258 2047 hySsopo,
1294 1976 1361 2031 dc
1391 1975 1694 2029 humilitate
1722 1974 2037 2045 intelligeris
2065 1977 2218 2031 nobis

637 2073 804 2142 loqui,
832 2087 953 2141 quae
977 2072 1028 2125 in
1063 2068 1495 2126 consideratione
1525 2068 1604 2123 sui
1636 2077 1717 2122 est
1751 2069 1958 2125 modica
1997 2069 2082 2123 illa
2111 2071 2221 2125 vir-

640 2173 744 2225 tus,
775 2178 895 2231 qua:
938 2161 989 2216 in
1027 2168 1319 2230 conspectu
1370 2169 1459 2213 tuo
1489 2168 1542 2212 et
1585 2159 1750 2213 totius
1775 2158 2012 2215 caelestis
2055 2162 2219 2218 curiae

637 2253 872 2308 maxima
915 2261 1215 2322 reputatur.
1239 2251 1335 2307 Cui
1375 2261 1451 2317 tu,
1488 2251 1644 2314 Deus,
1678 2268 1922 2307 summus
1952 2256 2217 2321 medicus,

638 2358 888 2413 magnam
919 2341 1197 2399 contulisti
1229 2351 1415 2397 contra
1448 2351 1712 2396 tumorem
1742 2343 2010 2413 superbitc
2043 2347 2216 2400 medi-

636 2436 815 2491 cinam
842 2452 856 2489 :
888 2435 1104 2504 quando
1130 2442 1203 2497 tu,
1238 2432 1396 2497 Dens,
1432 2434 1523 2503 qui
1562 2433 1629 2487 de
1657 2432 1871 2488 excelso
1899 2432 2081 2503 gloria:
2114 2445 2215 2492 tum

639 2528 835 2581 throno
861 2525 1083 2581 humilia
1114 2520 1427 2594 respicis,ct
1450 2512 1607 2595 ponis
1630 2523 1859 2579 humiles
1892 2524 1944 2578 in
1974 2525 2214 2592 sublimi,

637 2633 760 2671 cum
789 2632 935 2671 esses
992 2616 1289 2670 immensus
1335 2622 1391 2669 ct
1419 2612 1684 2678 excelsus,
1720 2613 1990 2669 inclinasti
2023 2616 2214 2681 cmlos,

637 2717 693 2762 et
719 2707 1038 2762 descendisti
1072 2708 1122 2760 in
1150 2716 1373 2772 terram,
1405 2705 1629 2760 formam
1662 2702 1802 2759 servi
1833 2706 2127 2776 accipiens,
2160 2717 2218 2761 ut

636 2798 955 2852 humilitatis
1003 2797 1309 2867 exetnplnm
1339 2798 1576 2850 humano
1611 2796 1793 2865 generi
1826 2796 2137 2863 exhiberes,
2162 2808 2217 2852 et

636 2898 783 2941 esset
835 2888 1098 2941 tnedicina
1148 2885 1375 2941 tumoris
1432 2885 1485 2937 in
1538 2882 1757 2938 homine
1786 2885 2059 2940 humilitas
2102 2897 2211 2955 tua,

636 2978 870 3032 Christe.
908 2977 1004 3032 Ubi
1045 2976 1212 3040 enim,
1261 2973 1504 3037 Domine,
1542 2980 1630 3026 tua
1674 2988 1732 3028 se
1777 2975 2072 3029 exinauivit
2111 2993 2216 3030 nta-

585 3103 589 3106 μ
630 3068 826 3138 jestas,
856 3068 1130 3139 indignum
1164 3074 1248 3122 est
1293 3074 1351 3119 ιιι
1377 3074 1537 3120 vento
1565 3066 1831 3135 superbiae
1859 3065 2076 3122 inﬂetur
2096 3083 2214 3123 ver-
2244 3120 2284 3139 η

636 3160 862 3216 tniculus
898 3175 965 3213 ac
1012 3168 1293 3213 tumescat.
1336 3157 1475 3225 Quid
1516 3159 1659 3211 enim
1708 3158 1879 3227 magis
1913 3159 2213 3215 mirandum

630 3260 737 3319 est,
772 3252 899 3322 quid
937 3250 1169 3321 amplius
1222 3248 1618 3308 detestandum,
1672 3250 1799 3319 quid
1853 3252 2072 3321 gravius
2121 3269 2209 3324 pu-

633 3344 911 3406 niendum,
944 3358 1104 3413 quam
1123 3342 1262 3412 quod
1292 3342 1478 3396 videns
1507 3340 1599 3396 Dei
1634 3340 1829 3395 Filium
1856 3356 2129 3398 summum
2163 3344 2216 3399 in

633 3450 802 3503 regno
827 3435 1109 3499 cazlornm,
1142 3433 1490 3491 novissimum
1523 3432 1725 3488 factum
1751 3434 1805 3488 in
1839 3448 2004 3503 regno
2047 3434 2219 3489 homi-

634 3542 785 3590 tnun,
810 3535 1041 3596 apponat
1072 3527 1247 3581 adhuc
1272 3526 1619 3597 magniﬁcare
1644 3541 1705 3580 se
1735 3526 1896 3579 homo
1919 3540 2084 3595 super
2112 3535 2218 3581 ter—

635 3617 787 3671 ram?
820 3617 864 3672 0
899 3617 1152 3685 magister
1179 3627 1230 3671 et
1260 3615 1486 3671 Domine
1506 3617 1579 3686 (et
1618 3615 1753 3669 bene
1784 3615 2057 3683 dicimus),
2093 3623 2219 3671 tunc

634 3709 790 3765 nobis
811 3708 1145 3763 humilitatis
1177 3719 1284 3761 tua:
1308 3705 1504 3762 librum
1537 3714 1593 3760 et
1626 3705 2002 3775 magisterium
2029 3716 2217 3761 osten-

632 3803 781 3867 disti,
813 3818 934 3858 cum
971 3802 1255 3858 lectionem
1289 3799 1435 3855 illam
1461 3799 1613 3853 nobis
1636 3801 1911 3855 memoriae
1939 3814 2216 3855 commen-

631 3896 862 3951 (L'llltlalll
915 3894 1089 3966 legisti
1135 3893 1371 3950 dicens:
1425 3893 1627 3947 Discite
1683 3906 1714 3947 ιι
1771 3906 1857 3946 me
1905 3893 2030 3961 quia
2070 3892 2216 3948 mitis

630 4003 772 4054 sum,
814 3996 869 4043 et
915 3986 1135 4041 humilis
1162 3986 1347 4041 corde.
1384 3984 1428 4041 Ο
1470 3984 1689 4039 humilis
1718 3983 2012 4038 celsitudo!
2042 3983 2213 4052 Quam

629 4096 756 4137 vere
786 4080 1148 4146 si.voluisses,
1212 4078 1395 4133 dicere
1449 4079 1719 4148 potuisses
1756 4095 1771 4132 :
1805 4077 2004 4133 Discite
2053 4093 2082 4131 a
2128 4093 2216 4132 me

631 4175 901 4230 fabricare
952 4173 1158 4237 lunam,
1189 4182 1242 4227 et
1273 4171 1466 4234 solem,
1492 4169 1576 4225 vel
1608 4179 1775 4224 totam
1818 4168 2079 4224 fabricam
2111 4170 2211 4224 lm-

631 4268 715 4338 ins
745 4267 927 4321 mundi
952 4267 967 4320 ι
1005 4265 1089 4321 vel
1121 4265 1313 4320 discite
1339 4280 1368 4318 a
1403 4277 1487 4317 me
1512 4262 1793 4318 triduanos
1820 4271 2068 4318 mortuos
2095 4278 2203 4319 sus

629 4357 828 4413 citare!
876 4356 983 4411 Sed
1013 4357 1139 4427 quia
1190 4356 1463 4427 potentior
1490 4363 1574 4409 cst
1603 4353 1931 4409 solidissima
1995 4353 2214 4409 humili-

2390 1885 2482 1940 22.
2512 1885 2578 1941 Et
2617 1888 2661 1942 si
2711 1903 2818 1952 me,
2853 1904 2975 1943 cum
3004 1887 3109 1943 illis
3140 1885 3232 1956 qui
3259 1883 3515 1939 viderunt
3542 1892 3597 1937 te
3628 1882 3837 1936 nudum
3862 1892 3912 1936 et

2321 1979 2647 2045 vestierunt,
2698 1995 2940 2049 unquam
2991 1977 3310 2052 permiseris
3350 1975 3497 2030 illam
3550 1975 3911 2030 lmtabundant

2323 2087 2507 2129 vocem
2553 2082 2698 2128 tuam
2722 2072 2942 2128 .audire
2971 2092 2985 2127 :
3022 2070 3236 2137 Venite,
3263 2068 3531 2126 benedicti
3569 2067 3760 2123 Patris
3791 2067 3906 2130 mei,

2322 2162 2585 2233 percipite
2608 2177 2830 2233 regnum
2863 2163 3004 2233 quod
3032 2172 3277 2233 paratum
3308 2160 3458 2215 vobis
3488 2169 3577 2214 est
3602 2160 3676 2213 ab
3709 2159 3911 2230 origine

2324 2253 2507 2309 mundi
2558 2253 2652 2323 (V.
2682 2254 2809 2326 £0);
2846 2255 3054 2309 (ιιιάὶιηὶ
3087 2271 3201 2308 meo
3237 2253 3386 2307 dabis
3414 2250 3676 2323 gaudium
3705 2263 3755 2305 et
3781 2251 3899 2305 (tt-ti-

2319 2345 2468 2398 tiam.
2499 2341 2545 2399 0
2573 2359 2675 2399 vox
2698 2344 3077 2399 exsultationis
3098 2353 3153 2399 et
3174 2342 3390 2405 salutis,
3417 2357 3540 2409 qua:
3566 2339 3907 2395 audientibus

2323 2442 2374 2488 te
2420 2434 2575 2490 dabis
2606 2435 2656 2488 in
2700 2432 2919 2490 Christo
2947 2433 3189 2488 lmtitiam
3222 2430 3642 2501 sempiternam,
3677 2446 3810 2486 sena
3856 2431 3908 2484 in

2320 2524 2542 2580 auribus
2574 2527 2736 2581 meis!
2767 2525 2846 2580 Tu
2899 2527 3044 2584 enim
3086 2541 3144 2581 es
3176 2541 3277 2580 vox
3315 2523 3470 2578 valde
3496 2522 3695 2587 dulcis,
3730 2531 3787 2576 et
3826 2521 3913 2575 fa-

2317 2617 2431 2670 cies
2455 2617 2702 2672 sonantis
2739 2619 2970 2674 decora!
3015 2617 3185 2683 Sona,
3218 2612 3395 2671 utsic
3423 2614 3613 2669 auditu
3642 2616 3791 2670 auris
3818 2630 3913 2668 au-

2319 2705 2464 2760 diam
2514 2715 2586 2773 te,
2618 2716 2677 2761 ut
2707 2707 2895 2763 oculus
2946 2722 3101 2763 mens
3155 2707 3335 2760 videat
3391 2714 3461 2768 te,
3514 2718 3680 2775 quem
3711 2706 3913 2766 videre,

2319 2796 2459 2853 idem
2496 2808 2578 2854 est
2614 2801 2757 2869 quod
2803 2800 3022 2856 habere.
3057 2799 3279 2855 interim
3313 2809 3493 2854 autem
3526 2814 3629 2869 pro
3660 2813 3915 2854 rech

2322 2890 2391 2943 tia
2423 2898 2533 2953 tua,
2577 2890 2745 2958 Deus,
2792 2880 3014 2948 audiam
3049 2901 3255 2954 tacens,
3302 2891 3430 2962 quid
3462 2892 3515 2946 in
3547 2907 3637 2946 me
3665 2891 3915 2963 ioquatur

2319 2980 2554 3052 Spiritus
2598 2996 2720 3040 tuus
2763 2995 3005 3050 sanctus,
3039 2982 3296 3056 quoniam
3329 2984 3382 3039 in
3419 2999 3506 3038 me
3548 2984 3667 3055 jam
3702 3001 3807 3039 non
3836 2984 3914 3038 lo-

2318 3075 2502 3143 quitur
2527 3076 2628 3131 nisi
2655 3091 2871 3146 pacem,
2889 3076 3379 3144 Quantumcunque
3402 3075 3680 3144 inquietet
3726 3083 3779 3130 et
3801 3090 3915 3145 pct-

2326 3172 2532 3237 strcpat
2571 3168 2704 3224 foris
2751 3166 3004 3232 mundus,
3056 3177 3111 3222 et
3143 3167 3431 3226 audiendo,
3463 3166 3721 3236 qntcdam
3746 3166 3800 3220 in
3821 3181 3915 3220 cor

2324 3273 2502 3316 meum
2523 3261 2722 3316 veritas
2770 3258 3064 3316 indicihilis
3109 3258 3410 3328 eliquatur;
3453 3274 3600 3328 quae,
3632 3258 3681 3314 si
3710 3269 3769 3313 tu
3807 3271 3908 3311 non

2321 3364 2399 3416 es,
2448 3350 2631 3405 nescio
2679 3348 2808 3419 quid
2856 3348 2948 3405 sit.
3006 3348 3052 3406 Ο
3104 3349 3471 3405 secretissime
3524 3349 3739 3404 anima!
3781 3358 3909 3402 mea:

2322 3455 2536 3510 sponse,
2592 3438 2679 3496 fac
2726 3454 2812 3495 me
2840 3441 3029 3496 audire
3067 3440 3295 3497 interius
3350 3440 3403 3495 in
3449 3439 3676 3496 silentio
3723 3453 3903 3494 vocem

2323 3531 2502 3597 istam,
2551 3538 2609 3583 ttt
2655 3531 2808 3601 quasi
2840 3532 3047 3587 amicus
3073 3533 3253 3602 sponsi
3296 3531 3423 3586 item
3454 3545 3563 3585 non
3593 3532 3791 3586 cadam
3813 3543 3912 3600 per

2322 3621 2740 3692 multiloquium,
2790 3629 2847 3677 et
2892 3620 3092 3691 gaudio
3139 3623 3401 3693 gaudeam
3455 3631 3691 3692 propter
3728 3634 3908 3676 vocem

2320 3715 2533 3785 sponsi;
2574 3714 2647 3770 ita
2698 3714 2841 3785 quod
2878 3715 3056 3770 anima
3090 3730 3234 3783 mea,
3272 3726 3405 3785 qua!
3422 3714 3605 3769 adhuc.
3653 3722 3741 3770 est
3757 3711 3912 3783 quasi

2320 3808 2410 3863 nix
2434 3809 2486 3863 in
2510 3816 2695 3862 monte
2716 3807 2982 3878 superbia:
3002 3807 3303 3878 congelala,
3334 3806 3402 3861 ad
3426 3803 3672 3861 calorem
3702 3806 3775 3858 tui
3798 3803 3917 3857 elo-

2336 3899 2453 3970 ptii,
2497 3900 2642 3970 quod
2692 3898 3043 3953 vehementer
3094 3896 3326 3969 ignitum
3373 3904 3482 3959 est,
3536 3895 3825 3965 liquefacta
3858 3893 3917 3947 in

2320 3989 2511 4044 vallem
2558 3988 2887 4044 humilitatis
2920 3986 3172 4043 celeriter
3198 3996 3254 4042 et
3292 3986 3546 4042 hilariter
3573 3988 3917 4042 madescen-

2336 4080 2430 4134 lat.
2486 4079 2551 4134 Et
2601 4080 2937 4134 exsultabant
2990 4086 3109 4133 ossa
3164 4070 3469 4132 humilium.
3521 4077 3666 4133 Ossa
3720 4078 3923 4130 anima

2316 4186 2472 4238 meae,
2497 4171 2744 4239 Domine,
2792 4182 2920 4227 sunt
2952 4154 3201 4237 virtutes,
3247 4170 3448 4240 quibus
3498 4168 3617 4239 ipsa
3658 4169 3920 4234 interius,

2316 4265 2458 4321 sicut
2485 4279 2682 4336 corpus
2717 4264 2961 4320 exterius
2989 4262 3207 4318 ossibus
3255 4269 3635 4332 supportatur,
3670 4269 3726 4315 nt
3765 4269 3925 4315 stare

2317 4356 2484 4428 possit
2507 4358 2644 4428 :ante
2683 4364 2735 4411 te
2779 4370 2940 4426 supra
2973 4355 3139 4426 pedes
3181 4351 3496 4419 affectuum,
3552 4366 3625 4407 ne
3674 4350 3923 4407 labatur.

635 4456 717 4501 tas
772 4463 934 4517 quam
982 4447 1359 4503 ventosissima
1392 4444 1678 4510 celsitudo,
1714 4444 1915 4498 idcirco
1954 4455 2006 4498 tu
2038 4445 2214 4500 humi—
2247 4460 2293 4520 ι)
2320 4449 2629 4517 Tu.antem,
2670 4448 2833 4513 Deus,
2886 4449 2978 4518 qui
3010 4446 3193 4502 omnia
3230 4445 3392 4511 nosti,
3430 4444 3541 4498 scis
3568 4446 3652 4513 (et
3679 4456 3784 4510 ego
3817 4455 3930 4496 nec

632 4538 800 4594 litatis
830 4538 1020 4594 doctor
1047 4540 1296 4610 egregius
1323 4538 1501 4608 potius
1521 4537 1699 4592 dicere
1737 4534 1951 4592 voluisti
1979 4554 1991 4591 :
2017 4537 2217 4594 Discite

630 4645 660 4684 a
721 4644 806 4685 me
861 4624 1138 4696 nascente,
1195 4629 1479 4692 moriente,
1533 4626 1902 4697 praedicante,
1957 4628 2216 4684 miracula

629 4722 887 4787 faciente,
924 4721 1049 4792 quia
1107 4720 1253 4775 mitis
1323 4734 1441 4774 sum
1506 4728 1562 4774 et
1621 4718 1840 4780 lmmilis
1878 4722 2059 4780 corde.
2097 4721 2143 4777 Ο
2171 4719 2215 4775 si

627 4814 809 4870 cordis
845 4813 950 4868 mei
1006 4813 1194 4868 intima
1244 4827 1561 4884 aspcrgeres
1617 4814 1870 4887 hyssopo,
1924 4818 2026 4872 hoc
2069 4822 2218 4885 certe

630 4908 745 4973 tibi,
777 4905 869 4977 qui
900 4921 960 4962 es
989 4906 1296 4961 ﬁrmissima
1325 4914 1499 4976 petra,
1527 4906 1763 4973 Christe,
1799 4917 1910 4963 toto
1938 4907 2102 4965 corde
2127 4923 2218 4961 ra-

627 4997 825 5055 dicitus
868 4996 1222 5062 adhtererem,
1277 4995 1347 5051 ita
1394 4996 1535 5067 quod
1580 5012 1720 5053 unus
1765 4998 1986 5068 spiritus
2040 5013 2214 5054 essem

628 5102 831 5156 tecum,
880 5098 935 5144 et
975 5103 1086 5161 prae
1133 5088 1329 5158 gaudio
1378 5088 1765 5154 exclamarem,
1797 5090 1939 5159 quod
1971 5090 2063 5145 tibi
2112 5088 2217 5144 Do-

627 5183 775 5238 mino
798 5195 917 5237 meo
942 5180 1139 5237 bonum
1182 5189 1265 5236 est
1295 5181 1598 5237 adhaerere.
1629 5180 1695 5236 Et
1729 5181 1853 5252 quia
1886 5181 2003 5238 htec
2029 5183 2216 5254 hysso-

624 5282 839 5346 pus‘est
874 5272 1069 5329 inﬂatis
1097 5272 1350 5328 omnibus
1382 5271 1542 5327 nobis
1587 5288 1742 5344 opus,
1778 5273 1983 5329 idcirco
2015 5284 2089 5339 te,
2127 5275 2214 5330 cui

625 5366 907 5424 humilium
937 5375 994 5422 et
1018 5375 1426 5423 mansuetorum
1481 5380 1695 5436 semper
1722 5365 1925 5438 placuit
1957 5367 2217 5438 depreca-

626 5462 721 5525 tio,
753 5461 1015 5531 deprecor
1062 5458 1338 5515 humiliter
1366 5465 1423 5512 et
1453 5456 1667 5525 devote,
1699 5467 1759 5513 nt
1785 5474 1872 5515 me
1893 5458 2125 5515 interius
2163 5468 2217 5515 et

626 5555 865 5609 exterius
889 5551 1131 5624 digneris
1159 5563 1446 5622 aspergere
1474 5548 1579 5604 hac
1611 5550 1867 5622 hyssopo,
1895 5562 1949 5605 et
1981 5550 2210 5616 munda-

625 5648 750 5714 hor,
781 5663 844 5701 ac
873 5647 1088 5718 penitus
1122 5643 1459 5700 cmundabor
1491 5657 1521 5696 a
1553 5641 1751 5698 delicto
1781 5643 2043 5707 maximo,
2071 5641 2213 5712 quod

626 5750 711 5797 est
733 5737 1004 5808 superbia,
1033 5750 1151 5805 qua:
1179 5735 1322 5789 inter
1345 5747 1537 5802 magna
1563 5748 1669 5789 non
1700 5734 1872 5793 solum
1899 5733 2091 5806 majus,
2117 5733 2213 5790 sed

2319 4543 2441 4598 volo
2466 4543 2580 4607 tibi,
2625 4556 2722 4597 nec
2775 4541 2968 4599 audeo,
3023 4555 3122 4594 nec
3156 4538 3312 4592 valeo
3346 4535 3588 4608 difﬁteri)
3624 4535 3771 4607 qtmd
3804 4537 3933 4589 hac

2319 4637 2512 4692 animae
2543 4650 2675 4690 mete
2706 4650 2826 4690 ossa
2855 4632 3054 4703 pluries
3084 4630 3383 4700 dissipasti,
3415 4644 3539 4697 qua:
3566 4628 3788 4700 placere
3822 4626 3933 4680 lto-

2319 4729 2555 4783 minihns
2578 4726 2912 4798 quaesierunt
2961 4723 3120 4789 adeo,
3174 4722 3319 4792 quod
3363 4721 3595 4777 medella
3639 4723 3741 4793 (ita
3786 4720 3926 4774 τοι.

2318 4817 2582 4887 are/mire)
2619 4816 2944 4878 devotionis,
2993 4830 3021 4867 a
3052 4828 3158 4883 qua
3190 4821 3363 4867 totum
3394 4813 3711 4882 concipiunt
3743 4812 3935 4865 robur

2318 4925 2500 4974 Slllllll,
2541 4908 2689 4963 arida
2744 4915 2827 4963 est
2873 4916 2930 4962 ct
2972 4906 3139 4972 sicca,
3168 4907 3241 4961 ita
3271 4904 3546 4975 utpossim
3572 4903 3762 4959 dicere
3792 4918 3934 4956 cum

2318 4996 2620 5070 propheta:
2661 4994 2796 5053 Ossa
2845 5010 2961 5051 mea
3005 4995 3146 5051 sicut
3183 4993 3448 5051 cremium
3476 5002 3765 5050 aruerunt.
3812 4993 3935 5048 Sed

2318 5090 2442 5161 quia
2487 5098 2543 5144 tu
2590 5104 2651 5143 es
2682 5088 2845 5144 'Dcus
2896 5085 3179 5152 virtutum,
3238 5086 3397 5154 cujus
3425 5100 3489 5142 os
3520 5086 3606 5142 vel
3649 5085 3840 5141 virtus
3876 5086 3940 5139 in

2317 5197 2479 5238 cruce
2511 5176 2615 5237 non
2648 5172 2768 5249 fuit,
2814 5180 3112 5236 confractis
3145 5177 3377 5236 aliorum
3410 5179 3647 5234 duorum
3668 5178 3942 5241 ossibus,

2318 5274 2730 5340 comminutum,
2757 5275 2963 5328 ideirco
3004 5270 3250 5343 supplico
3275 5279 3380 5325 tua:
3402 5269 3667 5325 ineﬂ'abili
3694 5270 3945 5339 pietati,

2319 5377 2377 5422 ut
2404 5367 2469 5424 de
2501 5367 2716 5423 excelso
2743 5368 2921 5437 ignem
2948 5367 3150 5423 amoris
3179 5363 3255 5418 tui
3280 5363 3334 5416 in
3358 5362 3579 5417 ossibus
3610 5360 3747 5415 meis
3780 5362 3943 5416 mit—

2320 5466 2422 5517 tas.
2454 5456 2578 5527 quia
2614 5456 2707 5511 tibi
2736 5457 2835 5511 soli
2873 5453 3126 5512 deSiilero
3163 5452 3306 5506 bene
3336 5450 3553 5522 placitis
3594 5448 3836 5506 aetibus
3874 5451 3957 5508 th

2318 5557 2513 5605 czctero
2548 5549 2905 5619 complacere,
2938 5558 2996 5602 ut
3037 5543 3351 5602 holocausta
3391 5542 3489 5598 tibi
3525 5540 3759 5597 oﬂ'eram
3802 5558 3947 5599 mc-

2318 5640 2519 5696 dullata
2553 5659 2566 5695 ε
2598 5650 2651 5697 et
2679 5641 2756 5696 sic
2783 5640 3040 5712 prtedicta
3071 5640 3269 5696 animae
3301 5651 3438 5692 mete
3471 5646 3597 5690 ossa
3626 5632 3951 5691 bumlﬂan

2318 5746 2414 5801 per
2455 5732 2825 5803 aspersionem
2878 5730 3129 5804 hysSOpi,
3189 5739 3243 5787 et
3301 5727 3555 5799 gaudium
3608 5721 3773 5780 vocis
3830 5735 3953 5781 tu
