4060 6292
201 391 291 447 837
716 382 719 385 ’
1277 386 1653 444 ΜΕΒΙΤᾹΤΙΟ
1693 386 1756 442 ιΝ

1861 388 1990 446 iAL.
2031 388 2398 448 MlSERERE.

3342 404 3449 463 838

201 505 382 561 auditui
413 503 752 572 mandatum,
783 503 940 572 inte,
978 502 1236 574 Domin’c,
1263 501 1606 560 exsultahunt
1628 520 1760 577 gau--
1791 511 1839 569 Α
1869 504 1985 559 cius
2014 514 2176 574 alque
2206 507 2469 574 vivacius,
2518 518 2570 563 ιιι
2604 524 2664 564 es
2690 523 2787 565 cor
2819 519 2875 567 ct
2919 511 3027 567 vita
3066 514 3260 571 anima:
3291 533 3443 586 mete,

198 595 276 650 dio
303 609 492 662 magno
518 593 695 649 valde.

254 687 324 744 25
349 688 366 752 (
383 684 441 741 V.
470 687 581 757 ll.)
610 686 676 741 Et
707 702 773 743 ne
806 688 920 744 lucc
941 690 1231 746 exsultatio
1263 692 1329 749 de
1358 702 1557 752 caetero
1582 696 1634 751 in
1662 697 1758 753 tri-

196 777 380 833 stitiam
422 786 793 843 convertatur,
831 790 1003 835 averte
1041 782 1229 846 [aciem
1268 796 1413 839 tuam
1458 804 1490 840 a
1534 788 1758 858 peccatis

195 867 325 922 meis.
362 864 631 921 Hactenus
670 868 998 924 mentionem
1051 871 1143 926 tibi
1195 872 1320 939 feci,
1362 875 1579 931 dontine
1615 877 1757 932 Deus

195 974 350 1023 meus,
380 960 445 1012 de
498 974 603 1013 una
635 959 941 1029 iniquitate,
988 972 1044 1017 et
1081 965 1147 1019 de
1182 981 1291 1021 uno
1327 978 1585 1036 peccato,
1615 970 1758 1039 quod

192 1060 263 1104 Cal
311 1050 560 1119 superbia
602 1061 658 1107 et
702 1056 1008 1123 arrogantia
1067 1073 1285 1128 magna,
1329 1060 1397 1115 de
1442 1076 1548 1132 qua
1595 1064 1758 1119 timeo

191 1140 307 1195 mihi
340 1139 512 1203 valde,
545 1144 833 1199 attendens
865 1145 1008 1215 quod
1049 1161 1152 1203 nec
1190 1150 1627 1217 superhientihus
1664 1170 1762 1207 au-

188 1231 307 1301 gclis
333 1232 640 1301 pepercisti,
681 1237 775 1290 sed
822 1235 971 1291 illunt
1014 1237 1252 1306 Cherub,
1287 1243 1523 1313 quierat
1570 1245 1757 1316 signa.

186 1320 350 1376 culum
389 1322 780 1389 similitudin’s,
818 1326 1007 1398 plenus
1053 1330 1338 1401 sapientia,
1388 1320 1463 1389 et
1490 1336 1761 1405 perfectus

186 1414 388 1479 decore,
419 1425 643 1487 propter
682 1420 993 1488 superbiam
1046 1421 1114 1476 de
1159 1423 1368 1480 deliciis
1409 1427 1643 1495 paradisi
1691 1429 1759 1485 ad

189 1504 376 1562 inferos
414 1507 721 1566 detraxisti.
776 1509 843 1565 Et
891 1510 1093 1568 idcirco
1137 1528 1168 1568 a
1217 1521 1288 1579 te,
1341 1513 1585 1583 Domine,
1631 1520 1757 1591 petii

184 1605 281 1681 tam
325 1598 616 1668 instanter,
667 1611 726 1658 ut
779 1604 920 1660 hanc
983 1604 1324 1676 iniquitatem
1372 1618 1758 1681 eLpeccatum

184 1680 349 1748 meum
403 1695 634 1765 doleres,
679 1696 910 1769 lavares,
957 1701 1282 1765 mundares,
1328 1704 1453 1772 quia
1495 1707 1758 1762 maculam

160 1779 324 1858 .vahic
359 1783 654 1840 haerentem
705 1785 757 1842 in
788 1789 968 1846 anima
996 1808 1112 1849 mea
1152 1796 1360 1853 fecerit.
1395 1795 1546 1854 Nunc
1576 1807 1758 1853 autem

1864 597 2034 664 Deus;
2090 600 2181 669 qui
2221 599 2460 669 quandiu
2493 603 2662 671 ipsam
2694 602 2930 670 habitas,
2972 606 3080 661 vita
3111 610 3300 678 gratiae
3341 620 3449 667 tua:

1863 687 2023 755 vivit,
2053 700 2231 759 gustat
2272 692 2628 763 spiritualitcr
2663 696 2838 753 dulcia
2869 707 2925 754 et
2978 715 3203 756 amara:
3244 719 3368 758 nam
3393 708 3445 762 ei

1861 779 2174 836 dulcescunt
2207 783 2451 839 coelestia
2499 793 2555 839 et
2599 787 2846 853 virtutes,
2888 797 2944 843 et
2983 800 3199 847 terrena
3224 808 3291 849 ac
3309 796 3444 850 vitia

1861 881 1983 928 sunt
2021 888 2227 928 amara.
2268 874 2334 930 Et
2374 876 2541 932 etiam
2579 881 2733 948 quasi
2767 896 2931 937 unum
2961 884 3176 956 mystici
3201 890 3450 958 corporis

1863 967 1936 1018 tui
1969 967 2294 1033 membrum,
2321 967 2366 1023 si
2393 971 3139 1040 prosperitatemembrorum
3163 976 3309 1031 aliud
3332 980 3447 1049 glo-

1865 1056 2056 1121 riatur,
2087 1060 2423 1129 congaudet;
2476 1069 2533 1116 et
2562 1064 2605 1117 si
2639 1062 3024 1121 adversitatem
3051 1068 3272 1139 patitur,
3311 1087 3448 1140 quo-

1862 1145 1983 1199 dam
2018 1151 2412 1220 compassiouis
2460 1154 2746 1225 participio
2793 1157 3115 1215 ntolestatur
3153 1170 3208 1217 et
3250 1162 3395 1220 dolet
3427 1178 3443 1218 :

1864 1236 1927 1291 Et
1949 1238 2027 1293 sic
2055 1240 2291 1295 animam
2317 1258 2492 1298 meam
2521 1234 2698 1301 sentio
2727 1262 2826 1303 cor
2846 1249 3067 1306 habere.
3092 1251 3228 1307 Cum
3263 1258 3443 1310 autem

1860 1335 2082 1395 propter
2113 1327 2426 1398 iniquitates
2456 1349 2607 1389 meas
2648 1336 2715 1390 ab
2745 1338 2924 1391 anitna
2955 1355 3072 1394 mea
3102 1339 3267 1396 fueris
3294 1359 3448 1414 sepa-

1862 1427 2033 1479 ratus,
2064 1424 2191 1472 tunc
2227 1436 2327 1475 nec
2357 1422 2543 1487 vitam,
2578 1440 2676 1480 nec
2724 1442 2996 1498 saporem,
3026 1445 3124 1486 nec
3163 1434 3443 1502 gaudium,

1863 1522 1963 1562 nec
2017 1508 2258 1564 dolorem
2310 1514 2479 1568 sentit
2510 1515 2587 1569 vel
2627 1517 2790 1573 habet
2817 1534 2982 1589 super
3008 1521 3190 1592 aliquo
3216 1523 3284 1579 de
3319 1539 3463 1595 prov

1866 1598 2067 1666 missis,
2097 1602 2193 1655 sed
2225 1601 2370 1658 velut
2395 1614 2606 1659 mortua
2636 1607 2753 1663 sine
2775 1609 2940 1664 corde
2966 1610 3018 1665 in
3047 1610 3222 1668 loculo
3249 1628 3446 1685 corpo-

1865 1688 1942 1743 ris
1972 1690 2055 1745 sui
2096 1688 2266 1759 jacet,
2302 1700 2359 1746 et
2389 1702 2520 1748 tunc
2564 1710 2692 1751 vere
2723 1707 2901 1766 potest
2944 1699 3128 1757 dicere
3167 1719 3291 1757 cmn
3322 1718 3448 1774 pro-

1861 1778 2023 1847 pheta
2053 1791 2069 1831 :
2094 1777 2201 1833 Cor
2232 1794 2412 1835 meum
2445 1783 2767 1855 derelinquit
2799 1802 2913 1853 me;
2945 1801 2994 1844 et
3023 1792 3167 1860 quod
3198 1791 3341 1848 facta
3363 1800 3448 1848 est

180 1877 292 1944 quia
322 1878 564 1949 intelligo
589 1884 733 1953 quod
776 1898 840 1939 ex
876 1885 977 1939 hoc
1010 1897 1236 1955 peccato
1286 1904 1407 1946 meo
1436 1899 1692 1959 umquam
1730 1907 1758 1944 η
1797 1878 1838 1933 Β
1869 1872 2024 1943 quasi
2053 1866 2302 1928 columba
2334 1876 2556 1931 seducta
2591 1890 2696 1931 non
2728 1876 2934 1934 habens
2954 1894 3071 1935 cor.
3109 1880 3176 1935 Et
3202 1898 3328 1938 vere
3354 1884 3451 1938 nti-

176 1970 396 2035 quadam
425 1972 691 2029 virulenta
722 1976 927 2041 radice,
955 1978 1121 2032 multa
1144 1979 1197 2034 in
1227 1994 1313 2034 me
1337 1988 1553 2050 peccata
1579 1990 1635 2035 ct
1660 1980 1762 2035 ini-

175 2060 404 2128 quitates
436 2064 560 2121 alite
604 2066 959 2136 pullularunt,
991 2070 1330 2123 cumomnis
1359 2069 1610 2138 superbia
1639 2069 1762 2124 fun-

172 2154 483 2212 damentum
525 2168 581 2214 et
604 2159 818 2216 initium
860 2162 931 2215 sit
952 2161 1180 2232 peccati,
1204 2171 1259 2216 et
1281 2160 1533 2229 angelum
1569 2171 1624 2217 et
1658 2163 1756 2218 lto-

170 2247 362 2303 minem
387 2259 709 2319 apostatare
729 2267 757 2306 a
796 2260 849 2308 te
877 2252 1069 2310 fecerit
1097 2254 1326 2311 nimium
1356 2254 1756 2329 imprudenter;

167 2335 277 2392 ideo
305 2338 548 2410 imploro
576 2338 855 2419 humiliter
886 2352 1057 2409 tuam,
1092 2346 1253 2414 Deus,
1290 2346 1614 2404 inell'ahilcm
1646 2349 1759 2419 pie-

167 2437 352 2496 tatem,
398 2446 471 2487 ne
510 2417 697 2489 laetitia
731 2442 786 2489 et
817 2435 1130 2505 exsultatio,
1160 2453 1298 2509 quas
1326 2440 1530 2496 auditui
1559 2417 1681 2496 meo
1705 2450 1760 2496 et

165 2522 466 2581 huntiliatis
496 2526 714 2583 ossibus
749 2528 884 2584 meis
912 2527 1179 2599 infudisti,
1223 2531 1277 2586 in
1324 2531 1622 2587 lamentunt
1671 2533 1756 2588 vel

168 2629 349 2670 vocem
370 2613 624 2672 flentium
646 2628 1017 2675 convertatur.
1039 2620 1242 2678 Averte
1270 2621 1462 2678 faciem
1489 2632 1635 2678 tuam
1651 2639 1756 2678 non

168 2704 332 2761 solum
381 2704 455 2760 ab
487 2704 582 2761 illo
624 2718 849 2776 peccan
886 2723 1007 2765 meo
1052 2712 1341 2780 superbiae,
1377 2711 1472 2768 sed
1497 2712 1660 2767 etiam
1690 2714 1759 2768 ab

169 2794 416 2851 omnibus
450 2796 697 2865 peccatis
724 2797 901 2854 meis:
938 2799 1010 2854 ila
1046 2808 1225 2856 tamen
1253 2802 1396 2872 quod
1421 2817 1451 2856 a
1491 2817 1578 2857 me
1613 2812 1756 2858 tuam

169 2882 354 2943 faciem
400 2903 515 2945 non
552 2899 790 2956 avertas,
831 2892 922 2963 qui
958 2893 1010 2948 in
1062 2894 1165 2951 hac
1211 2895 1319 2950 vita
1348 2894 1470 2952 volo
1512 2909 1758 2966 quaerere

171 2980 306 3031 tuam
352 2977 577 3047 faciem,
628 2981 730 3036 hoc
763 2991 844 3037 est
884 2982 1178 3053 jucundam
1215 2986 1558 3055 prmseutiam
1608 2997 1755 3041 luam

168 3082 391 3141 semper.
445 3071 583 3129 Scio
612 3076 778 3141 enim,
816 3076 1061 3138 Domine.
1105 3078 1229 3147 quia
1267 3088 1355 3132 tua
1389 3078 1556 3134 facies
1585 3078 1637 3132 in
1670 3077 1758 3147 ju-

170 3162 267 3219 bilo
290 3165 717 3235 contemplatur,
746 3177 800 3222 et
837 3168 881 3223 si
905 3183 1027 3223 eam
1053 3169 1378 3232 osmuderis,
1411 3169 1593 3224 salvus
1617 3184 1713 3224 cro
1739 3187 1753 3224 :

1868 1967 2179 2023 serabiliter
2219 1969 2475 2024 seductus
2505 1979 2591 2024 est
2635 1969 2814 2024 omnis
2863 1970 3046 2036 homo,
3090 1974 3181 2043 qui
3227 1986 3451 2046 pr0pter

1864 2060 2075 2116 tantiet
2102 2060 2224 2117 talis
2252 2060 2435 2117 cordis
2484 2060 2724 2131 inopiam
2771 2062 3008 2117 animam
3052 2080 3206 2120 suam
3243 2068 3448 2137 perdit.

1862 2150 1997 2206 Nam
2042 2153 2143 2209 hoc
2168 2163 2250 2209 est
2296 2169 2396 2224 pro
2426 2153 2618 2219 nihilo,
2648 2154 2753 2210 hoc
2784 2163 2867 2210 est
2895 2171 2995 2226 pro
3027 2166 3272 2226 peccato,
3304 2160 3449 2229 quod

1862 2256 1991 2297 vere
2017 2241 2152 2297 nihil
2178 2252 2285 2309 est,
2316 2258 2417 2315 pro
2446 2259 2555 2315 quo
2592 2245 2770 2307 nihilo,
2795 2247 2935 2317 perit
2960 2263 3054 2303 cor
3077 2248 3225 2320 impii
3259 2265 3451 2320 pecca-

1865 2335 2018 2390 laris.

1931 2424 2022 2478 9.5.
2060 2425 2125 2480 Et
2150 2424 2254 2480 heu
2283 2426 2439 2492 mihi,
2470 2426 2690 2484 domine
2712 2428 2852 2485 Deus
2884 2446 3057 2496 meus,
3088 2431 3207 2487 sine
3243 2440 3318 2498 te,
3352 2448 3450 2504 per

1838 2532 2023 2586 'quem
2051 2517 2236 2572 omnia
2285 2518 2426 2575 facta
2459 2527 2609 2584 sunt,
2639 2535 2669 2574 a
2700 2536 2788 2576 me
2823 2520 3026 2578 factum
3055 2534 3141 2578 est
3183 2525 3322 2579 istud
3355 2526 3447 2580 ni-

1861 2608 1959 2674 hil,
1986 2619 2038 2664 et
2070 2626 2168 2679 pro
2197 2610 2303 2666 isto
2331 2610 2503 2667 nihilo
2550 2613 2708 2682 perii,
2742 2625 2797 2670 et
2825 2616 2891 2669 ad
2927 2615 3156 2670 nihilum
3190 2617 3447 2673 redactus

1861 2716 1979 2754 sum
2004 2708 2056 2755 et
2104 2701 2333 2757 nescivi.
2373 2702 2481 2758 Sed
2519 2712 2598 2767 tu,
2648 2713 2869 2760 creator
2892 2706 3136 2761 omnium
3167 2707 3330 2774 Deus,
3356 2708 3450 2779 qui

1860 2791 1928 2846 de
1956 2792 2126 2847 nihilo
2157 2802 2354 2850 cuncta
2384 2795 2604 2861 creasti,
2628 2811 2721 2851 cor
2745 2798 3002 2853 mundum
3027 2813 3154 2854 crea
3182 2799 3234 2854 in
3266 2800 3447 2855 anima

1862 2898 2004 2947 mea,
2032 2884 2195 2951 Deus,
2246 2887 2315 2940 ad
2369 2886 2541 2956 ipsam
2576 2887 2630 2941 itt
2683 2887 3073 2948 misericordiis
3123 2890 3449 2947 revertendo

1860 2977 2228 3046 suspirautem
2281 2986 2336 3033 et
2379 2978 2704 3035 clamantem
2728 2980 2794 3033 ad
2824 2989 2916 3035 te:
2945 2981 3219 3038 Velociter
3251 2983 3447 3039 exaudi

1860 3083 1969 3133 me,
2006 3068 2275 3124 Domine:
2327 3070 2527 3126 defecit
2571 3071 2810 3141 Spiritus
2860 3088 3056 3140 meus;
3113 3091 3183 3128 ne
3231 3087 3452 3132 avertas

1858 3172 1987 3229 ergo
2013 3173 2197 3212 aurem
2228 3167 2372 3214 tuam
2395 3174 2426 3213 a
2452 3159 2688 3231 singultu
2723 3176 2863 3229 meo,
2894 3163 2987 3217 sed
3009 3174 3229 3232 propter
3254 3175 3450 3219 teme:-

166 3264 438 3312 avcrtente
473 3268 667 3312 autem
720 3266 772 3314 te
825 3259 1018 3314 faciem
1053 3272 1199 3315 tuatn
1233 3275 1263 3315 a
1306 3276 1415 3328 me,
1453 3260 1755 3316 inconsola-

1863 3227 2065 3317 ipsum,
2097 3248 2264 3312 Deus,
2301 3259 2355 3305 et
2403 3227 2625 3320 propler
2665 3265 2862 3306 nomen
2891 3260 3142 3306 sanctum
3172 3261 3321 3307 tuum
3361 3269 3449 3308 reo

165 3341 342 3400 hiliter
370 3348 772 3404 coulttrbabor.
811 3347 890 3405 Ne
923 3360 1139 3406 avertas
1173 3351 1355 3422 igitur,
1400 3352 1544 3407 Dens
1582 3367 1785 3416 meus,-

162 3431 351 3492 faciem
384 3448 540 3495 tuam
580 3456 611 3495 a
659 3456 777 3503 me;
806 3442 899 3497 sed
928 3457 958 3497 a
994 3445 1233 3513 peccatis
1262 3444 1397 3499 meis
1420 3454 1658 3509 avertas.
1691 3460 1758 3500 nc

163 3526 659 3587 animadvertendo
688 3532 742 3587 in
769 3548 878 3598 me,
906 3534 1097 3603 punias
1127 3550 1215 3592 me
1249 3551 1348 3605 pro
1379 3536 1485 3592 illis
1513 3553 1529 3591 :
1572 3553 1602 3591 a
1631 3539 1754 3609 qui-

159 3612 255 3672 bus
274 3633 530 3689 aversus,
567 3631 625 3677 et
649 3638 771 3692 qua:
790 3639 891 3695 ego
920 3626 1113 3692 habeo,
1137 3637 1192 3682 et
1221 3628 1430 3683 habebo
1443 3627 1510 3683 de
1534 3638 1755 3696 cancro,

162 3712 208 3761 te
235 3707 485 3778 juvante,
508 3712 596 3766 ad
627 3720 679 3769 te
705 3713 897 3771 faciem
939 3730 1114 3772 meam
1145 3717 1540 3792 [convertam];
1565 3730 1623 3775 ut
1675 3720 1758 3775 fu-

161 3795 291 3865 giam
318 3815 383 3856 ea
432 3808 689 3872 Semper.
738 3803 805 3859 Et
847 3823 1025 3862 omnes
1051 3808 1355 3879 iniquitates
1383 3827 1523 3865 utens
1551 3811 1666 3866 dele
1692 3813 1759 3867 de

161 3888 342 3946 notitia
378 3903 496 3959 ttta,
549 3893 719 3961 Deus,
749 3905 805 3951 et
832 3897 1072 3954 radicem
1110 3909 1166 3954 et
1195 3902 1506 3970 progeniem
1546 3912 1603 3958 et
1638 3918 1760 3974 ger-

162 3990 297 4043 men,
315 3981 464 4038 sicut
483 3978 722 4040 omnino
741 3986 930 4043 delcsti
956 3988 1273 4044 memoriam
1302 3990 1554 4046 Amalech
1575 3992 1641 4047 de
1660 3991 1762 4045 sub

157 4069 307 4125 ctelo.

220 4161 312 4220 24.
346 4165 446 4236 (γ.
484 4166 616 4237 12.)
651 4168 714 4222 Et
744 4169 935 4225 deletis
974 4171 1109 4225 meis
1154 4171 1526 4240 iniquitatibus
1554 4182 1608 4227 ct
1637 4187 1759 4242 pec-

157 4254 309 4321 catis,
334 4274 431 4313 cor
455 4260 731 4314 mutillum
774 4276 893 4315 creo
933 4263 990 4316 in
1016 4278 1114 4339 nte,
1147 4262 1307 4318 Deus.
1335 4261 1380 4319 Ο
1408 4264 1549 4319 Deus
1577 4265 1760 4320 contis

159 4346 281 4412 mei,
307 4351 402 4418 qui
439 4350 791 4407 intellectura
841 4354 941 4409 das
997 4354 1257 4424 parvulis,
1291 4356 1359 4411 da
1392 4357 1523 4434 mihi
1564 4356 1762 4413 intelli-

156 4452 277 4505 gere
302 4441 407 4499 hoc
437 4463 452 4500 :
502 4445 665 4501 intus
697 4445 867 4513 legem
905 4455 1054 4516 peto,
1095 4455 1156 4502 ιιι
1185 4462 1283 4503 cor
1318 4449 1577 4503 mundum
1605 4462 1762 4504 crees

1859 3347 2074 3395 vertere
2127 3340 2195 3393 ad
2235 3339 2472 3395 animam
2526 3355 2723 3405 meam,
2755 3349 2815 3395 ut
2861 3342 3008 3396 vivat
3041 3359 3055 3396 ε
3123 3352 3176 3397 ιιι
3217 3358 3278 3399 es
3304 3344 3450 3399 enim

1858 3433 2076 3503 proprie
2100 3432 2376 3503 proprium
2403 3446 2498 3489 cor
2525 3432 2696 3503 ipsius
2721 3444 2778 3490 et
2808 3434 2937 3489 vita.
2962 3435 3105 3507 Ergo
3133 3436 3447 3500 misericor-

1860 3522 2105 3589 dissiutc,
2157 3525 2545 3592 sccrelissime,
2580 3526 2788 3593 intime,
2816 3527 2909 3598 qui
2945 3528 3187 3584 custodis
3229 3539 3449 3599 pactuut

1859 3625 1915 3671 et
1964 3616 2393 3673 miscricordiam
2442 3618 2619 3673 servis
2663 3618 2925 3690 luis;qui
2976 3621 3272 3690 promisisti
3308 3623 3452 3692 quod

1859 3708 2021 3787 dares
2057 3711 2213 3766 nobis
2237 3726 2333 3766 cor
2360 3726 2581 3777 novum,
2616 3721 2672 3767 et
2710 3712 2963 3782 spiritum
2990 3729 3190 3768 novum
3222 3730 3454 3785 poneres

1862 3802 1914 3856 in
1952 3800 2129 3857 medio
2175 3802 2373 3867 nostri,
2405 3803 2450 3857 si
2485 3804 2786 3859 rediremus
2832 3806 2900 3860 ad
2927 3820 3055 3871 cor;
3089 3816 3144 3860 et
3174 3806 3452 3875 plautarcs

1863 3890 2006 3964 [cod.
2037 3891 2333 3963 plorantes]
2370 3908 2469 3950 nos
2503 3894 2558 3948 in
2606 3895 2769 3949 corde
2798 3902 2911 3960 tuo,
2958 3904 3015 3951 et
3043 3896 3097 3950 in
3129 3897 3311 3952 anima
3357 3906 3449 3951 tua

1864 3992 1994 4037 tota.
2023 3982 2096 4036 Da
2145 3992 2199 4038 te
2245 3984 2417 4038 solunt
2456 3983 2614 4048 mihi,
2639 3993 2694 4038 et
2720 3993 2773 4038 te
2800 3985 2850 4039 in
2877 3985 3056 4039 anima
3089 4001 3206 4041 mea
3244 3987 3450 4057 planta,

1860 4084 1914 4128 ct
1966 4075 2155 4142 planus
2207 4090 2348 4129 sum.
2392 4075 2505 4145 Ego
2549 4084 2729 4131 autem
2762 4076 3159 4146 prtevaricator,
3191 4081 3259 4133 ad
3290 4094 3453 4135 voca-

1865 4166 2061 4220 tionem
2090 4175 2238 4220 tuant
2287 4166 2464 4221 redire
2495 4166 2614 4220 volo
2642 4167 2708 4221 ad
2741 4181 2855 4232 cor,
2876 4168 2994 4223 hoc
3020 4179 3103 4224 est
3142 4169 3210 4224 ad
3247 4179 3320 4236 te,
3356 4171 3448 4241 qui

1863 4273 1922 4313 es
1953 4273 2068 4323 cor,
2096 4273 2202 4327 quo
2235 4258 2386 4322 vivit,
2416 4259 2578 4327 sapit,
2611 4260 2830 4331 gaudet,
2853 4258 3022 4325 dolet,
3050 4260 3176 4327 scit,
3200 4261 3452 4332 intelligit
3485 4250 3497 4260 ”

1864 4350 2044 4404 anima
2073 4365 2213 4415 mea,
2249 4351 2408 4405 Deus.
2440 4350 2506 4404 Et
2549 4350 2650 4406 hoc
2676 4360 2761 4406 est
2786 4366 2883 4406 cor
2919 4352 3202 4417 mundum,
3222 4353 3452 4423 quodut

1863 4445 2083 4501 ercesiu
2104 4460 2206 4507 me,
2225 4446 2386 4506 Deus,
2414 4446 2677 4514 requiroa
2702 4453 2772 4500 te.
2800 4444 3187 4502 Verumtamen
3203 4447 3449 4514 attende,

156 4528 205 4583 in
228 4548 334 4600 me,
368 4537 522 4593 Deus
570 4554 591 4591 :
626 4554 692 4591 ne
727 4540 772 4592 si
803 4539 1006 4608 petiero
1026 4541 1168 4610 quod
1202 4542 1412 4611 ignoro,
1438 4540 1588 4596 dicas
1626 4540 1756 4596 mihi
1794 4570 1839 4622 υ
1869 4535 2112 4599 Domine,
2163 4536 2306 4605 quod
2356 4535 2617 4591 intendo:
2657 4550 2764 4590 non
2814 4544 2898 4590 est
2944 4537 3090 4591 enim
3133 4537 3452 4595 intentionis

156 4625 290 4688 quod
317 4628 514 4685 dixisti
577 4629 738 4683 matri
766 4630 995 4685 filiorum
1023 4639 1078 4685 et
1109 4630 1233 4685 filiis
1256 4631 1498 4686 Zehedaei
1532 4650 1546 4685 :
1577 4630 1759 4687 Nesci-

154 4714 219 4769 tis
242 4720 372 4787 quid
406 4720 646 4791 petatis.
678 4720 818 4776 Ecce
843 4721 986 4775 enim
1018 4722 1141 4777 caeli
1181 4737 1286 4779 non
1318 4730 1445 4779 sunt
1477 4723 1659 4778 mundi
1704 4723 1758 4778 in

152 4812 449 4882 conspectu
506 4825 631 4878 tuo,
680 4824 735 4867 et
786 4815 838 4869 in
888 4814 1096 4884 angelis
1146 4815 1355 4886 repet-is
1399 4816 1783 4886 pravitatem,

154 4915 358 4968 quanto
390 4907 592 4962 minus
637 4905 801 4960 homo
856 4905 1087 4977 putredo
1122 4916 1177 4961 et
1227 4907 1368 4962 Illius
1406 4907 1525 4978 ejus
1561 4908 1783 4961 vermis

155 4997 353 5062 poterit
396 4997 601 5068 dicere
641 5011 657 5050 :
710 4996 966 5053 Mundum
1011 5007 1094 5054 est
1148 5015 1246 5054 cor
1294 5000 1500 5055 meum!
1550 5000 1618 5054 Et
1652 5015 1757 5054 non

151 5095 364 5152 oportet
385 5103 481 5144 me
524 5089 733 5147 habere
760 5104 874 5151 cor,
929 5099 982 5145 et
1014 5090 1142 5145 illttd
1178 5092 1437 5145 mundum
1468 5102 1756 5161 antequam

152 5177 362 5237 videam
400 5192 479 5248 te,
516 5195 687 5252 quem
728 5182 826 5236 soli
857 5183 954 5237 viri
982 5182 1192 5238 cordati
1218 5182 1495 5245 videbunt,
1522 5183 1614 5252 qui
1646 5181 1757 5237 fue-

154 5283 277 5326 runt
319 5275 541 5329 mundo
589 5274 773 5329 corde.
817 5273 975 5330 Nunc
1019 5285 1225 5341 autem,
1276 5275 1367 5330 lux
1410 5272 1759 5344 intelligihilis

150 5359 330 5434 (cujus
372 5362 688 5420 invisibilia
726 5380 823 5435 per
848 5380 933 5431 ea,
956 5381 1077 5436 quae
1127 5366 1268 5421 facta
1308 5375 1456 5431 sunt,
1486 5365 1757 5421 intellecta

152 5456 627 5529 conspiciuntur),
654 5457 910 5528 intelligo,
933 5468 984 5513 te
1007 5457 1271 5530 magistro
1290 5457 1546 5513 intitroin
1572 5456 1757 5512 schola

152 5548 253 5603 mei
282 5548 546 5619 pectoris
581 5548 770 5603 intime
813 5563 901 5602 me
930 5549 1181 5613 docente,
1209 5548 1353 5617 quod
1396 5548 1539 5602 sicut
1561 5562 1760 5617 corpus

150 5655 356 5706 meum,
393 5643 607 5702 vitam,
638 5655 907 5711 saporem,
933 5638 1210 5710 gaudium,
1236 5648 1292 5695 et
1323 5638 1565 5694 dolorem
1595 5637 1759 5694 habet

152 5744 177 5778 ι
199 5741 413 5784 earneo
441 5725 643 5799 cordis
663 5725 846 5789 modo,
869 5740 977 5795 quo
998 5735 1249 5796 separato
1270 5726 1339 5781 ab
1367 5725 1484 5796 ipso
1505 5739 1754 5795 corpore,

150 5817 410 5888 privatur
444 5818 519 5873 iis
550 5817 811 5873 omnibus
848 5818 1021 5888 ipsum
1065 5832 1287 5887 corpus;
1321 5818 1423 5885 sic,
1457 5815 1564 5873 imo
1604 5832 1757 5872 verna

1865 4640 2016 4688 metu,
2052 4624 2192 4680 Deus
2221 4641 2391 4687 utens,
2409 4634 2591 4695 petere
2613 4640 2650 4680 tt
2684 4633 2757 4691 te,
2787 4625 2881 4696 qui
2911 4640 3128 4697 semper
3161 4640 3223 4683 es
3249 4643 3451 4684 crcans

1862 4716 2065 4778 omnia,
2096 4731 2200 4770 non
2220 4725 2470 4783 creatus,
2499 4724 2561 4770 ut
2585 4725 2635 4772 te
2656 4731 2813 4773 crees
2836 4717 2889 4772 in
2916 4732 3031 4783 me;
3060 4732 3184 4773 cum
3216 4717 3268 4771 in
3302 4727 3448 4772 tuam

1861 4815 2119 4876 atterrnam
2149 4805 2443 4861 essentiam
2485 4806 2691 4862 erectio
2738 4807 2882 4861 nulla
2929 4807 3125 4873 cadat;
3171 4808 3267 4862 sed
3296 4816 3448 4862 tuum

1862 4907 2106 4953 sanctum
2138 4896 2397 4967 Spiritum
2423 4897 2719 4953 omittendo
2744 4897 2797 4953 in
2823 4898 3035 4966 me,qui
3056 4898 3100 4952 si
3124 4897 3448 4952 charitatem

1863 5005 1969 5044 non
1996 4989 2257 5057 habuero,
2289 4989 2423 5044 nihil
2466 5006 2611 5052 sum,
2649 5003 2736 5044 me
2761 4987 2828 5043 de
2868 4988 2971 5043 hoc
3003 4988 3172 5043 nihilo
3195 5003 3350 5043 crees
3390 4989 3444 5045 in

1864 5087 1935 5142 te,
1966 5078 2056 5148 qui
2088 5093 2218 5134 vere
2247 5094 2309 5134 cs
2350 5094 2447 5134 eor
2476 5079 2669 5133 anima!
2705 5089 2839 5132 mete
2861 5090 3049 5132 verum
3087 5086 3146 5131 et
3175 5079 3354 5132 vivum
3391 5089 3446 5134 et
3476 5116 3481 5120 -

1862 5169 2152 5236 mttndmn;
2205 5180 2259 5226 et
2302 5170 2562 5225 mundum
2593 5170 2754 5224 istuut
2798 5169 2866 5226 ab
2908 5169 3162 5224 omnibus
3192 5170 3443 5239 iuquina-
3509 5180 3516 5186 '

1862 5263 2061 5318 mentis
2085 5262 2203 5318 suis
2221 5262 2398 5317 abluis
2436 5271 2490 5316 et
2517 5261 2780 5315 emundas
2810 5277 2825 5315 :
2865 5269 2921 5314 et
2948 5269 3167 5329 propter
3197 5275 3441 5316 reveren-

1863 5350 1992 5405 tiam
2038 5351 2113 5405 ιιιί
2156 5351 2337 5405 vitalis
2377 5360 2433 5404 et
2476 5349 2658 5404 mundi
2707 5349 2903 5404 anima:
2943 5349 3151 5419 cordis,
3206 5351 3447 5407 concede

1862 5443 1995 5497 mihi
2035 5458 2130 5513 per
2159 5452 2303 5496 tuam
2337 5440 2663 5496 ineffabilem
2709 5440 3031 5504 bonitatem,
3076 5450 3134 5495 ιιι
3167 5455 3261 5495 cor
3289 5457 3477 5495 nnm-.

1859 5532 1986 5587 dum
2041 5533 2314 5588 sincerum
2343 5540 2399 5586 et
2447 5547 2639 5602 purum
2673 5531 2742 5587 ab
2783 5530 3075 5587 immundis
3118 5540 3175 5587 et
3212 5532 3367 5587 vanis
3390 5542 3447 5588 et

1860 5626 2042 5681 noxiis
2068 5624 2489 5696 cogitationibus
2535 5623 2615 5679 sic
2645 5623 2851 5680 valeam
2881 5624 3175 5693 custodire,
3214 5632 3275 5680 ut
3308 5639 3444 5696 pro-

1862 5726 1982 5787 pter
2011 5715 2330 5771 munditiam
2365 5714 2545 5772 cordis
2570 5714 2672 5770 mei
2711 5723 2762 5772 te
2791 5728 2970 5788 regem
3002 5714 3188 5788 gloria:
3214 5714 3443 5773 habeam

1860 5823 2116 5863 amicum.
