4048 6288
576 367 682 428 839

955 373 1018 433 S.
1057 376 1358 436 ANSEIMI
1389 381 1741 442 CANTUAR.
1768 384 2088 443 AllClliEP.
2125 385 2277 444 ΟΡΡ.
2310 387 2490 443 PARS
2514 387 2574 442 il.
2604 417 2672 429 -—-
2709 388 3077 449 PARA'JNET.
3116 391 3204 447 ΕΤ
3234 391 3477 450 ASCET.

3748 405 3851 462 8ιῦ

647 486 739 545 εδ.
758 558 761 560 ἓ
780 487 849 544 Et
873 492 1124 561 quoniam
1164 494 1290 549 dum
1336 497 1516 553 anima
1544 514 1660 555 mea
1699 500 1801 556 fuit
1832 501 2039 573 absque
2081 509 2152 565 te,
2185 506 2232 565 Α
2267 504 2430 559 reduc
2454 503 2521 557 ad
2559 519 2654 559 cor
2677 490 2903 560 enorme
2931 505 3212 572 delictum,
3235 520 3291 564 et
3320 526 3522 583 perouc
3551 521 3605 569 te
3636 529 3707 570 ao
3734 534 3851 573 cor.

574 579 737 634 corde
767 595 881 640 suo.
933 582 1097 638 miser
1132 584 1308 642 factus
1330 580 1479 654 sum,
1508 601 1564 644 et
1597 601 1851 647 curvatus
1899 609 2042 653 stnn.
2099 605 2156 647 et

579 673 833 727 inclinata
889 685 967 728 cst
1021 676 1338 737 ad,terreua
1397 683 1501 739 mei
1555 683 1782 754 spiritus
1845 687 2153 752 rectitude;

575 763 697 819 ideo
738 775 788 818 et
824 764 1081 838 Spiritum
1115 780 1311 825 rectum
1341 773 1529 827 iunova
1580 776 1632 830 iu
1670 793 1772 831 me.
1807 775 1886 832 Tu
1915 793 1975 832 es
2010 779 2154 833 enim

573 859 754 907 rectus
781 852 1040 912 Dominus
1070 858 1209 914 Deus
1235 869 1440 927 noster,
1473 865 1565 933 qui
1592 866 1658 918 ad
1693 867 1795 921 hoc
1822 876 2030 922 rectum
2061 868 2156 922 ho-

562 941 771 998 minem
813 945 993 1003 facere
1023 948 1262 1017 voluisti,
1291 961 1351 1006 ut
1381 956 1753 1023 spectantibus
1789 964 1986 1011 terram
2020 973 2152 1027 pro-

569 1036 656 1092 nis
694 1038 1061 1095 animantibus
1106 1042 1396 1109 universis,
1447 1047 1547 1101 ista
1589 1048 1876 1103 exterioris
1910 1048 2169 1121 figmenti.

569 1142 858 1198 torporutn
910 1133 1196 1198 rectitude,
1230 1136 1505 1191 hominem
1559 1138 1706 1192 illum
1734 1139 2047 1200 interiorem
2081 1139 2147 1194 ad

568 1220 863 1289 imaginem
897 1229 1044 1276 tuam
1094 1222 1318 1289 factum,
1354 1226 1652 1296 spiritualis
1677 1243 1787 1282 sua:
1817 1229 2154 1284 rectitudinis

567 1313 916 1381 admoneret;
947 1326 1002 1369 et
1031 1317 1297 1373 rectitude
1326 1320 1571 1388 corporis
1598 1321 1921 1376 curvitatem
1966 1337 2153 1394 argue-

567 1412 649 1457 ret
674 1404 866 1469 animi,
909 1405 953 1460 si
994 1406 1200 1463 videret
1234 1410 1473 1465 animum
1514 1412 1567 1466 in
1600 1428 1826 1483 corpore
1853 1423 2000 1468 recto
2029 1430 2154 1469 cur-

565 1512 715 1552 vum.
741 1498 806 1552 Et
835 1500 957 1568 quia
984 1501 1297 1558 innocentes
1318 1513 1372 1558 et
1398 1504 1532 1559 recti
1562 1507 1911 1561 adhrcserunt
1940 1506 2057 1573 tibi,
2086 1523 2151 1563 eo

564 1591 709 1658 quod
733 1589 961 1660 diligunt
985 1601 1057 1657 te,
1077 1602 1131 1646 et
1158 1593 1333 1648 bonus
1360 1608 1419 1649 es
1446 1595 1532 1650 his
1551 1596 1638 1665 qui
1655 1607 1803 1652 recto
1820 1607 1944 1652 sunt
1963 1599 2148 1662 corde,

565 1678 769 1734 idcirco
798 1680 1026 1751 imploro
1055 1681 1337 1739 humiliter
1362 1686 1748 1742 rectitudinem
1780 1698 1952 1751 tuam,
1985 1688 2146 1754 Dens,

562 1781 623 1823 ut
648 1771 895 1841 spiritum
933 1781 1141 1827 rectum
1171 1774 1305 1830 velis
1341 1776 1393 1829 in
1444 1790 1565 1831 meo
1605 1786 1828 1847 pectore
1867 1778 2144 1843 innovare,

2258 595 2344 649 dis
2368 594 2656 648 immanem
2688 595 2950 663 rugitum:
2979 597 3222 665 intende,
3255 599 3461 666 infelix,
3490 603 3713 661 intende
3739 623 3850 663 sce-

2260 684 2389 740 leris
2421 686 2497 740 tni
2539 701 2806 751 errorem,
2846 696 2900 751 et
2940 688 3170 759 proinde
3199 690 3517 747 horrificum
3563 703 3845 760 terrorem.

2257 787 2312 832 et
2342 778 2633 833 terrificum
2681 776 2943 835 dolorem.
2977 781 3091 843 Tu,
3127 782 3374 853 inquam,
3421 801 3454 839 ο
3494 789 3680 842 anima
3708 804 3847 855 mea,

2257 870 2527 938 quondam
2556 870 2843 926 candidata
2865 871 3077 927 ctelesti
3101 872 3338 940 lavacro,
3365 876 3696 948 desponsata
3725 880 3846 951 ﬁde,

2253 961 2440 1017 dotata
2465 961 2686 1031 Spiritu,
2721 962 2996 1033 redempta
3024 962 3235 1041 Christi
3252 968 3542 1037 sanguine,
3582 969 3681 1023 Dei
3714 969 3845 1025 ima-

2255 1050 2379 1121 gine
2396 1051 2672 1121 insignita,
2693 1060 2747 1105 et
2772 1051 3146 1107 inChristiana
3167 1052 3426 1125 religione
3448 1055 3682 1119 imbuta,
3699 1058 3846 1129 virgo

2255 1141 2402 1197 fuisti
2430 1140 2649 1195 Christo
2687 1142 2915 1197 Domino
2949 1142 3301 1212 desponsata.
3332 1143 3377 1200 0
3416 1145 3562 1201 unde
3588 1148 3841 1203 memini!

2252 1232 2299 1288 0
2326 1232 2468 1304 quod
2502 1231 2806 1286 nominavi!
2832 1231 3036 1304 Utique
3077 1248 3182 1289 non
3215 1243 3323 1290 tam
3352 1236 3654 1308 benignum
3689 1255 3850 1313 spon-

2252 1339 2369 1379 sum
2398 1323 2731 1393 virginitatis
2757 1339 2915 1390 mete,
2950 1340 3113 1395 quam
3149 1326 3447 1382 terribilem
3467 1327 3719 1398 judicem
3751 1332 3847 1388 im-

2250 1419 2530 1472 munditite
2560 1432 2711 1473 mem.
2745 1417 2856 1493 llcu
2895 1421 3157 1474 memoria
3186 1421 3413 1491 perditae
3450 1423 3842 1493 iucunditatis!

2249 1506 2359 1562 Cor
2382 1508 2461 1562 sic
2487 1522 2915 1579 superaggravas
2948 1524 3259 1579 pressuram
3298 1513 3640 1581 possidentis
3675 1515 3843 1571 infeli-

2248 1600 2465 1655 citatis?
2497 1600 2669 1668 Qnam
2704 1600 2900 1656 misera
2924 1602 3165 1657 conditio
3189 1617 3332 1667 mea,
3366 1603 3451 1659 cui
3479 1613 3539 1660 et
3565 1606 3771 1661 bonum
3793 1618 3843 1662 et

2250 1692 2448 1748 malum
2479 1703 2605 1747 sunt
2640 1694 2845 1764 pariter
2874 1693 2925 1747 in
2956 1694 3273 1750 tormentis!
3312 1694 3562 1765 Torquet
3589 1697 3740 1753 enim
3761 1713 3842 1754 me

2250 1782 2387 1837 mala
2417 1783 2748 1838 conscientia
2784 1793 2838 1837 et
2866 1783 3138 1839 cruciatus
3166 1785 3304 1853 ejus,
3336 1784 3389 1839 in
3425 1786 3638 1856 quibus
3684 1788 3839 1843 timeo

563 1872 623 1915 ut
648 1862 790 1917 sicut
825 1863 1107 1919 incensutn
1156 1866 1208 1919 in
1255 1877 1548 1937 conspectu
1580 1875 1694 1932 tuo,
1726 1883 1861 1923 .mea
1891 1869 2064 1923 oratio
2092 1879 2147 1925 et
2180 1863 2220 1922 Β
2249 1888 2334 1929 me
2356 1889 2626 1935 arsurum.
2658 1873 2899 1944 Torquet
2928 1888 3014 1929 me
3034 1875 3192 1930 bonae
3221 1875 3605 1941 conscientiae,
3628 1887 3687 1932 et
3713 1892 3841 1947 prae-

562 1952 792 2008 intcntio
837 1954 1122 2025 dirigatur.
1178 1956 1244 2011 Et
1291 1973 1396 2011 non
1432 1957 1608 2013 solum
1645 1957 1699 2012 in
1731 1958 1923 2029 spiritu
1955 1974 2040 2014 me
2070 1959 2149 2014 in-

562 2060 724 2109 nova,
753 2045 847 2101 sed
871 2049 1036 2102 etiam
1062 2049 1115 2103 in
1142 2049 1422 2105 visceribus
1448 2052 1598 2115 meis,
1626 2053 1769 2106 unde
1795 2051 1928 2106 exiit
1954 2067 2146 2123 perca-

565 2141 679 2188 tum
732 2136 1091 2191 immunditiae
1133 2139 1318 2193 carnis
1372 2155 1524 2194 mete.
1565 2140 1621 2203 ln
1664 2141 1963 2197 visceribus
2000 2143 2142 2197 enim

563 2242 753 2282 renum
784 2230 941 2285 sedes
963 2239 1046 2286 est
1068 2230 1378 2301 voluptatis.
1411 2232 1513 2287 illis
1539 2233 1668 2289 solis
1705 2234 1946 2305 exceptis
1972 2234 2144 2290 beatis

559 2319 860 2375 visceribus
902 2337 1024 2391 quae
1083 2332 1134 2377 te
1176 2323 1343 2378 Deum
1393 2334 1448 2380 et
1490 2325 1774 2380 Dominum
1816 2326 1870 2380 in
1898 2325 2140 2397 virginali

559 2409 702 2473 aula,
735 2425 899 2479 quam
953 2411 1218 2482 elegeras,
1262 2425 1635 2486 portaverant.
1687 2416 1753 2473 Et
1786 2416 1910 2487 quia
1941 2417 2139 2474 diaboli

556 2499 817 2557 fortitudo
845 2511 921 2556 est
977 2505 1029 2558 in
1059 2504 1252 2562 lmuhis
1295 2506 1412 2575 ejus
1458 2518 1514 2564 et
1550 2509 1603 2565 in
1646 2508 1903 2563 umbilico
1935 2509 2142 2565 ventris

555 2593 719 2661 illius,
764 2594 965 2665 idcirco
992 2596 1202 2657 ltunhos
1241 2615 1388 2656 meos
1418 2602 1567 2657 nisus
1592 2613 1671 2657 est
1702 2604 1904 2674 pluries
1930 2603 2138 2658 illusio-

553 2687 712 2742 nibus
741 2688 1055 2759 adimplere,
1085 2702 1143 2745 ut
1168 2691 1220 2746 in
1250 2707 1345 2746 sua
1375 2693 1695 2750 fortitudine
1720 2697 1988 2750 infirmam
2023 2696 2140 2750 alli-

552 2789 705 2850 garet
743 2796 963 2837 carnem
996 2799 1194 2839 meam.
1229 2786 1339 2856 ligo
1374 2797 1554 2843 autem
1578 2798 1800 2858 propter
1818 2789 1999 2843 cordis
2023 2788 2138 2843 ino-

552 2874 698 2942 piam
740 2864 794 2926 ct
832 2875 1196 2930 effeminatam
1227 2878 1539 2932 nitestitiam
1595 2882 1794 2935 montis
1819 2895 1972 2946 mem,
2012 2894 2140 2934 cou-

553 2964 696 3018 sensi
757 2965 1047 3023 infeliciter
1107 2987 1122 3022 :
1185 2978 1235 3023 et
1305 2970 1420 3040 ipse
1489 2972 1772 3036 diabolus,
1836 2989 1997 3042 quem
2057 2974 2140 3027 vir

553 3056 865 3127 sagittarius
915 3073 1019 3113 non
1072 3057 1310 3129 fugabat,
1356 3062 1571 3131 sagittis
1604 3063 1717 3118 suis
1744 3064 2060 3119 ardentibus
2084 3074 2140 3118 et

553 3147 737 3218 ignitis
767 3147 833 3202 ab
864 3148 979 3217 ipso
1007 3158 1061 3204 et
1098 3151 1307 3221 angelis
1337 3153 1449 3208 suis
1488 3153 1644 3210 malis
1672 3155 1943 3225 sagittatis
1968 3156 2020 3211 in
2050 3170 2131 3211 re-

550 3254 679 3292 num
710 3255 953 3295 meorum
976 3240 1277 3298 visceribus
1307 3254 1360 3299 et
1385 3245 1586 3312 infixis,
1613 3262 1700 3304 me
1721 3248 1978 3304 miserum
2008 3264 2135 3319 pec-

549 3336 787 3385 catorem
834 3330 901 3386 de
941 3331 1155 3387 excelso
1197 3333 1389 3388 throno
1430 3336 1754 3408 virginitatis
1782 3347 1835 3394 et
1863 3339 2135 3408 pudicitim

545 3421 840 3491 deponeret
885 3432 939 3478 et
985 3425 1215 3495 fugaret.
1253 3424 1481 3498 Propter
1517 3431 1658 3498 quod
1684 3430 1808 3494 veh,
1838 3430 1941 3488 veh
1967 3433 2126 3487 mihi!

546 3515 755 3582 perdidi
799 3518 1055 3572 honorem
1088 3518 1262 3584 illum,
1289 3529 1344 3575 et
1373 3522 1671 3578 decentiam
1709 3525 1878 3589 illam,
1925 3535 2131 3581 sertum

553 3607 682 3660 illud
730 3608 1001 3672 diadema,
1060 3624 1317 3666 coronam
1350 3612 1491 3667 illam
1525 3629 1765 3679 auream,
1796 3616 1904 3670 imo
1936 3630 2134 3672 aureo-

546 3696 673 3763 iam,
701 3713 863 3767 quam
906 3700 1035 3755 sola!
1071 3701 1268 3756 anima:
1300 3701 1360 3757 in
1396 3703 1541 3758 vasis
1567 3703 1821 3761 fictilibus
1845 3720 2130 3777 corporum

549 3793 942 3849 constituendae
973 3796 1279 3865 acquirunt,
1305 3804 1484 3851 motus
1506 3797 1721 3854 illicitos
1748 3800 1962 3869 penitus
1984 3815 2135 3855 com-

543 3883 844 3952 primendo.
871 3899 934 3939 ac
958 3884 1225 3941 incentiva
1248 3886 1431 3942 carnis
1452 3887 1704 3943 similiter
1726 3888 2129 3957 restringendo.

544 3972 652 4028 Sed
687 3974 789 4029 heu
827 3975 1014 4039 miser,
1046 3977 1263 4044 quando
1293 3975 1661 4048 virginitatem
1689 3993 1866 4032 meam
1901 3978 2129 4049 perdidi,

542 4081 712 4136 quare
762 4081 866 4122 non
911 4065 1142 4139 cogitavi
1191 4068 1333 4138 quod
1384 4069 1560 4125 omnis
1606 4069 1829 4125 fmdatio
1874 4086 1981 4126 non
2048 4080 2134 4126 est

543 4160 704 4231 digna
735 4160 929 4216 animm
959 4161 1323 4217 continentis?
1344 4162 1523 4230 Quare
1551 4163 1744 4220 infelix
1775 4165 1980 4222 nescivi
2011 4182 2134 4238 pre-

544 4247 676 4300 tium
715 4247 865 4318 ejus?
896 4251 1077 4317 Quare
1123 4267 1247 4308 cum
1299 4252 1427 4309 forti
1486 4255 1717 4313 muliere
1769 4271 1874 4313 non
1916 4258 2127 4315 accinxi

544 4332 865 4392 fortitudine
897 4339 1110 4396 lumbos
1140 4341 1328 4399 meos?
1363 4352 1419 4399 et
1461 4352 1538 4409 tu,
1568 4344 1791 4402 domine
1825 4345 1953 4403 Jesu
1978 4347 2135 4403 Chri-

543 4437 650 4490 ste,
678 4430 864 4497 produl
899 4440 953 4485 et
994 4432 1203 4490 ultimis
1227 4434 1493 4491 caelorum
1525 4436 1725 4495 finibus
1765 4438 1881 4513 [ad]
1913 4441 2135 4514 virgini-

545 4519 675 4573 tatis
707 4535 837 4576 mere
867 4524 1124 4590 praedium
1161 4524 1303 4597 [cod.
1358 4525 1616 4601 pretium]
1661 4530 1973 4594 adveniens,
2012 4546 2131 4588 eam
2166 4550 2211 4607 ῃ

541 4610 611 4667 de
643 4610 751 4682 teip
781 4628 837 4674 o,
887 4613 977 4682 qui
1005 4622 1087 4669 est
1117 4613 1215 4672 ﬂos
1243 4617 1441 4686 campi,
1504 4626 1561 4674 et
1590 4618 1759 4675 lilium
1785 4621 2129 4689 convallium,

541 4704 595 4758 in
624 4704 904 4772 praemium
950 4721 1263 4763 coronares.
1309 4707 1355 4764 0
1385 4708 1525 4766 bone
1549 4708 1701 4774 Iesu,
1734 4725 1932 4766 corona
1968 4712 2134 4784 virgi-

541 4806 693 4860 nntn,
724 4794 768 4850 si
820 4795 921 4850 soli
972 4808 1027 4853 et
1072 4796 1203 4853 salte
1229 4798 1489 4869 virgines,
1521 4814 1848 4870 quocunque
1890 4799 2039 4865 ieris,
2080 4812 2134 4858 te

538 4894 860 4956 sequuntur,
888 4895 945 4942 et
972 4897 1098 4942 ante
1121 4895 1174 4943 te
1197 4898 1401 4945 canunt
1422 4888 1565 4962 [cod.
1596 4889 1747 4963 sunt]
1777 4904 1977 4946 novum
2002 4905 2129 4947 can-

538 4979 728 5040 ticum,
756 4975 900 5048 quod
945 4992 1105 5034 nemo
1139 4988 1318 5049 potest
1349 4979 1489 5036 alius
1532 4980 1858 5045 decantare;
1894 4996 1995 5052 ego
2038 4982 2130 5052 qui

536 5069 906 5141 virginitatem
951 5084 1127 5125 meam
1159 5072 1390 5143 perdidi,
1427 5071 1565 5143 proh
1594 5071 1751 5127 dolor
1784 5073 1799 5126 l
1839 5087 1949 5143 quo
1978 5073 2066 5130 ibo
2098 5089 2130 5130 a

536 5161 732 5228 spiritu
759 5169 873 5225 tuo,
901 5169 956 5217 et
993 5177 1102 5232 quo
1150 5176 1180 5217 a
1229 5162 1368 5219 facie
1418 5172 1506 5219 tua
1535 5163 1774 5235 fugiam’
1818 5164 1876 5219 Si
1906 5164 2050 5219 enim
2077 5174 2130 5221 te

537 5264 755 5308 sccotns
805 5268 911 5308 non
951 5253 1126 5322 fuero,
1168 5254 1220 5309 in
1263 5255 1504 5312 tenebris
1548 5255 1870 5324 ambulabo;
1919 5263 1972 5311 et
2000 5255 2128 5326 quid

537 5344 769 5399 cantabo
795 5344 897 5400 nisi
920 5344 1363 5415 lamentationes,
1415 5349 1661 5405 carmine
1694 5346 1894 5404 laetitia:
1916 5346 2131 5419 perdito

536 5442 593 5487 et
620 5433 844 5500 relicto?

608 5524 701 5579 27.
741 5525 1000 5593 Proinde,
1029 5528 1209 5584 anima
1242 5544 1361 5586 mea
1386 5530 1631 5594 seducta,
1659 5528 1839 5585 anima
1866 5542 1983 5584 mea
2018 5528 2124 5584 mi-

444 5618 445 5621 “
540 5628 687 5679 sera,
716 5617 896 5673 anima
928 5634 1251 5685 :erumnosa,
1275 5636 1430 5678 sume
1449 5622 1713 5693 hymnum
1736 5620 2124 5677 confessionis:

539 5710 801 5766 meretrix
843 5709 1099 5767 oblivioni
1150 5713 1375 5779 tradita,
1414 5722 1611 5769 excute
1654 5721 1927 5783 torporem
1953 5722 2126 5778 tuum,

538 5799 751 5859 discute
793 5810 1077 5869 peccatum
1119 5810 1294 5868 tuum,
1339 5810 1395 5859 et
1424 5811 1656 5861 concute
1691 5812 1927 5860 mentem
1954 5811 2126 5871 tuam,

2162 3207 2205 3266 C

2247 1965 2480 2021 miorum
2527 1963 2643 2035 ejus
2686 1964 2969 2028 memoria,
3003 1979 3167 2034 quam
3204 1964 3319 2020 scio
3365 1980 3456 2021 me
3512 1966 3837 2036 perdidisse,

2247 2067 2347 2108 nec
2396 2050 2627 2119 amplius
2658 2058 3124 2119 recuperaturum.
3156 2048 3264 2113 Vre,
3300 2065 3379 2104 va:
3413 2051 3688 2106 miserum
3718 2065 3836 2123 per-

2246 2143 2375 2198 dere
2406 2140 2715 2202 dolcndmu,
2749 2140 2980 2210 perdere
3028 2140 3102 2207 id,
3138 2141 3370 2211 perdere
3402 2141 3838 2212 irrecnperabili-

2246 2242 2349 2301 ter,
2374 2232 2518 2302 quod
2566 2247 2595 2286 a
2638 2248 2723 2287 me
2769 2232 2980 2287 servari
3021 2233 3208 2288 debuit
3250 2232 3756 2291 iutermiuabiliter.
3793 2234 3837 2293 0

2242 2323 2526 2395 virginitas
2554 2321 2665 2392 jam
2725 2339 2829 2379 non
2872 2323 3067 2380 dilecta
3110 2338 3254 2386 mea,
3304 2325 3401 2381 sed
3425 2315 3657 2405 Sperdita
3687 2342 3829 2393 mea;
3906 2328 3911 2335 '

2242 2429 2350 2469 non
2373 2415 2668 2485 jucundata
2706 2430 2848 2480 mea,
2877 2415 2971 2471 sed
3002 2416 3283 2486 desperata
3308 2432 3451 2482 mea,
3479 2435 3594 2490 quo
3616 2422 3832 2476 deveni-

2241 2507 2354 2562 sti?
2404 2507 2455 2561 in
2485 2521 2647 2576 quam
2686 2506 2896 2571 ftetido,
2923 2508 2976 2561 in
3005 2523 3166 2579 quam
3203 2523 3394 2564 amaro
3422 2524 3593 2566 cceno
3625 2528 3708 2566 me
3742 2511 3828 2568 de-

2243 2599 2547 2670 reliquisti?
2597 2600 2642 2656 0
2690 2598 2979 2655 fornicatio
3044 2599 3380 2656 sordidatrix
3432 2605 3642 2658 mentis
3678 2617 3829 2671 mea,

2239 2688 2501 2761 perditrix
2549 2689 2744 2744 anima:
2781 2705 2937 2755 mem,
2976 2689 3118 2745 unde
3169 2690 3369 2746 misera
3412 2694 3834 2751 surrexismde

2240 2797 2402 2852 quam
2439 2782 2614 2849 niveo,
2640 2780 2709 2836 de
2729 2797 2891 2851 quam
2907 2783 3149 2855 jucunde
3172 2795 3316 2841 statu
3338 2802 3427 2841 me
3449 2788 3831 2859 praecipitasti?

2241 2872 2320 2928 Tu
2352 2888 2604 2942 namque,
2628 2876 2812 2929 anima
2857 2890 3000 2941 mea,
3040 2876 3247 2946 perfida
3287 2878 3422 2942 Deo,
3460 2881 3692 2951 periura
3719 2880 3831 2947 Dei,

2240 2968 2484 3024 adultera
2510 2967 2733 3035 Christi,
2771 2968 2837 3023 de
2859 2968 3197 3023 sublimitate
3236 2969 3577 3040 virginitatis
3608 2971 3833 3027 misera-

2237 3059 2420 3116 biliter
2445 3075 2505 3115 es
2526 3059 2773 3117 demersa
2802 3060 2857 3113 in
2891 3060 3209 3115 barathrum
3243 3058 3661 3125 fornicationis,
3687 3061 3830 3130 ahje-

2239 3164 2390 3211 cta‘a
2446 3157 2580 3219 Deo,
2624 3153 2865 3224 projecta
2905 3153 3140 3219 diabolo,
3193 3155 3300 3209 imo
3329 3155 3609 3226 ahjiciens
3645 3157 3827 3218 Deum,

2237 3245 2571 3316 amplectens
2612 3246 2888 3300 diabolum
2924 3262 2939 3300 :
2993 3256 3045 3300 te
3093 3244 3416 3315 impendens
3446 3244 3826 3309 fornicationi,

2237 3348 2295 3394 tu
2334 3338 2484 3408 prior
2512 3328 2744 3393 creatori
2794 3346 2850 3393 et
2890 3336 3268 3393 amantissimo
3318 3336 3433 3391 Deo
3462 3337 3720 3393 libellum
3750 3354 3824 3394 re-

2234 3430 2382 3501 pudii
2418 3429 2685 3496 obtulisti,
2722 3436 2773 3483 et
2828 3430 2896 3482 ad
2926 3427 3299 3483 insidiatorem
3341 3436 3497 3482 tuum
3525 3428 3820 3484 dentom-tr.

2238 3528 2290 3574 te
2313 3527 2507 3588 sponte
2534 3518 2838 3574 contulisti.
2867 3517 2912 3574 0
2957 3517 3157 3572 misera
3192 3526 3246 3572 et
3277 3516 3397 3588 plus
3424 3532 3599 3586 quam
3634 3520 3821 3573 misera

2234 3602 2620 3658 commutatio!
2668 3601 2783 3669 Vae,
2813 3602 3282 3673 quiabeuignum
3331 3603 3748 3673 contempsisti.
3775 3612 3826 3659 et

2234 3692 2489 3767 maligno
2513 3693 2813 3749 odluesisti!
2846 3693 2984 3762 Quid
3015 3693 3210 3758 fecisti,
3242 3710 3277 3751 ο
3318 3696 3524 3750 mentis
3569 3696 3823 3751 amentia.

2234 3799 2421 3841 amens
2441 3785 2721 3857 spurcitia,
2742 3787 2925 3858 spuria
2945 3787 3205 3857 nequitia,
3229 3786 3354 3854 quid
3383 3786 3604 3842 fecisti?
3624 3787 3684 3842 ln
3699 3787 3827 3842 celo

2235 3875 2502 3946 reliquisti
2546 3885 2760 3931 castum
2786 3886 3110 3941 amatorem,
3156 3885 3212 3931 et
3245 3875 3522 3931 infernum
3552 3887 3745 3931 secuit:
3771 3890 3826 3931 es

2233 3967 2480 4023 odiosum
2503 3976 2900 4038 corruptorem.
2927 3966 3263 4032 Consolatio,
3291 3968 3594 4032 securitas,
3619 3968 3824 4031 laetitia,

2237 4057 2361 4114 nolo
2408 4073 2524 4125 vos,
2575 4073 2744 4114 renuo
2793 4073 2939 4114 vos:
2983 4058 3027 4113 si
3086 4059 3293 4130 peccati
3337 4058 3498 4113 venia
3529 4060 3602 4113 ad
3634 4075 3723 4115 me
3751 4074 3827 4114 rev

2234 4150 2450 4206 duxerit
2476 4165 2596 4214 vos,
2618 4149 2806 4220 procul
2833 4158 3007 4205 estote
3037 4163 3054 4203 :
3085 4148 3293 4219 procul
3319 4157 3497 4204 estote
3529 4161 3664 4206 ante
3694 4163 3831 4205 mo:-

2237 4251 2368 4310 tem,
2406 4242 2448 4298 si
2484 4240 2623 4298 forte
2656 4240 2989 4312 indulgentia
3023 4248 3243 4307 revocet
3270 4254 3387 4305 vos,
3411 4239 3497 4293 vel
3527 4249 3659 4311 post
3687 4255 3829 4294 mor-

2236 4343 2365 4389 tem.
2385 4331 2492 4389 Sed
2519 4333 2591 4389 sit
2611 4333 2871 4389 continuo
2892 4329 3212 4403 poenitentia
3235 4344 3419 4384 amara
3446 4328 3827 4385 comesztatis

2233 4438 2392 4489 meae,
2426 4423 2498 4478 sit
2543 4423 2837 4480 continuus
2872 4422 3045 4484 dolor.
3092 4420 3419 4476 insatiabilis
3447 4420 3681 4475 tristitia
3710 4421 3823 4473 vitae

2235 4529 2389 4576 mete.
2439 4515 2551 4571 sint
2605 4526 2813 4570 mteror
2852 4521 2908 4569 et
2961 4512 3193 4569 acerbus
3228 4511 3406 4567 luctus
3460 4511 3822 4584 infatigabiles

2237 4607 2582 4663 tribulatores
2608 4604 2910 4675 iuventutis
2955 4611 3010 4660 et
3031 4604 3335 4660 senectutis
3369 4617 3533 4660 meae.
3582 4602 3819 4664 Utinam.

2235 4697 2445 4752 utinam
2476 4698 2550 4752 ita
2599 4697 2705 4764 sit,
2745 4704 2897 4766 opto,
2938 4709 3059 4760 oro,
3089 4694 3357 4755 desidero.
3397 4703 3459 4747 ut
3500 4693 3578 4749 ita
3619 4695 3721 4750 sit!
3767 4691 3817 4746 Si

2234 4790 2381 4845 enim
2411 4803 2518 4845 nou
2546 4804 2666 4845 sum
2694 4788 2889 4859 dignus
2924 4787 3114 4843 oculos
3143 4787 3213 4842 ad
3261 4785 3462 4843 cmlum
3505 4789 3720 4842 orando
3752 4784 3817 4840 le.

2234 4896 2387 4947 vare,
2435 4880 2637 4937 etenim
2681 4894 2789 4936 non
2832 4894 2953 4935 sum
2993 4878 3248 4950 indignus
3290 4892 3389 4934 eos
3436 4875 3526 4931 vel
3562 4874 3816 4946 plora-de

2234 4987 2377 5029 cteca
2385 4986 2462 5028 re.

2301 5064 2394 5120 28.
2433 5062 2620 5135 Cogita
2650 5061 2836 5135 igitur,
2865 5061 3042 5133 cogita
3078 5068 3135 5117 et
3177 5058 3421 5130 recogita
3449 5058 3582 5128 quid
3624 5055 3815 5115 fecisti.

2230 5169 2288 5215 et
2319 5157 2447 5230 quid
2468 5156 2739 5222 meruisti,
2770 5165 2828 5212 et
2864 5154 3160 5212 descendat
3192 5167 3356 5211 intens
3382 5161 3476 5207 tua
3510 5150 3583 5205 ad
3616 5159 3821 5205 terr-II

2231 5250 2599 5314 tenebrosam,
2628 5256 2683 5303 et
2700 5255 2948 5317 Opertam
2967 5247 3159 5302 mortis
3191 5244 3465 5316 caligine;
3498 5253 3556 5298 et
3576 5240 3811 5298 consido

2232 5350 2316 5399 ret
2360 5356 2483 5413 qute
2508 5338 2580 5394 ibi
2609 5345 2930 5409 exspectant
2965 5338 3291 5393 scelerosam
3323 5335 3567 5390 animam
3604 5346 3823 5395 meam,

2231 5432 2477 5489 intendat
2510 5439 2570 5486 et
2612 5428 3037 5499 contempletur,
3061 5427 3243 5482 videat
3267 5435 3324 5483 et
3347 5426 3604 5481 turbetur
3632 5423 3827 5477 anima

2230 5540 2375 5583 mea.
2390 5523 2723 5595 Expavesce,
2749 5524 2933 5578 anima
2955 5537 3096 5589 mea,
3126 5520 3321 5582 defice.
3343 5534 3443 5574 cor
3463 5533 3647 5575 meum
3672 5517 3821 5573 sein-

2232 5619 2382 5675 dere.
2423 5615 2469 5674 0
2517 5617 2659 5672 bone
2698 5614 2827 5671 Jesu
2868 5624 3052 5673 nostra
3082 5612 3407 5685 redemptio,
3442 5612 3491 5667 si
3525 5611 3829 5679 hucusque

2234 5708 2531 5780 permisisti
2584 5715 2647 5761 ut
2692 5706 3005 5778 plangerem
3036 5704 3312 5776 paululum
3339 5702 3589 5758 dolorem
3620 5713 3828 5760 meum

2234 5797 2305 5855 de
2330 5808 2548 5865 cancro,
2579 5797 2719 5854 bone
2735 5798 2894 5865 Deus,
2922 5796 3177 5868 permitte
3207 5806 3266 5851 ut
3287 5795 3533 5853 invocem
3561 5788 3829 5849 saxiﬁco
