4048 6288
239 261 329 321 841

1184 263 1556 324 ttEDt'rA'rto
1597 270 1660 321 IN
1705 271 1900 330 rsAL.
1940 266 2291 333 MtSEIlERE

3384 301 3494 361 852

237 385 411 438 tuum;
439 369 483 427 si
509 370 664 451 enim
680 369 782 429 feci
812 383 871 429 ut
893 389 1070 432 essem
1099 392 1246 443 reus,
1273 395 1546 450 nunquam
1568 396 1798 450 possum
1827 390 1879 449 Α
1905 397 2071 452 male,
2103 389 2198 453 sed
2227 389 2370 446 facie
2402 393 2470 448 ad
2496 391 2712 461 faciem,
2751 398 3056 459 videbimus
3079 412 3132 463 te
3158 407 3318 468 ﬁnem
3346 414 3494 472 desi-

236 466 420 528 facere,
454 472 513 519 ut
543 480 649 535 non
689 480 867 521 essem
914 468 1111 524 citatus
1140 477 1282 525 tuus.
1313 470 1370 526 Si
1417 470 1544 527 mihi
1580 473 1802 544 virgini-

235 566 386 611 tatem
412 556 608 623 ademi,
643 574 915 629 nunquam
943 562 1542 633 misericordiam'tuam
1569 567 1796 635 peremi,

232 646 458 709 Domina,
491 646 737 703 Domine.
779 648 836 706 Si
867 666 967 722 ego
999 652 1191 707 admisi
1236 654 1378 708 unde
1424 671 1511 710 me
1535 657 1797 713 damnare

229 753 389 808 petes,
430 747 560 813 tune
606 740 834 797 amisisti
871 743 1013 799 unde
1060 744 1275 800 salvare
1302 745 1475 803 soles?
1526 746 1649 802 Noli
1689 750 1795 805 Do-

226 831 379 894 mine,
407 831 512 886 noli
528 832 612 905 psic
642 835 923 890 attendere
952 837 1154 892 malum
1188 853 1386 905 meum,
1420 848 1473 895 ut
1500 842 1788 901 oblivnsca-

223 921 290 976 ris
310 922 498 997 bonum
526 931 695 999 tuum.
715 923 816 980 Ubi
847 932 950 991 est,
980 941 1012 981 0
1032 942 1197 982 verax
1223 929 1387 996 Deus,
1416 931 1506 986 ubi
1535 940 1639 1001 est,
1654 932 1791 989 Nolo

222 996 440 1066 mortem
468 996 807 1083 peccatoris?
836 1014 893 1072 Si
929 1025 982 1071 tu
1000 1018 1196 1089 sepelis
1215 1020 1267 1075 in
1299 1020 1570 1078 infernum
1595 1039 1792 1100 pecca-

221 1109 375 1156 torem
404 1102 469 1157 ad
494 1103 900 1172 teclamantem,
923 1123 991 1162 au
1016 1108 1118 1164 hoc
1144 1119 1229 1165 est
1249 1110 1382 1168 Nolo
1411 1122 1638 1171 mortem
1666 1131 1791 1187 pec-

213 1193 434 1248 catoris?
472 1210 539 1249 an
568 1211 674 1253 non
704 1198 881 1268 potius
910 1200 1014 1255 boc
1034 1209 1139 1266 est,
1164 1188 1304 1258 "Nolo
1335 1214 1399 1273 ut
1416 1215 1787 1275 convertatur,

210 1294 262 1339 et
295 1286 470 1342 vivat?
524 1286 792 1344 Peccator
845 1306 988 1359 sum,
1046 1292 1299 1360 Domine,
1359 1307 1616 1367 peccator
1662 1316 1782 1375 sum

208 1389 317 1447 ego.
351 1378 405 1433 Si
452 1394 586 1451 ergo
619 1388 672 1434 tu
711 1396 817 1436 non
850 1383 930 1438 vis
959 1394 1190 1440 mortem
1223 1391 1547 1458 peccatoris,
1584 1394 1707 1463 quis
1730 1403 1784 1451 te

207 1472 355 1539 cogit,
415 1473 562 1543 quod
614 1488 719 1528 non
783 1475 882 1541 vis,
935 1492 1060 1547 cum
1109 1480 1185 1545 sis
1224 1481 1568 1551 omnipOtens
1600 1486 1783 1543 Deus?

203 1559 370 1626 Absit,
412 1562 671 1631 Domine;
702 1567 868 1635 absit,
918 1567 1083 1639 Dcus,
1117 1580 1174 1625 ut
1208 1572 1501 1641 prmvaleat
1541 1578 1777 1648 nequitia

200 1654 496 1729 peccatoris
538 1656 872 1729 confitentis,
899 1668 955 1733 et
993 1659 1224 1731 delentis
1245 1664 1573 1720 sententiam
1599 1670 1777 1725 omni-

1903 475 2179 534 deriorum
2244 491 2580 552 nostrorum,
2631 503 2794 559 quem
2838 491 2957 548 sine
2996 494 3103 553 ﬁne
3160 500 3489 574 videbimus,

1870 628 1877 639 ,
1899 566 2017 622 sine
2042 567 2267 633 fastidio
2292 574 2614 643 amabimus,
2643 580 2762 635 sine
2788 580 3104 655 fatigatione
3124 566 3484 652 laudabimus;

1897 658 2012 716 Hoc
2036 677 2251 729 munus,
2276 666 2366 721 hic
2394 668 2643 740 eﬁ‘ectus,
2671 673 2761 731 llic
2784 689 2938 735 actus
2965 679 3212 752 profecto
3240 684 3360 742 sine
3380 688 3485 745 ﬁde

1896 749 2002 804 erit
2028 753 2302 820 omnibus,
2331 758 2424 826 qui
2466 759 2539 814 ibi
2574 763 2813 820 revelata
2848 749 2989 824 facie
3027 782 3082 827 te
3109 773 3385 830 videbunt.
3417 773 3484 833 Ει

1896 839 2157 913 Spiritum
2205 858 2454 905 sanctum
2485 859 2657 921 tuum,
2710 872 2818 927 quo
2861 874 3145 931 peccatum
3175 881 3355 924 meum
3387 885 3485 927 co-

1892 949 2117 1006 gnosco,
2143 938 2426 1007 conﬁteor,
2451 953 2502 998 el
2528 947 2866 1016 pamitet,ne
2881 953 3098 1011 auferas
3115 972 3144 1010 a
3160 974 3272 1025 me;
3297 974 3483 1030 quem,

1893 1039 1963 1080 ex
1989 1041 2098 1096 quo
2137 1029 2269 1087 mibi
2303 1031 2537 1101 irascor,
2565 1036 2825 1097 conﬁteor
2851 1058 2969 1099 mea
2997 1049 3269 1115 praeterita
3310 1029 3480 1121 mala,

1870 1123 1946 1187 et
1987 1117 2207 1190 plango,
2237 1130 2294 1177 et
2324 1122 2523 1179 iterum
2552 1141 2661 1183 non
2690 1133 3033 1189 committere
3062 1152 3329 1209 propono,
3365 1117 3480 1212 jam

1890 1220 1979 1304 me
2001 1211 2154 1278 quasi
2186 1211 2382 1284 pignus
2406 1215 2593 1286 gloriae
2630 1220 2832 1277 habere
2853 1225 3098 1293 conﬁdo;
3128 1231 3308 1287 sciens
3335 1211 3480 1304 quod

1888 1295 2008 1353 haec
2034 1314 2144 1355 non
2174 1316 2394 1371 possunt
2441 1306 2644 1362 habere
2681 1311 2895 1380 pariter
2934 1329 3004 1370 ex
3045 1318 3273 1389 meipso.
3334 1295 3479 1394 Ergo

1886 1386 2056 1456 Deus,
2102 1391 2258 1462 cujus
2287 1393 2380 1449 irae
2412 1396 2668 1455 resistere
2696 1416 2857 1459 nemo
2885 1414 3082 1475 potest,
3121 1386 3190 1463 ne
3221 1386 3477 1470 irascaris

1883 1477 2017 1533 mibi
2066 1480 2119 1534 in
2148 1491 2437 1551 aeternum,
2483 1498 2539 1542 et
2577 1504 2682 1544 non
2713 1490 2886 1557 solum
2925 1510 2956 1550 a
2993 1513 3080 1552 me
3119 1514 3224 1554 non
3255 1501 3475 1559 auferas

1883 1567 2150 1641 Spiritum
2210 1582 2392 1643 tuum;
2449 1579 2542 1634 sed
2589 1581 2755 1636 etiam
2809 1583 2906 1655 (V.
2968 1588 3055 1659 14)
3111 1592 3268 1646 redde
3344 1594 3515 1651 "tibi,

1879 1661 2139 1731 la’titiam,
2173 1683 2336 1737 quam
2361 1669 2514 1739 prius
2539 1670 2723 1739 habui,
2751 1677 2845 1731 sed
2873 1693 2970 1748 per
2992 1690 3274 1750 peccatum
3287 1686 3468 1755 amisi,

196 1745 442 1819 potentis.
475 1745 681 1804 Memor
703 1759 845 1819 esto,
871 1749 1213 1823 justebneus,
1244 1756 1336 1826 qui
1363 1757 1674 1817 misericors
1694 1778 1772 1829 es,
1808 1765 1853 1824 Β
1882 1753 2124 1811 laetitiam
2150 1759 2273 1815 dico
2301 1775 2409 1815 non
2449 1763 2658 1827 mundi,
2693 1763 2786 1835 qui
2817 1745 3033 1826 laetatur
3061 1787 3184 1828 cum
3219 1775 3360 1832 tnale
3390 1776 3471 1834 fe-

195 1844 243 1886 et
267 1846 481 1892 creator
511 1848 564 1893 et
588 1850 863 1917 recreatur
883 1858 1066 1910 meus;
1096 1857 1151 1902 et
1175 1862 1243 1902 ne
1269 1851 1605 1917 memineris,
1636 1852 1776 1923 bone

194 1923 439 1995 Domine,
488 1930 749 1989 adversus
806 1945 1147 2011 peccatorem
1200 1948 1373 2011 tuum
1399 1943 1627 2010 justitite
1670 1956 1774 2013 tuae

190 2017 380 2086 solius;
432 2037 503 2079 ne
550 2026 863 2082 memineris
910 2029 1006 2084 ira:
1035 2039 1138 2086 tua:
1174 2033 1436 2092 adversus
1473 2054 1645 2105 reum,
1677 2041 1773 2105 sed

186 2109 550 2170 miserationis
590 2130 720 2188 erga
771 2119 1053 2175 miserum.
1113 2122 1310 2179 Verum
1352 2137 1438 2183 est
1481 2139 1538 2184 et
1567 2129 1767 2195 fateor,

182 2201 731 2275 misericordissima,
777 2212 927 2281 quod
978 2216 1312 2271 conscientia
1369 2233 1490 2274 mea
1528 2233 1772 2279 meretur

176 2291 583 2367 damnationem
617 2306 672 2352 et
711 2301 854 2369 quod
900 2302 1221 2372 pamitcntia
1266 2322 1386 2362 mea
1432 2324 1540 2363 non
1570 2308 1768 2383 suﬁicit

173 2382 232 2438 ad
253 2386 689 2465 satisfactionem
720 2406 734 2444 :
784 2393 883 2446 sed
923 2403 1135 2449 certum
1164 2404 1247 2451 est
1278 2399 1422 2467 quod
1459 2401 1769 2457 misericor-

170 2474 249 2529 dia
282 2485 371 2530 tua
403 2488 865 2553 superatomnem
895 2483 1274 2553 oﬁ‘eusioncm,
1298 2498 1352 2543 et
1376 2489 1578 2567 idcirco
1602 2493 1764 2564 abys-

170 2582 252 2621 sus
280 2584 417 2623 meae
443 2571 678 2627 miseri.e
704 2574 958 2646 abyssum
995 2576 1209 2633 invocat
1236 2589 1338 2637 tuac
1360 2582 1762 2655 misericordiae.

170 2656 333 2715 Parce
364 2675 499 2731 ergo
541 2671 621 2728 tu,
651 2662 899 2733 Domine,
934 2668 1023 2736 qui
1059 2683 1118 2722 es
1158 2671 1331 2739 salus;
1362 2687 1523 2743 parce
1553 2690 1748 2751 peccaj-

173 2756 284 2811 trici
317 2756 524 2813 animae
574 2772 732 2825 mere,
762 2775 882 2831 qua:
910 2762 1043 2833 fugit
1069 2765 1253 2819 attrita
1287 2781 1317 2820 a
1344 2776 1583 2824 terrente
1600 2770 1764 2841 justio

172 2850 239 2904 tia
292 2860 382 2906 tua
437 2852 508 2907 ad
562 2852 960 2911 confortantem
1015 2858 1445 2918 misericordiam
1494 2874 1662 2922 tuam.
1696 2869 1762 2927 Et

166 2932 415 3012 quoniam
443 2944 731 3015 prmmium
757 2945 1086 3018 virginitatis
1112 2959 1196 3021 cst
1217 2952 1511 3026 perditum,
1544 2972 1578 3009 ο
1605 2957 1760 3025 dolor

168 3033 564 3111 irreparabilis!
602 3037 795 3093 saltem
826 3041 1148 3110 supplicium
1181 3060 1286 3102 non
1314 3047 1384 3102 sit
1422 3049 1751 3118 inevitabile,

1880 1847 2039 1912 cerit,
2087 1848 2183 1904 sed
2229 1849 2474 1906 laetitiam
2505 1851 2761 1912 salutaris
2800 1858 2875 1913 tui
2919 1860 3121 1918 Christi
3166 1862 3469 1925 Salvatoris

1879 1944 2006 2011 mei,
2047 1944 2139 2016 qui
2186 1954 2269 2001 est
2298 1949 2555 2019 gaudium
2607 1968 2809 2019 meum,
2837 1956 2928 2025 qui
2974 1965 3058 2012 εει
3088 1957 3302 2015 futurus
3324 1977 3465 2032 pm

1877 2033 2064 2097 mium,
2094 2035 2184 2104 qui
2207 2044 2292 2092 est
2309 2052 2439 2107 spes
2474 2055 2618 2106 mea,
2659 2041 2751 2097 lux
2776 2058 2919 2109 mea,
2946 2043 3067 2103 laus
3100 2063 3242 2114 mea,
3272 2050 3465 2110 domas

1876 2140 2017 2192 mea,
2066 2128 2241 2197 patria
2283 2145 2427 2197 mea,
2477 2133 2582 2188 vita
2643 2151 2785 2202 mea,
2828 2137 2977 2193 salus
3026 2156 3169 2207 mea,
3220 2142 3466 2202 salutare

1874 2230 2076 2271 meum.
2137 2216 2253 2274 Hoc
2305 2220 2545 2278 salutare
2595 2234 2913 2295 spectavere
2958 2228 3200 2286 futurum
3240 2233 3336 2301 illi,
3367 2236 3462 2306 qui

1872 2308 2093 2367 fuerunt
2115 2319 2245 2368 ante
2284 2328 2382 2368 nos
2407 2325 2591 2384 patres
2615 2320 2810 2387 nostri,
2841 2331 2898 2378 et
2927 2322 2980 2377 in
3010 2323 3129 2395 ,bac
3157 2325 3280 2382 ﬁdei
3334 2342 3464 2399 spe.

1871 2400 2112 2457 elatione
2138 2410 2266 2458 sunt
2291 2403 2511 2472 salvati;
2536 2419 2590 2463 et
2620 2409 2672 2463 in
2705 2410 2795 2466 illo
2817 2412 3040 2470 salutari
3061 2425 3146 2471 est
3175 2403 3355 2475 ete‘rit
3378 2420 3460 2477 eis

1868 2490 2060 2548 laetitia
2102 2497 2471 2567 sempiterna;
2515 2508 2569 2553 ct
2598 2501 2721 2569 quia
2765 2518 2865 2573 per
2892 2505 3137 2561 eamdem
3167 2507 3327 2564 ﬁdem
3353 2510 3455 2581 (rei

1869 2592 2051 2640 tamen
2078 2585 2193 2656 jam
2220 2588 2396 2656 factae,
2421 2605 2528 2644 non
2562 2589 2839 2657 faciendae,
2871 2597 2965 2650 sed
2993 2598 3324 2667 temporibus
3360 2590 3456 2655 va-

1854 2672 2045 2751 'riatis)
2085 2681 2283 2737 salvari
2345 2695 2604 2758 ex5peeto
2647 2686 2716 2741 ab
2758 2685 2952 2741 eodem
2996 2686 3298 2755 Salvatore,
3359 2692 3454 2761 qni

1865 2784 2057 2826 omnes
2088 2773 2335 2830 homines
2374 2777 2489 2832 vult
2529 2777 2710 2833 salvos
2751 2775 2891 2847 ﬁeri,
2933 2787 2991 2833 et
3031 2780 3303 2835 neminem
3338 2781 3451 2838 vui‘

1863 2865 2063 2933 perire.
2110 2864 2313 2921 Idcirco
2361 2866 2526 2923 Pater
2573 2878 2629 2923 et
2680 2867 2901 2924 domine
2942 2869 3070 2924 vitae
3104 2885 3259 2936 meae,
3284 2873 3451 2930 etiam

1863 2954 2250 3021 sempiternam
2283 2955 2545 3026 lmtitiam,
2576 2972 2740 3028 quam
2767 2972 2866 3028 per
2899 2967 3125 3030 peccata
3172 2976 3289 3015 mea
3320 2977 3451 3033 pero

1861 3042 1995 3105 didi,
2032 3044 2194 3101 redde
2223 3046 2377 3101 milii.

163 3130 293 3196 quod
319 3138 405 3187 est
440 3147 555 3184 non
588 3131 923 3201 impossibile
950 3135 1357 3204 omnipotentiae
1388 3151 1511 3203 tuae,
1541 3157 1640 3198 nec
1671 3145 1755 3200 in-

1928 3134 2020 3190 30.
2066 3135 2132 3189 Et
2162 3138 2351 3206 spiritu
2378 3137 2660 3209 principali
2680 3139 2932 3209 conﬁrma
2968 3159 3068 3197 me.
3108 3142 3156 3198 0
3183 3141 3325 3200 Deus
3352 3120 3465 3216 qui

163 3218 348 3276 decens
379 3221 760 3293 tuzejustitite,
786 3239 884 3281 uec
908 3224 1185 3280 insolitum
1218 3236 1320 3282 tuae
1345 3231 1751 3303 misericordiae,

159 3316 402 3379 quuniam
453 3315 638 3372 bonus
680 3330 741 3371 es
772 3324 849 3380 tu,
883 3325 938 3373 et
974 3318 1230 3387 quoniam
1264 3320 1317 3374 in
1349 3330 1611 3378 aeternum
1652 3327 1754 3381 mi-

158 3404 443 3475 sericordia
497 3414 595 3460 tua
642 3414 849 3462 manet.
893 3396 1135 3477 De'nique
1156 3410 1283 3480 quia
1315 3426 1416 3483 ego
1444 3417 1662 3483 peccavi
1697 3419 1748 3472 in

154 3493 321 3548 anima
350 3496 575 3566 pariter
599 3506 655 3552 et
687 3496 742 3551 in
767 3512 957 3564 carne,
985 3513 1079 3555 net
1116 3500 1323 3572 aliquid
1356 3502 1462 3558 tale
1500 3508 1750 3561 commit-

157 3594 257 3638 tere
294 3586 431 3643 nltra
472 3588 629 3654 volo,
670 3588 793 3645 ideo
838 3605 869 3644 a
920 3598 991 3656 te,
1045 3591 1471 3653 clementissime
1519 3598 1746 3655 Domine

153 3674 304 3745 Deus,
328 3680 423 3750 qui
479 3695 655 3753 quem
685 3695 852 3737 sanas
900 3683 955 3737 in
996 3684 1198 3752 anima,
1247 3698 1305 3742 et
1330 3702 1559 3757 corpore
1584 3690 1745 3747 simul

150 3780 317 3838 sanas,
349 3773 417 3828 de
465 3784 715 3843 utroque
744 3775 997 3831 ardenter
1031 3777 1280 3849 desidero
1304 3782 1535 3852 eXpiari.
1563 3783 1735 3840 Porro

146 3858 187 3911 si
211 3864 450 3932 peccavi,
492 3865 616 3920 imo
649 3864 837 3937 procul
883 3865 1047 3920 dubio
1097 3868 1221 3935 quia
1258 3871 1500 3938 peccavi,
1529 3883 1586 3926 et
1617 3887 1743 3942 pro-

148 3959 256 4017 pter
306 3954 412 4010 hoc
448 3953 655 4012 oculus
700 3969 854 4010 meus
902 3955 956 4010 in
1002 3956 1365 4013 amaritudine
1413 3961 1743 4030 paenitentia!

146 4054 531 4113 commoratur,
600 4046 667 4102 dc
708 4045 866 4100 venia
918 4055 1099 4100 tamen
1152 4061 1335 4117 spero,
1382 4048 1562 4105 sciens
1596 4053 1739 4120 quod

146 4133 305 4203 majnr
333 4122 419 4211 est
451 4147 553 4207 tua
589 4135 826 4201 bonitas,
854 4150 1028 4218 quam,
1054 4151 1173 4192 mea
1202 4137 1491 4208 iniquitas,
1518 4157 1638 4212 quae
1655 4153 1739 4211 est

142 4235 321 4294 magna
360 4227 558 4284 nimis.

201 4316 284 4372 29.
331 4320 737 4376 Verumtamen
786 4321 831 4376 si
875 4322 1077 4378 malum
1109 4337 1295 4379 coram
1328 4333 1381 4380 te
1411 4325 1536 4393 feci,
1562 4336 1618 4382 et
1648 4326 1732 4383 fa-

1853 3242 1916 3282 εε
1947 3227 2216 3283 maximus
2255 3228 2513 3298 Spiritus,
2540 3231 2773 3299 matrima
2814 3233 2961 3303 regio
2990 3234 3278 3303 spirituum
3310 3236 3442 3290 beao

1856 3326 2058 3382 torum,
2102 3318 2156 3371 in
2204 3334 2306 3388 qua
2343 3330 2656 3376 sanctorum
2706 3324 2903 3378 animat
2955 3326 3333 3393 requiescunt,
3388 3338 3442 3383 te

1852 3408 2029 3478 primo
2071 3410 2323 3479 superius
2368 3411 2562 3466 invoco
2606 3412 2858 3482 spiritum
2909 3423 3142 3482 rectum,
3186 3415 3438 3485 spirituum

1851 3507 2125 3564 sanctum,
2155 3507 2210 3554 et
2254 3500 2344 3555 hic
2375 3498 2535 3555 tertio
2565 3500 2816 3572 spiritum
2845 3501 3223 3572 principalem,
3266 3502 3442 3559 inten-

1849 3591 1984 3646 dens
2025 3602 2214 3660 totam,
2251 3608 2372 3664 qua:
2414 3593 2465 3649 in
2517 3602 2568 3649 te
2611 3601 2735 3660 est,
2787 3592 3108 3650 Trinitatem
3162 3594 3214 3649 in
3259 3610 3441 3651 meum

1848 3681 2106 3736 auxilium
2126 3682 2400 3750 invocare,
2439 3684 2508 3739 ad
2538 3685 2640 3741 boc
2665 3692 2725 3740 ut
2754 3684 2851 3757 (ita
2873 3684 3018 3755 cod.)
3044 3695 3227 3742 rectus
3248 3687 3438 3742 Domi-

1847 3789 1951 3828 nus
1983 3773 2123 3828 Dcus
2149 3785 2355 3837 noster,
2392 3786 2448 3831 et
2488 3792 2597 3842 non
2633 3789 2719 3832 est
2747 3777 3005 3847 iniquitas
3035 3794 3089 3833 tn
3123 3794 3211 3834 eo.
3263 3779 3437 3849 Spiri-

1847 3875 1960 3919 tum
2002 3875 2250 3921 sanctum
2299 3878 2449 3937 tuum
2480 3871 2702 3941 nomine
2736 3885 2836 3925 suo
2865 3869 3125 3941 intelligo.
3154 3871 3222 3925 Et
3249 3881 3300 3925 te
3328 3871 3436 3925 Pan

1846 3963 1981 4009 trem
2011 3955 2099 4010 hic
2121 3956 2330 4026 accipio
2367 3971 2464 4027 per
2492 3958 2744 4028 spiritum
2774 3959 3151 4029 principalem,
3179 3961 3307 4031 quia
3336 3960 3430 4017 tibi

1841 4053 1925 4098 est
1971 4053 2213 4113 potestas
2265 4045 2638 4117 principaliter
2687 4047 2949 4102 attributa
3003 4046 3203 4103 bonum
3241 4051 3431 4118 gratiae

1839 4137 1982 4206 quod
2015 4134 2067 4190 in
2102 4152 2188 4192 me
2208 4147 2464 4207 operatus
2498 4151 2557 4194 cs
2592 4137 2970 4194 conﬁrmandi.
3001 4138 3271 4196 Couﬁrma
3295 4154 3430 4214 erg)

1838 4224 1993 4295 illud,
2026 4227 2191 4284 Pater
2220 4247 2233 4283 :
2276 4240 2331 4285 et
2352 4231 2398 4285 si
2434 4244 2524 4286 me
2552 4230 2984 4296 contirmaveris,
3016 4231 3160 4287 sicut
3195 4243 3344 4304 opto,
3373 4241 3429 4290 et

1836 4320 1979 4375 ‘sicut
2034 4335 2121 4376 me
2172 4321 2279 4377 scit
2318 4330 2408 4376 tua
2452 4322 2864 4393 supereminens
2894 4323 3125 4378 scientia
3156 4323 3423 4397 indigere,

140 4404 261 4463 ciem
302 4422 454 4466 tuam
497 4427 615 4468 nou
642 4413 858 4480 erubui,
886 4424 945 4468 ιιι
971 4415 1225 4471 deberem
1253 4418 1273 4489 (
1289 4415 1350 4473 V.
1385 4418 1498 4490 15),
1523 4436 1587 4475 ηε
1610 4437 1732 4491 ιιι-ο.
1763 4456 1810 4512 D
1834 4412 2189 4493 conﬁrmatus
2216 4428 2321 4468 non
2349 4428 2445 4469 ero
2472 4413 2724 4512 inani-ter,
2875 4413 3098 4512 docebo.
3128 4414 3185 4471 In
3211 4432 3319 4512 quo
3343 4430 3420 4512 tu,

134 4495 273 4568 fit-ias
294 4521 378 4559 me
407 4523 441 4560 a
474 4504 631 4576 facie
672 4514 786 4559 tua.
823 4504 974 4562 Sicut
999 4506 1132 4562 Cain
1162 4523 1262 4578 pro
1286 4519 1598 4580 perpetrato
1624 4511 1733 4567 fra-

137 4594 338 4653 tricidio
388 4614 419 4654 a
467 4597 624 4655 facie
666 4606 754 4653 tua
802 4606 861 4654 et
895 4607 1053 4655 terra:
1105 4599 1250 4656 facie
1291 4603 1564 4673 projecisti
1605 4606 1732 4675 (nec

133 4686 339 4755 mirum,
372 4692 509 4762 quia
561 4689 758 4746 intima
804 4704 903 4746 sua
938 4689 1268 4762 proiecerat,
1317 4702 1371 4748 et
1409 4696 1728 4765 desperatus

130 4774 191 4831 de
220 4782 413 4853 «venia,
468 4782 655 4838 noluit
696 4782 984 4853 pmnitere,
1038 4782 1158 4840 sed.
1192 4782 1331 4837 dixit
1377 4786 1522 4854 quod
1555 4786 1730 4857 major

128 4879 235 4923 erat
272 4872 393 4943 ejus
421 4858 697 4946 iniquitas
723 4892 883 4947 quam
909 4884 963 4929 ut
997 4874 1213 4930 veniam
1242 4880 1589 4949 mereretur),
1619 4896 1728 4936 non

128 4960 219 5030 siC,
246 4962 509 5034 Domine,
537 4983 649 5023 non
677 4968 755 5023 sic
778 4968 1035 5040 prujicias
1064 4982 1151 5024 me
1173 4986 1202 5022 a
1226 4969 1365 5024 facie
1402 4979 1513 5037 tua,
1543 4987 1722 5045 neque

126 5053 257 5110 sicut
285 5059 583 5129 pulverem
612 5073 774 5129 quem
816 5059 1028 5131 proiicit
1063 5067 1259 5115 ventus
1286 5075 1316 5114 a
1346 5059 1487 5119 facie
1530 5073 1717 5130 terrm;

126 5149 210 5200 Sed
236 5165 332 5220 per
361 5162 521 5208 tuam
548 5149 965 5221 superﬁueutem
991 5160 1047 5206 et
1069 5148 1720 5210 ineﬁabilem'bonitatem

123 5238 284 5300 iacias
338 5262 429 5303 me
479 5246 555 5300 de
616 5243 721 5299 illis
767 5244 1103 5312 simplicibus
1133 5258 1272 5313 quos
1321 5259 1430 5300 non
1465 5246 1716 5317 projicis;

120 5336 208 5390 sed
251 5338 464 5409 projice
497 5345 624 5407 post
658 5345 863 5406 tergum
906 5345 1056 5390 tuum
1090 5336 1274 5392 omnia
1319 5347 1542 5406 peccata
1574 5354 1714 5408 mea,

117 5436 167 5480 et
186 5444 381 5487 omnes
412 5428 745 5499 iniquitates
766 5442 914 5482 meas
935 5428 1140 5499 projice
1164 5430 1217 5484 in
1243 5428 1567 5500 profundum
1596 5448 1717 5487 ma-

119 5517 217 5582 ris;
261 5536 346 5577 me
376 5530 580 5574 autem
616 5517 887 5572 hominem
942 5532 1011 5572 ne
1041 5518 1300 5587 projicias
1331 5535 1363 5573 a
1418 5519 1556 5599 facie
1601 5530 1713 5591 tua,

112 5612 199 5665 sed
232 5616 303 5669 ad
333 5614 493 5668 illam
556 5625 645 5664 me
680 5608 849 5664 facias
893 5610 1284 5666 beatitudinem
1316 5612 1623 5681 pervenire,
1659 5613 1713 5668 in

111 5712 210 5775 qua
253 5684 367 5759 non
418 5703 595 5757 sicut.
620 5700 671 5754 in
722 5699 825 5754 hac
865 5700 974 5757 vita
1002 5712 1100 5767 per
1145 5700 1423 5771 speculum
1462 5699 1514 5754 in
1539 5701 1711 5791 aenigf

526 5794 805 5853 ΡΑι-ιιίιι..
853 5789 1122 5854 CLVIII.

1834 4502 1978 4559 Deus
2008 4490 2179 4569 meus,
2205 4502 2408 4557 docens
2437 4519 2522 4559 me
2548 4503 2720 4568 utilia,
2757 4502 3023 4559 mirabilis
3046 4514 3209 4576 atque
3237 4505 3425 4561 lauda-

1832 4594 1959 4651 bilis
1992 4595 2299 4666 apparebis,
2328 4610 2394 4651 eo
2429 4596 2569 4665 quod
2602 4605 2822 4666 repente
2845 4611 2934 4651 me
2961 4596 3235 4653 doctorem
3280 4599 3421 4653 fece-

1832 4689 1910 4745 ris
1946 4688 2013 4744 (Ie
2040 4688 2314 4759 plorante;
2362 4689 2428 4744 de
2470 4689 2619 4759 lupo,
2665 4705 2894 4760 agnum;
2931 4691 2998 4745 de
3030 4688 3202 4745 altero
3230 4689 3416 4753 Sauln,

1829 4780 2055 4837 Paulum
2090 4798 2103 4834 :
2140 4790 2197 4836 et
2236 4781 2330 4836 alii
2364 4791 2678 4852 peccatores
2721 4780 2966 4836 videntes
2993 4780 3137 4850 quod
3164 4779 3294 4834 milii
3326 4795 3414 4849 pe-

1828 4874 2089 4946 perceris,
2138 4873 2426 4943 proﬁcient
2463 4888 2562 4943 per
2589 4871 2917 4941 exemplum,
2947 4879 3002 4924 et
3048 4870 3129 4926 sic
3166 4867 3333 4924 verbo
3360 4879 3417 4924 et

1827 4964 2076 5036 exemplo
2106 4963 2201 5036 (V.
2234 4962 2323 5034 15)
2351 4963 2806 5045 άοεεὺολὶηἱιιιιοε,
2837 4961 2928 5031 qui
2968 4961 3021 5014 in
3054 4960 3159 5015 fide
3190 4973 3416 5013 manen—

1827 5069 1933 5124 tes,
1968 5057 2207 5127 peccatis
2247 5056 2363 5110 suis
2394 5064 2649 5124 tanquam
2683 5060 2945 5124 apostata:
2982 5051 3313 5106 mortiﬁcant
3358 5052 3416 5105 Ii-

1825 5151 1948 5206 dem
1976 5165 2131 5206 suam
2162 5167 2178 5207 ;
2213 5148 2350 5211 illos,
2387 5148 2628 5216 inquam,
2661 5152 3051 5213 apostatantes,
3087 5143 3180 5213 qui
3230 5157 3412 5200 reces-

1822 5252 2010 5299 serunt
2041 5258 2070 5297 a
2126 5250 2178 5297 te
2211 5281 2227 5307 ,
2277 5248 2332 5295 et
2358 5253 2495 5307 quos
2537 5246 2610 5298 tu,
2643 5236 2775 5305 ipse,
2816 5235 3066 5298 Domine,
3106 5249 3304 5290 vocare
3342 5235 3410 5289 ad

1822 5337 2198 5410 paenitentiam
2215 5333 2436 5398 venisti,
2458 5339 2513 5386 et
2539 5347 2641 5385 non
2668 5334 2868 5401 justos.
2898 5327 3105 5383 Docebo
3129 5328 3238 5383 vias
3263 5337 3407 5394 tuas,

1821 5445 1931 5484 non
1955 5443 2124 5490 meas,
2156 5425 2250 5480 sed
2277 5431 2400 5477 tuas
2428 5437 2444 5477 :
2480 5422 2594 5476 vias
2626 5431 2766 5487 luas,
2797 5436 2917 5492 qua:
2953 5428 3079 5475 sunt
3100 5418 3409 5475 misericor-

1821 5519 1906 5575 dia
1939 5527 1993 5573 et
2020 5516 2242 5579 veritas,
2282 5527 2380 5584 per
2400 5526 2535 5583 quas
2570 5512 2637 5566 ad
2680 5526 2780 5567 nos
2822 5511 2996 5580 venis,
3032 5525 3086 5567 et
3130 5525 3229 5567 nos
3258 5509 3325 5565 ad
3354 5512 3407 5599 te

1819 5623 2107 5681 possumus
2160 5606 2465 5677 pervenire.
2504 5603 2567 5659 Et
2602 5604 2703 5664 insi
2756 5603 2903 5674 impii
2930 5614 3229 5674 peccatores
3261 5599 3332 5656 ad
3353 5611 3404 5656 te

1818 5705 2378 5767 convertentttr,elpcr
2398 5706 2468 5763 te,
2494 5696 2735 5761 Don'tme,
2760 5709 2848 5763 qm
2872 5695 3145 5748 convertis
3169 5693 3398 5762 petram.

3076 5790 3148 5847 δῖ]
