4048 6288
575 263 682 322 845

932 260 991 317 S.
1032 256 1333 316 ANSELMI
1367 255 1720 315 CANTUAR.
1761 251 2078 311 AltCHIEP.
2114 252 2265 312 OPP.
2298 252 2512 321 ,PARS.
2550 250 2612 308 Il.
2636 284 2694 293 —
2726 248 3098 309 PAR/ENET.
3125 250 3214 308 ET
3248 250 3472 311 ASCE'I‘

3730 253 3843 312 εει

574 375 781 433 scilicet
818 371 1000 428 cordis
1028 370 1307 434 duritiam,
1336 368 1390 422 in
1417 377 1607 438 stagna
1632 380 1918 436 aquarum,
1951 366 2051 421 hoc
2073 374 2159 421 est
2185 378 2231 434 Α
2259 367 2407 421 dices
2445 380 2460 418 :
2490 364 2649 423 Salus
2693 378 2781 422 tua
2831 382 2931 440 ego
2974 368 3367 438 sum,-quando
3388 366 3609 439 plenam
3636 378 3692 425 et
3715 385 3845 427 eer-

571 465 631 523 in
655 463 878 519 ﬂumina
916 461 1300 534 lacrymarum.
1335 457 1446 513 Lex
1482 458 1625 513 enim
1660 466 1770 524 tua,
1796 457 2040 521 Domine,
2070 468 2155 511 est

571 553 945 618 immaculata,
998 560 1321 607 convertens
1365 549 1594 604 animas.
1647 547 1758 618 Ego
1803 561 1984 602 autem
2037 562 2153 613 cor,

570 645 826 718 linguam,
850 652 907 699 et
934 641 1073 698 labia
1092 648 1312 712 paratus
1332 656 1448 695 sum
1471 640 1537 694 ad
1549 638 1975 709 exsequendum,
2006 649 2155 693 tuum
2230 668 2236 673 -

575 738 943 794 ministerium
970 735 1258 801 exhibere;
1308 732 1662 789 devotissime
1688 730 2066 801 supplicando,
2099 740 2158 785 ut

539 838 628 885 ἰιι
662 831 756 902 (ιιιί
791 832 933 885 Deus
958 837 1014 884 et
1042 827 1273 883 Domine
1316 826 1445 881 Jesu
1484 824 1720 890 Christe,
1770 824 1860 893 qui
1888 823 1940 876 in
1965 822 2156 878 diebus

571 921 757 978 carnis
782 930 885 976 tuae
929 920 1095 977 verba
1129 923 1253 974 vita:
1296 925 1515 973 aeternae
1553 917 1688 970 adeo
1728 914 2049 969 mirabiliter
2074 913 2155 967 lo-

569 1015 849 1084 qucbaris,
880 1027 1005 1068 cum
1046 1011 1389 1067 mirabantur
1414 1022 1604 1064 omnes
1637 1008 1703 1062 de
1740 1006 1919 1063 verbis
1949 1006 2153 1077 gratiae,

569 1120 691 1175 qua:
716 1104 823 1159 tuis
852 1103 1010 1160 labiis
1049 1100 1462 1172 procedebant,)
1492 1099 1572 1155 sic
1598 1114 1693 1153 cor
1721 1112 1898 1152 meum
1922 1097 2153 1168 aperias,

570 1198 813 1269 linguam
842 1195 1087 1258 erudias,
1136 1194 1279 1250 labia
1310 1193 1640 1257 circumdes,
1677 1199 1737 1245 ut
1782 1190 1933 1261 impii
1975 1190 2044 1246 ab
2071 1206 2157 1245 er-

495 1303 499 1306 '
572 1303 700 1346 rore
736 1290 861 1343 vitae
883 1296 986 1342 tute
1023 1301 1122 1357 per
1147 1295 1218 1351 te,
1251 1284 1331 1341 sic
1357 1284 1423 1339 ad
1457 1291 1508 1338 te
1537 1296 1658 1338 meo
1695 1279 1944 1351 exemplo
1975 1288 2029 1334 et
2052 1279 2156 1334 mi-

536 1378 802 1434 'nisterio
846 1386 1212 1443 revertantur,
1254 1374 1399 1445 quod
1439 1374 1621 1427 anima
1669 1386 1789 1427 mea
1820 1372 2061 1428 salvetur
2102 1372 2154 1425 in

573 1482 771 1539 morte,
803 1482 860 1528 et
900 1482 953 1527 tu
1006 1485 1248 1526 meorum
1278 1468 1493 1540 operias
1523 1465 1922 1521 multitudinem
1960 1480 2158 1535 pecca-

570 1576 772 1633 torum,
824 1565 899 1620 ita
956 1565 1099 1635 quod
1149 1577 1249 1618 nec
1276 1577 1305 1616 a
1342 1569 1394 1617 te
1435 1575 1534 1616 nec
1558 1574 1587 1613 a
1616 1558 1832 1614 diabolo
1859 1558 1926 1613 de
1959 1565 2156 1612 czetero

569 1666 989 1729 cognoscantur.

2261 440 2393 525 tam,
2418 474 2664 515 securam
2697 468 2753 516 et
2780 462 3166 532 sempiternam
3196 459 3517 517 felicitatem
3546 461 3683 517 mihi
3708 478 3849 520 wu-

2258 550 2489 606 cesseris
2519 559 2573 606 et
2597 551 2846 606 salutem.

2329 642 2418 699 52.
2459 643 2504 700 Ο
2543 646 2760 714 quando
2788 645 2855 699 ad
2908 640 3054 701 illam
3102 644 3571 716 incorruptionem
3606 646 3853 713 veniam,

2259 746 2313 790 et
2342 736 2420 791 sic
2453 735 2635 791 salvus
2663 740 2787 792 ero!
2833 735 2972 792 Vere
3017 745 3144 793 tunc
3192 736 3453 805 satiabor,
3482 753 3611 793 cum
3660 739 3849 794 mani-

2236 826 2548 882 ‘l‘estabitur
2575 827 2723 883 salus
2753 837 2808 882 et
2858 828 3089 884 felicitas
3124 828 3212 884 illa
3245 828 3402 896 mihi,
3430 829 3500 884 ad
3527 844 3695 899 quam
3724 845 3855 901 per-

2259 923 2444 976 venire
2469 937 2576 976 non
2614 938 2851 993 possum,
2895 922 2998 978 nisi
3042 924 3192 994 prius
3235 938 3266 978 a
3316 933 3369 978 te
3398 921 3555 979 fuero
3581 924 3650 979 de
3690 925 3856 981 dictis

2260 1012 2611 1084 sanguinibus
2637 1013 2922 1079 liberatus,
2950 1029 2981 1068 a
3007 1014 3203 1085 quibus
3229 1015 3272 1071 si
3303 1014 3565 1071 liberatus
3594 1014 3777 1080 fuero,
3801 1025 3856 1070 et

2234 1104 2407 1159 “nullo
2433 1104 2538 1160 alio
2570 1104 2858 1173 liberante,
2897 1115 2946 1159 et
2975 1106 3253 1173 exultabit,
3285 1107 3389 1162 hoc
3435 1116 3522 1162 est
3550 1122 3678 1162 cum
3701 1108 3855 1162 exul-

2260 1197 2464 1252 tatione
2510 1205 2567 1251 et
2613 1198 2828 1267 gaudio,
2874 1192 3372 1268 nuntiabit'lingua
3422 1215 3538 1254 mea
3577 1199 3857 1269 justitiam

2242 1301 2406 1344 tuam
2431 1301 2450 1340 :
2486 1303 2592 1343 non
2630 1288 2797 1355 illam,
2822 1289 3074 1356 Domine,
3098 1305 3128 1345 a
3156 1304 3261 1360 qua
3289 1291 3542 1362 superius
3559 1289 3858 1362 appellavi,

2258 1394 2325 1435 eo
2375 1380 2519 1452 quod
2574 1379 2849 1434 dominam
2903 1396 3078 1436 meam
3141 1381 3593 1446 misericordiam,
3639 1383 3695 1436 in
3746 1398 3857 1452 qua

2258 1484 2437 1539 spero,
2466 1484 2571 1523 non
2602 1473 2883 1539 permittet
2907 1485 3091 1526 secum
3116 1471 3171 1526 in
3196 1481 3288 1526 tuo
3318 1472 3461 1526 ﬁnali
3482 1470 3698 1541 judicio
3727 1489 3857 1529 eon-

2259 1562 2494 1617 sedere:
2539 1576 2663 1615 nam
2702 1560 2850 1615 illam
2896 1559 3234 1630 justitiarum
3267 1562 3537 1632 justitiam
3584 1579 3699 1619 non
3731 1580 3855 1635 pos-

2260 1667 2373 1708 sem
2403 1668 2527 1709 cum
2580 1652 2915 1712 exultatione
2955 1653 3023 1708 ad
3055 1655 3373 1709 memoriam
3405 1670 3699 1722 revocare,
3731 1657 3853 1728 quia

640 1768 731 1823 δι.
776 1769 931 1836 Quod
963 1778 1020 1824 υι
1061 1768 1191 1826 mihi
1238 1766 1512 1823 emendus
1552 1764 1902 1831 concedatur,
1941 1763 2037 1834 (γ,
2068 1764 2155 1835 ιδ)
2190 1737 2235 1792 Β
2262 1745 2419 1801 valde
2465 1745 2840 1802 contremiscit
2898 1760 2996 1836 cor
3042 1761 3222 1801 meum
3274 1745 3420 1801 illam
3473 1746 3683 1803 timens
3716 1767 3731 1802 :
3766 1750 3855 1805 sed

568 1856 733 1915 liberti
757 1878 837 1915 me
857 1862 920 1915 de
941 1859 1303 1931 sanguinibus,
1332 1858 1493 1925 Deus,
1512 1857 1649 1913 Deus
1669 1856 1856 1912 salutis
1873 1872 2018 1912 metr.
2039 1855 2159 1926 Spi-

572 1951 710 2027 ritus
755 1960 943 2009 sancte
974 1953 1136 2017 Deus,
1162 1952 1255 2023 qui
1298 1954 1366 2007 ad
1410 1952 1513 2006 hoc
1541 1951 1593 2005 in
1621 1949 1819 2021 linguis
1852 1948 2022 2021 igneis
2050 1948 2159 2003 dis-

568 2045 781 2114 pertitis
828 2046 1049 2102 voluisti
1095 2046 1199 2111 tuis
1237 2044 1519 2113 discipulis
1574 2058 1861 2114 apparere,
1893 2050 1953 2096 ut
2002 2041 2161 2096 nobis

579 2138 743 2195 dares
789 2138 1095 2211 intelligere
1164 2138 1307 2209 quod
1363 2138 1543 2192 omnia
1603 2137 1909 2208 linguarum
1960 2152 2157 2206 genera

570 2231 961 2301 cognoscebas,
1014 2230 1138 2284 audi
1188 2228 1500 2295 efﬁcaciter,
1550 2237 1605 2283 et
1638 2227 1834 2282 exaudi
1878 2242 2072 2282 novam
2104 2237 2159 2283 et

551 2318 853 2398 :antiquam
889 2324 1303 2395 grammaticam
1355 2322 1550 2394 linguae
1581 2335 1738 2387 mere,
1778 2320 1831 2376 in
1871 2335 1975 2391 qua
2004 2319 2159 2390 quasi

571 2425 819 2492 yteorum
854 2420 1199 2483 peccatorum
1249 2411 1527 2467 doloribus
1556 2421 1684 2482 peto
1706 2428 1737 2465 a
1766 2420 1819 2466 te
1848 2411 1914 2491 de
1939 2411 2159 2482 sangui-

569 2501 732 2559 nibus
779 2503 1022 2559 liberari.
1054 2503 1196 2559 Ecce
1241 2504 1385 2559 enim
1415 2515 1469 2558 tu
1500 2503 1632 2568 scis,
1663 2503 1755 2573 qui
1801 2503 2156 2558 scientiarum

575 2607 637 2649 es
662 2588 826 2660 Deus,
863 2594 1005 2665 (ιιιὸά
1038 2594 1090 2648 in
1117 2594 1308 2651 Latino
1345 2605 1535 2649 nostro
1567 2593 1708 2664 apud
1748 2590 2158 2663 grammaticos,

570 2686 864 2756 sanguines
904 2685 1327 2757 pluraliternon
1371 2686 1649 2752 dicuntur,
1693 2685 1788 2740 sed
1819 2684 2075 2755 sanguis;
2106 2691 2161 2738 et

575 2784 758 2833 tamen
792 2778 856 2833 ad
885 2778 1250 2834 conﬁtendum
1303 2778 1505 2833 nomini
1546 2786 1656 2842 tuo,
1685 2776 1984 2840 Altissime,
2015 2775 2160 2844 quod

572 2886 641 2926 ex
672 2886 838 2926 carne
888 2886 987 2941 per
1023 2881 1306 2941 peccatum
1333 2868 1597 2939 originale
1625 2878 1900 2938 corrupta,
1940 2883 2045 2923 non
2073 2883 2161 2921 so-

571 2960 685 3015 lum
709 2977 901 3027 unum,
941 2961 1037 3016 sed
1075 2960 1230 3030 plura
1272 2958 1519 3015 contraxi
1555 2966 1797 3028 peccata,
1828 2956 1999 3029 magis
2028 2972 2159 3026 pro-

573 3054 693 3125 prie
718 3062 774 3108 et
794 3068 1049 3123 expresse
1074 3052 1297 3108 intendo
1315 3067 1347 3106 a
1377 3062 1429 3106 te
1454 3061 1660 3123 petere,
1694 3050 1837 3106 Deus
1860 3066 2031 3105 meus.
2050 3066 2154 3105 non

544 3147 645 3209 de
691 3146 954 3219 sanguine
982 3148 1075 3201 sed
1119 3146 1185 3201 de
1231 3145 1586 3217 sanguinibus
1617 3144 1873 3211 liberari;
1913 3145 2013 3199 hoc
2049 3153 2153 3210 est,

565 3223 824 3293 omnibus
872 3237 1112 3308 peccatis
1152 3237 1485 3303 carnalibus,
1537 3252 1658 3308 qum
1696 3246 1825 3292 sunt
1868 3236 2056 3299 multa,
2102 3243 2158 3291 et

576 3326 891 3399 specialiter
952 3329 1018 3385 de
1082 3330 1400 3401 parentibus
1457 3329 1792 3395 carnalibus,
1846 3329 1914 3384 de
1971 3344 2158 3385 amore

582 3436 770 3477 eorum
803 3422 884 3477 sic
928 3420 1151 3490 junctus
1180 3432 1372 3478 tenear
1399 3432 1452 3476 et
1504 3423 1721 3494 ligatus,
1754 3423 1897 3492 quod
1937 3437 2003 3477 ne
2029 3421 2158 3476 illud

579 3514 877 3579 incurram,
912 3514 966 3567 in
998 3514 1140 3583 quod
1193 3513 1457 3581 incidunt,
1492 3514 1584 3583 qui
1626 3512 1903 3569 aediﬁcant
1941 3513 2071 3568 Sion
2106 3513 2159 3567 in

579 3600 955 3671 sanguinibus,
978 3602 1061 3657 vel
1086 3603 1176 3673 qui
1203 3604 1254 3657 in
1289 3604 1648 3676 sanguinibus
1664 3603 1937 3659 aediﬁcant
1967 3606 2161 3660 civita-

567 3692 945 3771 'tetn;quibus
996 3694 1039 3749 si
1073 3709 1170 3764 per
1199 3695 1428 3767 gratiam
1480 3705 1626 3750 tuam
1679 3694 1830 3751 fuero
1874 3696 2158 3763 liberatus,

581 3794 689 3836 non
726 3782 1066 3856 congregabo
1090 3786 1466 3842 conventicula
1496 3801 1704 3853 eorum,
1743 3787 1952 3844 scilicet
1990 3788 2161 3845 malo-

582 3868 705 3929 rum‘
729 3871 1098 3948 collegiorum,
1134 3881 1202 3935 de
1230 3879 1617 3951 sanguinibus;
1650 3895 1718 3935 ne
1750 3891 1895 3935 motu
1925 3880 2163 3936 carnali-

579 3967 708 4023 tatis
735 3983 862 4040 erga
902 3986 1001 4026 nos
1041 3970 1350 4032 inordinate
1395 3971 1655 4036 mollitus,
1688 3968 2031 4043 disrumpere
2056 3987 2162 4027 non

576 4060 780 4127 possim
807 4061 1180 4133 colligationes
1225 4063 1541 4135 impietatis.
1570 4063 1655 4118 vel
1688 4064 1897 4119 solvere
1934 4063 2165 4119 fascicu-

578 4148 661 4206 los
682 4149 1055 4223 deprimentis.
1086 4152 1213 4210 Scio
1238 4156 1382 4210 enim
1405 4155 1549 4227 quod
1574 4171 1703 4210 caro
1730 4166 1781 4210 et
1814 4155 2034 4217 sanguis
2058 4171 2162 4211 non

579 4241 933 4312 possidebunt
962 4245 1189 4315 gloriam
1226 4246 1377 4317 regni
1409 4247 1513 4313 tui;
1537 4255 1592 4301 et
1620 4246 1763 4318 quod
1789 4244 1863 4299 nil
1904 4238 2161 4314 iniquius,

581 4345 744 4401 quam
779 4331 937 4401 quod
962 4335 1297 4407 excogitavit
1327 4352 1456 4393 caro
1484 4347 1538 4392 et
1586 4336 1829 4407 sanguis.
1868 4335 1984 4391 Non
2017 4336 2162 4391 enim

2262 1838 2405 1894 illam
2433 1839 2611 1909 potius
2657 1848 2803 1892 tuam
2835 1827 3102 1907 justitiam
3140 1838 3325 1910 lingua
3372 1854 3492 1893 mea
3540 1854 3671 1893 cum
3709 1842 3851 1894 exul-

2262 1932 2484 1996 tatione,
2529 1939 2582 1986 et
2633 1930 2814 1985 laztitia
2843 1930 3146 1993 nunciabit,
3193 1946 3300 2001 qua
3340 1931 3393 1985 in
3435 1932 3701 2001 pmsenli
3752 1932 3857 1986 rita

2261 2040 2325 2080 ex
2354 2025 2558 2079 virtute
2590 2024 2761 2094 ipsius
2795 2033 2903 2079 tute
2948 2024 3233 2095 praesentis
3258 2023 3482 2093 justitias
3514 2039 3606 2080 me
3654 2026 3855 2080 teneris

2262 2117 2504 2187 recipere
2523 2115 2903 2183 conﬁtentem;
2929 2132 2997 2172 eo
3021 2118 3163 2187 quod
3185 2130 3355 2173 sacra:
3386 2116 3537 2188 leges
3565 2128 3677 2172 tua!
3699 2116 3854 2189 justi-

2262 2208 2351 2262 tia:
2374 2208 2425 2260 in
2440 2207 2541 2262 hac
2574 2208 2684 2262 vita
2722 2222 2828 2262 non
2862 2207 3223 2278 dedignantur
3256 2222 3444 2263 sacros
3477 2223 3729 2265 canones
3758 2218 3855 2265 tua:

2260 2300 2648 2355 misericordia:
2681 2300 2908 2367 imitari,
2939 2309 3423 2370 quantumcunque
3457 2299 3512 2355 in
3536 2310 3849 2370 peccatores

2261 2393 2666 2464 imptenitentes
2710 2393 2901 2448 saevire
2926 2391 3165 2448 debeant
3193 2393 3245 2447 in
3275 2392 3480 2449 futuro.
3511 2393 3609 2448 Sin
3646 2404 3848 2461 autem,

2261 2486 2406 2542 Deus
2430 2501 2583 2541 meus
2607 2496 2662 2542 et
2691 2485 2954 2541 liberator
2982 2501 3155 2551 meus,
3194 2501 3280 2541 me
3312 2486 3479 2556 (quod
3522 2486 3661 2541 absit
3676 2487 3717 2556 Ξ)
3744 2499 3849 2541 non

2260 2577 2575 2635 liberareris
2603 2578 2669 2633 de
2715 2577 3092 2649 sanguinibus,
3132 2578 3272 2633 sicut
3301 2586 3454 2648 opto,
3483 2592 3595 2648 qua
3634 2575 3852 2632 temeri-

2262 2678 2372 2726 tate
2404 2681 2697 2740 praisumet
2740 2670 2921 2741 lingua
2964 2685 3085 2726 mea
3127 2679 3272 2724 tuam
3314 2669 3616 2739 justitiam,
3647 2684 3855 2725 remor-

2260 2761 2423 2818 dente
2471 2777 2565 2823 me.
2616 2763 2972 2827 conscientia,
3024 2762 3294 2827 exultare,
3340 2762 3427 2816 vel
3468 2777 3598 2817 cum
3652 2762 3860 2817 exulta-

2263 2852 2412 2906 tione
2457 2852 2626 2906 animi
2674 2853 2972 2907 nunciare?
2998 2852 3158 2908 Certe
3188 2852 3366 2921 potius
3394 2851 3750 2921 formidaret,
3791 2866 3860 2907 ne

2263 2954 2342 3012 tu,
2374 2947 2540 3012 Deus,
2564 2946 2696 3001 mihi
2728 2947 2938 3003 diceres
2968 2947 3238 3017 peccatori
3283 2964 3298 3002 :
3326 2946 3511 3015 Quare
3551 2957 3608 3001 ιιι
3628 2963 3864 3009 enarras

2256 3039 2496 3109 justitias
2541 3055 2709 3106 meas,
2746 3048 2803 3096 et
2848 3040 3083 3096 assumis
3120 3050 3507 3096 testamentum
3539 3058 3731 3096 meum
3765 3056 3863 3112 per

2260 3147 2322 3187 os
2350 3133 2551 3187 tuum?
2597 3132 2703 3188 Sed
2743 3133 2870 3202 quia
2906 3134 3024 3189 istae
3073 3133 3192 3188 duae
3233 3148 3342 3195 res,
3376 3134 3764 3189 misericordia
3806 3144 3863 3189 et

2255 3226 2488 3298 justitia,
2525 3238 2743 3298 semper
2783 3228 2835 3282 in
2883 3235 2974 3282 tuo
3001 3227 3204 3298 judicio
3239 3236 3363 3282 sunt
3397 3226 3739 3296 conjunctae,
3791 3242 3858 3284 ex

2260 3334 2367 3390 quo
2397 3320 2462 3375 de
2507 3320 2859 3391 sanguinibus
2888 3318 3171 3395 conﬁteor,
3199 3329 3256 3374 et
3294 3320 3694 3388 pmnitentiam
3725 3321 3859 3374 bene

2259 3410 2516 3481 placitam
2555 3411 2648 3465 tibi
2675 3425 2776 3480 ago
2806 3411 2872 3465 de
2910 3410 3231 3466 liberatione
3255 3426 3372 3464 mea
3407 3411 3665 3466 indubia.

2333 3502 2422 3557 5'5.
2466 3500 2562 3570 (V.
2596 3501 2708 3571 l7.)
2733 3502 2932 3569 Quare,
2962 3518 2996 3558 ο
3019 3501 3262 3567 Domine,
3289 3500 3430 3573 labia
3466 3518 3613 3568 mea,
3643 3510 3858 3573 propter

2257 3601 2484 3663 peccata
2517 3606 2635 3648 mea
2672 3593 2938 3650 hactenus
2976 3594 3180 3661 clausa,
3210 3596 3431 3663 aperias,
3461 3597 3559 3665 qui
3597 3594 3858 3666 aperuisti

2263 3701 2326 3740 os
2365 3684 2642 3740 Zachariae
2689 3686 2985 3755 prophetm,
3036 3686 3178 3757 quod
3209 3700 3367 3740 nemo
3395 3685 3663 3742 claudere
3694 3685 3866 3757 potuit

2265 3776 2396 3846 quin
2438 3785 2489 3830 te
2541 3777 2889 3832 benediceret
2936 3776 3225 3832 Dominum
3279 3793 3467 3843 suum;
3508 3779 3619 3855 qui
3659 3795 3693 3834 e
3734 3793 3866 3834 con-

2266 3880 2429 3921 verso
2474 3881 2569 3921 ora
2615 3867 2832 3923 leonum
2892 3870 2946 3922 in
2998 3867 3118 3923 lacn
3156 3868 3292 3923 adeo
3336 3869 3686 3937 conclusisti,
3722 3869 3868 3938 quod

2266 3972 2429 4014 nemo
2457 3959 2634 4027 potuit
2683 3960 2775 4015 illa
2824 3961 3056 4032 aperire,
3107 3969 3165 4015 ut
3207 3960 3468 4017 laederent
3516 3961 3864 4016 Danihelem.

2268 4050 2372 4116 Tu,
2399 4053 2639 4121 inquam,
2674 4053 2766 4122 qui
2799 4052 2881 4109 sic
2909 4054 3089 4123 aperis
3118 4062 3172 4109 et
3211 4068 3371 4109 nemo
3392 4052 3629 4119 claudit,
3658 4052 3872 4108 claudis

2268 4150 2324 4198 et
2353 4157 2513 4197 nemo
2541 4144 2737 4214 aperit,
2770 4144 2921 4214 aperi
2962 4144 3102 4198 labia
3141 4160 3280 4209 mea,
3319 4146 3491 4209 Deus;
3530 4154 3591 4199 ut
3624 4161 3734 4199 non
3775 4158 3873 4200 so—

2269 4234 2381 4288 lum
2411 4235 2549 4290 labia
2580 4235 2826 4305 corporis
2852 4235 2918 4290 ad
2959 4235 3323 4291 conﬁtendum
3354 4236 3476 4302 tibi,
3505 4237 3606 4292 sed
3649 4246 3707 4293 et
3732 4238 3875 4292 den-

2270 4338 2355 4387 tes
2399 4341 2454 4386 et
2485 4331 2624 4387 labia
2654 4332 2834 4387 cordis
2878 4336 3005 4399 mei,
3055 4350 3175 4405 qua:
3207 4344 3331 4389 sunt
3359 4332 3477 4403 ejus
3508 4335 3789 4390 desideria
3818 4342 3880 4388 et

580 4435 712 4476 caro
752 4430 809 4477 et
855 4426 1076 4497 sanguis
1125 4427 1286 4483 beato
1338 4427 1550 4484 Simoni
1605 4427 1853 4483 Baroniae
1904 4427 2165 4484 revelavit
2190 4431 2243 4492 D
2269 4423 2538 4478 voluntas.
2572 4421 2707 4477 Nam
2740 4423 2880 4478 sicut
2924 4424 2977 4478 in
3022 4440 3084 4479 os
3128 4426 3372 4496 corporis
3415 4426 3523 4480 mei
3551 4441 3663 4480 non
3686 4434 3880 4495 potest

578 4511 856 4589 Christum
892 4529 1013 4572 esse
1050 4516 1247 4572 Filium
1276 4510 1369 4574 Dei
1401 4520 1528 4585 vivi,
1574 4521 1666 4575 sed
1699 4520 1878 4590 potius
1927 4536 2050 4575 eum
2094 4520 2164 4577 ad

580 4620 769 4662 vocem
797 4606 1008 4662 ancillae
1032 4609 1192 4665 unius
1218 4610 1353 4667 adeo
1374 4611 1692 4678 excaecavit,
1731 4619 1790 4666 ut
1817 4611 1935 4683 ejus
1963 4612 2164 4667 habere

580 4698 829 4760 notitiam
863 4699 1180 4771 denegaret.
1225 4700 1331 4758 Sed
1367 4711 1422 4757 tu
1469 4702 1541 4770 ei,
1590 4703 1836 4769 Domine,
1890 4703 2161 4769 revelasti,

581 4792 676 4863 qui
702 4807 763 4850 es
802 4792 1210 4850 ﬁrmamentum
1255 4810 1458 4863 meum,
1489 4806 1543 4851 et
1576 4794 1841 4865 refugium
1881 4808 2079 4858 meum,
2112 4802 2167 4848 ct

578 4883 839 4944 liberator
889 4901 1087 4943 mens:
1134 4887 1225 4958 qui
1285 4887 1596 4944 Danihelem
1646 4887 1713 4944 de
1766 4887 1885 4943 lacu
1926 4886 2165 4952 leonum,

580 4977 888 5043 Susannam
929 4981 996 5037 de
1040 4978 1175 5037 falso
1206 4982 1435 5038 crimine
1486 4980 1752 5036 liberasti.
1791 4980 1859 5035 Et
1907 4979 2164 5035 idcireoa

582 5079 637 5127 te
666 5071 957 5129 liberatore
995 5088 1116 5133 meo
1150 5083 1274 5144 peto
1304 5074 1622 5145 suppliciter
1650 5082 1705 5128 et
1749 5072 1988 5142 requiro,
2013 5079 2072 5126 ut
2105 5071 2163 5126 li-

580 5163 740 5220 beres
761 5180 848 5221 me
876 5165 943 5221 de
970 5167 1327 5236 sanguinibus
1347 5176 1475 5221 ante
1499 5166 1679 5231 dictis,
1706 5174 1760 5219 et
1781 5164 1850 5221 ab
1874 5171 2019 5221 omni
2048 5180 2163 5220 cor-

584 5258 837 5327 ruptione
863 5272 1041 5328 paenae
1058 5269 1114 5314 et
1140 5258 1312 5330 culpae
1350 5277 1363 5314 :
1404 5260 1497 5315 sed
1528 5260 1593 5313 da
1642 5257 1775 5313 mihi
1807 5250 2169 5328 incorruptio-

586 5365 731 5416 nem,
762 5365 924 5421 quam
954 5350 1111 5408 dabis
1139 5355 1245 5407 tuis
1270 5352 1521 5408 ﬁdelibus
1546 5351 1600 5406 in
1631 5351 1837 5418 futuro,
1873 5337 2034 5437 Deus,
2067 5350 2166 5406 da-

584 5452 671 5499 tor
698 5444 891 5502 salutis
952 5461 1107 5512 meae,
1158 5461 1320 5517 quam
1355 5460 1409 5499 tu
1460 5444 1713 5502 Salvator
1747 5453 2003 5516 operatus
2032 5459 2089 5499 es
2114 5444 2166 5498 in

584 5534 769 5590 medio
797 5545 957 5592 terrae
986 5554 1000 5568 ·
1038 5552 1158 5607 quae
1197 5537 1345 5593 salus
1378 5521 1485 5591 erit
1525 5534 1578 5591 in
1612 5534 1702 5591 illa
1740 5534 2166 5606 incorruptione,

584 5640 713 5683 (tum
784 5628 1136 5702 corruptibile
1190 5622 1296 5684 hoc
1355 5614 1541 5683 induet
1594 5626 2059 5697 incorruptionem
2115 5635 2172 5681 et

583 5714 819 5777 mortale
868 5715 970 5771 hoc
1019 5717 1502 5772 immortalitatem.
1537 5715 1690 5772 Tunc
1735 5716 2006 5773 veraciter
2038 5715 2168 5771 mihi

2267 4513 2421 4569 cibus
2460 4513 2658 4584 aliquis
2704 4514 2950 4578 introire,
2979 4525 3033 4569 et
3082 4517 3278 4571 cedere
3322 4516 3375 4569 in
3412 4517 3586 4586 ipsius
3617 4516 3878 4587 corporis

2267 4604 2660 4660 nutrimentum
2688 4646 2704 4672 ,
2756 4605 2859 4660 nisi
2906 4606 3057 4677 prius
3100 4608 3306 4678 apertis
3350 4608 3513 4663 labiis
3551 4609 3884 4665 rumineiur

2268 4695 2521 4750 dentibus
2566 4704 2624 4751 et
2668 4705 2904 4762 teratur;
2943 4697 3026 4752 sic
3066 4697 3273 4752 intrare
3305 4713 3410 4752 non
3443 4708 3629 4765 potest
3666 4715 3881 4769 magna

2267 4784 2555 4840 multitudo
2589 4783 2892 4841 dulcedinis
2929 4794 3034 4840 tuae
3066 4787 3120 4840 in
3161 4802 3256 4841 cor
3305 4802 3512 4853 meum,
3556 4785 3668 4842 nisi
3714 4790 3883 4857 prius

2271 4875 2367 4931 tibi
2417 4876 2641 4932 omnino
2673 4877 2864 4947 ,ipsius
2892 4877 3165 4943 voluntas,
3195 4879 3351 4948 quasi
3401 4877 3547 4932 labia
3602 4887 3661 4934 et
3704 4880 3886 4950 Quasi

2270 4967 2482 5036 dentes,
2538 4969 2771 5024 virtutes
2813 4978 2869 5025 et
2912 4969 3205 5035 desideria,
3262 4977 3581 5025 reserentur
3634 4979 3699 5023 ut
3776 4987 3888 5045 per

2271 5072 2460 5133 aperta
2491 5062 2587 5118 tibi
2621 5063 2762 5119 labia
2805 5063 3122 5129 voluntatis,
3180 5064 3232 5118 in
3284 5077 3383 5119 cor
3427 5072 3485 5120 et
3522 5063 3579 5120 in
3618 5079 3889 5121 animam

2270 5167 2449 5208 meam
2478 5152 2680 5218 intres;
2703 5163 2757 5208 et
2786 5163 2844 5208 ut
2872 5165 2926 5208 tu
2949 5156 3143 5210 animae
3165 5155 3338 5220 cibus,
3369 5154 3420 5210 ei
3449 5157 3748 5227 spirituale
3784 5160 3893 5213 tri-

2270 5247 2403 5301 buas
2431 5247 2825 5301 nutrimentum
2859 5248 3004 5302 inter
3036 5248 3228 5303 dentes
3260 5248 3523 5304 virtutum
3550 5258 3610 5304 et
3647 5249 3901 5307 deside-

2273 5340 2479 5395 riormn
2502 5340 2851 5395 ferventium.
2879 5339 2980 5409 Qui
3014 5348 3238 5411 propter
3256 5339 3462 5395 scelera
3487 5350 3671 5396 nostra
3708 5344 3899 5399 attri-

2274 5436 2360 5487 tus
2384 5447 2464 5496 es,
2498 5430 2728 5487 viriliter
2772 5432 3023 5499 attrabis,
3055 5442 3116 5486 ut
3174 5432 3502 5488 revolvendo
3543 5432 3904 5504 frequenter

2270 5532 2364 5579 tua
2404 5524 2667 5579 beneﬁcia
2704 5525 3047 5580 meminerim
3078 5542 3092 5579 :
3129 5525 3198 5579 ita
3233 5526 3376 5594 quod
3406 5526 3585 5580 anima
3616 5541 3750 5582 mea
3786 5528 3906 5584 ιω-

2268 5617 2504 5687 jusmodi
2536 5616 2694 5672 labiis
2733 5625 2789 5672 et
2814 5617 3090 5683 dentibus,
3121 5618 3403 5688 degustata
3441 5618 3724 5675 suavitate
3784 5631 3907 5680 tu

2274 5710 2564 5767 indicibilis
2598 5709 2876 5777 bonitatis,
2912 5711 2978 5768 de
3011 5721 3062 5768 te
3083 5711 3238 5785 quasi
3269 5712 3336 5768 de
3367 5711 3540 5769 altero
3569 5712 3709 5768 illud
3743 5731 3907 5773 can-
