  <div class='ocr_page' id='page_1' title='image "/cluster/home/n/w/nwhite01/storage/ocr_20150623/158/hvd.32044024236689/479.png"; bbox 0 0 4048 6288; ppageno 0'>
   <div class='ocr_carea' id='block_1_1' title="bbox 603 308 709 363">
    <p class='ocr_par' dir='ltr' id='par_1_1' title="bbox 603 308 709 363">
     <span class='ocr_line' id='line_1_1' title="bbox 603 308 709 363; baseline -0.038 0"><span class='ocrx_word' id='word_1_1' title='bbox 603 308 709 363; x_wconf 69' lang='grc' dir='ltr'><strong>διτ</strong></span> 
     </span>
    </p>
   </div>
   <div class='ocr_carea' id='block_1_2' title="bbox 951 303 3871 392">
    <p class='ocr_par' dir='ltr' id='par_1_2' title="bbox 951 303 3871 392">
     <span class='ocr_line' id='line_1_2' title="bbox 951 303 3871 392; baseline 0.004 -31"><span class='ocrx_word' id='word_1_2' title='bbox 951 303 1008 361; x_wconf 87' lang='lat' dir='ltr'><strong>S.</strong></span> <span class='ocrx_word' id='word_1_3' title='bbox 1052 304 1348 361; x_wconf 75' lang='lat' dir='ltr'><strong>ANSELMI</strong></span> <span class='ocrx_word' id='word_1_4' title='bbox 1388 304 1736 361; x_wconf 77' lang='lat' dir='ltr'><strong>CANTUAR.</strong></span> <span class='ocrx_word' id='word_1_5' title='bbox 1777 305 2097 392; x_wconf 75' lang='lat' dir='ltr'><strong>ARCHIEP.</strong></span> <span class='ocrx_word' id='word_1_6' title='bbox 2135 308 2285 364; x_wconf 74' lang='lat' dir='ltr'><strong>OPP.</strong></span> <span class='ocrx_word' id='word_1_7' title='bbox 2328 309 2508 366; x_wconf 77' lang='lat' dir='ltr'><strong>PARS</strong></span> <span class='ocrx_word' id='word_1_8' title='bbox 2547 310 2609 365; x_wconf 92' lang='lat' dir='ltr'><strong>ll.</strong></span> <span class='ocrx_word' id='word_1_9' title='bbox 2637 341 2707 351; x_wconf 96' lang='lat'><strong>—</strong></span> <span class='ocrx_word' id='word_1_10' title='bbox 2748 308 3123 366; x_wconf 75' lang='grc' dir='ltr'><strong>ΡΑΒᾸΞΝΕΤ.</strong></span> <span class='ocrx_word' id='word_1_11' title='bbox 3166 310 3253 366; x_wconf 83' lang='grc' dir='ltr'><strong>ΕΤ</strong></span> <span class='ocrx_word' id='word_1_12' title='bbox 3292 311 3533 368; x_wconf 84' lang='lat' dir='ltr'><strong>ASCET.</strong></span> <span class='ocrx_word' id='word_1_13' title='bbox 3775 318 3871 374; x_wconf 82' lang='lat' dir='ltr'><strong>8l8</strong></span> 
     </span>
    </p>
   </div>
   <div class='ocr_carea' id='block_1_3' title="bbox 603 398 3873 496">
    <p class='ocr_par' dir='ltr' id='par_1_3' title="bbox 603 398 3873 496">
     <span class='ocr_line' id='line_1_3' title="bbox 603 398 3873 496; baseline 0.002 -19"><span class='ocrx_word' id='word_1_14' title='bbox 603 430 954 486; x_wconf 74' lang='lat' dir='ltr'><strong>sustinerem,</strong></span> <span class='ocrx_word' id='word_1_15' title='bbox 978 428 1033 474; x_wconf 85' lang='lat' dir='ltr'><strong>et</strong></span> <span class='ocrx_word' id='word_1_16' title='bbox 1060 419 1154 473; x_wconf 91' lang='lat' dir='ltr'><strong>tibi</strong></span> <span class='ocrx_word' id='word_1_17' title='bbox 1187 400 1407 475; x_wconf 90' lang='lat' dir='ltr'><strong>domino</strong></span> <span class='ocrx_word' id='word_1_18' title='bbox 1438 420 1546 474; x_wconf 90' lang='lat' dir='ltr'><strong>Deo</strong></span> <span class='ocrx_word' id='word_1_19' title='bbox 1576 434 1696 475; x_wconf 91' lang='lat' dir='ltr'><strong>meo</strong></span> <span class='ocrx_word' id='word_1_20' title='bbox 1723 420 2053 475; x_wconf 79' lang='lat' dir='ltr'><strong>sacrificium</strong></span> <span class='ocrx_word' id='word_1_21' title='bbox 2085 423 2186 475; x_wconf 83' lang='lat' dir='ltr'><strong>tri-</strong></span> <span class='ocrx_word' id='word_1_22' title='bbox 2218 424 2264 480; x_wconf 82' lang='lat' dir='ltr'><strong>A</strong></span> <span class='ocrx_word' id='word_1_23' title='bbox 2292 439 2481 489; x_wconf 89' lang='lat' dir='ltr'><strong>curva,</strong></span> <span class='ocrx_word' id='word_1_24' title='bbox 2516 433 2570 478; x_wconf 91' lang='lat' dir='ltr'><strong>et</strong></span> <span class='ocrx_word' id='word_1_25' title='bbox 2599 398 2817 478; x_wconf 62' lang='lat' dir='ltr'><strong>infamis</strong></span> <span class='ocrx_word' id='word_1_26' title='bbox 2854 423 3126 479; x_wconf 84' lang='lat' dir='ltr'><strong>desiderat</strong></span> <span class='ocrx_word' id='word_1_27' title='bbox 3155 425 3381 496; x_wconf 80' lang='lat' dir='ltr'><strong>gloriam</strong></span> <span class='ocrx_word' id='word_1_28' title='bbox 3412 426 3548 480; x_wconf 88' lang='lat' dir='ltr'><strong>dare</strong></span> <span class='ocrx_word' id='word_1_29' title='bbox 3582 429 3702 482; x_wconf 82' lang='lat' dir='ltr'><strong>tibi.</strong></span> <span class='ocrx_word' id='word_1_30' title='bbox 3736 429 3873 485; x_wconf 79' lang='lat' dir='ltr'><strong>Etut</strong></span> 
     </span>
    </p>
   </div>
   <div class='ocr_carea' id='block_1_4' title="bbox 604 509 2190 581">
    <p class='ocr_par' dir='ltr' id='par_1_4' title="bbox 604 509 2190 581">
     <span class='ocr_line' id='line_1_4' title="bbox 604 509 2190 581; baseline -0.001 -13"><span class='ocrx_word' id='word_1_31' title='bbox 604 511 771 568; x_wconf 86' lang='lat' dir='ltr'><strong>bulati</strong></span> <span class='ocrx_word' id='word_1_32' title='bbox 824 510 1045 581; x_wconf 89' lang='lat' dir='ltr'><strong>spiritus</strong></span> <span class='ocrx_word' id='word_1_33' title='bbox 1098 509 1397 566; x_wconf 74' lang='lat' dir='ltr'><strong>ferventius</strong></span> <span class='ocrx_word' id='word_1_34' title='bbox 1438 509 1799 566; x_wconf 80' lang='lat' dir='ltr'><strong>itnmolarem.</strong></span> <span class='ocrx_word' id='word_1_35' title='bbox 1844 511 1951 567; x_wconf 91' lang='lat' dir='ltr'><strong>Sed</strong></span> <span class='ocrx_word' id='word_1_36' title='bbox 1980 527 2013 566; x_wconf 91' lang='grc' dir='ltr'>ο</span> <span class='ocrx_word' id='word_1_37' title='bbox 2050 513 2190 568; x_wconf 88' lang='lat' dir='ltr'><strong>Dens</strong></span> 
     </span>
    </p>
   </div>
   <div class='ocr_carea' id='block_1_5' title="bbox 603 600 2192 672">
    <p class='ocr_par' dir='ltr' id='par_1_5' title="bbox 603 600 2192 672">
     <span class='ocr_line' id='line_1_5' title="bbox 603 600 2192 672; baseline 0 -14"><span class='ocrx_word' id='word_1_38' title='bbox 603 604 762 658; x_wconf 88' lang='lat' dir='ltr'><strong>fortis</strong></span> <span class='ocrx_word' id='word_1_39' title='bbox 794 611 852 658; x_wconf 87' lang='lat' dir='ltr'><strong>et</strong></span> <span class='ocrx_word' id='word_1_40' title='bbox 886 602 1118 672; x_wconf 88' lang='lat' dir='ltr'><strong>patiens,</strong></span> <span class='ocrx_word' id='word_1_41' title='bbox 1164 602 1257 672; x_wconf 86' lang='lat' dir='ltr'><strong>qui</strong></span> <span class='ocrx_word' id='word_1_42' title='bbox 1288 601 1396 656; x_wconf 87' lang='lat' dir='ltr'><strong>vita</strong></span> <span class='ocrx_word' id='word_1_43' title='bbox 1444 617 1504 657; x_wconf 85' lang='lat' dir='ltr'><strong>es</strong></span> <span class='ocrx_word' id='word_1_44' title='bbox 1546 600 1611 656; x_wconf 89' lang='lat' dir='ltr'><strong>iis</strong></span> <span class='ocrx_word' id='word_1_45' title='bbox 1640 602 1731 672; x_wconf 85' lang='lat' dir='ltr'><strong>qui</strong></span> <span class='ocrx_word' id='word_1_46' title='bbox 1777 603 2031 658; x_wconf 83' lang='lat' dir='ltr'><strong>tribulato</strong></span> <span class='ocrx_word' id='word_1_47' title='bbox 2064 608 2192 659; x_wconf 86' lang='lat' dir='ltr'><strong>sunt</strong></span> 
     </span>
    </p>
   </div>
   <div class='ocr_carea' id='block_1_6' title="bbox 602 692 2187 765">
    <p class='ocr_par' dir='ltr' id='par_1_6' title="bbox 602 692 2187 765">
     <span class='ocr_line' id='line_1_6' title="bbox 602 692 2187 765; baseline -0.003 -14"><span class='ocrx_word' id='word_1_48' title='bbox 602 695 787 762; x_wconf 89' lang='lat' dir='ltr'><strong>corde,</strong></span> <span class='ocrx_word' id='word_1_49' title='bbox 820 703 881 750; x_wconf 89' lang='lat' dir='ltr'><strong>ut</strong></span> <span class='ocrx_word' id='word_1_50' title='bbox 910 695 963 750; x_wconf 91' lang='lat' dir='ltr'><strong>in</strong></span> <span class='ocrx_word' id='word_1_51' title='bbox 996 703 1070 759; x_wconf 90' lang='lat' dir='ltr'><strong>te,</strong></span> <span class='ocrx_word' id='word_1_52' title='bbox 1110 693 1156 750; x_wconf 88' lang='lat' dir='ltr'><strong>si</strong></span> <span class='ocrx_word' id='word_1_53' title='bbox 1186 692 1376 759; x_wconf 77' lang='lat' dir='ltr'><strong>velint,</strong></span> <span class='ocrx_word' id='word_1_54' title='bbox 1416 694 1688 763; x_wconf 89' lang='lat' dir='ltr'><strong>accipiant</strong></span> <span class='ocrx_word' id='word_1_55' title='bbox 1721 694 1997 765; x_wconf 69' lang='lat' dir='ltr'><strong>patientia:</strong></span> <span class='ocrx_word' id='word_1_56' title='bbox 2021 694 2187 750; x_wconf 86' lang='lat' dir='ltr'><strong>docu-</strong></span> 
     </span>
    </p>
   </div>
   <div class='ocr_carea' id='block_1_7' title="bbox 601 783 2187 857">
    <p class='ocr_par' dir='ltr' id='par_1_7' title="bbox 601 783 2187 857">
     <span class='ocr_line' id='line_1_7' title="bbox 601 783 2187 857; baseline -0.001 -15"><span class='ocrx_word' id='word_1_57' title='bbox 601 794 826 851; x_wconf 85' lang='lat' dir='ltr'><strong>menta,</strong></span> <span class='ocrx_word' id='word_1_58' title='bbox 881 785 1097 857; x_wconf 91' lang='lat' dir='ltr'><strong>quoties</strong></span> <span class='ocrx_word' id='word_1_59' title='bbox 1163 800 1217 840; x_wconf 89' lang='lat' dir='ltr'><strong>tn</strong></span> <span class='ocrx_word' id='word_1_60' title='bbox 1269 783 1492 840; x_wconf 81' lang='lat' dir='ltr'><strong>fornace</strong></span> <span class='ocrx_word' id='word_1_61' title='bbox 1543 785 1931 851; x_wconf 82' lang='lat' dir='ltr'><strong>tribulationis,</strong></span> <span class='ocrx_word' id='word_1_62' title='bbox 1986 786 2037 840; x_wconf 92' lang='lat' dir='ltr'><strong>in</strong></span> <span class='ocrx_word' id='word_1_63' title='bbox 2084 802 2187 856; x_wconf 88' lang='lat' dir='ltr'><strong>qua</strong></span> 
     </span>
    </p>
   </div>
   <div class='ocr_carea' id='block_1_8' title="bbox 600 877 2192 951">
    <p class='ocr_par' dir='ltr' id='par_1_8' title="bbox 600 877 2192 951">
     <span class='ocr_line' id='line_1_8' title="bbox 600 877 2192 951; baseline -0.001 -17"><span class='ocrx_word' id='word_1_64' title='bbox 600 877 884 935; x_wconf 77' lang='lat' dir='ltr'><strong>examines</strong></span> <span class='ocrx_word' id='word_1_65' title='bbox 902 878 1026 951; x_wconf 77' lang='lat' dir='ltr'><strong>jura</strong></span> <span class='ocrx_word' id='word_1_66' title='bbox 1057 887 1173 945; x_wconf 88' lang='lat' dir='ltr'><strong>tua,</strong></span> <span class='ocrx_word' id='word_1_67' title='bbox 1206 892 1303 949; x_wconf 92' lang='lat' dir='ltr'><strong>per</strong></span> <span class='ocrx_word' id='word_1_68' title='bbox 1332 878 1664 933; x_wconf 78' lang='lat' dir='ltr'><strong>iracundiam</strong></span> <span class='ocrx_word' id='word_1_69' title='bbox 1693 879 1874 948; x_wconf 90' lang='lat' dir='ltr'><strong>crepui</strong></span> <span class='ocrx_word' id='word_1_70' title='bbox 1899 887 1953 933; x_wconf 89' lang='lat' dir='ltr'><strong>et</strong></span> <span class='ocrx_word' id='word_1_71' title='bbox 1979 878 2192 934; x_wconf 85' lang='lat' dir='ltr'><strong>defeci?</strong></span> 
     </span>
    </p>
   </div>
   <div class='ocr_carea' id='block_1_9' title="bbox 601 966 2185 1040">
    <p class='ocr_par' dir='ltr' id='par_1_9' title="bbox 601 966 2185 1040">
     <span class='ocr_line' id='line_1_9' title="bbox 601 966 2185 1040; baseline 0.001 -18"><span class='ocrx_word' id='word_1_72' title='bbox 601 966 846 1036; x_wconf 82' lang='lat' dir='ltr'><strong>Quoties,</strong></span> <span class='ocrx_word' id='word_1_73' title='bbox 878 968 1078 1024; x_wconf 86' lang='lat' dir='ltr'><strong>oblitus</strong></span> <span class='ocrx_word' id='word_1_74' title='bbox 1115 969 1260 1040; x_wconf 87' lang='lat' dir='ltr'><strong>quod</strong></span> <span class='ocrx_word' id='word_1_75' title='bbox 1291 968 1345 1023; x_wconf 90' lang='lat' dir='ltr'><strong>in</strong></span> <span class='ocrx_word' id='word_1_76' title='bbox 1379 968 1820 1024; x_wconf 77' lang='lat' dir='ltr'><strong>tribulationibus</strong></span> <span class='ocrx_word' id='word_1_77' title='bbox 1858 971 1990 1025; x_wconf 82' lang='lat' dir='ltr'><strong>meis</strong></span> <span class='ocrx_word' id='word_1_78' title='bbox 2016 974 2185 1036; x_wconf 85' lang='lat' dir='ltr'><strong>esses,</strong></span> 
     </span>
    </p>
   </div>
   <div class='ocr_carea' id='block_1_10' title="bbox 602 1059 2191 1130">
    <p class='ocr_par' dir='ltr' id='par_1_10' title="bbox 602 1059 2191 1130">
     <span class='ocr_line' id='line_1_10' title="bbox 602 1059 2191 1130; baseline 0.001 -16"><span class='ocrx_word' id='word_1_79' title='bbox 602 1072 699 1130; x_wconf 86' lang='lat' dir='ltr'><strong>per</strong></span> <span class='ocrx_word' id='word_1_80' title='bbox 745 1059 1140 1129; x_wconf 82' lang='lat' dir='ltr'><strong>impatientiam</strong></span> <span class='ocrx_word' id='word_1_81' title='bbox 1192 1061 1245 1115; x_wconf 87' lang='lat' dir='ltr'><strong>in</strong></span> <span class='ocrx_word' id='word_1_82' title='bbox 1288 1059 1486 1116; x_wconf 76' lang='lat' dir='ltr'><strong>fratres</strong></span> <span class='ocrx_word' id='word_1_83' title='bbox 1519 1060 1809 1115; x_wconf 86' lang='lat' dir='ltr'><strong>incandui?</strong></span> <span class='ocrx_word' id='word_1_84' title='bbox 1841 1060 2065 1128; x_wconf 85' lang='lat' dir='ltr'><strong>Quoties</strong></span> <span class='ocrx_word' id='word_1_85' title='bbox 2094 1076 2191 1117; x_wconf 84' lang='lat' dir='ltr'><strong>eor</strong></span> 
     </span>
    </p>
   </div>
   <div class='ocr_carea' id='block_1_11' title="bbox 602 1152 2188 1226">
    <p class='ocr_par' dir='ltr' id='par_1_11' title="bbox 602 1152 2188 1226">
     <span class='ocr_line' id='line_1_11' title="bbox 602 1152 2188 1226; baseline 0.001 -21"><span class='ocrx_word' id='word_1_86' title='bbox 602 1165 781 1208; x_wconf 86' lang='lat' dir='ltr'><strong>meum</strong></span> <span class='ocrx_word' id='word_1_87' title='bbox 810 1152 1018 1226; x_wconf 83' lang='lat' dir='ltr'><strong>perdidi</strong></span> <span class='ocrx_word' id='word_1_88' title='bbox 1056 1153 1108 1208; x_wconf 91' lang='lat' dir='ltr'><strong>in</strong></span> <span class='ocrx_word' id='word_1_89' title='bbox 1146 1152 1354 1219; x_wconf 85' lang='lat' dir='ltr'><strong>furore,</strong></span> <span class='ocrx_word' id='word_1_90' title='bbox 1377 1164 1433 1209; x_wconf 89' lang='lat' dir='ltr'><strong>et</strong></span> <span class='ocrx_word' id='word_1_91' title='bbox 1457 1155 1523 1210; x_wconf 91' lang='lat' dir='ltr'><strong>de</strong></span> <span class='ocrx_word' id='word_1_92' title='bbox 1549 1154 1986 1209; x_wconf 82' lang='lat' dir='ltr'><strong>tribulationibus</strong></span> <span class='ocrx_word' id='word_1_93' title='bbox 2012 1169 2188 1209; x_wconf 74' lang='lat' dir='ltr'><strong>exem-</strong></span> 
     </span>
    </p>
   </div>
   <div class='ocr_carea' id='block_1_12' title="bbox 601 1244 2191 1315">
    <p class='ocr_par' dir='ltr' id='par_1_12' title="bbox 601 1244 2191 1315">
     <span class='ocr_line' id='line_1_12' title="bbox 601 1244 2191 1315; baseline 0.002 -17"><span class='ocrx_word' id='word_1_94' title='bbox 601 1253 762 1299; x_wconf 84' lang='lat' dir='ltr'><strong>eatus</strong></span> <span class='ocrx_word' id='word_1_95' title='bbox 793 1259 897 1300; x_wconf 88' lang='lat' dir='ltr'><strong>non</strong></span> <span class='ocrx_word' id='word_1_96' title='bbox 949 1244 1098 1315; x_wconf 88' lang='lat' dir='ltr'><strong>potui</strong></span> <span class='ocrx_word' id='word_1_97' title='bbox 1139 1244 1337 1300; x_wconf 84' lang='lat' dir='ltr'><strong>ostium</strong></span> <span class='ocrx_word' id='word_1_98' title='bbox 1370 1244 1637 1311; x_wconf 78' lang='lat' dir='ltr'><strong>invenire,</strong></span> <span class='ocrx_word' id='word_1_99' title='bbox 1680 1258 1778 1313; x_wconf 85' lang='lat' dir='ltr'><strong>per</strong></span> <span class='ocrx_word' id='word_1_100' title='bbox 1813 1245 1956 1313; x_wconf 80' lang='grc' dir='ltr'><strong>(μιυιι</strong></span> <span class='ocrx_word' id='word_1_101' title='bbox 2007 1261 2191 1303; x_wconf 85' lang='lat' dir='ltr'><strong>rever-</strong></span> 
     </span>
    </p>
   </div>
   <div class='ocr_carea' id='block_1_13' title="bbox 604 1334 2186 1407">
    <p class='ocr_par' dir='ltr' id='par_1_13' title="bbox 604 1334 2186 1407">
     <span class='ocr_line' id='line_1_13' title="bbox 604 1334 2186 1407; baseline 0.003 -17"><span class='ocrx_word' id='word_1_102' title='bbox 604 1342 750 1391; x_wconf 83' lang='lat' dir='ltr'><strong>terer</strong></span> <span class='ocrx_word' id='word_1_103' title='bbox 788 1336 857 1391; x_wconf 85' lang='lat' dir='ltr'><strong>ad</strong></span> <span class='ocrx_word' id='word_1_104' title='bbox 889 1351 977 1391; x_wconf 90' lang='lat' dir='ltr'><strong>me</strong></span> <span class='ocrx_word' id='word_1_105' title='bbox 1006 1334 1204 1407; x_wconf 84' lang='lat' dir='ltr'><strong>ipsum,</strong></span> <span class='ocrx_word' id='word_1_106' title='bbox 1237 1343 1295 1390; x_wconf 90' lang='lat' dir='ltr'><strong>ut</strong></span> <span class='ocrx_word' id='word_1_107' title='bbox 1325 1335 1638 1391; x_wconf 88' lang='lat' dir='ltr'><strong>tribulatum</strong></span> <span class='ocrx_word' id='word_1_108' title='bbox 1683 1337 1929 1406; x_wconf 88' lang='lat' dir='ltr'><strong>spiritum</strong></span> <span class='ocrx_word' id='word_1_109' title='bbox 1959 1339 2186 1395; x_wconf 87' lang='lat' dir='ltr'><strong>interius</strong></span> 
     </span>
    </p>
   </div>
   <div class='ocr_carea' id='block_1_14' title="bbox 603 1426 2187 1497">
    <p class='ocr_par' dir='ltr' id='par_1_14' title="bbox 603 1426 2187 1497">
     <span class='ocr_line' id='line_1_14' title="bbox 603 1426 2187 1497; baseline 0.004 -15"><span class='ocrx_word' id='word_1_110' title='bbox 603 1426 1047 1493; x_wconf 81' lang='lat' dir='ltr'><strong>continerem,ne</strong></span> <span class='ocrx_word' id='word_1_111' title='bbox 1079 1428 1163 1483; x_wconf 91' lang='lat' dir='ltr'><strong>vel</strong></span> <span class='ocrx_word' id='word_1_112' title='bbox 1195 1442 1290 1497; x_wconf 90' lang='lat' dir='ltr'><strong>per</strong></span> <span class='ocrx_word' id='word_1_113' title='bbox 1312 1428 1501 1496; x_wconf 84' lang='lat' dir='ltr'><strong>verba,</strong></span> <span class='ocrx_word' id='word_1_114' title='bbox 1542 1429 1625 1484; x_wconf 89' lang='lat' dir='ltr'><strong>vel</strong></span> <span class='ocrx_word' id='word_1_115' title='bbox 1657 1430 1911 1495; x_wconf 83' lang='lat' dir='ltr'><strong>verbera,</strong></span> <span class='ocrx_word' id='word_1_116' title='bbox 1942 1433 2187 1489; x_wconf 82' lang='lat' dir='ltr'><strong>exterius</strong></span> 
     </span>
    </p>
   </div>
   <div class='ocr_carea' id='block_1_15' title="bbox 599 1518 2186 1594">
    <p class='ocr_par' dir='ltr' id='par_1_15' title="bbox 599 1518 2186 1594">
     <span class='ocr_line' id='line_1_15' title="bbox 599 1518 2186 1594; baseline 0.005 -22"><span class='ocrx_word' id='word_1_117' title='bbox 599 1518 834 1588; x_wconf 78' lang='lat' dir='ltr'><strong>mugiret</strong></span> <span class='ocrx_word' id='word_1_118' title='bbox 850 1518 1108 1584; x_wconf 88' lang='lat' dir='ltr'><strong>tonitrua,</strong></span> <span class='ocrx_word' id='word_1_119' title='bbox 1128 1518 1338 1590; x_wconf 76' lang='lat' dir='ltr'><strong>fulgura</strong></span> <span class='ocrx_word' id='word_1_120' title='bbox 1362 1522 1714 1577; x_wconf 88' lang='lat' dir='ltr'><strong>coruscaret?</strong></span> <span class='ocrx_word' id='word_1_121' title='bbox 1736 1521 1803 1577; x_wconf 91' lang='lat' dir='ltr'><strong>Et</strong></span> <span class='ocrx_word' id='word_1_122' title='bbox 1830 1522 1873 1577; x_wconf 88' lang='lat' dir='ltr'><strong>si</strong></span> <span class='ocrx_word' id='word_1_123' title='bbox 1899 1523 2186 1594; x_wconf 74' lang='lat' dir='ltr'><strong>aliquando</strong></span> 
     </span>
    </p>
   </div>
   <div class='ocr_carea' id='block_1_16' title="bbox 603 1608 2186 1684">
    <p class='ocr_par' dir='ltr' id='par_1_16' title="bbox 603 1608 2186 1684">
     <span class='ocr_line' id='line_1_16' title="bbox 603 1608 2186 1684; baseline 0.006 -21"><span class='ocrx_word' id='word_1_124' title='bbox 603 1608 728 1666; x_wconf 86' lang='lat' dir='ltr'><strong>licet</strong></span> <span class='ocrx_word' id='word_1_125' title='bbox 776 1625 901 1666; x_wconf 90' lang='lat' dir='ltr'><strong>raro</strong></span> <span class='ocrx_word' id='word_1_126' title='bbox 941 1611 1083 1667; x_wconf 87' lang='lat' dir='ltr'><strong>inter</strong></span> <span class='ocrx_word' id='word_1_127' title='bbox 1128 1611 1357 1668; x_wconf 83' lang='lat' dir='ltr'><strong>adversa</strong></span> <span class='ocrx_word' id='word_1_128' title='bbox 1405 1614 1491 1669; x_wconf 83' lang='lat' dir='ltr'><strong>vel</strong></span> <span class='ocrx_word' id='word_1_129' title='bbox 1517 1613 1714 1684; x_wconf 91' lang='lat' dir='ltr'><strong>probra</strong></span> <span class='ocrx_word' id='word_1_130' title='bbox 1765 1630 1886 1670; x_wconf 91' lang='lat' dir='ltr'><strong>meo</strong></span> <span class='ocrx_word' id='word_1_131' title='bbox 1927 1615 2186 1673; x_wconf 87' lang='lat' dir='ltr'><strong>tribulato</strong></span> 
     </span>
    </p>
   </div>
   <div class='ocr_carea' id='block_1_17' title="bbox 599 1703 2184 1775">
    <p class='ocr_par' dir='ltr' id='par_1_17' title="bbox 599 1703 2184 1775">
     <span class='ocr_line' id='line_1_17' title="bbox 599 1703 2184 1775; baseline 0.004 -18"><span class='ocrx_word' id='word_1_132' title='bbox 599 1703 815 1774; x_wconf 79' lang='lat' dir='ltr'><strong>spiritui</strong></span> <span class='ocrx_word' id='word_1_133' title='bbox 855 1705 1170 1775; x_wconf 87' lang='lat' dir='ltr'><strong>patientiam</strong></span> <span class='ocrx_word' id='word_1_134' title='bbox 1210 1706 1463 1774; x_wconf 88' lang='lat' dir='ltr'><strong>tribuisti,</strong></span> <span class='ocrx_word' id='word_1_135' title='bbox 1500 1706 1677 1763; x_wconf 83' lang='lat' dir='ltr'><strong>visum</strong></span> <span class='ocrx_word' id='word_1_136' title='bbox 1735 1707 1836 1762; x_wconf 88' lang='lat' dir='ltr'><strong>fuit</strong></span> <span class='ocrx_word' id='word_1_137' title='bbox 1888 1709 2039 1773; x_wconf 88' lang='lat' dir='ltr'><strong>mihi,</strong></span> <span class='ocrx_word' id='word_1_138' title='bbox 2089 1709 2184 1763; x_wconf 88' lang='lat' dir='ltr'><strong>do-</strong></span> 
     </span>
    </p>
   </div>
   <div class='ocr_carea' id='block_1_18' title="bbox 2297 516 3875 585">
    <p class='ocr_par' dir='ltr' id='par_1_18' title="bbox 2297 516 3875 585">
     <span class='ocr_line' id='line_1_18' title="bbox 2297 516 3875 585; baseline 0.004 -15"><span class='ocrx_word' id='word_1_139' title='bbox 2297 519 2398 570; x_wconf 89' lang='lat' dir='ltr'><strong>ista</strong></span> <span class='ocrx_word' id='word_1_140' title='bbox 2427 516 2533 570; x_wconf 93' lang='lat' dir='ltr'><strong>duo</strong></span> <span class='ocrx_word' id='word_1_141' title='bbox 2568 516 2833 571; x_wconf 82' lang='lat' dir='ltr'><strong>sacrificia</strong></span> <span class='ocrx_word' id='word_1_142' title='bbox 2860 516 3083 585; x_wconf 81' lang='lat' dir='ltr'><strong>spiritus</strong></span> <span class='ocrx_word' id='word_1_143' title='bbox 3109 526 3163 570; x_wconf 90' lang='lat' dir='ltr'><strong>ct</strong></span> <span class='ocrx_word' id='word_1_144' title='bbox 3201 517 3380 571; x_wconf 89' lang='lat' dir='ltr'><strong>cordis</strong></span> <span class='ocrx_word' id='word_1_145' title='bbox 3416 519 3642 573; x_wconf 86' lang='lat' dir='ltr'><strong>contriti</strong></span> <span class='ocrx_word' id='word_1_146' title='bbox 3674 521 3768 575; x_wconf 89' lang='lat' dir='ltr'><strong>tibi</strong></span> <span class='ocrx_word' id='word_1_147' title='bbox 3795 524 3875 577; x_wconf 80' lang='lat' dir='ltr'><strong>do-</strong></span> 
     </span>
    </p>
   </div>
   <div class='ocr_carea' id='block_1_19' title="bbox 2294 607 3872 681">
    <p class='ocr_par' dir='ltr' id='par_1_19' title="bbox 2294 607 3872 681">
     <span class='ocr_line' id='line_1_19' title="bbox 2294 607 3872 681; baseline 0.005 -20"><span class='ocrx_word' id='word_1_148' title='bbox 2294 607 2441 661; x_wconf 87' lang='lat' dir='ltr'><strong>mino</strong></span> <span class='ocrx_word' id='word_1_149' title='bbox 2496 608 2604 662; x_wconf 85' lang='lat' dir='ltr'><strong>Deo</strong></span> <span class='ocrx_word' id='word_1_150' title='bbox 2653 623 2773 661; x_wconf 86' lang='lat' dir='ltr'><strong>meo</strong></span> <span class='ocrx_word' id='word_1_151' title='bbox 2813 607 2970 676; x_wconf 75' lang='lat' dir='ltr'><strong>digne</strong></span> <span class='ocrx_word' id='word_1_152' title='bbox 3001 607 3204 661; x_wconf 90' lang='lat' dir='ltr'><strong>valeam</strong></span> <span class='ocrx_word' id='word_1_153' title='bbox 3255 620 3309 661; x_wconf 93' lang='lat' dir='ltr'><strong>ct</strong></span> <span class='ocrx_word' id='word_1_154' title='bbox 3342 607 3548 681; x_wconf 86' lang='lat' dir='ltr'><strong>jngiter</strong></span> <span class='ocrx_word' id='word_1_155' title='bbox 3578 608 3872 678; x_wconf 82' lang='lat' dir='ltr'><strong>immolare,</strong></span> 
     </span>
    </p>
   </div>
   <div class='ocr_carea' id='block_1_20' title="bbox 2297 699 3875 773">
    <p class='ocr_par' dir='ltr' id='par_1_20' title="bbox 2297 699 3875 773">
     <span class='ocr_line' id='line_1_20' title="bbox 2297 699 3875 773; baseline 0.004 -20"><span class='ocrx_word' id='word_1_156' title='bbox 2297 707 2351 753; x_wconf 93' lang='lat' dir='ltr'><strong>tu</strong></span> <span class='ocrx_word' id='word_1_157' title='bbox 2379 700 2608 769; x_wconf 89' lang='lat' dir='ltr'><strong>benigne</strong></span> <span class='ocrx_word' id='word_1_158' title='bbox 2655 700 2816 765; x_wconf 89' lang='lat' dir='ltr'><strong>Dens,</strong></span> <span class='ocrx_word' id='word_1_159' title='bbox 2865 714 3023 767; x_wconf 34' lang='lat' dir='ltr'><strong>emus,</strong></span> <span class='ocrx_word' id='word_1_160' title='bbox 3061 699 3369 769; x_wconf 80' lang='lat' dir='ltr'><strong>benignitas</strong></span> <span class='ocrx_word' id='word_1_161' title='bbox 3399 701 3468 755; x_wconf 90' lang='lat' dir='ltr'><strong>ad</strong></span> <span class='ocrx_word' id='word_1_162' title='bbox 3507 703 3875 773; x_wconf 64' lang='lat' dir='ltr'><strong>paenitentiam</strong></span> 
     </span>
    </p>
   </div>
   <div class='ocr_carea' id='block_1_21' title="bbox 2295 783 3878 861">
    <p class='ocr_par' dir='ltr' id='par_1_21' title="bbox 2295 783 3878 861">
     <span class='ocr_line' id='line_1_21' title="bbox 2295 783 3878 861; baseline 0.004 -16"><span class='ocrx_word' id='word_1_163' title='bbox 2295 806 2392 845; x_wconf 82' lang='lat' dir='ltr'><strong>nos</strong></span> <span class='ocrx_word' id='word_1_164' title='bbox 2424 783 2667 860; x_wconf 82' lang='lat' dir='ltr'><strong>perducit</strong></span> <span class='ocrx_word' id='word_1_165' title='bbox 2691 791 2707 860; x_wconf 95' lang='lat'>(</span> <span class='ocrx_word' id='word_1_166' title='bbox 2722 789 2785 844; x_wconf 83' lang='lat' dir='ltr'><strong>V.</strong></span> <span class='ocrx_word' id='word_1_167' title='bbox 2812 789 2929 860; x_wconf 76' lang='lat'><strong>‘20),</strong></span> <span class='ocrx_word' id='word_1_168' title='bbox 2959 788 3171 861; x_wconf 79' lang='lat' dir='ltr'><strong>benigne</strong></span> <span class='ocrx_word' id='word_1_169' title='bbox 3191 791 3296 861; x_wconf 77' lang='lat' dir='ltr'><strong>fac,</strong></span> <span class='ocrx_word' id='word_1_170' title='bbox 3320 791 3566 858; x_wconf 82' lang='lat' dir='ltr'><strong>Domine,</strong></span> <span class='ocrx_word' id='word_1_171' title='bbox 3591 792 3728 850; x_wconf 81' lang='lat' dir='ltr'><strong>Sion</strong></span> <span class='ocrx_word' id='word_1_172' title='bbox 3751 812 3775 859; x_wconf 72' lang='grc' dir='ltr'><em>ζ</em></span> <span class='ocrx_word' id='word_1_173' title='bbox 3792 796 3878 851; x_wconf 79' lang='lat' dir='ltr'><strong>hoc</strong></span> 
     </span>
    </p>
   </div>
   <div class='ocr_carea' id='block_1_22' title="bbox 2294 870 3873 954">
    <p class='ocr_par' dir='ltr' id='par_1_22' title="bbox 2294 870 3873 954">
     <span class='ocr_line' id='line_1_22' title="bbox 2294 870 3873 954; baseline 0.003 -20"><span class='ocrx_word' id='word_1_174' title='bbox 2294 891 2377 935; x_wconf 89' lang='lat' dir='ltr'><strong>est</strong></span> <span class='ocrx_word' id='word_1_175' title='bbox 2408 881 2480 935; x_wconf 91' lang='lat' dir='ltr'><strong>illi</strong></span> <span class='ocrx_word' id='word_1_176' title='bbox 2511 882 2772 952; x_wconf 84' lang='lat' dir='ltr'><strong>superiori</strong></span> <span class='ocrx_word' id='word_1_177' title='bbox 2820 881 3018 936; x_wconf 72' lang='lat' dir='ltr'><strong>animm</strong></span> <span class='ocrx_word' id='word_1_178' title='bbox 3044 896 3179 936; x_wconf 69' lang='lat' dir='ltr'><strong>mea:</strong></span> <span class='ocrx_word' id='word_1_179' title='bbox 3215 884 3377 952; x_wconf 84' lang='lat' dir='ltr'><strong>parti,</strong></span> <span class='ocrx_word' id='word_1_180' title='bbox 3407 900 3528 953; x_wconf 69' lang='lat' dir='ltr'><strong>qua:</strong></span> <span class='ocrx_word' id='word_1_181' title='bbox 3574 902 3675 954; x_wconf 83' lang='lat' dir='ltr'><strong>per</strong></span> <span class='ocrx_word' id='word_1_182' title='bbox 3703 870 3873 940; x_wconf 62' lang='grc' dir='ltr'><strong>δηρόν</strong></span> 
     </span>
    </p>
   </div>
   <div class='ocr_carea' id='block_1_23' title="bbox 2295 970 3876 1031">
    <p class='ocr_par' dir='ltr' id='par_1_23' title="bbox 2295 970 3876 1031">
     <span class='ocr_line' id='line_1_23' title="bbox 2295 970 3876 1031; baseline 0.004 -6"><span class='ocrx_word' id='word_1_183' title='bbox 2295 970 2424 1026; x_wconf 85' lang='lat' dir='ltr'><strong>Sion</strong></span> <span class='ocrx_word' id='word_1_184' title='bbox 2457 972 2583 1026; x_wconf 72' lang='lat' dir='ltr'><strong>olim</strong></span> <span class='ocrx_word' id='word_1_185' title='bbox 2620 972 2796 1027; x_wconf 78' lang='lat' dir='ltr'><strong>~sitam</strong></span> <span class='ocrx_word' id='word_1_186' title='bbox 2838 972 2891 1026; x_wconf 91' lang='lat' dir='ltr'><strong>in</strong></span> <span class='ocrx_word' id='word_1_187' title='bbox 2940 972 3201 1027; x_wconf 87' lang='lat' dir='ltr'><strong>eminenti</strong></span> <span class='ocrx_word' id='word_1_188' title='bbox 3248 972 3367 1027; x_wconf 88' lang='lat' dir='ltr'><strong>loco</strong></span> <span class='ocrx_word' id='word_1_189' title='bbox 3414 974 3558 1028; x_wconf 91' lang='lat' dir='ltr'><strong>illius</strong></span> <span class='ocrx_word' id='word_1_190' title='bbox 3586 976 3876 1031; x_wconf 85' lang='lat' dir='ltr'><strong>materialis</strong></span> 
     </span>
    </p>
   </div>
   <div class='ocr_carea' id='block_1_24' title="bbox 2296 1063 3876 1137">
    <p class='ocr_par' dir='ltr' id='par_1_24' title="bbox 2296 1063 3876 1137">
     <span class='ocr_line' id='line_1_24' title="bbox 2296 1063 3876 1137; baseline 0.003 -19"><span class='ocrx_word' id='word_1_191' title='bbox 2296 1063 2632 1119; x_wconf 80' lang='lat' dir='ltr'><strong>Hierusalem</strong></span> <span class='ocrx_word' id='word_1_192' title='bbox 2678 1065 3016 1135; x_wconf 88' lang='lat' dir='ltr'><strong>designatur,</strong></span> <span class='ocrx_word' id='word_1_193' title='bbox 3047 1065 3101 1119; x_wconf 83' lang='lat' dir='ltr'><strong>in</strong></span> <span class='ocrx_word' id='word_1_194' title='bbox 3142 1064 3299 1135; x_wconf 70' lang='lat' dir='ltr'><strong>cujus</strong></span> <span class='ocrx_word' id='word_1_195' title='bbox 3330 1065 3548 1133; x_wconf 84' lang='lat' dir='ltr'><strong>fastigio</strong></span> <span class='ocrx_word' id='word_1_196' title='bbox 3579 1068 3740 1137; x_wconf 88' lang='lat' dir='ltr'><strong>quasi</strong></span> <span class='ocrx_word' id='word_1_197' title='bbox 3772 1085 3876 1136; x_wconf 80' lang='lat' dir='ltr'><strong>spc-</strong></span> 
     </span>
    </p>
   </div>
   <div class='ocr_carea' id='block_1_25' title="bbox 2294 1154 3875 1213">
    <p class='ocr_par' dir='ltr' id='par_1_25' title="bbox 2294 1154 3875 1213">
     <span class='ocr_line' id='line_1_25' title="bbox 2294 1154 3875 1213; baseline 0.003 -4"><span class='ocrx_word' id='word_1_198' title='bbox 2294 1155 2504 1209; x_wconf 89' lang='lat' dir='ltr'><strong>culator</strong></span> <span class='ocrx_word' id='word_1_199' title='bbox 2554 1154 2831 1211; x_wconf 85' lang='lat' dir='ltr'><strong>excubans</strong></span> <span class='ocrx_word' id='word_1_200' title='bbox 2887 1155 3020 1210; x_wconf 80' lang='lat' dir='ltr'><strong>visis</strong></span> <span class='ocrx_word' id='word_1_201' title='bbox 3078 1156 3322 1211; x_wconf 84' lang='lat' dir='ltr'><strong>hostibus</strong></span> <span class='ocrx_word' id='word_1_202' title='bbox 3375 1157 3753 1213; x_wconf 80' lang='lat' dir='ltr'><strong>exclamabat.</strong></span> <span class='ocrx_word' id='word_1_203' title='bbox 3801 1159 3875 1213; x_wconf 88' lang='lat' dir='ltr'><strong>Sic</strong></span> 
     </span>
    </p>
   </div>
   <div class='ocr_carea' id='block_1_26' title="bbox 2296 1234 3877 1327">
    <p class='ocr_par' dir='ltr' id='par_1_26' title="bbox 2296 1234 3877 1327">
     <span class='ocr_line' id='line_1_26' title="bbox 2296 1234 3877 1327; baseline 0.004 -28"><span class='ocrx_word' id='word_1_204' title='bbox 2296 1261 2424 1315; x_wconf 88' lang='lat' dir='ltr'><strong>pars</strong></span> <span class='ocrx_word' id='word_1_205' title='bbox 2462 1246 2548 1300; x_wconf 86' lang='lat' dir='ltr'><strong>illa</strong></span> <span class='ocrx_word' id='word_1_206' title='bbox 2581 1247 2827 1316; x_wconf 82' lang='lat' dir='ltr'><strong>superior</strong></span> <span class='ocrx_word' id='word_1_207' title='bbox 2852 1247 3097 1312; x_wconf 88' lang='lat' dir='ltr'><strong>rationis,</strong></span> <span class='ocrx_word' id='word_1_208' title='bbox 3132 1248 3287 1316; x_wconf 86' lang='lat' dir='ltr'><strong>quasi</strong></span> <span class='ocrx_word' id='word_1_209' title='bbox 3317 1247 3368 1300; x_wconf 78' lang='lat' dir='ltr'><strong>in</strong></span> <span class='ocrx_word' id='word_1_210' title='bbox 3390 1234 3667 1327; x_wconf 68' lang='lat' dir='ltr'><strong>eminenti</strong></span> <span class='ocrx_word' id='word_1_211' title='bbox 3697 1251 3877 1305; x_wconf 72' lang='lat' dir='ltr'><strong>animat</strong></span> 
     </span>
    </p>
   </div>
   <div class='ocr_carea' id='block_1_27' title="bbox 2293 1326 3874 1411">
    <p class='ocr_par' dir='ltr' id='par_1_27' title="bbox 2293 1326 3874 1411">
     <span class='ocr_line' id='line_1_27' title="bbox 2293 1326 3874 1411; baseline 0.001 -16"><span class='ocrx_word' id='word_1_212' title='bbox 2293 1356 2429 1395; x_wconf 86' lang='lat' dir='ltr'><strong>meae</strong></span> <span class='ocrx_word' id='word_1_213' title='bbox 2457 1340 2594 1396; x_wconf 91' lang='lat' dir='ltr'><strong>solio</strong></span> <span class='ocrx_word' id='word_1_214' title='bbox 2618 1342 2998 1395; x_wconf 82' lang='lat' dir='ltr'><strong>constituatur.</strong></span> <span class='ocrx_word' id='word_1_215' title='bbox 3029 1339 3352 1410; x_wconf 68' lang='lat' dir='ltr'><strong>Spinitnalcs</strong></span> <span class='ocrx_word' id='word_1_216' title='bbox 3376 1326 3679 1411; x_wconf 83' lang='lat' dir='ltr'><strong>nequitias.</strong></span> <span class='ocrx_word' id='word_1_217' title='bbox 3712 1359 3874 1397; x_wconf 82' lang='lat' dir='ltr'><strong>meam</strong></span> 
     </span>
    </p>
   </div>
   <div class='ocr_carea' id='block_1_28' title="bbox 2293 1430 3875 1502">
    <p class='ocr_par' dir='ltr' id='par_1_28' title="bbox 2293 1430 3875 1502">
     <span class='ocr_line' id='line_1_28' title="bbox 2293 1430 3875 1502; baseline 0.004 -16"><span class='ocrx_word' id='word_1_218' title='bbox 2293 1431 2608 1486; x_wconf 87' lang='lat' dir='ltr'><strong>interiorem</strong></span> <span class='ocrx_word' id='word_1_219' title='bbox 2646 1430 2987 1487; x_wconf 80' lang='lat' dir='ltr'><strong>Hierusalem</strong></span> <span class='ocrx_word' id='word_1_220' title='bbox 3025 1434 3425 1500; x_wconf 84' lang='lat' dir='ltr'><strong>impngnantes,</strong></span> <span class='ocrx_word' id='word_1_221' title='bbox 3470 1435 3776 1502; x_wconf 83' lang='lat' dir='ltr'><strong>providens</strong></span> <span class='ocrx_word' id='word_1_222' title='bbox 3802 1450 3875 1492; x_wconf 76' lang='lat' dir='ltr'><strong>re-</strong></span> 
     </span>
    </p>
   </div>
   <div class='ocr_carea' id='block_1_29' title="bbox 2295 1523 3874 1592">
    <p class='ocr_par' dir='ltr' id='par_1_29' title="bbox 2295 1523 3874 1592">
     <span class='ocr_line' id='line_1_29' title="bbox 2295 1523 3874 1592; baseline 0.001 -15"><span class='ocrx_word' id='word_1_223' title='bbox 2295 1523 2524 1583; x_wconf 85' lang='lat' dir='ltr'><strong>nientes,</strong></span> <span class='ocrx_word' id='word_1_224' title='bbox 2572 1533 2760 1577; x_wconf 85' lang='lat' dir='ltr'><strong>contra</strong></span> <span class='ocrx_word' id='word_1_225' title='bbox 2790 1537 2883 1578; x_wconf 83' lang='lat' dir='ltr'><strong>eas</strong></span> <span class='ocrx_word' id='word_1_226' title='bbox 2927 1538 3088 1592; x_wconf 87' lang='lat' dir='ltr'><strong>super</strong></span> <span class='ocrx_word' id='word_1_227' title='bbox 3116 1538 3300 1576; x_wconf 82' lang='lat' dir='ltr'><strong>mnrns</strong></span> <span class='ocrx_word' id='word_1_228' title='bbox 3333 1524 3635 1589; x_wconf 82' lang='lat' dir='ltr'><strong>exclamat,</strong></span> <span class='ocrx_word' id='word_1_229' title='bbox 3676 1543 3747 1581; x_wconf 88' lang='lat' dir='ltr'><strong>ne</strong></span> <span class='ocrx_word' id='word_1_230' title='bbox 3787 1527 3874 1581; x_wconf 74' lang='lat' dir='ltr'><strong>ista</strong></span> 
     </span>
    </p>
   </div>
   <div class='ocr_carea' id='block_1_30' title="bbox 2275 1612 3875 1681">
    <p class='ocr_par' dir='ltr' id='par_1_30' title="bbox 2275 1612 3875 1681">
     <span class='ocr_line' id='line_1_30' title="bbox 2275 1612 3875 1681; baseline 0.003 -13"><span class='ocrx_word' id='word_1_231' title='bbox 2275 1612 2422 1668; x_wconf 75' lang='lat' dir='ltr'><strong>&#39;Sion</strong></span> <span class='ocrx_word' id='word_1_232' title='bbox 2476 1614 2529 1668; x_wconf 91' lang='lat' dir='ltr'><strong>iu</strong></span> <span class='ocrx_word' id='word_1_233' title='bbox 2586 1629 2697 1677; x_wconf 89' lang='lat' dir='ltr'><strong>me,</strong></span> <span class='ocrx_word' id='word_1_234' title='bbox 2737 1613 2983 1679; x_wconf 89' lang='lat' dir='ltr'><strong>Domine,</strong></span> <span class='ocrx_word' id='word_1_235' title='bbox 3030 1615 3284 1681; x_wconf 83' lang='lat' dir='ltr'><strong>dormiat,</strong></span> <span class='ocrx_word' id='word_1_236' title='bbox 3326 1613 3408 1668; x_wconf 90' lang='lat' dir='ltr'><strong>vel</strong></span> <span class='ocrx_word' id='word_1_237' title='bbox 3446 1613 3739 1680; x_wconf 87' lang='lat' dir='ltr'><strong>dormitet,</strong></span> <span class='ocrx_word' id='word_1_238' title='bbox 3768 1633 3875 1672; x_wconf 79' lang='lat' dir='ltr'><strong>cum</strong></span> 
     </span>
    </p>
   </div>
   <div class='ocr_carea' id='block_1_31' title="bbox 2295 1704 3520 1776">
    <p class='ocr_par' dir='ltr' id='par_1_31' title="bbox 2295 1704 3520 1776">
     <span class='ocr_line' id='line_1_31' title="bbox 2295 1704 3520 1776; baseline 0.002 -17"><span class='ocrx_word' id='word_1_239' title='bbox 2295 1714 2473 1775; x_wconf 75' lang='lat' dir='ltr'><strong>tecum</strong></span> <span class='ocrx_word' id='word_1_240' title='bbox 2504 1720 2680 1760; x_wconf 87' lang='lat' dir='ltr'><strong>meam</strong></span> <span class='ocrx_word' id='word_1_241' title='bbox 2707 1706 2978 1776; x_wconf 82' lang='lat' dir='ltr'><strong>custodire</strong></span> <span class='ocrx_word' id='word_1_242' title='bbox 3003 1704 3195 1759; x_wconf 86' lang='lat' dir='ltr'><strong>debeat</strong></span> <span class='ocrx_word' id='word_1_243' title='bbox 3219 1706 3520 1761; x_wconf 81' lang='lat' dir='ltr'><strong>civitatem.</strong></span> 
     </span>
    </p>
   </div>
   <div class='ocr_carea' id='block_1_32' title="bbox 603 1775 3876 1869">
    <p class='ocr_par' dir='ltr' id='par_1_32' title="bbox 603 1775 3876 1869">
     <span class='ocr_line' id='line_1_32' title="bbox 603 1775 3876 1869; baseline 0.002 -21"><span class='ocrx_word' id='word_1_244' title='bbox 603 1795 750 1851; x_wconf 86' lang='lat' dir='ltr'><strong>mine</strong></span> <span class='ocrx_word' id='word_1_245' title='bbox 796 1797 938 1853; x_wconf 86' lang='lat' dir='ltr'><strong>Deus</strong></span> <span class='ocrx_word' id='word_1_246' title='bbox 981 1812 1156 1864; x_wconf 87' lang='lat' dir='ltr'><strong>meus,</strong></span> <span class='ocrx_word' id='word_1_247' title='bbox 1187 1798 1328 1867; x_wconf 88' lang='lat' dir='ltr'><strong>quod</strong></span> <span class='ocrx_word' id='word_1_248' title='bbox 1361 1788 1584 1868; x_wconf 81' lang='lat' dir='ltr'><strong>angelus</strong></span> <span class='ocrx_word' id='word_1_249' title='bbox 1631 1798 1720 1855; x_wconf 88' lang='lat' dir='ltr'><strong>ille</strong></span> <span class='ocrx_word' id='word_1_250' title='bbox 1763 1807 1908 1863; x_wconf 89' lang='lat' dir='ltr'><strong>tuus,</strong></span> <span class='ocrx_word' id='word_1_251' title='bbox 1941 1800 2031 1869; x_wconf 87' lang='lat' dir='ltr'><strong>qui</strong></span> <span class='ocrx_word' id='word_1_252' title='bbox 2093 1800 2186 1855; x_wconf 85' lang='lat' dir='ltr'><strong>de-</strong></span> <span class='ocrx_word' id='word_1_253' title='bbox 2221 1775 2265 1831; x_wconf 79' lang='grc' dir='ltr'><strong>Β</strong></span> <span class='ocrx_word' id='word_1_254' title='bbox 2363 1799 2452 1854; x_wconf 71' lang='lat'><strong>58.</strong></span> <span class='ocrx_word' id='word_1_255' title='bbox 2496 1796 2608 1852; x_wconf 77' lang='lat' dir='ltr'><strong>Fac</strong></span> <span class='ocrx_word' id='word_1_256' title='bbox 2631 1798 2680 1853; x_wconf 87' lang='lat' dir='ltr'><strong>ei</strong></span> <span class='ocrx_word' id='word_1_257' title='bbox 2720 1799 2934 1867; x_wconf 82' lang='lat' dir='ltr'><strong>benigne</strong></span> <span class='ocrx_word' id='word_1_258' title='bbox 2969 1797 3228 1865; x_wconf 80' lang='lat' dir='ltr'><strong>Domine,</strong></span> <span class='ocrx_word' id='word_1_259' title='bbox 3261 1798 3401 1853; x_wconf 81' lang='lat' dir='ltr'><strong>bone</strong></span> <span class='ocrx_word' id='word_1_260' title='bbox 3445 1798 3617 1864; x_wconf 85' lang='lat' dir='ltr'><strong>Deus,</strong></span> <span class='ocrx_word' id='word_1_261' title='bbox 3661 1801 3719 1854; x_wconf 88' lang='lat' dir='ltr'><strong>in</strong></span> <span class='ocrx_word' id='word_1_262' title='bbox 3757 1800 3876 1854; x_wconf 70' lang='lat' dir='ltr'><strong>bona</strong></span> 
     </span>
    </p>
   </div>
   <div class='ocr_carea' id='block_1_33' title="bbox 601 1887 2189 1957">
    <p class='ocr_par' dir='ltr' id='par_1_33' title="bbox 601 1887 2189 1957">
     <span class='ocr_line' id='line_1_33' title="bbox 601 1887 2189 1957; baseline 0.004 -16"><span class='ocrx_word' id='word_1_263' title='bbox 601 1887 818 1943; x_wconf 81' lang='lat' dir='ltr'><strong>scendit</strong></span> <span class='ocrx_word' id='word_1_264' title='bbox 847 1903 968 1943; x_wconf 89' lang='lat' dir='ltr'><strong>cum</strong></span> <span class='ocrx_word' id='word_1_265' title='bbox 1013 1889 1207 1945; x_wconf 82' lang='lat' dir='ltr'><strong>Azaria</strong></span> <span class='ocrx_word' id='word_1_266' title='bbox 1252 1890 1459 1957; x_wconf 78' lang='lat' dir='ltr'><strong>eteius</strong></span> <span class='ocrx_word' id='word_1_267' title='bbox 1510 1892 1673 1946; x_wconf 80' lang='lat' dir='ltr'><strong>sociis</strong></span> <span class='ocrx_word' id='word_1_268' title='bbox 1708 1893 1761 1947; x_wconf 89' lang='lat' dir='ltr'><strong>in</strong></span> <span class='ocrx_word' id='word_1_269' title='bbox 1805 1891 2103 1955; x_wconf 76' lang='lat' dir='ltr'><strong>fornacem,</strong></span> <span class='ocrx_word' id='word_1_270' title='bbox 2132 1901 2189 1947; x_wconf 88' lang='lat' dir='ltr'><strong>et</strong></span> 
     </span>
    </p>
   </div>
   <div class='ocr_carea' id='block_1_34' title="bbox 600 1978 2185 2054">
    <p class='ocr_par' dir='ltr' id='par_1_34' title="bbox 600 1978 2185 2054">
     <span class='ocr_line' id='line_1_34' title="bbox 600 1978 2185 2054; baseline 0.003 -22"><span class='ocrx_word' id='word_1_271' title='bbox 600 1980 843 2035; x_wconf 77' lang='lat' dir='ltr'><strong>excussit</strong></span> <span class='ocrx_word' id='word_1_272' title='bbox 866 1978 1141 2037; x_wconf 80' lang='lat' dir='ltr'><strong>ﬂammam</strong></span> <span class='ocrx_word' id='word_1_273' title='bbox 1176 1983 1315 2054; x_wconf 80' lang='lat' dir='ltr'><strong>ignis</strong></span> <span class='ocrx_word' id='word_1_274' title='bbox 1345 1982 1413 2038; x_wconf 90' lang='lat' dir='ltr'><strong>de</strong></span> <span class='ocrx_word' id='word_1_275' title='bbox 1444 1982 1687 2051; x_wconf 84' lang='lat' dir='ltr'><strong>fornace,</strong></span> <span class='ocrx_word' id='word_1_276' title='bbox 1720 1993 1772 2039; x_wconf 88' lang='lat' dir='ltr'><strong>et</strong></span> <span class='ocrx_word' id='word_1_277' title='bbox 1805 1984 1930 2039; x_wconf 82' lang='lat' dir='ltr'><strong>fecit</strong></span> <span class='ocrx_word' id='word_1_278' title='bbox 1952 1984 2185 2039; x_wconf 91' lang='lat' dir='ltr'><strong>medium</strong></span> 
     </span>
    </p>
   </div>
   <div class='ocr_carea' id='block_1_35' title="bbox 603 2068 2184 2141">
    <p class='ocr_par' dir='ltr' id='par_1_35' title="bbox 603 2068 2184 2141">
     <span class='ocr_line' id='line_1_35' title="bbox 603 2068 2184 2141; baseline 0.002 -16"><span class='ocrx_word' id='word_1_279' title='bbox 603 2068 844 2126; x_wconf 88' lang='lat' dir='ltr'><strong>fornacis</strong></span> <span class='ocrx_word' id='word_1_280' title='bbox 871 2072 1025 2141; x_wconf 87' lang='lat' dir='ltr'><strong>quasi</strong></span> <span class='ocrx_word' id='word_1_281' title='bbox 1058 2082 1277 2128; x_wconf 87' lang='lat' dir='ltr'><strong>ventum</strong></span> <span class='ocrx_word' id='word_1_282' title='bbox 1317 2074 1458 2130; x_wconf 91' lang='lat' dir='ltr'><strong>roris</strong></span> <span class='ocrx_word' id='word_1_283' title='bbox 1481 2074 1721 2139; x_wconf 83' lang='lat' dir='ltr'><strong>ﬂantem,</strong></span> <span class='ocrx_word' id='word_1_284' title='bbox 1748 2075 2103 2130; x_wconf 83' lang='lat' dir='ltr'><strong>descenderet</strong></span> <span class='ocrx_word' id='word_1_285' title='bbox 2131 2075 2184 2128; x_wconf 90' lang='lat' dir='ltr'><strong>in</strong></span> 
     </span>
    </p>
   </div>
   <div class='ocr_carea' id='block_1_36' title="bbox 600 2165 2183 2223">
    <p class='ocr_par' dir='ltr' id='par_1_36' title="bbox 600 2165 2183 2223">
     <span class='ocr_line' id='line_1_36' title="bbox 600 2165 2183 2223; baseline 0.001 -3"><span class='ocrx_word' id='word_1_286' title='bbox 600 2179 703 2220; x_wconf 72' lang='lat' dir='ltr'><strong>eor</strong></span> <span class='ocrx_word' id='word_1_287' title='bbox 737 2181 917 2220; x_wconf 85' lang='lat' dir='ltr'><strong>meum</strong></span> <span class='ocrx_word' id='word_1_288' title='bbox 946 2173 1002 2221; x_wconf 91' lang='lat' dir='ltr'><strong>et</strong></span> <span class='ocrx_word' id='word_1_289' title='bbox 1044 2165 1097 2221; x_wconf 88' lang='lat' dir='ltr'><strong>in</strong></span> <span class='ocrx_word' id='word_1_290' title='bbox 1150 2166 1502 2223; x_wconf 83' lang='lat' dir='ltr'><strong>tribulatione</strong></span> <span class='ocrx_word' id='word_1_291' title='bbox 1541 2181 1717 2222; x_wconf 90' lang='lat' dir='ltr'><strong>meum</strong></span> <span class='ocrx_word' id='word_1_292' title='bbox 1763 2167 2183 2223; x_wconf 79' lang='lat' dir='ltr'><strong>contribulatum</strong></span> 
     </span>
    </p>
   </div>
   <div class='ocr_carea' id='block_1_37' title="bbox 602 2253 2185 2327">
    <p class='ocr_par' dir='ltr' id='par_1_37' title="bbox 602 2253 2185 2327">
     <span class='ocr_line' id='line_1_37' title="bbox 602 2253 2185 2327; baseline 0.003 -17"><span class='ocrx_word' id='word_1_293' title='bbox 602 2253 874 2326; x_wconf 77' lang='lat' dir='ltr'><strong>spiritum,</strong></span> <span class='ocrx_word' id='word_1_294' title='bbox 933 2256 988 2310; x_wconf 90' lang='lat' dir='ltr'><strong>in</strong></span> <span class='ocrx_word' id='word_1_295' title='bbox 1026 2255 1116 2312; x_wconf 90' lang='lat' dir='ltr'><strong>illo</strong></span> <span class='ocrx_word' id='word_1_296' title='bbox 1157 2257 1400 2313; x_wconf 90' lang='lat' dir='ltr'><strong>interiori</strong></span> <span class='ocrx_word' id='word_1_297' title='bbox 1450 2257 1738 2324; x_wconf 75' lang='lat' dir='ltr'><strong>sacrificio,</strong></span> <span class='ocrx_word' id='word_1_298' title='bbox 1784 2259 1864 2315; x_wconf 91' lang='lat' dir='ltr'><strong>sic</strong></span> <span class='ocrx_word' id='word_1_299' title='bbox 1897 2269 1983 2312; x_wconf 88' lang='lat' dir='ltr'><strong>tua</strong></span> <span class='ocrx_word' id='word_1_300' title='bbox 2013 2259 2185 2327; x_wconf 80' lang='lat' dir='ltr'><strong>gratia</strong></span> 
     </span>
    </p>
   </div>
   <div class='ocr_carea' id='block_1_38' title="bbox 601 2345 2187 2417">
    <p class='ocr_par' dir='ltr' id='par_1_38' title="bbox 601 2345 2187 2417">
     <span class='ocr_line' id='line_1_38' title="bbox 601 2345 2187 2417; baseline 0.004 -18"><span class='ocrx_word' id='word_1_301' title='bbox 601 2345 831 2402; x_wconf 89' lang='lat' dir='ltr'><strong>interius</strong></span> <span class='ocrx_word' id='word_1_302' title='bbox 873 2346 1256 2417; x_wconf 84' lang='lat' dir='ltr'><strong>impinguaret.</strong></span> <span class='ocrx_word' id='word_1_303' title='bbox 1286 2349 1427 2405; x_wconf 86' lang='lat' dir='ltr'><strong>sicut</strong></span> <span class='ocrx_word' id='word_1_304' title='bbox 1470 2349 1657 2405; x_wconf 87' lang='lat' dir='ltr'><strong>asinus</strong></span> <span class='ocrx_word' id='word_1_305' title='bbox 1700 2348 1944 2406; x_wconf 81' lang='lat' dir='ltr'><strong>exterius</strong></span> <span class='ocrx_word' id='word_1_306' title='bbox 1974 2349 2187 2406; x_wconf 78' lang='lat' dir='ltr'><strong>tribulis</strong></span> 
     </span>
    </p>
   </div>
   <div class='ocr_carea' id='block_1_39' title="bbox 598 2439 2187 2513">
    <p class='ocr_par' dir='ltr' id='par_1_39' title="bbox 598 2439 2187 2513">
     <span class='ocr_line' id='line_1_39' title="bbox 598 2439 2187 2513; baseline 0.003 -19"><span class='ocrx_word' id='word_1_307' title='bbox 598 2439 1000 2510; x_wconf 75' lang='lat' dir='ltr'><strong>impinguatur;</strong></span> <span class='ocrx_word' id='word_1_308' title='bbox 1055 2449 1110 2497; x_wconf 88' lang='lat' dir='ltr'><strong>et</strong></span> <span class='ocrx_word' id='word_1_309' title='bbox 1138 2449 1266 2497; x_wconf 88' lang='lat' dir='ltr'><strong>tunc</strong></span> <span class='ocrx_word' id='word_1_310' title='bbox 1310 2442 1534 2499; x_wconf 90' lang='lat' dir='ltr'><strong>omnino</strong></span> <span class='ocrx_word' id='word_1_311' title='bbox 1576 2457 1666 2499; x_wconf 86' lang='lat' dir='ltr'><strong>me</strong></span> <span class='ocrx_word' id='word_1_312' title='bbox 1711 2442 1852 2513; x_wconf 80' lang='lat' dir='ltr'><strong>Ignis</strong></span> <span class='ocrx_word' id='word_1_313' title='bbox 1895 2443 2187 2498; x_wconf 72' lang='lat' dir='ltr'><strong>iracundia:</strong></span> 
     </span>
    </p>
   </div>
   <div class='ocr_carea' id='block_1_40' title="bbox 600 2532 2184 2607">
    <p class='ocr_par' dir='ltr' id='par_1_40' title="bbox 600 2532 2184 2607">
     <span class='ocr_line' id='line_1_40' title="bbox 600 2532 2184 2607; baseline 0.001 -20"><span class='ocrx_word' id='word_1_314' title='bbox 600 2544 709 2588; x_wconf 86' lang='lat' dir='ltr'><strong>non</strong></span> <span class='ocrx_word' id='word_1_315' title='bbox 733 2532 932 2603; x_wconf 69' lang='lat' dir='ltr'><strong>tetigit,</strong></span> <span class='ocrx_word' id='word_1_316' title='bbox 959 2548 1136 2605; x_wconf 78' lang='lat' dir='ltr'><strong>neque</strong></span> <span class='ocrx_word' id='word_1_317' title='bbox 1164 2534 1530 2601; x_wconf 84' lang='lat' dir='ltr'><strong>contristavit,</strong></span> <span class='ocrx_word' id='word_1_318' title='bbox 1576 2549 1678 2591; x_wconf 90' lang='lat' dir='ltr'><strong>nec</strong></span> <span class='ocrx_word' id='word_1_319' title='bbox 1708 2535 2004 2607; x_wconf 83' lang='lat' dir='ltr'><strong>quidquam</strong></span> <span class='ocrx_word' id='word_1_320' title='bbox 2052 2534 2184 2589; x_wconf 92' lang='lat' dir='ltr'><strong>mihi</strong></span> 
     </span>
    </p>
   </div>
   <div class='ocr_carea' id='block_1_41' title="bbox 601 2623 2186 2699">
    <p class='ocr_par' dir='ltr' id='par_1_41' title="bbox 601 2623 2186 2699">
     <span class='ocr_line' id='line_1_41' title="bbox 601 2623 2186 2699; baseline 0.001 -19"><span class='ocrx_word' id='word_1_321' title='bbox 601 2623 818 2682; x_wconf 84' lang='lat' dir='ltr'><strong>molesti</strong></span> <span class='ocrx_word' id='word_1_322' title='bbox 846 2625 1050 2693; x_wconf 90' lang='lat' dir='ltr'><strong>intulit,</strong></span> <span class='ocrx_word' id='word_1_323' title='bbox 1081 2626 1173 2682; x_wconf 89' lang='lat' dir='ltr'><strong>sed</strong></span> <span class='ocrx_word' id='word_1_324' title='bbox 1215 2627 1438 2698; x_wconf 87' lang='lat' dir='ltr'><strong>probavi</strong></span> <span class='ocrx_word' id='word_1_325' title='bbox 1476 2643 1573 2699; x_wconf 91' lang='lat' dir='ltr'><strong>per</strong></span> <span class='ocrx_word' id='word_1_326' title='bbox 1598 2628 1990 2699; x_wconf 79' lang='lat' dir='ltr'><strong>experientiam</strong></span> <span class='ocrx_word' id='word_1_327' title='bbox 2016 2629 2070 2683; x_wconf 92' lang='lat' dir='ltr'><strong>in</strong></span> <span class='ocrx_word' id='word_1_328' title='bbox 2100 2642 2186 2682; x_wconf 88' lang='lat' dir='ltr'><strong>me</strong></span> 
     </span>
    </p>
   </div>
   <div class='ocr_carea' id='block_1_42' title="bbox 600 2719 2185 2795">
    <p class='ocr_par' dir='ltr' id='par_1_42' title="bbox 600 2719 2185 2795">
     <span class='ocr_line' id='line_1_42' title="bbox 600 2719 2185 2795; baseline 0.001 -19"><span class='ocrx_word' id='word_1_329' title='bbox 600 2719 745 2792; x_wconf 83' lang='lat' dir='ltr'><strong>ipso,</strong></span> <span class='ocrx_word' id='word_1_330' title='bbox 769 2722 911 2790; x_wconf 87' lang='lat' dir='ltr'><strong>quod</strong></span> <span class='ocrx_word' id='word_1_331' title='bbox 934 2720 1041 2777; x_wconf 84' lang='lat' dir='ltr'><strong>&#39;etsi</strong></span> <span class='ocrx_word' id='word_1_332' title='bbox 1081 2731 1459 2792; x_wconf 84' lang='lat' dir='ltr'><strong>persecutores</strong></span> <span class='ocrx_word' id='word_1_333' title='bbox 1488 2733 1751 2795; x_wconf 88' lang='lat' dir='ltr'><strong>pugnant,</strong></span> <span class='ocrx_word' id='word_1_334' title='bbox 1781 2730 1967 2795; x_wconf 87' lang='lat' dir='ltr'><strong>postea</strong></span> <span class='ocrx_word' id='word_1_335' title='bbox 2002 2731 2185 2777; x_wconf 90' lang='lat' dir='ltr'><strong>tamen</strong></span> 
     </span>
    </p>
   </div>
   <div class='ocr_carea' id='block_1_43' title="bbox 600 2812 2187 2886">
    <p class='ocr_par' dir='ltr' id='par_1_43' title="bbox 600 2812 2187 2886">
     <span class='ocr_line' id='line_1_43' title="bbox 600 2812 2187 2886; baseline -0.003 -15"><span class='ocrx_word' id='word_1_336' title='bbox 600 2829 710 2871; x_wconf 76' lang='lat' dir='ltr'><strong>non</strong></span> <span class='ocrx_word' id='word_1_337' title='bbox 734 2813 837 2869; x_wconf 85' lang='lat' dir='ltr'><strong>sibi</strong></span> <span class='ocrx_word' id='word_1_338' title='bbox 866 2812 1198 2881; x_wconf 81' lang='lat' dir='ltr'><strong>mellificant,</strong></span> <span class='ocrx_word' id='word_1_339' title='bbox 1231 2815 1325 2871; x_wconf 89' lang='lat' dir='ltr'><strong>sed</strong></span> <span class='ocrx_word' id='word_1_340' title='bbox 1371 2814 1620 2886; x_wconf 87' lang='lat' dir='ltr'><strong>patienti.</strong></span> <span class='ocrx_word' id='word_1_341' title='bbox 1644 2813 1873 2885; x_wconf 85' lang='lat' dir='ltr'><strong>Propter</strong></span> <span class='ocrx_word' id='word_1_342' title='bbox 1901 2814 2045 2885; x_wconf 92' lang='lat' dir='ltr'><strong>quod</strong></span> <span class='ocrx_word' id='word_1_343' title='bbox 2085 2812 2187 2867; x_wconf 91' lang='lat' dir='ltr'><strong>Da-</strong></span> 
     </span>
    </p>
   </div>
   <div class='ocr_carea' id='block_1_44' title="bbox 601 2906 2183 2976">
    <p class='ocr_par' dir='ltr' id='par_1_44' title="bbox 601 2906 2183 2976">
     <span class='ocr_line' id='line_1_44' title="bbox 601 2906 2183 2976; baseline 0.001 -17"><span class='ocrx_word' id='word_1_344' title='bbox 601 2906 690 2962; x_wconf 84' lang='lat' dir='ltr'><strong>vid</strong></span> <span class='ocrx_word' id='word_1_345' title='bbox 719 2906 1025 2976; x_wconf 81' lang='lat' dir='ltr'><strong>exemplum</strong></span> <span class='ocrx_word' id='word_1_346' title='bbox 1056 2906 1125 2962; x_wconf 85' lang='lat' dir='ltr'><strong>de</strong></span> <span class='ocrx_word' id='word_1_347' title='bbox 1160 2922 1219 2963; x_wconf 88' lang='lat' dir='ltr'><strong>se</strong></span> <span class='ocrx_word' id='word_1_348' title='bbox 1265 2908 1496 2973; x_wconf 80' lang='lat' dir='ltr'><strong>ponens,</strong></span> <span class='ocrx_word' id='word_1_349' title='bbox 1531 2916 1593 2963; x_wconf 90' lang='lat' dir='ltr'><strong>ut</strong></span> <span class='ocrx_word' id='word_1_350' title='bbox 1636 2923 1722 2963; x_wconf 90' lang='lat' dir='ltr'><strong>me</strong></span> <span class='ocrx_word' id='word_1_351' title='bbox 1769 2909 1832 2963; x_wconf 89' lang='lat' dir='ltr'><strong>ad</strong></span> <span class='ocrx_word' id='word_1_352' title='bbox 1869 2906 2183 2966; x_wconf 82' lang='lat' dir='ltr'><strong>patientiam</strong></span> 
     </span>
    </p>
   </div>
   <div class='ocr_carea' id='block_1_45' title="bbox 602 2996 2182 3069">
    <p class='ocr_par' dir='ltr' id='par_1_45' title="bbox 602 2996 2182 3069">
     <span class='ocr_line' id='line_1_45' title="bbox 602 2996 2182 3069; baseline 0.001 -15"><span class='ocrx_word' id='word_1_353' title='bbox 602 2996 881 3064; x_wconf 79' lang='lat' dir='ltr'><strong>invitaret,</strong></span> <span class='ocrx_word' id='word_1_354' title='bbox 919 3000 988 3054; x_wconf 91' lang='lat' dir='ltr'><strong>de</strong></span> <span class='ocrx_word' id='word_1_355' title='bbox 1019 2999 1459 3069; x_wconf 87' lang='lat' dir='ltr'><strong>persecutoribus</strong></span> <span class='ocrx_word' id='word_1_356' title='bbox 1500 2998 1614 3055; x_wconf 89' lang='lat' dir='ltr'><strong>suis</strong></span> <span class='ocrx_word' id='word_1_357' title='bbox 1649 2999 1777 3054; x_wconf 90' lang='lat' dir='ltr'><strong>dicit</strong></span> <span class='ocrx_word' id='word_1_358' title='bbox 1817 3020 1831 3054; x_wconf 87' lang='lat'><strong>:</strong></span> <span class='ocrx_word' id='word_1_359' title='bbox 1867 2999 2182 3055; x_wconf 87' lang='lat' dir='ltr'><strong>Circumde-</strong></span> 
     </span>
    </p>
   </div>
   <div class='ocr_carea' id='block_1_46' title="bbox 600 3080 2258 3185">
    <p class='ocr_par' dir='ltr' id='par_1_46' title="bbox 600 3080 2258 3185">
     <span class='ocr_line' id='line_1_46' title="bbox 600 3080 2258 3185; baseline 0.002 -42"><span class='ocrx_word' id='word_1_360' title='bbox 600 3088 798 3143; x_wconf 87' lang='lat' dir='ltr'><strong>derunt</strong></span> <span class='ocrx_word' id='word_1_361' title='bbox 829 3103 915 3143; x_wconf 90' lang='lat' dir='ltr'><strong>me</strong></span> <span class='ocrx_word' id='word_1_362' title='bbox 943 3080 1094 3144; x_wconf 14' lang='lat' dir='ltr'><strong>sicut!</strong></span> <span class='ocrx_word' id='word_1_363' title='bbox 1116 3104 1265 3160; x_wconf 89' lang='lat' dir='ltr'><strong>apes.</strong></span> <span class='ocrx_word' id='word_1_364' title='bbox 1308 3088 1450 3158; x_wconf 85' lang='lat' dir='ltr'><strong>Apes</strong></span> <span class='ocrx_word' id='word_1_365' title='bbox 1481 3090 1626 3144; x_wconf 90' lang='lat' dir='ltr'><strong>enim</strong></span> <span class='ocrx_word' id='word_1_366' title='bbox 1650 3089 1755 3145; x_wconf 89' lang='lat' dir='ltr'><strong>etsi</strong></span> <span class='ocrx_word' id='word_1_367' title='bbox 1778 3089 2013 3146; x_wconf 85' lang='lat' dir='ltr'><strong>inferant</strong></span> <span class='ocrx_word' id='word_1_368' title='bbox 2041 3106 2181 3162; x_wconf 90' lang='lat' dir='ltr'><strong>pun-</strong></span> <span class='ocrx_word' id='word_1_369' title='bbox 2214 3123 2258 3185; x_wconf 81' lang='lat' dir='ltr'><strong>C</strong></span> 
     </span>
    </p>
   </div>
   <div class='ocr_carea' id='block_1_47' title="bbox 598 3179 2185 3253">
    <p class='ocr_par' dir='ltr' id='par_1_47' title="bbox 598 3179 2185 3253">
     <span class='ocr_line' id='line_1_47' title="bbox 598 3179 2185 3253; baseline 0.001 -17"><span class='ocrx_word' id='word_1_370' title='bbox 598 3180 798 3236; x_wconf 88' lang='lat' dir='ltr'><strong>ctionis</strong></span> <span class='ocrx_word' id='word_1_371' title='bbox 825 3179 1091 3249; x_wconf 88' lang='lat' dir='ltr'><strong>dolorem,</strong></span> <span class='ocrx_word' id='word_1_372' title='bbox 1127 3190 1379 3237; x_wconf 88' lang='lat' dir='ltr'><strong>amantur</strong></span> <span class='ocrx_word' id='word_1_373' title='bbox 1413 3190 1614 3247; x_wconf 91' lang='lat' dir='ltr'><strong>tamen,</strong></span> <span class='ocrx_word' id='word_1_374' title='bbox 1643 3183 1768 3253; x_wconf 88' lang='lat' dir='ltr'><strong>quia</strong></span> <span class='ocrx_word' id='word_1_375' title='bbox 1808 3182 1983 3238; x_wconf 88' lang='lat' dir='ltr'><strong>mellis</strong></span> <span class='ocrx_word' id='word_1_376' title='bbox 2007 3182 2185 3238; x_wconf 53' lang='lat' dir='ltr'><strong>dulce.</strong></span> 
     </span>
    </p>
   </div>
   <div class='ocr_carea' id='block_1_48' title="bbox 598 3270 2182 3345">
    <p class='ocr_par' dir='ltr' id='par_1_48' title="bbox 598 3270 2182 3345">
     <span class='ocr_line' id='line_1_48' title="bbox 598 3270 2182 3345; baseline 0.001 -17"><span class='ocrx_word' id='word_1_377' title='bbox 598 3270 782 3328; x_wconf 85' lang='lat' dir='ltr'><strong>dinem</strong></span> <span class='ocrx_word' id='word_1_378' title='bbox 812 3271 1214 3328; x_wconf 89' lang='lat' dir='ltr'><strong>administrant.</strong></span> <span class='ocrx_word' id='word_1_379' title='bbox 1247 3273 1340 3328; x_wconf 91' lang='lat' dir='ltr'><strong>Sic</strong></span> <span class='ocrx_word' id='word_1_380' title='bbox 1380 3282 1436 3328; x_wconf 89' lang='lat' dir='ltr'><strong>et</strong></span> <span class='ocrx_word' id='word_1_381' title='bbox 1464 3282 1842 3345; x_wconf 85' lang='lat' dir='ltr'><strong>persecutores</strong></span> <span class='ocrx_word' id='word_1_382' title='bbox 1878 3289 2049 3339; x_wconf 89' lang='lat' dir='ltr'><strong>meos,</strong></span> <span class='ocrx_word' id='word_1_383' title='bbox 2073 3274 2182 3329; x_wconf 84' lang='lat' dir='ltr'><strong>Do-</strong></span> 
     </span>
    </p>
   </div>
   <div class='ocr_carea' id='block_1_49' title="bbox 597 3362 2185 3438">
    <p class='ocr_par' dir='ltr' id='par_1_49' title="bbox 597 3362 2185 3438">
     <span class='ocr_line' id='line_1_49' title="bbox 597 3362 2185 3438; baseline 0.003 -20"><span class='ocrx_word' id='word_1_384' title='bbox 597 3365 768 3430; x_wconf 89' lang='lat' dir='ltr'><strong>mine,</strong></span> <span class='ocrx_word' id='word_1_385' title='bbox 798 3380 984 3422; x_wconf 89' lang='lat' dir='ltr'><strong>amare</strong></span> <span class='ocrx_word' id='word_1_386' title='bbox 1008 3365 1152 3432; x_wconf 75' lang='lat' dir='ltr'><strong>volo,</strong></span> <span class='ocrx_word' id='word_1_387' title='bbox 1181 3374 1235 3421; x_wconf 90' lang='lat' dir='ltr'><strong>et</strong></span> <span class='ocrx_word' id='word_1_388' title='bbox 1274 3362 1597 3437; x_wconf 84' lang='lat' dir='ltr'><strong>punctiones</strong></span> <span class='ocrx_word' id='word_1_389' title='bbox 1629 3384 1767 3438; x_wconf 85' lang='lat' dir='ltr'><strong>quas</strong></span> <span class='ocrx_word' id='word_1_390' title='bbox 1789 3368 1992 3424; x_wconf 90' lang='lat' dir='ltr'><strong>amaris</strong></span> <span class='ocrx_word' id='word_1_391' title='bbox 2019 3384 2185 3425; x_wconf 88' lang='lat' dir='ltr'><strong>cona-</strong></span> 
     </span>
    </p>
   </div>
   <div class='ocr_carea' id='block_1_50' title="bbox 597 3455 2182 3529">
    <p class='ocr_par' dir='ltr' id='par_1_50' title="bbox 597 3455 2182 3529">
     <span class='ocr_line' id='line_1_50' title="bbox 597 3455 2182 3529; baseline 0.004 -20"><span class='ocrx_word' id='word_1_392' title='bbox 597 3455 743 3512; x_wconf 86' lang='lat' dir='ltr'><strong>tibus</strong></span> <span class='ocrx_word' id='word_1_393' title='bbox 786 3455 1044 3524; x_wconf 87' lang='lat' dir='ltr'><strong>inferunt,</strong></span> <span class='ocrx_word' id='word_1_394' title='bbox 1086 3457 1344 3514; x_wconf 89' lang='lat' dir='ltr'><strong>tribulato</strong></span> <span class='ocrx_word' id='word_1_395' title='bbox 1369 3458 1560 3529; x_wconf 89' lang='lat' dir='ltr'><strong>spiritu</strong></span> <span class='ocrx_word' id='word_1_396' title='bbox 1594 3460 1848 3524; x_wconf 89' lang='lat' dir='ltr'><strong>tolerare,</strong></span> <span class='ocrx_word' id='word_1_397' title='bbox 1891 3470 1948 3514; x_wconf 90' lang='lat' dir='ltr'><strong>ut</strong></span> <span class='ocrx_word' id='word_1_398' title='bbox 1978 3459 2182 3516; x_wconf 86' lang='lat' dir='ltr'><strong>mellita</strong></span> 
     </span>
    </p>
   </div>
   <div class='ocr_carea' id='block_1_51' title="bbox 595 3543 2184 3620">
    <p class='ocr_par' dir='ltr' id='par_1_51' title="bbox 595 3543 2184 3620">
     <span class='ocr_line' id='line_1_51' title="bbox 595 3543 2184 3620; baseline 0.003 -21"><span class='ocrx_word' id='word_1_399' title='bbox 595 3543 908 3613; x_wconf 67' lang='lat' dir='ltr'><strong>iucunditas</strong></span> <span class='ocrx_word' id='word_1_400' title='bbox 941 3546 1324 3618; x_wconf 87' lang='lat' dir='ltr'><strong>subsequatur.</strong></span> <span class='ocrx_word' id='word_1_401' title='bbox 1361 3546 1499 3602; x_wconf 83' lang='lat' dir='ltr'><strong>Nam</strong></span> <span class='ocrx_word' id='word_1_402' title='bbox 1534 3564 1630 3618; x_wconf 90' lang='lat' dir='ltr'><strong>per</strong></span> <span class='ocrx_word' id='word_1_403' title='bbox 1652 3549 1939 3619; x_wconf 88' lang='lat' dir='ltr'><strong>quemdam</strong></span> <span class='ocrx_word' id='word_1_404' title='bbox 1966 3550 2184 3620; x_wconf 87' lang='lat' dir='ltr'><strong>sapien-</strong></span> 
     </span>
    </p>
   </div>
   <div class='ocr_carea' id='block_1_52' title="bbox 597 3635 2182 3709">
    <p class='ocr_par' dir='ltr' id='par_1_52' title="bbox 597 3635 2182 3709">
     <span class='ocr_line' id='line_1_52' title="bbox 597 3635 2182 3709; baseline 0.002 -17"><span class='ocrx_word' id='word_1_405' title='bbox 597 3642 709 3692; x_wconf 79' lang='lat' dir='ltr'><strong>tem</strong></span> <span class='ocrx_word' id='word_1_406' title='bbox 739 3635 941 3705; x_wconf 82' lang='lat' dir='ltr'><strong>audivi,</strong></span> <span class='ocrx_word' id='word_1_407' title='bbox 985 3635 1230 3705; x_wconf 88' lang='lat' dir='ltr'><strong>Domine,</strong></span> <span class='ocrx_word' id='word_1_408' title='bbox 1286 3644 1339 3691; x_wconf 88' lang='lat' dir='ltr'><strong>te</strong></span> <span class='ocrx_word' id='word_1_409' title='bbox 1385 3637 1674 3702; x_wconf 87' lang='lat' dir='ltr'><strong>dicentem,</strong></span> <span class='ocrx_word' id='word_1_410' title='bbox 1727 3637 1869 3707; x_wconf 91' lang='lat' dir='ltr'><strong>quod</strong></span> <span class='ocrx_word' id='word_1_411' title='bbox 1918 3654 2087 3709; x_wconf 89' lang='lat' dir='ltr'><strong>usque</strong></span> <span class='ocrx_word' id='word_1_412' title='bbox 2115 3642 2182 3696; x_wconf 88' lang='lat' dir='ltr'><strong>ad</strong></span> 
     </span>
    </p>
   </div>
   <div class='ocr_carea' id='block_1_53' title="bbox 598 3727 2183 3799">
    <p class='ocr_par' dir='ltr' id='par_1_53' title="bbox 598 3727 2183 3799">
     <span class='ocr_line' id='line_1_53' title="bbox 598 3727 2183 3799; baseline 0.003 -18"><span class='ocrx_word' id='word_1_413' title='bbox 598 3736 813 3797; x_wconf 83' lang='lat' dir='ltr'><strong>tempus</strong></span> <span class='ocrx_word' id='word_1_414' title='bbox 840 3727 1130 3784; x_wconf 81' lang='lat' dir='ltr'><strong>sustinebit</strong></span> <span class='ocrx_word' id='word_1_415' title='bbox 1156 3728 1392 3798; x_wconf 87' lang='lat' dir='ltr'><strong>patiens,</strong></span> <span class='ocrx_word' id='word_1_416' title='bbox 1420 3737 1475 3783; x_wconf 89' lang='lat' dir='ltr'><strong>et</strong></span> <span class='ocrx_word' id='word_1_417' title='bbox 1510 3738 1699 3799; x_wconf 84' lang='lat' dir='ltr'><strong>postea</strong></span> <span class='ocrx_word' id='word_1_418' title='bbox 1731 3728 1964 3784; x_wconf 81' lang='lat' dir='ltr'><strong>redditio</strong></span> <span class='ocrx_word' id='word_1_419' title='bbox 1985 3728 2183 3798; x_wconf 86' lang='lat' dir='ltr'><strong>jucun-</strong></span> 
     </span>
    </p>
   </div>
   <div class='ocr_carea' id='block_1_54' title="bbox 598 3818 798 3877">
    <p class='ocr_par' dir='ltr' id='par_1_54' title="bbox 598 3818 798 3877">
     <span class='ocr_line' id='line_1_54' title="bbox 598 3818 798 3877; baseline 0 -1"><span class='ocrx_word' id='word_1_420' title='bbox 598 3818 798 3877; x_wconf 77' lang='lat' dir='ltr'><strong>ditatis.</strong></span> 
     </span>
    </p>
   </div>
   <div class='ocr_carea' id='block_1_55' title="bbox 664 3912 2183 3986">
    <p class='ocr_par' dir='ltr' id='par_1_55' title="bbox 664 3912 2183 3986">
     <span class='ocr_line' id='line_1_55' title="bbox 664 3912 2183 3986; baseline 0.003 -19"><span class='ocrx_word' id='word_1_421' title='bbox 664 3913 756 3970; x_wconf 78' lang='grc'><strong>37.</strong></span> <span class='ocrx_word' id='word_1_422' title='bbox 801 3912 961 3986; x_wconf 84' lang='lat' dir='ltr'><strong>Ergo,</strong></span> <span class='ocrx_word' id='word_1_423' title='bbox 1000 3914 1140 3972; x_wconf 88' lang='lat' dir='ltr'><strong>bone</strong></span> <span class='ocrx_word' id='word_1_424' title='bbox 1189 3915 1436 3981; x_wconf 74' lang='lat' dir='ltr'><strong>domine,</strong></span> <span class='ocrx_word' id='word_1_425' title='bbox 1482 3914 1622 3970; x_wconf 89' lang='lat' dir='ltr'><strong>bone</strong></span> <span class='ocrx_word' id='word_1_426' title='bbox 1668 3916 1830 3981; x_wconf 89' lang='lat' dir='ltr'><strong>Deus,</strong></span> <span class='ocrx_word' id='word_1_427' title='bbox 1858 3914 2183 3986; x_wconf 89' lang='lat' dir='ltr'><strong>quicontri-</strong></span> 
     </span>
    </p>
   </div>
   <div class='ocr_carea' id='block_1_56' title="bbox 595 4003 2179 4077">
    <p class='ocr_par' dir='ltr' id='par_1_56' title="bbox 595 4003 2179 4077">
     <span class='ocr_line' id='line_1_56' title="bbox 595 4003 2179 4077; baseline 0.001 -17"><span class='ocrx_word' id='word_1_428' title='bbox 595 4003 796 4063; x_wconf 83' lang='lat' dir='ltr'><strong>bulasti</strong></span> <span class='ocrx_word' id='word_1_429' title='bbox 848 4005 1025 4077; x_wconf 80' lang='lat' dir='ltr'><strong>capita</strong></span> <span class='ocrx_word' id='word_1_430' title='bbox 1074 4007 1370 4063; x_wconf 88' lang='lat' dir='ltr'><strong>draconum</strong></span> <span class='ocrx_word' id='word_1_431' title='bbox 1421 4006 1474 4061; x_wconf 91' lang='lat' dir='ltr'><strong>in</strong></span> <span class='ocrx_word' id='word_1_432' title='bbox 1506 4006 1684 4077; x_wconf 88' lang='lat' dir='ltr'><strong>aquis,</strong></span> <span class='ocrx_word' id='word_1_433' title='bbox 1736 4016 1792 4063; x_wconf 89' lang='lat' dir='ltr'><strong>et</strong></span> <span class='ocrx_word' id='word_1_434' title='bbox 1843 4007 2179 4077; x_wconf 78' lang='lat' dir='ltr'><strong>rogationem</strong></span> 
     </span>
    </p>
   </div>
   <div class='ocr_carea' id='block_1_57' title="bbox 595 4098 2182 4170">
    <p class='ocr_par' dir='ltr' id='par_1_57' title="bbox 595 4098 2182 4170">
     <span class='ocr_line' id='line_1_57' title="bbox 595 4098 2182 4170; baseline -0.001 -16"><span class='ocrx_word' id='word_1_435' title='bbox 595 4098 942 4155; x_wconf 86' lang='lat' dir='ltr'><strong>contribulati</strong></span> <span class='ocrx_word' id='word_1_436' title='bbox 975 4114 1080 4154; x_wconf 91' lang='lat' dir='ltr'><strong>non</strong></span> <span class='ocrx_word' id='word_1_437' title='bbox 1115 4099 1323 4170; x_wconf 89' lang='lat' dir='ltr'><strong>adjicis,</strong></span> <span class='ocrx_word' id='word_1_438' title='bbox 1353 4098 1657 4154; x_wconf 88' lang='lat' dir='ltr'><strong>contribula</strong></span> <span class='ocrx_word' id='word_1_439' title='bbox 1681 4109 1962 4155; x_wconf 76' lang='lat' dir='ltr'><strong>venenatae</strong></span> <span class='ocrx_word' id='word_1_440' title='bbox 1989 4114 2182 4168; x_wconf 82' lang='lat' dir='ltr'><strong>super-</strong></span> 
     </span>
    </p>
   </div>
   <div class='ocr_carea' id='block_1_58' title="bbox 593 4188 2179 4262">
    <p class='ocr_par' dir='ltr' id='par_1_58' title="bbox 593 4188 2179 4262">
     <span class='ocr_line' id='line_1_58' title="bbox 593 4188 2179 4262; baseline 0 -20"><span class='ocrx_word' id='word_1_441' title='bbox 593 4188 699 4243; x_wconf 81' lang='lat' dir='ltr'><strong>biae</strong></span> <span class='ocrx_word' id='word_1_442' title='bbox 732 4203 867 4245; x_wconf 70' lang='lat' dir='ltr'><strong>mea:</strong></span> <span class='ocrx_word' id='word_1_443' title='bbox 890 4197 1051 4260; x_wconf 88' lang='lat' dir='ltr'><strong>caput</strong></span> <span class='ocrx_word' id='word_1_444' title='bbox 1074 4188 1358 4249; x_wconf 81' lang='lat' dir='ltr'><strong>indiln’vio</strong></span> <span class='ocrx_word' id='word_1_445' title='bbox 1389 4190 1774 4262; x_wconf 82' lang='lat' dir='ltr'><strong>lacrymarum,</strong></span> <span class='ocrx_word' id='word_1_446' title='bbox 1798 4198 1856 4244; x_wconf 90' lang='lat' dir='ltr'><strong>ut</strong></span> <span class='ocrx_word' id='word_1_447' title='bbox 1882 4189 1976 4244; x_wconf 88' lang='lat' dir='ltr'><strong>tibi</strong></span> <span class='ocrx_word' id='word_1_448' title='bbox 2009 4189 2179 4244; x_wconf 87' lang='lat' dir='ltr'><strong>sacri-</strong></span> 
     </span>
    </p>
   </div>
   <div class='ocr_carea' id='block_1_59' title="bbox 592 4264 2177 4350">
    <p class='ocr_par' dir='ltr' id='par_1_59' title="bbox 592 4264 2177 4350">
     <span class='ocr_line' id='line_1_59' title="bbox 592 4264 2177 4350; baseline -0.001 -16"><span class='ocrx_word' id='word_1_449' title='bbox 592 4277 749 4334; x_wconf 72' lang='lat' dir='ltr'><strong>ﬁcem</strong></span> <span class='ocrx_word' id='word_1_450' title='bbox 778 4293 959 4333; x_wconf 88' lang='lat' dir='ltr'><strong>meum</strong></span> <span class='ocrx_word' id='word_1_451' title='bbox 980 4278 1228 4350; x_wconf 74' lang='lat' dir='ltr'><strong>Spiritum</strong></span> <span class='ocrx_word' id='word_1_452' title='bbox 1254 4293 1376 4335; x_wconf 91' lang='lat' dir='ltr'><strong>cum</strong></span> <span class='ocrx_word' id='word_1_453' title='bbox 1401 4278 1659 4350; x_wconf 86' lang='lat' dir='ltr'><strong>patientia</strong></span> <span class='ocrx_word' id='word_1_454' title='bbox 1686 4264 2023 4343; x_wconf 88' lang='lat' dir='ltr'><strong>tribulatum,</strong></span> <span class='ocrx_word' id='word_1_455' title='bbox 2053 4293 2177 4332; x_wconf 91' lang='lat' dir='ltr'><strong>nam</strong></span> 
     </span>
    </p>
   </div>
   <div class='ocr_carea' id='block_1_60' title="bbox 591 4361 2176 4441">
    <p class='ocr_par' dir='ltr' id='par_1_60' title="bbox 591 4361 2176 4441">
     <span class='ocr_line' id='line_1_60' title="bbox 591 4361 2176 4441; baseline 0 -19"><span class='ocrx_word' id='word_1_456' title='bbox 591 4376 650 4422; x_wconf 79' lang='lat' dir='ltr'><strong>et</strong></span> <span class='ocrx_word' id='word_1_457' title='bbox 693 4384 784 4422; x_wconf 85' lang='lat' dir='ltr'><strong>cor</strong></span> <span class='ocrx_word' id='word_1_458' title='bbox 816 4369 1121 4435; x_wconf 79' lang='lat' dir='ltr'><strong>contritum,</strong></span> <span class='ocrx_word' id='word_1_459' title='bbox 1173 4370 1279 4426; x_wconf 90' lang='lat' dir='ltr'><strong>hoc</strong></span> <span class='ocrx_word' id='word_1_460' title='bbox 1328 4378 1415 4426; x_wconf 87' lang='lat' dir='ltr'><strong>est</strong></span> <span class='ocrx_word' id='word_1_461' title='bbox 1449 4385 1574 4426; x_wconf 88' lang='lat' dir='ltr'><strong>cum</strong></span> <span class='ocrx_word' id='word_1_462' title='bbox 1624 4361 1799 4441; x_wconf 87' lang='lat' dir='ltr'><strong>gratia</strong></span> <span class='ocrx_word' id='word_1_463' title='bbox 1859 4377 1946 4424; x_wconf 88' lang='lat' dir='ltr'><strong>tua</strong></span> <span class='ocrx_word' id='word_1_464' title='bbox 1988 4368 2176 4424; x_wconf 91' lang='lat' dir='ltr'><strong>tritum</strong></span> 
     </span>
    </p>
   </div>
   <div class='ocr_carea' id='block_1_61' title="bbox 2292 1890 3876 1963">
    <p class='ocr_par' dir='ltr' id='par_1_61' title="bbox 2292 1890 3876 1963">
     <span class='ocr_line' id='line_1_61' title="bbox 2292 1890 3876 1963; baseline -0.001 -16"><span class='ocrx_word' id='word_1_465' title='bbox 2292 1893 2555 1948; x_wconf 77' lang='lat' dir='ltr'><strong>voluntate</strong></span> <span class='ocrx_word' id='word_1_466' title='bbox 2593 1902 2710 1956; x_wconf 85' lang='lat' dir='ltr'><strong>tua,</strong></span> <span class='ocrx_word' id='word_1_467' title='bbox 2744 1907 2848 1944; x_wconf 90' lang='lat' dir='ltr'><strong>non</strong></span> <span class='ocrx_word' id='word_1_468' title='bbox 2886 1890 2937 1944; x_wconf 91' lang='lat' dir='ltr'><strong>in</strong></span> <span class='ocrx_word' id='word_1_469' title='bbox 2994 1901 3207 1945; x_wconf 81' lang='lat' dir='ltr'><strong>mortua</strong></span> <span class='ocrx_word' id='word_1_470' title='bbox 3253 1890 3535 1947; x_wconf 78' lang='lat' dir='ltr'><strong>voluntate</strong></span> <span class='ocrx_word' id='word_1_471' title='bbox 3575 1908 3725 1957; x_wconf 80' lang='lat' dir='ltr'><strong>mea,</strong></span> <span class='ocrx_word' id='word_1_472' title='bbox 3771 1909 3876 1963; x_wconf 63' lang='lat' dir='ltr'><strong>quae</strong></span> 
     </span>
    </p>
   </div>
   <div class='ocr_carea' id='block_1_62' title="bbox 2293 1982 3874 2054">
    <p class='ocr_par' dir='ltr' id='par_1_62' title="bbox 2293 1982 3874 2054">
     <span class='ocr_line' id='line_1_62' title="bbox 2293 1982 3874 2054; baseline 0 -15"><span class='ocrx_word' id='word_1_473' title='bbox 2293 1984 2424 2040; x_wconf 90' lang='lat' dir='ltr'><strong>mihi</strong></span> <span class='ocrx_word' id='word_1_474' title='bbox 2461 1983 2695 2053; x_wconf 87' lang='lat' dir='ltr'><strong>adjacet,</strong></span> <span class='ocrx_word' id='word_1_475' title='bbox 2743 1984 2847 2038; x_wconf 88' lang='lat' dir='ltr'><strong>hoc</strong></span> <span class='ocrx_word' id='word_1_476' title='bbox 2900 1991 2983 2037; x_wconf 91' lang='lat' dir='ltr'><strong>est</strong></span> <span class='ocrx_word' id='word_1_477' title='bbox 3021 1984 3317 2054; x_wconf 81' lang='lat' dir='ltr'><strong>paralytica</strong></span> <span class='ocrx_word' id='word_1_478' title='bbox 3348 1982 3499 2052; x_wconf 86' lang='lat' dir='ltr'><strong>jacet</strong></span> <span class='ocrx_word' id='word_1_479' title='bbox 3538 1982 3704 2052; x_wconf 73' lang='lat' dir='ltr'><strong>juxta</strong></span> <span class='ocrx_word' id='word_1_480' title='bbox 3751 1986 3874 2039; x_wconf 82' lang='lat' dir='ltr'><strong>latus</strong></span> 
     </span>
    </p>
   </div>
   <div class='ocr_carea' id='block_1_63' title="bbox 2292 2060 3875 2146">
    <p class='ocr_par' dir='ltr' id='par_1_63' title="bbox 2292 2060 3875 2146">
     <span class='ocr_line' id='line_1_63' title="bbox 2292 2060 3875 2146; baseline -0.003 -15"><span class='ocrx_word' id='word_1_481' title='bbox 2292 2077 2486 2131; x_wconf 68' lang='lat' dir='ltr'><strong>animm</strong></span> <span class='ocrx_word' id='word_1_482' title='bbox 2521 2090 2673 2141; x_wconf 73' lang='lat' dir='ltr'><strong>mem,</strong></span> <span class='ocrx_word' id='word_1_483' title='bbox 2704 2074 2810 2140; x_wconf 89' lang='lat' dir='ltr'><strong>fac,</strong></span> <span class='ocrx_word' id='word_1_484' title='bbox 2845 2075 3090 2144; x_wconf 87' lang='lat' dir='ltr'><strong>inquam,</strong></span> <span class='ocrx_word' id='word_1_485' title='bbox 3125 2075 3372 2146; x_wconf 81' lang='lat' dir='ltr'><strong>benigne,</strong></span> <span class='ocrx_word' id='word_1_486' title='bbox 3424 2074 3683 2138; x_wconf 83' lang='lat' dir='ltr'><strong>Domine,</strong></span> <span class='ocrx_word' id='word_1_487' title='bbox 3734 2060 3875 2130; x_wconf 74' lang='lat' dir='ltr'><strong>dicta:</strong></span> 
     </span>
    </p>
   </div>
   <div class='ocr_carea' id='block_1_64' title="bbox 2293 2163 3868 2236">
    <p class='ocr_par' dir='ltr' id='par_1_64' title="bbox 2293 2163 3868 2236">
     <span class='ocr_line' id='line_1_64' title="bbox 2293 2163 3868 2236; baseline -0.002 -14"><span class='ocrx_word' id='word_1_488' title='bbox 2293 2165 2447 2232; x_wconf 90' lang='lat' dir='ltr'><strong>Sion,</strong></span> <span class='ocrx_word' id='word_1_489' title='bbox 2480 2179 2601 2235; x_wconf 71' lang='lat' dir='ltr'><strong>qua:</strong></span> <span class='ocrx_word' id='word_1_490' title='bbox 2615 2180 2680 2220; x_wconf 80' lang='lat' dir='ltr'><strong>ex</strong></span> <span class='ocrx_word' id='word_1_491' title='bbox 2707 2165 2790 2223; x_wconf 86' lang='lat' dir='ltr'><strong>iis.</strong></span> <span class='ocrx_word' id='word_1_492' title='bbox 2815 2180 2936 2234; x_wconf 83' lang='lat' dir='ltr'><strong>quae</strong></span> <span class='ocrx_word' id='word_1_493' title='bbox 2957 2174 3159 2235; x_wconf 88' lang='lat' dir='ltr'><strong>sperat,</strong></span> <span class='ocrx_word' id='word_1_494' title='bbox 3181 2164 3292 2235; x_wconf 88' lang='lat' dir='ltr'><strong>jam</strong></span> <span class='ocrx_word' id='word_1_495' title='bbox 3316 2163 3522 2236; x_wconf 87' lang='lat' dir='ltr'><strong>aliquid</strong></span> <span class='ocrx_word' id='word_1_496' title='bbox 3550 2164 3868 2236; x_wconf 70' lang='lat' dir='ltr'><strong>speculatur,</strong></span> 
     </span>
    </p>
   </div>
   <div class='ocr_carea' id='block_1_65' title="bbox 2290 2257 3869 2335">
    <p class='ocr_par' dir='ltr' id='par_1_65' title="bbox 2290 2257 3869 2335">
     <span class='ocr_line' id='line_1_65' title="bbox 2290 2257 3869 2335; baseline -0.003 -20"><span class='ocrx_word' id='word_1_497' title='bbox 2290 2267 2346 2315; x_wconf 91' lang='lat' dir='ltr'><strong>et</strong></span> <span class='ocrx_word' id='word_1_498' title='bbox 2376 2260 2427 2314; x_wconf 93' lang='lat' dir='ltr'><strong>in</strong></span> <span class='ocrx_word' id='word_1_499' title='bbox 2468 2259 2608 2314; x_wconf 89' lang='lat' dir='ltr'><strong>bona</strong></span> <span class='ocrx_word' id='word_1_500' title='bbox 2639 2257 2917 2313; x_wconf 89' lang='lat' dir='ltr'><strong>voluntate</strong></span> <span class='ocrx_word' id='word_1_501' title='bbox 2946 2258 3147 2317; x_wconf 79' lang='lat' dir='ltr'><strong>tuafac</strong></span> <span class='ocrx_word' id='word_1_502' title='bbox 3170 2258 3240 2320; x_wconf 89' lang='lat' dir='ltr'><strong>ei,</strong></span> <span class='ocrx_word' id='word_1_503' title='bbox 3275 2268 3337 2335; x_wconf 86' lang='lat' dir='ltr'><strong>ut</strong></span> <span class='ocrx_word' id='word_1_504' title='bbox 3359 2272 3460 2329; x_wconf 86' lang='lat' dir='ltr'><strong>ego</strong></span> <span class='ocrx_word' id='word_1_505' title='bbox 3487 2273 3714 2329; x_wconf 83' lang='lat' dir='ltr'><strong>semper</strong></span> <span class='ocrx_word' id='word_1_506' title='bbox 3740 2269 3869 2313; x_wconf 68' lang='lat' dir='ltr'><strong>tuan</strong></span> 
     </span>
    </p>
   </div>
   <div class='ocr_carea' id='block_1_66' title="bbox 2290 2347 3864 2425">
    <p class='ocr_par' dir='ltr' id='par_1_66' title="bbox 2290 2347 3864 2425">
     <span class='ocr_line' id='line_1_66' title="bbox 2290 2347 3864 2425; baseline -0.002 -21"><span class='ocrx_word' id='word_1_507' title='bbox 2290 2348 2518 2405; x_wconf 84' lang='lat' dir='ltr'><strong>habeam</strong></span> <span class='ocrx_word' id='word_1_508' title='bbox 2554 2350 2749 2418; x_wconf 87' lang='lat' dir='ltr'><strong>bonam</strong></span> <span class='ocrx_word' id='word_1_509' title='bbox 2799 2356 2855 2405; x_wconf 87' lang='lat' dir='ltr'><strong>et</strong></span> <span class='ocrx_word' id='word_1_510' title='bbox 2904 2347 3097 2403; x_wconf 88' lang='lat' dir='ltr'><strong>faciam</strong></span> <span class='ocrx_word' id='word_1_511' title='bbox 3133 2350 3492 2425; x_wconf 79' lang='lat' dir='ltr'><strong>voluntatem,</strong></span> <span class='ocrx_word' id='word_1_512' title='bbox 3552 2360 3610 2405; x_wconf 90' lang='lat' dir='ltr'><strong>et</strong></span> <span class='ocrx_word' id='word_1_513' title='bbox 3662 2351 3864 2419; x_wconf 81' lang='lat' dir='ltr'><strong>probem</strong></span> 
     </span>
    </p>
   </div>
   <div class='ocr_carea' id='block_1_67' title="bbox 2290 2441 3862 2515">
    <p class='ocr_par' dir='ltr' id='par_1_67' title="bbox 2290 2441 3862 2515">
     <span class='ocr_line' id='line_1_67' title="bbox 2290 2441 3862 2515; baseline -0.002 -18"><span class='ocrx_word' id='word_1_514' title='bbox 2290 2458 2411 2513; x_wconf 70' lang='lat' dir='ltr'><strong>qum</strong></span> <span class='ocrx_word' id='word_1_515' title='bbox 2440 2441 2774 2498; x_wconf 86' lang='lat' dir='ltr'><strong>sitvoluntas</strong></span> <span class='ocrx_word' id='word_1_516' title='bbox 2800 2450 2888 2496; x_wconf 88' lang='lat' dir='ltr'><strong>tua</strong></span> <span class='ocrx_word' id='word_1_517' title='bbox 2922 2444 3085 2506; x_wconf 90' lang='lat' dir='ltr'><strong>bona,</strong></span> <span class='ocrx_word' id='word_1_518' title='bbox 3117 2441 3482 2512; x_wconf 88' lang='lat' dir='ltr'><strong>bencplacens</strong></span> <span class='ocrx_word' id='word_1_519' title='bbox 3513 2451 3570 2497; x_wconf 87' lang='lat' dir='ltr'><strong>et</strong></span> <span class='ocrx_word' id='word_1_520' title='bbox 3605 2442 3862 2515; x_wconf 83' lang='lat' dir='ltr'><strong>perfecta:</strong></span> 
     </span>
    </p>
   </div>
   <div class='ocr_carea' id='block_1_68' title="bbox 2293 2531 3875 2603">
    <p class='ocr_par' dir='ltr' id='par_1_68' title="bbox 2293 2531 3875 2603">
     <span class='ocr_line' id='line_1_68' title="bbox 2293 2531 3875 2603; baseline -0.001 -14"><span class='ocrx_word' id='word_1_521' title='bbox 2293 2533 2433 2589; x_wconf 87' lang='lat' dir='ltr'><strong>bona</strong></span> <span class='ocrx_word' id='word_1_522' title='bbox 2458 2533 2512 2588; x_wconf 90' lang='lat' dir='ltr'><strong>in</strong></span> <span class='ocrx_word' id='word_1_523' title='bbox 2544 2543 2617 2598; x_wconf 88' lang='lat' dir='ltr'><strong>te,</strong></span> <span class='ocrx_word' id='word_1_524' title='bbox 2646 2534 2867 2602; x_wconf 89' lang='lat' dir='ltr'><strong>placens</strong></span> <span class='ocrx_word' id='word_1_525' title='bbox 2896 2533 2949 2589; x_wconf 91' lang='lat' dir='ltr'><strong>in</strong></span> <span class='ocrx_word' id='word_1_526' title='bbox 2970 2531 3272 2599; x_wconf 82' lang='lat' dir='ltr'><strong>atl‘eetihus,</strong></span> <span class='ocrx_word' id='word_1_527' title='bbox 3297 2533 3664 2603; x_wconf 85' lang='lat' dir='ltr'><strong>beneplaccns</strong></span> <span class='ocrx_word' id='word_1_528' title='bbox 3697 2532 3875 2588; x_wconf 87' lang='lat' dir='ltr'><strong>fruen-</strong></span> 
     </span>
    </p>
   </div>
   <div class='ocr_carea' id='block_1_69' title="bbox 2293 2621 3871 2696">
    <p class='ocr_par' dir='ltr' id='par_1_69' title="bbox 2293 2621 3871 2696">
     <span class='ocr_line' id='line_1_69' title="bbox 2293 2621 3871 2696; baseline 0 -18"><span class='ocrx_word' id='word_1_529' title='bbox 2293 2624 2457 2690; x_wconf 89' lang='lat' dir='ltr'><strong>tibus,</strong></span> <span class='ocrx_word' id='word_1_530' title='bbox 2486 2634 2539 2679; x_wconf 87' lang='lat' dir='ltr'><strong>et</strong></span> <span class='ocrx_word' id='word_1_531' title='bbox 2568 2625 2807 2695; x_wconf 88' lang='lat' dir='ltr'><strong>perfecta</strong></span> <span class='ocrx_word' id='word_1_532' title='bbox 2838 2621 3092 2694; x_wconf 84' lang='lat' dir='ltr'><strong>perfectis</strong></span> <span class='ocrx_word' id='word_1_533' title='bbox 3121 2635 3174 2679; x_wconf 89' lang='lat' dir='ltr'><strong>et</strong></span> <span class='ocrx_word' id='word_1_534' title='bbox 3207 2624 3338 2679; x_wconf 88' lang='lat' dir='ltr'><strong>nihil</strong></span> <span class='ocrx_word' id='word_1_535' title='bbox 3366 2624 3609 2696; x_wconf 76' lang='lat' dir='ltr'><strong>amplius</strong></span> <span class='ocrx_word' id='word_1_536' title='bbox 3638 2640 3871 2696; x_wconf 67' lang='lat' dir='ltr'><strong>quaren-</strong></span> 
     </span>
    </p>
   </div>
   <div class='ocr_carea' id='block_1_70' title="bbox 2291 2704 3944 2791">
    <p class='ocr_par' dir='ltr' id='par_1_70' title="bbox 2291 2704 3944 2791">
     <span class='ocr_line' id='line_1_70' title="bbox 2291 2704 3944 2791; baseline -0.002 -20"><span class='ocrx_word' id='word_1_537' title='bbox 2291 2717 2455 2785; x_wconf 74' lang='lat' dir='ltr'><strong>tibus.</strong></span> <span class='ocrx_word' id='word_1_538' title='bbox 2492 2708 2558 2771; x_wconf 78' lang='lat' dir='ltr'><strong>Et</strong></span> <span class='ocrx_word' id='word_1_539' title='bbox 2588 2733 2716 2773; x_wconf 87' lang='lat' dir='ltr'><strong>vcre</strong></span> <span class='ocrx_word' id='word_1_540' title='bbox 2763 2704 3023 2788; x_wconf 75' lang='lat' dir='ltr'><strong>benigne,</strong></span> <span class='ocrx_word' id='word_1_541' title='bbox 3064 2715 3312 2791; x_wconf 76' lang='lat' dir='ltr'><strong>Domine,</strong></span> <span class='ocrx_word' id='word_1_542' title='bbox 3366 2716 3412 2770; x_wconf 90' lang='lat' dir='ltr'><strong>si</strong></span> <span class='ocrx_word' id='word_1_543' title='bbox 3456 2732 3678 2772; x_wconf 87' lang='lat' dir='ltr'><strong>mecum</strong></span> <span class='ocrx_word' id='word_1_544' title='bbox 3708 2715 3873 2787; x_wconf 79' lang='lat' dir='ltr'><strong>egeris</strong></span> <span class='ocrx_word' id='word_1_545' title='bbox 3939 2738 3944 2743; x_wconf 59' lang='grc' dir='ltr'><em>η</em></span> 
     </span>
    </p>
   </div>
   <div class='ocr_carea' id='block_1_71' title="bbox 2290 2796 3876 2878">
    <p class='ocr_par' dir='ltr' id='par_1_71' title="bbox 2290 2796 3876 2878">
     <span class='ocr_line' id='line_1_71' title="bbox 2290 2796 3876 2878; baseline 0 -15"><span class='ocrx_word' id='word_1_546' title='bbox 2290 2808 2369 2864; x_wconf 90' lang='lat' dir='ltr'><strong>sic</strong></span> <span class='ocrx_word' id='word_1_547' title='bbox 2395 2802 2645 2878; x_wconf 83' lang='lat' dir='ltr'><strong>benigne,</strong></span> <span class='ocrx_word' id='word_1_548' title='bbox 2678 2796 2882 2872; x_wconf 68' lang='lat' dir='ltr'><strong>majora</strong></span> <span class='ocrx_word' id='word_1_549' title='bbox 2918 2817 2969 2862; x_wconf 87' lang='lat' dir='ltr'><strong>te</strong></span> <span class='ocrx_word' id='word_1_550' title='bbox 2995 2807 3210 2862; x_wconf 81' lang='lat' dir='ltr'><strong>dedisse</strong></span> <span class='ocrx_word' id='word_1_551' title='bbox 3252 2806 3387 2861; x_wconf 79' lang='lat' dir='ltr'><strong>mihi</strong></span> <span class='ocrx_word' id='word_1_552' title='bbox 3425 2809 3700 2863; x_wconf 81' lang='lat' dir='ltr'><strong>beneficia</strong></span> <span class='ocrx_word' id='word_1_553' title='bbox 3730 2824 3876 2878; x_wconf 82' lang='lat' dir='ltr'><strong>repu-</strong></span> 
     </span>
    </p>
   </div>
   <div class='ocr_carea' id='block_1_72' title="bbox 2294 2894 3877 2968">
    <p class='ocr_par' dir='ltr' id='par_1_72' title="bbox 2294 2894 3877 2968">
     <span class='ocr_line' id='line_1_72' title="bbox 2294 2894 3877 2968; baseline -0.001 -15"><span class='ocrx_word' id='word_1_554' title='bbox 2294 2899 2418 2953; x_wconf 85' lang='lat' dir='ltr'><strong>tabu</strong></span> <span class='ocrx_word' id='word_1_555' title='bbox 2437 2894 2598 2968; x_wconf 79' lang='lat' dir='ltr'><strong>quam</strong></span> <span class='ocrx_word' id='word_1_556' title='bbox 2640 2898 2683 2953; x_wconf 92' lang='lat' dir='ltr'><strong>si</strong></span> <span class='ocrx_word' id='word_1_557' title='bbox 2709 2912 2899 2952; x_wconf 84' lang='lat' dir='ltr'><strong>oumes</strong></span> <span class='ocrx_word' id='word_1_558' title='bbox 2948 2896 3266 2967; x_wconf 66' lang='lat' dir='ltr'><strong>[inubendas</strong></span> <span class='ocrx_word' id='word_1_559' title='bbox 3306 2911 3359 2951; x_wconf 85' lang='lat' dir='ltr'><strong>et</strong></span> <span class='ocrx_word' id='word_1_560' title='bbox 3386 2899 3693 2966; x_wconf 72' lang='lat' dir='ltr'><strong>dignitates</strong></span> <span class='ocrx_word' id='word_1_561' title='bbox 3724 2910 3877 2953; x_wconf 79' lang='lat' dir='ltr'><strong>tonus</strong></span> 
     </span>
    </p>
   </div>
   <div class='ocr_carea' id='block_1_73' title="bbox 2291 2984 3879 3071">
    <p class='ocr_par' dir='ltr' id='par_1_73' title="bbox 2291 2984 3879 3071">
     <span class='ocr_line' id='line_1_73' title="bbox 2291 2984 3879 3071; baseline -0.003 -24"><span class='ocrx_word' id='word_1_562' title='bbox 2291 2991 2576 3047; x_wconf 74' lang='lat' dir='ltr'><strong>militantis</strong></span> <span class='ocrx_word' id='word_1_563' title='bbox 2605 2984 2848 3045; x_wconf 63' lang='lat' dir='ltr'><strong>ecclesia;</strong></span> <span class='ocrx_word' id='word_1_564' title='bbox 2888 2989 3016 3042; x_wconf 91' lang='lat' dir='ltr'><strong>mihi</strong></span> <span class='ocrx_word' id='word_1_565' title='bbox 3050 2989 3231 3071; x_wconf 82' lang='lat' dir='ltr'><strong>dares.</strong></span> <span class='ocrx_word' id='word_1_566' title='bbox 3283 2988 3418 3043; x_wconf 83' lang='lat' dir='ltr'><strong>Nam</strong></span> <span class='ocrx_word' id='word_1_567' title='bbox 3460 2991 3576 3059; x_wconf 87' lang='lat' dir='ltr'><strong>ipsa</strong></span> <span class='ocrx_word' id='word_1_568' title='bbox 3608 2992 3758 3045; x_wconf 85' lang='lat' dir='ltr'><strong>bona</strong></span> <span class='ocrx_word' id='word_1_569' title='bbox 3792 3006 3879 3043; x_wconf 74' lang='lat' dir='ltr'><strong>ro-</strong></span> 
     </span>
    </p>
   </div>
   <div class='ocr_carea' id='block_1_74' title="bbox 2292 3082 3877 3154">
    <p class='ocr_par' dir='ltr' id='par_1_74' title="bbox 2292 3082 3877 3154">
     <span class='ocr_line' id='line_1_74' title="bbox 2292 3082 3877 3154; baseline -0.002 -13"><span class='ocrx_word' id='word_1_570' title='bbox 2292 3086 2470 3141; x_wconf 86' lang='lat' dir='ltr'><strong>lnntas</strong></span> <span class='ocrx_word' id='word_1_571' title='bbox 2516 3096 2629 3152; x_wconf 90' lang='lat' dir='ltr'><strong>tua,</strong></span> <span class='ocrx_word' id='word_1_572' title='bbox 2667 3085 2710 3141; x_wconf 88' lang='lat' dir='ltr'><strong>si</strong></span> <span class='ocrx_word' id='word_1_573' title='bbox 2744 3095 2798 3139; x_wconf 93' lang='lat' dir='ltr'><strong>tu</strong></span> <span class='ocrx_word' id='word_1_574' title='bbox 2844 3085 2986 3139; x_wconf 82' lang='lat' dir='ltr'><strong>Deus</strong></span> <span class='ocrx_word' id='word_1_575' title='bbox 3015 3099 3192 3147; x_wconf 87' lang='lat' dir='ltr'><strong>meus,</strong></span> <span class='ocrx_word' id='word_1_576' title='bbox 3226 3092 3285 3137; x_wconf 92' lang='lat' dir='ltr'><strong>ut</strong></span> <span class='ocrx_word' id='word_1_577' title='bbox 3328 3092 3473 3154; x_wconf 86' lang='lat' dir='ltr'><strong>opto,</strong></span> <span class='ocrx_word' id='word_1_578' title='bbox 3511 3082 3877 3138; x_wconf 70' lang='lat' dir='ltr'><strong>dederiseam</strong></span> 
     </span>
    </p>
   </div>
   <div class='ocr_carea' id='block_1_75' title="bbox 2290 3176 3883 3247">
    <p class='ocr_par' dir='ltr' id='par_1_75' title="bbox 2290 3176 3883 3247">
     <span class='ocr_line' id='line_1_75' title="bbox 2290 3176 3883 3247; baseline -0.004 -12"><span class='ocrx_word' id='word_1_579' title='bbox 2290 3178 2443 3245; x_wconf 87' lang='lat' dir='ltr'><strong>mihi,</strong></span> <span class='ocrx_word' id='word_1_580' title='bbox 2468 3177 2667 3233; x_wconf 88' lang='lat' dir='ltr'><strong>dictam</strong></span> <span class='ocrx_word' id='word_1_581' title='bbox 2714 3192 2887 3233; x_wconf 83' lang='lat' dir='ltr'><strong>meam</strong></span> <span class='ocrx_word' id='word_1_582' title='bbox 2929 3176 3058 3232; x_wconf 87' lang='lat' dir='ltr'><strong>Sion</strong></span> <span class='ocrx_word' id='word_1_583' title='bbox 3106 3191 3213 3230; x_wconf 92' lang='lat' dir='ltr'><strong>non</strong></span> <span class='ocrx_word' id='word_1_584' title='bbox 3251 3176 3587 3247; x_wconf 83' lang='lat' dir='ltr'><strong>permitteret</strong></span> <span class='ocrx_word' id='word_1_585' title='bbox 3614 3191 3686 3230; x_wconf 78' lang='lat' dir='ltr'><strong>ex</strong></span> <span class='ocrx_word' id='word_1_586' title='bbox 3724 3176 3883 3230; x_wconf 65' lang='lat' dir='ltr'><strong>taedio</strong></span> 
     </span>
    </p>
   </div>
   <div class='ocr_carea' id='block_1_76' title="bbox 2289 3266 3877 3337">
    <p class='ocr_par' dir='ltr' id='par_1_76' title="bbox 2289 3266 3877 3337">
     <span class='ocr_line' id='line_1_76' title="bbox 2289 3266 3877 3337; baseline -0.006 -11"><span class='ocrx_word' id='word_1_587' title='bbox 2289 3269 2620 3335; x_wconf 89' lang='lat' dir='ltr'><strong>dormitare;</strong></span> <span class='ocrx_word' id='word_1_588' title='bbox 2653 3269 2746 3323; x_wconf 89' lang='lat' dir='ltr'><strong>sed</strong></span> <span class='ocrx_word' id='word_1_589' title='bbox 2775 3283 2894 3322; x_wconf 88' lang='lat' dir='ltr'><strong>eam</strong></span> <span class='ocrx_word' id='word_1_590' title='bbox 2948 3267 3027 3323; x_wconf 91' lang='lat' dir='ltr'><strong>sic</strong></span> <span class='ocrx_word' id='word_1_591' title='bbox 3070 3266 3232 3322; x_wconf 86' lang='lat' dir='ltr'><strong>faciet</strong></span> <span class='ocrx_word' id='word_1_592' title='bbox 3256 3266 3461 3337; x_wconf 74' lang='lat' dir='ltr'><strong>iugiter</strong></span> <span class='ocrx_word' id='word_1_593' title='bbox 3505 3280 3674 3336; x_wconf 89' lang='lat' dir='ltr'><strong>super</strong></span> <span class='ocrx_word' id='word_1_594' title='bbox 3702 3277 3877 3322; x_wconf 84' lang='lat' dir='ltr'><strong>custo-</strong></span> 
     </span>
    </p>
   </div>
   <div class='ocr_carea' id='block_1_77' title="bbox 2289 3356 3871 3429">
    <p class='ocr_par' dir='ltr' id='par_1_77' title="bbox 2289 3356 3871 3429">
     <span class='ocr_line' id='line_1_77' title="bbox 2289 3356 3871 3429; baseline -0.006 -11"><span class='ocrx_word' id='word_1_595' title='bbox 2289 3362 2431 3419; x_wconf 89' lang='lat' dir='ltr'><strong>diam</strong></span> <span class='ocrx_word' id='word_1_596' title='bbox 2466 3377 2621 3417; x_wconf 88' lang='lat' dir='ltr'><strong>suam</strong></span> <span class='ocrx_word' id='word_1_597' title='bbox 2663 3369 2813 3415; x_wconf 88' lang='lat' dir='ltr'><strong>stare</strong></span> <span class='ocrx_word' id='word_1_598' title='bbox 2846 3377 2859 3414; x_wconf 89' lang='lat'><strong>:</strong></span> <span class='ocrx_word' id='word_1_599' title='bbox 2888 3359 3032 3429; x_wconf 88' lang='lat' dir='ltr'><strong>quod</strong></span> <span class='ocrx_word' id='word_1_600' title='bbox 3071 3358 3185 3428; x_wconf 91' lang='lat' dir='ltr'><strong>ipse</strong></span> <span class='ocrx_word' id='word_1_601' title='bbox 3231 3356 3524 3428; x_wconf 89' lang='lat' dir='ltr'><strong>speculans</strong></span> <span class='ocrx_word' id='word_1_602' title='bbox 3567 3356 3871 3428; x_wconf 74' lang='lat' dir='ltr'><strong>spirituales</strong></span> 
     </span>
    </p>
   </div>
   <div class='ocr_carea' id='block_1_78' title="bbox 2287 3449 3867 3510">
    <p class='ocr_par' dir='ltr' id='par_1_78' title="bbox 2287 3449 3867 3510">
     <span class='ocr_line' id='line_1_78' title="bbox 2287 3449 3867 3510; baseline -0.004 0"><span class='ocrx_word' id='word_1_603' title='bbox 2287 3454 2476 3510; x_wconf 85' lang='lat' dir='ltr'><strong>hostes</strong></span> <span class='ocrx_word' id='word_1_604' title='bbox 2503 3461 2692 3508; x_wconf 90' lang='lat' dir='ltr'><strong>contra</strong></span> <span class='ocrx_word' id='word_1_605' title='bbox 2724 3466 2900 3506; x_wconf 84' lang='lat' dir='ltr'><strong>meam</strong></span> <span class='ocrx_word' id='word_1_606' title='bbox 2940 3451 3256 3506; x_wconf 87' lang='lat' dir='ltr'><strong>interiorem</strong></span> <span class='ocrx_word' id='word_1_607' title='bbox 3292 3449 3641 3506; x_wconf 77' lang='lat' dir='ltr'><strong>Hierusalem</strong></span> <span class='ocrx_word' id='word_1_608' title='bbox 3676 3452 3867 3506; x_wconf 81' lang='lat' dir='ltr'><strong>irruen-</strong></span> 
     </span>
    </p>
   </div>
   <div class='ocr_carea' id='block_1_79' title="bbox 2288 3542 3867 3614">
    <p class='ocr_par' dir='ltr' id='par_1_79' title="bbox 2288 3542 3867 3614">
     <span class='ocr_line' id='line_1_79' title="bbox 2288 3542 3867 3614; baseline -0.005 -13"><span class='ocrx_word' id='word_1_609' title='bbox 2288 3554 2391 3610; x_wconf 86' lang='lat' dir='ltr'><strong>tes,</strong></span> <span class='ocrx_word' id='word_1_610' title='bbox 2415 3554 2471 3600; x_wconf 87' lang='lat' dir='ltr'><strong>et</strong></span> <span class='ocrx_word' id='word_1_611' title='bbox 2500 3545 2689 3599; x_wconf 88' lang='lat' dir='ltr'><strong>videns</strong></span> <span class='ocrx_word' id='word_1_612' title='bbox 2714 3544 2903 3598; x_wconf 88' lang='lat' dir='ltr'><strong>urbem</strong></span> <span class='ocrx_word' id='word_1_613' title='bbox 2928 3542 3099 3608; x_wconf 81' lang='lat' dir='ltr'><strong>illam,</strong></span> <span class='ocrx_word' id='word_1_614' title='bbox 3122 3558 3286 3613; x_wconf 88' lang='lat' dir='ltr'><strong>quam</strong></span> <span class='ocrx_word' id='word_1_615' title='bbox 3313 3554 3501 3597; x_wconf 81' lang='lat' dir='ltr'><strong>servat</strong></span> <span class='ocrx_word' id='word_1_616' title='bbox 3522 3545 3737 3614; x_wconf 85' lang='lat' dir='ltr'><strong>absque</strong></span> <span class='ocrx_word' id='word_1_617' title='bbox 3757 3556 3867 3595; x_wconf 82' lang='lat' dir='ltr'><strong>tnu-</strong></span> 
     </span>
    </p>
   </div>
   <div class='ocr_carea' id='block_1_80' title="bbox 2286 3635 3868 3706">
    <p class='ocr_par' dir='ltr' id='par_1_80' title="bbox 2286 3635 3868 3706">
     <span class='ocr_line' id='line_1_80' title="bbox 2286 3635 3868 3706; baseline -0.006 -12"><span class='ocrx_word' id='word_1_618' title='bbox 2286 3653 2472 3695; x_wconf 87' lang='lat' dir='ltr'><strong>rorum</strong></span> <span class='ocrx_word' id='word_1_619' title='bbox 2501 3638 2764 3693; x_wconf 84' lang='lat' dir='ltr'><strong>virtutum</strong></span> <span class='ocrx_word' id='word_1_620' title='bbox 2800 3635 3006 3691; x_wconf 87' lang='lat' dir='ltr'><strong>ambitu</strong></span> <span class='ocrx_word' id='word_1_621' title='bbox 3036 3645 3307 3706; x_wconf 86' lang='lat' dir='ltr'><strong>patentem</strong></span> <span class='ocrx_word' id='word_1_622' title='bbox 3340 3635 3588 3706; x_wconf 90' lang='lat' dir='ltr'><strong>undique</strong></span> <span class='ocrx_word' id='word_1_623' title='bbox 3629 3645 3688 3690; x_wconf 88' lang='lat' dir='ltr'><strong>et</strong></span> <span class='ocrx_word' id='word_1_624' title='bbox 3730 3649 3868 3705; x_wconf 78' lang='lat' dir='ltr'><strong>aper-</strong></span> 
     </span>
    </p>
   </div>
   <div class='ocr_carea' id='block_1_81' title="bbox 2287 3721 3870 3801">
    <p class='ocr_par' dir='ltr' id='par_1_81' title="bbox 2287 3721 3870 3801">
     <span class='ocr_line' id='line_1_81' title="bbox 2287 3721 3870 3801; baseline -0.007 -13"><span class='ocrx_word' id='word_1_625' title='bbox 2287 3743 2417 3799; x_wconf 77' lang='lat' dir='ltr'><strong>tam,</strong></span> <span class='ocrx_word' id='word_1_626' title='bbox 2446 3741 2627 3788; x_wconf 88' lang='lat' dir='ltr'><strong>tacere</strong></span> <span class='ocrx_word' id='word_1_627' title='bbox 2646 3747 2752 3787; x_wconf 85' lang='lat' dir='ltr'><strong>non</strong></span> <span class='ocrx_word' id='word_1_628' title='bbox 2778 3721 2978 3801; x_wconf 77' lang='lat' dir='ltr'><strong>poterit</strong></span> <span class='ocrx_word' id='word_1_629' title='bbox 3004 3738 3226 3800; x_wconf 92' lang='lat' dir='ltr'><strong>propter</strong></span> <span class='ocrx_word' id='word_1_630' title='bbox 3251 3728 3491 3799; x_wconf 86' lang='lat' dir='ltr'><strong>pericula</strong></span> <span class='ocrx_word' id='word_1_631' title='bbox 3512 3726 3870 3788; x_wconf 75' lang='lat' dir='ltr'><strong>imminentia,</strong></span> 
     </span>
    </p>
   </div>
   <div class='ocr_carea' id='block_1_82' title="bbox 2285 3815 3869 3894">
    <p class='ocr_par' dir='ltr' id='par_1_82' title="bbox 2285 3815 3869 3894">
     <span class='ocr_line' id='line_1_82' title="bbox 2285 3815 3869 3894; baseline -0.006 -17"><span class='ocrx_word' id='word_1_632' title='bbox 2285 3839 2407 3894; x_wconf 80' lang='lat' dir='ltr'><strong>quae</strong></span> <span class='ocrx_word' id='word_1_633' title='bbox 2436 3821 2658 3887; x_wconf 84' lang='lat' dir='ltr'><strong>videbit,</strong></span> <span class='ocrx_word' id='word_1_634' title='bbox 2702 3820 2833 3892; x_wconf 83' lang='lat' dir='ltr'><strong>quin</strong></span> <span class='ocrx_word' id='word_1_635' title='bbox 2879 3834 3092 3875; x_wconf 89' lang='lat' dir='ltr'><strong>mecum</strong></span> <span class='ocrx_word' id='word_1_636' title='bbox 3124 3819 3326 3875; x_wconf 87' lang='lat' dir='ltr'><strong>clamet</strong></span> <span class='ocrx_word' id='word_1_637' title='bbox 3353 3818 3407 3872; x_wconf 90' lang='lat' dir='ltr'><strong>in</strong></span> <span class='ocrx_word' id='word_1_638' title='bbox 3433 3818 3699 3883; x_wconf 81' lang='lat' dir='ltr'><strong>excelsis,</strong></span> <span class='ocrx_word' id='word_1_639' title='bbox 3724 3825 3770 3873; x_wconf 84' lang='lat' dir='ltr'><strong>et</strong></span> <span class='ocrx_word' id='word_1_640' title='bbox 3789 3815 3869 3869; x_wconf 80' lang='lat' dir='ltr'><strong>di-</strong></span> 
     </span>
    </p>
   </div>
   <div class='ocr_carea' id='block_1_83' title="bbox 2285 3907 3872 3983">
    <p class='ocr_par' dir='ltr' id='par_1_83' title="bbox 2285 3907 3872 3983">
     <span class='ocr_line' id='line_1_83' title="bbox 2285 3907 3872 3983; baseline -0.007 -15"><span class='ocrx_word' id='word_1_641' title='bbox 2285 3922 2412 3968; x_wconf 90' lang='lat' dir='ltr'><strong>cat:</strong></span> <span class='ocrx_word' id='word_1_642' title='bbox 2440 3912 2678 3983; x_wconf 80' lang='lat' dir='ltr'><strong>Benigne</strong></span> <span class='ocrx_word' id='word_1_643' title='bbox 2708 3908 2949 3975; x_wconf 85' lang='lat' dir='ltr'><strong>Domine,</strong></span> <span class='ocrx_word' id='word_1_644' title='bbox 2980 3909 3067 3980; x_wconf 82' lang='lat' dir='ltr'><strong>fac</strong></span> <span class='ocrx_word' id='word_1_645' title='bbox 3096 3909 3312 3979; x_wconf 80' lang='lat' dir='ltr'><strong>benigne</strong></span> <span class='ocrx_word' id='word_1_646' title='bbox 3337 3909 3391 3961; x_wconf 85' lang='lat' dir='ltr'><strong>in</strong></span> <span class='ocrx_word' id='word_1_647' title='bbox 3439 3908 3579 3961; x_wconf 84' lang='lat' dir='ltr'><strong>bona</strong></span> <span class='ocrx_word' id='word_1_648' title='bbox 3614 3907 3872 3961; x_wconf 72' lang='lat' dir='ltr'><strong>voluntate</strong></span> 
     </span>
    </p>
   </div>
   <div class='ocr_carea' id='block_1_84' title="bbox 2284 3998 3871 4071">
    <p class='ocr_par' dir='ltr' id='par_1_84' title="bbox 2284 3998 3871 4071">
     <span class='ocr_line' id='line_1_84' title="bbox 2284 3998 3871 4071; baseline -0.006 -13"><span class='ocrx_word' id='word_1_649' title='bbox 2284 4015 2376 4058; x_wconf 82' lang='lat' dir='ltr'><strong>tua</strong></span> <span class='ocrx_word' id='word_1_650' title='bbox 2421 4001 2567 4066; x_wconf 84' lang='lat' dir='ltr'><strong>Sion,</strong></span> <span class='ocrx_word' id='word_1_651' title='bbox 2612 4011 2667 4056; x_wconf 82' lang='lat' dir='ltr'><strong>ut</strong></span> <span class='ocrx_word' id='word_1_652' title='bbox 2697 4000 3028 4071; x_wconf 66' lang='lat' dir='ltr'><strong>mdiﬁcentur</strong></span> <span class='ocrx_word' id='word_1_653' title='bbox 3051 4002 3192 4055; x_wconf 79' lang='lat' dir='ltr'><strong>mu‘ri</strong></span> <span class='ocrx_word' id='word_1_654' title='bbox 3221 3998 3585 4062; x_wconf 79' lang='lat' dir='ltr'><strong>Hierusalem,</strong></span> <span class='ocrx_word' id='word_1_655' title='bbox 3617 4000 3754 4054; x_wconf 87' lang='lat' dir='ltr'><strong>illius</strong></span> <span class='ocrx_word' id='word_1_656' title='bbox 3770 3999 3871 4052; x_wconf 73' lang='lat' dir='ltr'><strong>sti-</strong></span> 
     </span>
    </p>
   </div>
   <div class='ocr_carea' id='block_1_85' title="bbox 2284 4089 3875 4162">
    <p class='ocr_par' dir='ltr' id='par_1_85' title="bbox 2284 4089 3875 4162">
     <span class='ocr_line' id='line_1_85' title="bbox 2284 4089 3875 4162; baseline -0.006 -11"><span class='ocrx_word' id='word_1_657' title='bbox 2284 4096 2409 4151; x_wconf 87' lang='lat' dir='ltr'><strong>licet</strong></span> <span class='ocrx_word' id='word_1_658' title='bbox 2434 4095 2707 4150; x_wconf 88' lang='lat' dir='ltr'><strong>interioris</strong></span> <span class='ocrx_word' id='word_1_659' title='bbox 2723 4089 3088 4158; x_wconf 76' lang='lat' dir='ltr'><strong>Hierusalem,</strong></span> <span class='ocrx_word' id='word_1_660' title='bbox 3114 4108 3235 4162; x_wconf 69' lang='lat' dir='ltr'><strong>qua:</strong></span> <span class='ocrx_word' id='word_1_661' title='bbox 3259 4100 3343 4146; x_wconf 88' lang='lat' dir='ltr'><strong>est</strong></span> <span class='ocrx_word' id='word_1_662' title='bbox 3371 4090 3557 4145; x_wconf 86' lang='lat' dir='ltr'><strong>anima</strong></span> <span class='ocrx_word' id='word_1_663' title='bbox 3588 4107 3731 4145; x_wconf 82' lang='lat' dir='ltr'><strong>mea.</strong></span> <span class='ocrx_word' id='word_1_664' title='bbox 3753 4089 3875 4143; x_wconf 65' lang='lat' dir='ltr'><strong>llaec</strong></span> 
     </span>
    </p>
   </div>
   <div class='ocr_carea' id='block_1_86' title="bbox 2283 4168 3872 4259">
    <p class='ocr_par' dir='ltr' id='par_1_86' title="bbox 2283 4168 3872 4259">
     <span class='ocr_line' id='line_1_86' title="bbox 2283 4168 3872 4259; baseline -0.007 -16"><span class='ocrx_word' id='word_1_665' title='bbox 2283 4197 2363 4243; x_wconf 89' lang='lat' dir='ltr'><strong>est</strong></span> <span class='ocrx_word' id='word_1_666' title='bbox 2389 4189 2531 4243; x_wconf 87' lang='lat' dir='ltr'><strong>enim</strong></span> <span class='ocrx_word' id='word_1_667' title='bbox 2574 4185 2661 4241; x_wconf 85' lang='lat' dir='ltr'><strong>illa</strong></span> <span class='ocrx_word' id='word_1_668' title='bbox 2692 4168 3049 4244; x_wconf 75' lang='lat' dir='ltr'><strong>Hierusalem,</strong></span> <span class='ocrx_word' id='word_1_669' title='bbox 3081 4182 3548 4259; x_wconf 66' lang='lat' dir='ltr'><strong>qua:,:editicatur</strong></span> <span class='ocrx_word' id='word_1_670' title='bbox 3574 4192 3635 4236; x_wconf 88' lang='lat' dir='ltr'><strong>nt</strong></span> <span class='ocrx_word' id='word_1_671' title='bbox 3662 4183 3872 4241; x_wconf 74' lang='lat' dir='ltr'><strong>civitas,</strong></span> 
     </span>
    </p>
   </div>
   <div class='ocr_carea' id='block_1_87' title="bbox 2282 4264 3877 4349">
    <p class='ocr_par' dir='ltr' id='par_1_87' title="bbox 2282 4264 3877 4349">
     <span class='ocr_line' id='line_1_87' title="bbox 2282 4264 3877 4349; baseline -0.006 -16"><span class='ocrx_word' id='word_1_672' title='bbox 2282 4294 2382 4349; x_wconf 86' lang='lat' dir='ltr'><strong>pro</strong></span> <span class='ocrx_word' id='word_1_673' title='bbox 2405 4294 2508 4349; x_wconf 89' lang='lat' dir='ltr'><strong>qua</strong></span> <span class='ocrx_word' id='word_1_674' title='bbox 2545 4276 2786 4348; x_wconf 88' lang='lat' dir='ltr'><strong>supplico</strong></span> <span class='ocrx_word' id='word_1_675' title='bbox 2821 4264 2916 4331; x_wconf 77' lang='lat' dir='ltr'><strong>tibi</strong></span> <span class='ocrx_word' id='word_1_676' title='bbox 2946 4277 3253 4330; x_wconf 85' lang='lat' dir='ltr'><strong>animarum</strong></span> <span class='ocrx_word' id='word_1_677' title='bbox 3285 4274 3685 4344; x_wconf 83' lang='lat' dir='ltr'><strong>benignissimo</strong></span> <span class='ocrx_word' id='word_1_678' title='bbox 3726 4289 3877 4326; x_wconf 73' lang='lat' dir='ltr'><strong>ama-</strong></span> 
     </span>
    </p>
   </div>
   <div class='ocr_carea' id='block_1_88' title="bbox 2283 4364 3874 4441">
    <p class='ocr_par' dir='ltr' id='par_1_88' title="bbox 2283 4364 3874 4441">
     <span class='ocr_line' id='line_1_88' title="bbox 2283 4364 3874 4441; baseline -0.008 -12"><span class='ocrx_word' id='word_1_679' title='bbox 2283 4373 2409 4429; x_wconf 85' lang='lat' dir='ltr'><strong>tori.</strong></span> <span class='ocrx_word' id='word_1_680' title='bbox 2444 4371 2570 4426; x_wconf 83' lang='lat' dir='ltr'><strong>Scio</strong></span> <span class='ocrx_word' id='word_1_681' title='bbox 2594 4371 2738 4425; x_wconf 88' lang='lat' dir='ltr'><strong>enim</strong></span> <span class='ocrx_word' id='word_1_682' title='bbox 2771 4369 2915 4441; x_wconf 90' lang='lat' dir='ltr'><strong>quod</strong></span> <span class='ocrx_word' id='word_1_683' title='bbox 2961 4369 3230 4440; x_wconf 87' lang='lat' dir='ltr'><strong>benignus</strong></span> <span class='ocrx_word' id='word_1_684' title='bbox 3264 4383 3344 4432; x_wconf 86' lang='lat' dir='ltr'><strong>es,</strong></span> <span class='ocrx_word' id='word_1_685' title='bbox 3385 4367 3642 4434; x_wconf 81' lang='lat' dir='ltr'><strong>Domine,</strong></span> <span class='ocrx_word' id='word_1_686' title='bbox 3664 4376 3719 4421; x_wconf 85' lang='lat' dir='ltr'><strong>et</strong></span> <span class='ocrx_word' id='word_1_687' title='bbox 3754 4364 3874 4434; x_wconf 78' lang='lat' dir='ltr'><strong>ph-</strong></span> 
     </span>
    </p>
   </div>
   <div class='ocr_carea' id='block_1_89' title="bbox 593 4457 3875 4541">
    <p class='ocr_par' dir='ltr' id='par_1_89' title="bbox 593 4457 3875 4541">
     <span class='ocr_line' id='line_1_89' title="bbox 593 4457 3875 4541; baseline -0.001 -30"><span class='ocrx_word' id='word_1_688' title='bbox 593 4458 677 4513; x_wconf 82' lang='lat' dir='ltr'><strong>vel</strong></span> <span class='ocrx_word' id='word_1_689' title='bbox 722 4460 993 4515; x_wconf 89' lang='lat' dir='ltr'><strong>strictum.</strong></span> <span class='ocrx_word' id='word_1_690' title='bbox 1038 4459 1188 4515; x_wconf 80' lang='lat' dir='ltr'><strong>Multi</strong></span> <span class='ocrx_word' id='word_1_691' title='bbox 1215 4461 1362 4516; x_wconf 89' lang='lat' dir='ltr'><strong>enim</strong></span> <span class='ocrx_word' id='word_1_692' title='bbox 1393 4462 1513 4517; x_wconf 80' lang='lat' dir='ltr'><strong>sine</strong></span> <span class='ocrx_word' id='word_1_693' title='bbox 1537 4462 1711 4532; x_wconf 86' lang='lat' dir='ltr'><strong>gratia</strong></span> <span class='ocrx_word' id='word_1_694' title='bbox 1749 4471 1864 4525; x_wconf 88' lang='lat' dir='ltr'><strong>tua,</strong></span> <span class='ocrx_word' id='word_1_695' title='bbox 1895 4462 2060 4524; x_wconf 87' lang='lat' dir='ltr'><strong>Deus,</strong></span> <span class='ocrx_word' id='word_1_696' title='bbox 2093 4460 2174 4515; x_wconf 88' lang='lat' dir='ltr'><strong>di-</strong></span> <span class='ocrx_word' id='word_1_697' title='bbox 2209 4473 2255 4532; x_wconf 77' lang='grc' dir='ltr'><strong>ι)</strong></span> <span class='ocrx_word' id='word_1_698' title='bbox 2282 4462 2471 4518; x_wconf 85' lang='lat' dir='ltr'><strong>cabilis</strong></span> <span class='ocrx_word' id='word_1_699' title='bbox 2503 4477 2666 4531; x_wconf 89' lang='lat' dir='ltr'><strong>super</strong></span> <span class='ocrx_word' id='word_1_700' title='bbox 2691 4460 2918 4541; x_wconf 89' lang='lat' dir='ltr'><strong>malitia,</strong></span> <span class='ocrx_word' id='word_1_701' title='bbox 2944 4468 3001 4515; x_wconf 90' lang='lat' dir='ltr'><strong>et</strong></span> <span class='ocrx_word' id='word_1_702' title='bbox 3026 4459 3168 4529; x_wconf 89' lang='lat' dir='ltr'><strong>quod</strong></span> <span class='ocrx_word' id='word_1_703' title='bbox 3194 4457 3424 4526; x_wconf 88' lang='lat' dir='ltr'><strong>benigna</strong></span> <span class='ocrx_word' id='word_1_704' title='bbox 3453 4466 3542 4512; x_wconf 83' lang='lat' dir='ltr'><strong>est</strong></span> <span class='ocrx_word' id='word_1_705' title='bbox 3570 4458 3875 4511; x_wconf 78' lang='lat' dir='ltr'><strong>misericor-</strong></span> 
     </span>
    </p>
   </div>
   <div class='ocr_carea' id='block_1_90' title="bbox 592 4548 2176 4607">
    <p class='ocr_par' dir='ltr' id='par_1_90' title="bbox 592 4548 2176 4607">
     <span class='ocr_line' id='line_1_90' title="bbox 592 4548 2176 4607; baseline 0.002 -4"><span class='ocrx_word' id='word_1_706' title='bbox 592 4550 764 4605; x_wconf 85' lang='lat' dir='ltr'><strong>versis</strong></span> <span class='ocrx_word' id='word_1_707' title='bbox 794 4548 1071 4606; x_wconf 88' lang='lat' dir='ltr'><strong>doloribus</strong></span> <span class='ocrx_word' id='word_1_708' title='bbox 1102 4559 1157 4606; x_wconf 85' lang='lat' dir='ltr'><strong>et</strong></span> <span class='ocrx_word' id='word_1_709' title='bbox 1198 4550 1654 4607; x_wconf 86' lang='lat' dir='ltr'><strong>sollicitudinibus</strong></span> <span class='ocrx_word' id='word_1_710' title='bbox 1685 4560 1934 4606; x_wconf 87' lang='lat' dir='ltr'><strong>teruntur</strong></span> <span class='ocrx_word' id='word_1_711' title='bbox 1965 4551 2019 4605; x_wconf 91' lang='lat' dir='ltr'><strong>in</strong></span> <span class='ocrx_word' id='word_1_712' title='bbox 2055 4566 2176 4606; x_wconf 91' lang='lat' dir='ltr'><strong>cor-</strong></span> 
     </span>
    </p>
   </div>
   <div class='ocr_carea' id='block_1_91' title="bbox 592 4641 2175 4713">
    <p class='ocr_par' dir='ltr' id='par_1_91' title="bbox 592 4641 2175 4713">
     <span class='ocr_line' id='line_1_91' title="bbox 592 4641 2175 4713; baseline 0 -15"><span class='ocrx_word' id='word_1_713' title='bbox 592 4641 751 4698; x_wconf 86' lang='lat' dir='ltr'><strong>dibus</strong></span> <span class='ocrx_word' id='word_1_714' title='bbox 770 4649 826 4697; x_wconf 91' lang='lat' dir='ltr'><strong>et</strong></span> <span class='ocrx_word' id='word_1_715' title='bbox 853 4641 1212 4713; x_wconf 84' lang='lat' dir='ltr'><strong>stringuntur,</strong></span> <span class='ocrx_word' id='word_1_716' title='bbox 1236 4651 1291 4698; x_wconf 87' lang='lat' dir='ltr'><strong>et</strong></span> <span class='ocrx_word' id='word_1_717' title='bbox 1320 4652 1502 4698; x_wconf 89' lang='lat' dir='ltr'><strong>tamen</strong></span> <span class='ocrx_word' id='word_1_718' title='bbox 1534 4642 1698 4699; x_wconf 90' lang='lat' dir='ltr'><strong>corda</strong></span> <span class='ocrx_word' id='word_1_719' title='bbox 1724 4657 1912 4697; x_wconf 91' lang='lat' dir='ltr'><strong>eorum</strong></span> <span class='ocrx_word' id='word_1_720' title='bbox 1942 4643 2175 4712; x_wconf 88' lang='lat' dir='ltr'><strong>despicis</strong></span> 
     </span>
    </p>
   </div>
   <div class='ocr_carea' id='block_1_92' title="bbox 590 4731 2178 4804">
    <p class='ocr_par' dir='ltr' id='par_1_92' title="bbox 590 4731 2178 4804">
     <span class='ocr_line' id='line_1_92' title="bbox 590 4731 2178 4804; baseline -0.001 -15"><span class='ocrx_word' id='word_1_721' title='bbox 590 4741 648 4789; x_wconf 84' lang='lat' dir='ltr'><strong>et</strong></span> <span class='ocrx_word' id='word_1_722' title='bbox 677 4732 1004 4800; x_wconf 88' lang='lat' dir='ltr'><strong>contemnis,</strong></span> <span class='ocrx_word' id='word_1_723' title='bbox 1049 4732 1176 4804; x_wconf 91' lang='lat' dir='ltr'><strong>quia</strong></span> <span class='ocrx_word' id='word_1_724' title='bbox 1226 4733 1484 4788; x_wconf 89' lang='lat' dir='ltr'><strong>contritio</strong></span> <span class='ocrx_word' id='word_1_725' title='bbox 1529 4744 1584 4788; x_wconf 89' lang='lat' dir='ltr'><strong>et</strong></span> <span class='ocrx_word' id='word_1_726' title='bbox 1630 4731 1922 4789; x_wconf 89' lang='lat' dir='ltr'><strong>infelicitas</strong></span> <span class='ocrx_word' id='word_1_727' title='bbox 1960 4732 2016 4787; x_wconf 91' lang='lat' dir='ltr'><strong>in</strong></span> <span class='ocrx_word' id='word_1_728' title='bbox 2070 4733 2178 4788; x_wconf 85' lang='lat' dir='ltr'><strong>viis</strong></span> 
     </span>
    </p>
   </div>
   <div class='ocr_carea' id='block_1_93' title="bbox 589 4823 2176 4897">
    <p class='ocr_par' dir='ltr' id='par_1_93' title="bbox 589 4823 2176 4897">
     <span class='ocr_line' id='line_1_93' title="bbox 589 4823 2176 4897; baseline -0.003 -15"><span class='ocrx_word' id='word_1_729' title='bbox 589 4840 801 4893; x_wconf 86' lang='lat' dir='ltr'><strong>eorum,</strong></span> <span class='ocrx_word' id='word_1_730' title='bbox 843 4833 902 4890; x_wconf 82' lang='lat' dir='ltr'><strong>et</strong></span> <span class='ocrx_word' id='word_1_731' title='bbox 942 4824 1064 4882; x_wconf 88' lang='lat' dir='ltr'><strong>ideo</strong></span> <span class='ocrx_word' id='word_1_732' title='bbox 1093 4840 1205 4897; x_wconf 73' lang='lat' dir='ltr'><strong>prze</strong></span> <span class='ocrx_word' id='word_1_733' title='bbox 1250 4824 1709 4880; x_wconf 89' lang='lat' dir='ltr'><strong>contribulatioae</strong></span> <span class='ocrx_word' id='word_1_734' title='bbox 1741 4825 1964 4896; x_wconf 89' lang='lat' dir='ltr'><strong>spiritus</strong></span> <span class='ocrx_word' id='word_1_735' title='bbox 2006 4823 2176 4878; x_wconf 81' lang='lat' dir='ltr'><strong>ulula-</strong></span> 
     </span>
    </p>
   </div>
   <div class='ocr_carea' id='block_1_94' title="bbox 587 4910 2171 4988">
    <p class='ocr_par' dir='ltr' id='par_1_94' title="bbox 587 4910 2171 4988">
     <span class='ocr_line' id='line_1_94' title="bbox 587 4910 2171 4988; baseline -0.001 -14"><span class='ocrx_word' id='word_1_736' title='bbox 587 4918 742 4974; x_wconf 89' lang='lat' dir='ltr'><strong>bunt.</strong></span> <span class='ocrx_word' id='word_1_737' title='bbox 772 4915 881 4973; x_wconf 84' lang='lat' dir='ltr'><strong>Cor</strong></span> <span class='ocrx_word' id='word_1_738' title='bbox 909 4926 1087 4974; x_wconf 79' lang='lat' dir='ltr'><strong>autem</strong></span> <span class='ocrx_word' id='word_1_739' title='bbox 1135 4916 1419 4972; x_wconf 81' lang='lat' dir='ltr'><strong>contritum</strong></span> <span class='ocrx_word' id='word_1_740' title='bbox 1458 4917 1777 4987; x_wconf 65' lang='lat' dir='ltr'><strong>poenitentia</strong></span> <span class='ocrx_word' id='word_1_741' title='bbox 1811 4919 1876 4973; x_wconf 89' lang='lat' dir='ltr'><strong>de</strong></span> <span class='ocrx_word' id='word_1_742' title='bbox 1915 4910 2171 4988; x_wconf 81' lang='lat' dir='ltr'><strong>peccatis,</strong></span> 
     </span>
    </p>
   </div>
   <div class='ocr_carea' id='block_1_95' title="bbox 584 5004 2177 5080">
    <p class='ocr_par' dir='ltr' id='par_1_95' title="bbox 584 5004 2177 5080">
     <span class='ocr_line' id='line_1_95' title="bbox 584 5004 2177 5080; baseline 0.003 -20"><span class='ocrx_word' id='word_1_743' title='bbox 584 5009 729 5079; x_wconf 86' lang='lat' dir='ltr'><strong>quod</strong></span> <span class='ocrx_word' id='word_1_744' title='bbox 758 5004 927 5063; x_wconf 72' lang='lat' dir='ltr'><strong>ludas</strong></span> <span class='ocrx_word' id='word_1_745' title='bbox 973 5007 1282 5064; x_wconf 80' lang='lat' dir='ltr'><strong>conmendo</strong></span> <span class='ocrx_word' id='word_1_746' title='bbox 1323 5015 1464 5073; x_wconf 83' lang='lat' dir='ltr'><strong>arat,</strong></span> <span class='ocrx_word' id='word_1_747' title='bbox 1507 5017 1561 5062; x_wconf 87' lang='lat' dir='ltr'><strong>et</strong></span> <span class='ocrx_word' id='word_1_748' title='bbox 1611 5007 1784 5063; x_wconf 82' lang='lat' dir='ltr'><strong>Jacob</strong></span> <span class='ocrx_word' id='word_1_749' title='bbox 1827 5010 2177 5080; x_wconf 88' lang='lat' dir='ltr'><strong>subsequitur</strong></span> 
     </span>
    </p>
   </div>
   <div class='ocr_carea' id='block_1_96' title="bbox 480 5098 2175 5172">
    <p class='ocr_par' dir='ltr' id='par_1_96' title="bbox 480 5098 2175 5172">
     <span class='ocr_line' id='line_1_96' title="bbox 480 5098 2175 5172; baseline 0.001 -17"><span class='ocrx_word' id='word_1_750' title='bbox 480 5124 487 5133; x_wconf 88' lang='lat'><strong>-</strong></span> <span class='ocrx_word' id='word_1_751' title='bbox 582 5098 859 5156; x_wconf 81' lang='lat' dir='ltr'><strong>sulcorum</strong></span> <span class='ocrx_word' id='word_1_752' title='bbox 912 5099 1168 5156; x_wconf 90' lang='lat' dir='ltr'><strong>duritiam</strong></span> <span class='ocrx_word' id='word_1_753' title='bbox 1224 5098 1579 5164; x_wconf 79' lang='lat' dir='ltr'><strong>conterenda,</strong></span> <span class='ocrx_word' id='word_1_754' title='bbox 1639 5098 1794 5170; x_wconf 86' lang='lat' dir='ltr'><strong>cujus</strong></span> <span class='ocrx_word' id='word_1_755' title='bbox 1840 5115 2036 5172; x_wconf 86' lang='lat' dir='ltr'><strong>magna</strong></span> <span class='ocrx_word' id='word_1_756' title='bbox 2087 5107 2175 5156; x_wconf 86' lang='lat' dir='ltr'><strong>est</strong></span> 
     </span>
    </p>
   </div>
   <div class='ocr_carea' id='block_1_97' title="bbox 584 5190 2173 5258">
    <p class='ocr_par' dir='ltr' id='par_1_97' title="bbox 584 5190 2173 5258">
     <span class='ocr_line' id='line_1_97' title="bbox 584 5190 2173 5258; baseline -0.001 -9"><span class='ocrx_word' id='word_1_757' title='bbox 584 5190 842 5249; x_wconf 85' lang='lat' dir='ltr'><strong>contritio</strong></span> <span class='ocrx_word' id='word_1_758' title='bbox 884 5192 1033 5247; x_wconf 83' lang='lat' dir='ltr'><strong>velut</strong></span> <span class='ocrx_word' id='word_1_759' title='bbox 1081 5205 1268 5258; x_wconf 88' lang='lat' dir='ltr'><strong>mare;</strong></span> <span class='ocrx_word' id='word_1_760' title='bbox 1306 5201 1356 5247; x_wconf 87' lang='lat' dir='ltr'><strong>et</strong></span> <span class='ocrx_word' id='word_1_761' title='bbox 1403 5190 1768 5257; x_wconf 84' lang='lat' dir='ltr'><strong>humiliatum,</strong></span> <span class='ocrx_word' id='word_1_762' title='bbox 1820 5207 1928 5247; x_wconf 92' lang='lat' dir='ltr'><strong>non</strong></span> <span class='ocrx_word' id='word_1_763' title='bbox 1968 5192 2173 5248; x_wconf 85' lang='lat' dir='ltr'><strong>elatum</strong></span> 
     </span>
    </p>
   </div>
   <div class='ocr_carea' id='block_1_98' title="bbox 583 5284 2171 5358">
    <p class='ocr_par' dir='ltr' id='par_1_98' title="bbox 583 5284 2171 5358">
     <span class='ocr_line' id='line_1_98' title="bbox 583 5284 2171 5358; baseline -0.001 -17"><span class='ocrx_word' id='word_1_764' title='bbox 583 5292 808 5358; x_wconf 84' lang='lat' dir='ltr'><strong>peccata</strong></span> <span class='ocrx_word' id='word_1_765' title='bbox 851 5286 1183 5353; x_wconf 84' lang='lat' dir='ltr'><strong>excusando,</strong></span> <span class='ocrx_word' id='word_1_766' title='bbox 1242 5284 1408 5351; x_wconf 77' lang='lat' dir='ltr'><strong>Deus,</strong></span> <span class='ocrx_word' id='word_1_767' title='bbox 1466 5300 1573 5339; x_wconf 84' lang='lat' dir='ltr'><strong>non</strong></span> <span class='ocrx_word' id='word_1_768' title='bbox 1622 5285 1894 5356; x_wconf 79' lang='lat' dir='ltr'><strong>despicies,</strong></span> <span class='ocrx_word' id='word_1_769' title='bbox 1931 5285 2024 5355; x_wconf 87' lang='lat' dir='ltr'><strong>qui</strong></span> <span class='ocrx_word' id='word_1_770' title='bbox 2064 5299 2171 5341; x_wconf 90' lang='lat' dir='ltr'><strong>non</strong></span> 
     </span>
    </p>
   </div>
   <div class='ocr_carea' id='block_1_99' title="bbox 583 5374 2172 5447">
    <p class='ocr_par' dir='ltr' id='par_1_99' title="bbox 583 5374 2172 5447">
     <span class='ocr_line' id='line_1_99' title="bbox 583 5374 2172 5447; baseline -0.001 -15"><span class='ocrx_word' id='word_1_771' title='bbox 583 5374 819 5447; x_wconf 85' lang='lat' dir='ltr'><strong>despicis</strong></span> <span class='ocrx_word' id='word_1_772' title='bbox 852 5374 1123 5447; x_wconf 90' lang='lat' dir='ltr'><strong>loquelam</strong></span> <span class='ocrx_word' id='word_1_773' title='bbox 1166 5375 1422 5447; x_wconf 79' lang='lat' dir='ltr'><strong>gemitus,</strong></span> <span class='ocrx_word' id='word_1_774' title='bbox 1470 5375 1565 5432; x_wconf 86' lang='lat' dir='ltr'><strong>sed</strong></span> <span class='ocrx_word' id='word_1_775' title='bbox 1597 5374 1821 5432; x_wconf 88' lang='lat' dir='ltr'><strong>humilia</strong></span> <span class='ocrx_word' id='word_1_776' title='bbox 1847 5375 2074 5447; x_wconf 89' lang='lat' dir='ltr'><strong>respicis</strong></span> <span class='ocrx_word' id='word_1_777' title='bbox 2115 5374 2172 5431; x_wconf 92' lang='lat' dir='ltr'><strong>in</strong></span> 
     </span>
    </p>
   </div>
   <div class='ocr_carea' id='block_1_100' title="bbox 506 5467 2165 5539">
    <p class='ocr_par' dir='ltr' id='par_1_100' title="bbox 506 5467 2165 5539">
     <span class='ocr_line' id='line_1_100' title="bbox 506 5467 2165 5539; baseline 0.001 -16"><span class='ocrx_word' id='word_1_778' title='bbox 506 5474 513 5479; x_wconf 83' lang='lat'>&#39;</span> <span class='ocrx_word' id='word_1_779' title='bbox 582 5467 725 5523; x_wconf 75' lang='lat' dir='ltr'><strong>cmlo</strong></span> <span class='ocrx_word' id='word_1_780' title='bbox 752 5477 807 5523; x_wconf 90' lang='lat' dir='ltr'><strong>et</strong></span> <span class='ocrx_word' id='word_1_781' title='bbox 842 5467 908 5521; x_wconf 83' lang='lat' dir='ltr'><strong>&#39;in</strong></span> <span class='ocrx_word' id='word_1_782' title='bbox 941 5476 1102 5522; x_wconf 86' lang='lat' dir='ltr'><strong>terra.</strong></span> <span class='ocrx_word' id='word_1_783' title='bbox 1140 5468 1223 5522; x_wconf 87' lang='lat' dir='ltr'><strong>Ad</strong></span> <span class='ocrx_word' id='word_1_784' title='bbox 1257 5482 1418 5538; x_wconf 87' lang='lat' dir='ltr'><strong>quem</strong></span> <span class='ocrx_word' id='word_1_785' title='bbox 1444 5482 1577 5539; x_wconf 85' lang='lat' dir='ltr'><strong>ergo</strong></span> <span class='ocrx_word' id='word_1_786' title='bbox 1617 5468 1897 5539; x_wconf 87' lang='lat' dir='ltr'><strong>respicies.</strong></span> <span class='ocrx_word' id='word_1_787' title='bbox 1922 5469 2165 5536; x_wconf 91' lang='lat' dir='ltr'><strong>domine,</strong></span> 
     </span>
    </p>
   </div>
   <div class='ocr_carea' id='block_1_101' title="bbox 585 5557 2171 5624">
    <p class='ocr_par' dir='ltr' id='par_1_101' title="bbox 585 5557 2171 5624">
     <span class='ocr_line' id='line_1_101' title="bbox 585 5557 2171 5624; baseline 0.002 -13"><span class='ocrx_word' id='word_1_788' title='bbox 585 5559 727 5614; x_wconf 87' lang='lat' dir='ltr'><strong>Deus</strong></span> <span class='ocrx_word' id='word_1_789' title='bbox 757 5572 930 5624; x_wconf 88' lang='lat' dir='ltr'><strong>meus,</strong></span> <span class='ocrx_word' id='word_1_790' title='bbox 978 5560 1083 5613; x_wconf 86' lang='lat' dir='ltr'><strong>nisi</strong></span> <span class='ocrx_word' id='word_1_791' title='bbox 1135 5558 1204 5613; x_wconf 84' lang='lat' dir='ltr'><strong>ad</strong></span> <span class='ocrx_word' id='word_1_792' title='bbox 1237 5557 1497 5614; x_wconf 85' lang='lat' dir='ltr'><strong>humilem</strong></span> <span class='ocrx_word' id='word_1_793' title='bbox 1540 5571 1595 5614; x_wconf 90' lang='lat' dir='ltr'><strong>et</strong></span> <span class='ocrx_word' id='word_1_794' title='bbox 1619 5560 1936 5623; x_wconf 88' lang='lat' dir='ltr'><strong>contritum,</strong></span> <span class='ocrx_word' id='word_1_795' title='bbox 1970 5571 2025 5615; x_wconf 88' lang='lat' dir='ltr'><strong>et</strong></span> <span class='ocrx_word' id='word_1_796' title='bbox 2059 5570 2171 5614; x_wconf 84' lang='lat' dir='ltr'><strong>tre-</strong></span> 
     </span>
    </p>
   </div>
   <div class='ocr_carea' id='block_1_102' title="bbox 584 5647 2172 5721">
    <p class='ocr_par' dir='ltr' id='par_1_102' title="bbox 584 5647 2172 5721">
     <span class='ocr_line' id='line_1_102' title="bbox 584 5647 2172 5721; baseline 0.002 -21"><span class='ocrx_word' id='word_1_797' title='bbox 584 5655 823 5707; x_wconf 82' lang='lat' dir='ltr'><strong>mentem</strong></span> <span class='ocrx_word' id='word_1_798' title='bbox 858 5661 1137 5703; x_wconf 88' lang='lat' dir='ltr'><strong>sermones</strong></span> <span class='ocrx_word' id='word_1_799' title='bbox 1179 5648 1338 5703; x_wconf 84' lang='lat' dir='ltr'><strong>tuos?</strong></span> <span class='ocrx_word' id='word_1_800' title='bbox 1380 5647 1488 5703; x_wconf 88' lang='lat' dir='ltr'><strong>Sed</strong></span> <span class='ocrx_word' id='word_1_801' title='bbox 1543 5657 1599 5704; x_wconf 89' lang='lat' dir='ltr'><strong>et</strong></span> <span class='ocrx_word' id='word_1_802' title='bbox 1646 5650 1827 5705; x_wconf 87' lang='lat' dir='ltr'><strong>anima</strong></span> <span class='ocrx_word' id='word_1_803' title='bbox 1868 5665 2010 5719; x_wconf 87' lang='lat' dir='ltr'><strong>mea,</strong></span> <span class='ocrx_word' id='word_1_804' title='bbox 2052 5665 2172 5721; x_wconf 85' lang='lat' dir='ltr'><strong>quae</strong></span> 
     </span>
    </p>
   </div>
   <div class='ocr_carea' id='block_1_103' title="bbox 589 5730 2171 5807">
    <p class='ocr_par' dir='ltr' id='par_1_103' title="bbox 589 5730 2171 5807">
     <span class='ocr_line' id='line_1_103' title="bbox 589 5730 2171 5807; baseline 0.002 -15"><span class='ocrx_word' id='word_1_805' title='bbox 589 5737 764 5792; x_wconf 77' lang='lat' dir='ltr'><strong>tristts</strong></span> <span class='ocrx_word' id='word_1_806' title='bbox 806 5744 889 5791; x_wconf 78' lang='lat' dir='ltr'><strong>est</strong></span> <span class='ocrx_word' id='word_1_807' title='bbox 940 5751 1104 5805; x_wconf 90' lang='lat' dir='ltr'><strong>super</strong></span> <span class='ocrx_word' id='word_1_808' title='bbox 1169 5730 1593 5807; x_wconf 78' lang='lat' dir='ltr'><strong>magnitudinem</strong></span> <span class='ocrx_word' id='word_1_809' title='bbox 1626 5740 1767 5794; x_wconf 84' lang='lat' dir='ltr'><strong>,mali</strong></span> <span class='ocrx_word' id='word_1_810' title='bbox 1817 5741 1925 5806; x_wconf 88' lang='lat' dir='ltr'><strong>sui,</strong></span> <span class='ocrx_word' id='word_1_811' title='bbox 1970 5740 2171 5795; x_wconf 88' lang='lat' dir='ltr'><strong>incedit</strong></span> 
     </span>
    </p>
   </div>
   <div class='ocr_carea' id='block_1_104' title="bbox 2281 4542 3878 4619">
    <p class='ocr_par' dir='ltr' id='par_1_104' title="bbox 2281 4542 3878 4619">
     <span class='ocr_line' id='line_1_104' title="bbox 2281 4542 3878 4619; baseline -0.008 -9"><span class='ocrx_word' id='word_1_812' title='bbox 2281 4554 2367 4610; x_wconf 86' lang='lat' dir='ltr'><strong>dia</strong></span> <span class='ocrx_word' id='word_1_813' title='bbox 2406 4564 2513 4616; x_wconf 90' lang='lat' dir='ltr'><strong>tua,</strong></span> <span class='ocrx_word' id='word_1_814' title='bbox 2552 4553 2781 4609; x_wconf 87' lang='lat' dir='ltr'><strong>Domine</strong></span> <span class='ocrx_word' id='word_1_815' title='bbox 2814 4560 2911 4607; x_wconf 87' lang='lat' dir='ltr'><strong>:et</strong></span> <span class='ocrx_word' id='word_1_816' title='bbox 2948 4542 3071 4607; x_wconf 85' lang='lat' dir='ltr'><strong>ideo</strong></span> <span class='ocrx_word' id='word_1_817' title='bbox 3117 4548 3206 4603; x_wconf 88' lang='lat' dir='ltr'><strong>fac</strong></span> <span class='ocrx_word' id='word_1_818' title='bbox 3264 4548 3521 4619; x_wconf 85' lang='lat' dir='ltr'><strong>benigne,</strong></span> <span class='ocrx_word' id='word_1_819' title='bbox 3548 4559 3604 4604; x_wconf 84' lang='lat' dir='ltr'><strong>ct</strong></span> <span class='ocrx_word' id='word_1_820' title='bbox 3644 4548 3697 4600; x_wconf 78' lang='lat' dir='ltr'><strong>in</strong></span> <span class='ocrx_word' id='word_1_821' title='bbox 3737 4546 3878 4599; x_wconf 70' lang='grc' dir='ltr'><strong>ιω</strong></span> 
     </span>
    </p>
   </div>
   <div class='ocr_carea' id='block_1_105' title="bbox 2280 4640 3876 4714">
    <p class='ocr_par' dir='ltr' id='par_1_105' title="bbox 2280 4640 3876 4714">
     <span class='ocr_line' id='line_1_105' title="bbox 2280 4640 3876 4714; baseline -0.008 -14"><span class='ocrx_word' id='word_1_822' title='bbox 2280 4646 2545 4701; x_wconf 76' lang='lat' dir='ltr'><strong>voluntate</strong></span> <span class='ocrx_word' id='word_1_823' title='bbox 2571 4656 2687 4711; x_wconf 86' lang='lat' dir='ltr'><strong>tua,</strong></span> <span class='ocrx_word' id='word_1_824' title='bbox 2713 4659 2876 4714; x_wconf 88' lang='lat' dir='ltr'><strong>quam</strong></span> <span class='ocrx_word' id='word_1_825' title='bbox 2907 4652 2999 4697; x_wconf 88' lang='lat' dir='ltr'><strong>tua</strong></span> <span class='ocrx_word' id='word_1_826' title='bbox 3027 4641 3333 4713; x_wconf 88' lang='lat' dir='ltr'><strong>benignitas</strong></span> <span class='ocrx_word' id='word_1_827' title='bbox 3364 4641 3558 4708; x_wconf 82' lang='lat' dir='ltr'><strong>gratis,</strong></span> <span class='ocrx_word' id='word_1_828' title='bbox 3588 4648 3641 4694; x_wconf 88' lang='lat' dir='ltr'><strong>et</strong></span> <span class='ocrx_word' id='word_1_829' title='bbox 3672 4640 3876 4704; x_wconf 76' lang='lat' dir='ltr'><strong>absque</strong></span> 
     </span>
    </p>
   </div>
   <div class='ocr_carea' id='block_1_106' title="bbox 2280 4730 3880 4802">
    <p class='ocr_par' dir='ltr' id='par_1_106' title="bbox 2280 4730 3880 4802">
     <span class='ocr_line' id='line_1_106' title="bbox 2280 4730 3880 4802; baseline -0.008 -10"><span class='ocrx_word' id='word_1_830' title='bbox 2280 4736 2660 4802; x_wconf 90' lang='lat' dir='ltr'><strong>meismeritis,</strong></span> <span class='ocrx_word' id='word_1_831' title='bbox 2694 4736 2824 4790; x_wconf 92' lang='lat' dir='ltr'><strong>mihi</strong></span> <span class='ocrx_word' id='word_1_832' title='bbox 2854 4733 3038 4800; x_wconf 88' lang='lat' dir='ltr'><strong>dabit;</strong></span> <span class='ocrx_word' id='word_1_833' title='bbox 3068 4744 3125 4787; x_wconf 92' lang='lat' dir='ltr'><strong>ut</strong></span> <span class='ocrx_word' id='word_1_834' title='bbox 3154 4732 3495 4787; x_wconf 63' lang='lat' dir='ltr'><strong>aediﬁcentur</strong></span> <span class='ocrx_word' id='word_1_835' title='bbox 3517 4730 3715 4784; x_wconf 73' lang='lat' dir='ltr'><strong>animzr</strong></span> <span class='ocrx_word' id='word_1_836' title='bbox 3736 4743 3880 4781; x_wconf 73' lang='lat' dir='ltr'><strong>mea:</strong></span> 
     </span>
    </p>
   </div>
   <div class='ocr_carea' id='block_1_107' title="bbox 2279 4821 3877 4895">
    <p class='ocr_par' dir='ltr' id='par_1_107' title="bbox 2279 4821 3877 4895">
     <span class='ocr_line' id='line_1_107' title="bbox 2279 4821 3877 4895; baseline -0.008 -15"><span class='ocrx_word' id='word_1_837' title='bbox 2279 4825 2442 4890; x_wconf 89' lang='lat' dir='ltr'><strong>muri,</strong></span> <span class='ocrx_word' id='word_1_838' title='bbox 2481 4825 2573 4895; x_wconf 89' lang='lat' dir='ltr'><strong>qui</strong></span> <span class='ocrx_word' id='word_1_839' title='bbox 2604 4822 2966 4879; x_wconf 52' lang='lat' dir='ltr'><strong>&#39;stabiliuntur</strong></span> <span class='ocrx_word' id='word_1_840' title='bbox 3009 4821 3403 4893; x_wconf 78' lang='lat' dir='ltr'><strong>principaliter,</strong></span> <span class='ocrx_word' id='word_1_841' title='bbox 3444 4827 3504 4873; x_wconf 87' lang='lat' dir='ltr'><strong>et</strong></span> <span class='ocrx_word' id='word_1_842' title='bbox 3538 4827 3877 4886; x_wconf 74' lang='lat' dir='ltr'><strong>consurgunt</strong></span> 
     </span>
    </p>
   </div>
   <div class='ocr_carea' id='block_1_108' title="bbox 2279 4906 3877 4984">
    <p class='ocr_par' dir='ltr' id='par_1_108' title="bbox 2279 4906 3877 4984">
     <span class='ocr_line' id='line_1_108' title="bbox 2279 4906 3877 4984; baseline -0.008 -13"><span class='ocrx_word' id='word_1_843' title='bbox 2279 4916 2346 4973; x_wconf 91' lang='lat' dir='ltr'><strong>de</strong></span> <span class='ocrx_word' id='word_1_844' title='bbox 2407 4916 2512 4971; x_wconf 85' lang='lat' dir='ltr'><strong>fide</strong></span> <span class='ocrx_word' id='word_1_845' title='bbox 2568 4915 2713 4980; x_wconf 88' lang='lat' dir='ltr'><strong>viva,</strong></span> <span class='ocrx_word' id='word_1_846' title='bbox 2760 4930 2856 4984; x_wconf 77' lang='lat' dir='ltr'><strong>Spe</strong></span> <span class='ocrx_word' id='word_1_847' title='bbox 2902 4921 3076 4978; x_wconf 87' lang='lat' dir='ltr'><strong>certa,</strong></span> <span class='ocrx_word' id='word_1_848' title='bbox 3116 4911 3383 4966; x_wconf 87' lang='lat' dir='ltr'><strong>cbaritate</strong></span> <span class='ocrx_word' id='word_1_849' title='bbox 3422 4925 3533 4963; x_wconf 87' lang='lat' dir='ltr'><strong>non</strong></span> <span class='ocrx_word' id='word_1_850' title='bbox 3585 4909 3730 4963; x_wconf 83' lang='lat' dir='ltr'><strong>ﬁcta.</strong></span> <span class='ocrx_word' id='word_1_851' title='bbox 3759 4906 3877 4962; x_wconf 66' lang='lat' dir='ltr'><strong>Fac</strong></span> 
     </span>
    </p>
   </div>
   <div class='ocr_carea' id='block_1_109' title="bbox 2277 4998 3877 5072">
    <p class='ocr_par' dir='ltr' id='par_1_109' title="bbox 2277 4998 3877 5072">
     <span class='ocr_line' id='line_1_109' title="bbox 2277 4998 3877 5072; baseline -0.006 -11"><span class='ocrx_word' id='word_1_852' title='bbox 2277 5007 2439 5061; x_wconf 87' lang='lat' dir='ltr'><strong>etiam</strong></span> <span class='ocrx_word' id='word_1_853' title='bbox 2488 5016 2546 5061; x_wconf 88' lang='lat' dir='ltr'><strong>ut</strong></span> <span class='ocrx_word' id='word_1_854' title='bbox 2573 5014 2628 5060; x_wconf 91' lang='lat' dir='ltr'><strong>et</strong></span> <span class='ocrx_word' id='word_1_855' title='bbox 2671 5005 2809 5059; x_wconf 90' lang='lat' dir='ltr'><strong>muri</strong></span> <span class='ocrx_word' id='word_1_856' title='bbox 2855 5002 3017 5072; x_wconf 87' lang='lat' dir='ltr'><strong>hujus</strong></span> <span class='ocrx_word' id='word_1_857' title='bbox 3061 5001 3349 5057; x_wconf 72' lang='lat' dir='ltr'><strong>mundana:</strong></span> <span class='ocrx_word' id='word_1_858' title='bbox 3396 4998 3658 5054; x_wconf 77' lang='lat' dir='ltr'><strong>Hiericho</strong></span> <span class='ocrx_word' id='word_1_859' title='bbox 3701 5000 3752 5052; x_wconf 92' lang='lat' dir='ltr'><strong>in</strong></span> <span class='ocrx_word' id='word_1_860' title='bbox 3780 5013 3877 5052; x_wconf 81' lang='lat' dir='ltr'><strong>me</strong></span> 
     </span>
    </p>
   </div>
   <div class='ocr_carea' id='block_1_110' title="bbox 2278 5092 3881 5164">
    <p class='ocr_par' dir='ltr' id='par_1_110' title="bbox 2278 5092 3881 5164">
     <span class='ocr_line' id='line_1_110' title="bbox 2278 5092 3881 5164; baseline -0.006 -11"><span class='ocrx_word' id='word_1_861' title='bbox 2278 5097 2523 5154; x_wconf 89' lang='lat' dir='ltr'><strong>funditus</strong></span> <span class='ocrx_word' id='word_1_862' title='bbox 2549 5097 2857 5161; x_wconf 89' lang='lat' dir='ltr'><strong>diruantur,</strong></span> <span class='ocrx_word' id='word_1_863' title='bbox 2888 5103 2944 5151; x_wconf 90' lang='lat' dir='ltr'><strong>et</strong></span> <span class='ocrx_word' id='word_1_864' title='bbox 2980 5108 3255 5164; x_wconf 87' lang='lat' dir='ltr'><strong>nunquam</strong></span> <span class='ocrx_word' id='word_1_865' title='bbox 3282 5092 3348 5146; x_wconf 87' lang='lat' dir='ltr'><strong>de</strong></span> <span class='ocrx_word' id='word_1_866' title='bbox 3374 5100 3585 5146; x_wconf 73' lang='lat' dir='ltr'><strong>caetero</strong></span> <span class='ocrx_word' id='word_1_867' title='bbox 3617 5106 3881 5160; x_wconf 57' lang='grc' dir='ltr'><strong>πέμπειν</strong></span> 
     </span>
    </p>
   </div>
   <div class='ocr_carea' id='block_1_111' title="bbox 2281 5182 3887 5256">
    <p class='ocr_par' dir='ltr' id='par_1_111' title="bbox 2281 5182 3887 5256">
     <span class='ocr_line' id='line_1_111' title="bbox 2281 5182 3887 5256; baseline -0.004 -13"><span class='ocrx_word' id='word_1_868' title='bbox 2281 5198 2386 5245; x_wconf 89' lang='lat' dir='ltr'><strong>tur.</strong></span> <span class='ocrx_word' id='word_1_869' title='bbox 2418 5188 2687 5256; x_wconf 82' lang='lat' dir='ltr'><strong>Quoniam</strong></span> <span class='ocrx_word' id='word_1_870' title='bbox 2723 5196 2803 5254; x_wconf 91' lang='lat' dir='ltr'><strong>tu,</strong></span> <span class='ocrx_word' id='word_1_871' title='bbox 2854 5186 3101 5251; x_wconf 87' lang='lat' dir='ltr'><strong>Domine,</strong></span> <span class='ocrx_word' id='word_1_872' title='bbox 3146 5200 3244 5255; x_wconf 90' lang='lat' dir='ltr'><strong>per</strong></span> <span class='ocrx_word' id='word_1_873' title='bbox 3272 5183 3437 5241; x_wconf 78' lang='lat' dir='ltr'><strong>Josu‘e</strong></span> <span class='ocrx_word' id='word_1_874' title='bbox 3467 5182 3887 5241; x_wconf 76' lang='lat' dir='ltr'><strong>maledictionis</strong></span> 
     </span>
    </p>
   </div>
   <div class='ocr_carea' id='block_1_112' title="bbox 2277 5276 3891 5354">
    <p class='ocr_par' dir='ltr' id='par_1_112' title="bbox 2277 5276 3891 5354">
     <span class='ocr_line' id='line_1_112' title="bbox 2277 5276 3891 5354; baseline -0.006 -14"><span class='ocrx_word' id='word_1_875' title='bbox 2277 5284 2604 5340; x_wconf 89' lang='lat' dir='ltr'><strong>sententiam</strong></span> <span class='ocrx_word' id='word_1_876' title='bbox 2648 5283 2920 5354; x_wconf 88' lang='lat' dir='ltr'><strong>protulisti</strong></span> <span class='ocrx_word' id='word_1_877' title='bbox 2966 5283 3019 5337; x_wconf 90' lang='lat' dir='ltr'><strong>in</strong></span> <span class='ocrx_word' id='word_1_878' title='bbox 3050 5295 3164 5346; x_wconf 86' lang='lat' dir='ltr'><strong>eos,</strong></span> <span class='ocrx_word' id='word_1_879' title='bbox 3196 5279 3290 5351; x_wconf 88' lang='lat' dir='ltr'><strong>qui</strong></span> <span class='ocrx_word' id='word_1_880' title='bbox 3331 5295 3517 5336; x_wconf 89' lang='lat' dir='ltr'><strong>muros</strong></span> <span class='ocrx_word' id='word_1_881' title='bbox 3554 5278 3715 5347; x_wconf 77' lang='lat' dir='ltr'><strong>hujus</strong></span> <span class='ocrx_word' id='word_1_882' title='bbox 3741 5276 3891 5332; x_wconf 53' lang='lat' dir='ltr'><strong>Hic»</strong></span> 
     </span>
    </p>
   </div>
   <div class='ocr_carea' id='block_1_113' title="bbox 2277 5369 3891 5445">
    <p class='ocr_par' dir='ltr' id='par_1_113' title="bbox 2277 5369 3891 5445">
     <span class='ocr_line' id='line_1_113' title="bbox 2277 5369 3891 5445; baseline -0.009 -13"><span class='ocrx_word' id='word_1_883' title='bbox 2277 5377 2427 5432; x_wconf 91' lang='lat' dir='ltr'><strong>richo</strong></span> <span class='ocrx_word' id='word_1_884' title='bbox 2474 5376 2805 5430; x_wconf 89' lang='lat' dir='ltr'><strong>suscitarent</strong></span> <span class='ocrx_word' id='word_1_885' title='bbox 2849 5392 2863 5428; x_wconf 90' lang='lat'><strong>:</strong></span> <span class='ocrx_word' id='word_1_886' title='bbox 2904 5372 3139 5428; x_wconf 76' lang='lat' dir='ltr'><strong>:edilicat</strong></span> <span class='ocrx_word' id='word_1_887' title='bbox 3180 5372 3326 5445; x_wconf 81' lang='lat' dir='ltr'><strong>enim</strong></span> <span class='ocrx_word' id='word_1_888' title='bbox 3371 5369 3623 5425; x_wconf 81' lang='lat' dir='ltr'><strong>diabolus</strong></span> <span class='ocrx_word' id='word_1_889' title='bbox 3676 5383 3891 5422; x_wconf 79' lang='lat' dir='ltr'><strong>muros</strong></span> 
     </span>
    </p>
   </div>
   <div class='ocr_carea' id='block_1_114' title="bbox 2277 5457 3894 5535">
    <p class='ocr_par' dir='ltr' id='par_1_114' title="bbox 2277 5457 3894 5535">
     <span class='ocr_line' id='line_1_114' title="bbox 2277 5457 3894 5535; baseline -0.007 -13"><span class='ocrx_word' id='word_1_890' title='bbox 2277 5468 2410 5523; x_wconf 78' lang='lat' dir='ltr'><strong>istos</strong></span> <span class='ocrx_word' id='word_1_891' title='bbox 2446 5466 2512 5520; x_wconf 87' lang='lat' dir='ltr'><strong>de</strong></span> <span class='ocrx_word' id='word_1_892' title='bbox 2558 5466 2672 5520; x_wconf 74' lang='lat' dir='ltr'><strong>lu‘to</strong></span> <span class='ocrx_word' id='word_1_893' title='bbox 2705 5464 3021 5535; x_wconf 85' lang='lat' dir='ltr'><strong>voluptatis,</strong></span> <span class='ocrx_word' id='word_1_894' title='bbox 3057 5461 3210 5532; x_wconf 83' lang='lat' dir='ltr'><strong>palea</strong></span> <span class='ocrx_word' id='word_1_895' title='bbox 3258 5461 3516 5517; x_wconf 79' lang='lat' dir='ltr'><strong>vanitatis</strong></span> <span class='ocrx_word' id='word_1_896' title='bbox 3580 5468 3636 5513; x_wconf 87' lang='lat' dir='ltr'><strong>et</strong></span> <span class='ocrx_word' id='word_1_897' title='bbox 3692 5457 3894 5511; x_wconf 75' lang='lat' dir='ltr'><strong>latere</strong></span> 
     </span>
    </p>
   </div>
   <div class='ocr_carea' id='block_1_115' title="bbox 2275 5554 2735 5629">
    <p class='ocr_par' dir='ltr' id='par_1_115' title="bbox 2275 5554 2735 5629">
     <span class='ocr_line' id='line_1_115' title="bbox 2275 5554 2735 5629; baseline 0 -16"><span class='ocrx_word' id='word_1_898' title='bbox 2275 5557 2606 5629; x_wconf 85' lang='lat' dir='ltr'><strong>cupiditatis.</strong></span> <span class='ocrx_word' id='word_1_899' title='bbox 2728 5554 2735 5555; x_wconf 22' lang='grc' dir='ltr'>ί</span> 
     </span>
    </p>
   </div>
   <div class='ocr_carea' id='block_1_116' title="bbox 2345 5642 3895 5720">
    <p class='ocr_par' dir='ltr' id='par_1_116' title="bbox 2345 5642 3895 5720">
     <span class='ocr_line' id='line_1_116' title="bbox 2345 5642 3895 5720; baseline -0.005 -15"><span class='ocrx_word' id='word_1_900' title='bbox 2345 5650 2432 5705; x_wconf 78' lang='lat'><strong>39.</strong></span> <span class='ocrx_word' id='word_1_901' title='bbox 2475 5651 2578 5705; x_wconf 82' lang='lat' dir='ltr'><strong>Per</strong></span> <span class='ocrx_word' id='word_1_902' title='bbox 2624 5660 2677 5705; x_wconf 91' lang='lat' dir='ltr'><strong>te</strong></span> <span class='ocrx_word' id='word_1_903' title='bbox 2732 5663 2882 5720; x_wconf 86' lang='lat' dir='ltr'><strong>ergo,</strong></span> <span class='ocrx_word' id='word_1_904' title='bbox 2932 5647 3180 5711; x_wconf 87' lang='lat' dir='ltr'><strong>Domine,</strong></span> <span class='ocrx_word' id='word_1_905' title='bbox 3213 5644 3353 5701; x_wconf 88' lang='lat' dir='ltr'><strong>tnuri</strong></span> <span class='ocrx_word' id='word_1_906' title='bbox 3400 5642 3559 5701; x_wconf 89' lang='lat' dir='ltr'><strong>istius</strong></span> <span class='ocrx_word' id='word_1_907' title='bbox 3610 5642 3895 5699; x_wconf 70' lang='lat' dir='ltr'><strong>lliecidno</strong></span> 
     </span>
    </p>
   </div>
   <div class='ocr_carea' id='block_1_117' title="bbox 2274 5733 3887 5801">
    <p class='ocr_par' dir='ltr' id='par_1_117' title="bbox 2274 5733 3887 5801">
     <span class='ocr_line' id='line_1_117' title="bbox 2274 5733 3887 5801; baseline -0.002 -7"><span class='ocrx_word' id='word_1_908' title='bbox 2274 5739 2626 5795; x_wconf 85' lang='lat' dir='ltr'><strong>destruantur</strong></span> <span class='ocrx_word' id='word_1_909' title='bbox 2655 5742 2708 5794; x_wconf 93' lang='lat' dir='ltr'><strong>in</strong></span> <span class='ocrx_word' id='word_1_910' title='bbox 2751 5755 2861 5801; x_wconf 85' lang='lat' dir='ltr'><strong>me.</strong></span> <span class='ocrx_word' id='word_1_911' title='bbox 2890 5748 2944 5794; x_wconf 90' lang='lat' dir='ltr'><strong>et</strong></span> <span class='ocrx_word' id='word_1_912' title='bbox 2988 5737 3326 5793; x_wconf 77' lang='lat' dir='ltr'><strong>tedificentur</strong></span> <span class='ocrx_word' id='word_1_913' title='bbox 3350 5738 3491 5792; x_wconf 84' lang='lat' dir='ltr'><strong>muri</strong></span> <span class='ocrx_word' id='word_1_914' title='bbox 3525 5733 3887 5791; x_wconf 69' lang='lat' dir='ltr'><strong>Hierusalem</strong></span> 
     </span>
    </p>
   </div>
  </div>
