4048 6288
202 402 294 458 8ί9

1244 387 1618 446 MEDiTATlO
1652 387 1719 442 lN
1759 385 1961 442 PSAL.
1996 380 2374 438 MlSEliERE.

3341 368 3449 426 εὖτ)

201 510 495 586 supradicti,
532 522 668 578 quos
697 505 800 562 nisi
835 513 888 559 tu
920 504 1034 574 ipse
1065 503 1441 566 aedificaveris,
1475 517 1527 556 in
1555 515 1754 554 vanum
1785 513 1835 560 Α
1862 505 2087 567 lensque
2115 497 2182 550 de
2209 501 2420 549 CUIICllS
2444 488 2554 543 suis
2592 484 2878 557 pecoribus
2901 482 3109 538 scilicet
3140 481 3443 553 corporali-

199 608 426 667 laborant
447 603 538 674 qui
564 617 657 657 eos
682 600 952 656 aedificare
973 607 1184 668 putant.
1211 598 1289 652 Tu
1315 597 1478 664 enim,
1510 595 1756 658 Domine,

199 702 331 760 sultis
375 713 432 753 es
469 695 560 765 qui
601 696 759 750 fidem
810 692 964 762 quasi
1017 690 1430 746 fundamentum
1483 703 1759 742 murorum

201 795 403 849 istorum
447 787 686 842 infundis
729 803 742 840 :
788 799 937 855 spem
1003 782 1168 836 veluti
1225 782 1485 850 parietem
1546 780 1756 850 erigis:

199 884 500 941 rharitatem
550 890 805 950 tanquam
849 876 1284 946 inexpugnabilia
1322 872 1759 945 propugnacula,

196 994 304 1052 quae
338 990 610 1044 nunquam
655 972 932 1035 excidunt,
978 969 1249 1026 construis
1291 976 1346 1023 et
1401 965 1635 1035 largiris.
1695 964 1762 1018 Et

195 1072 274 1129 hic
302 1080 382 1125 est
409 1065 838 1136 inexpugnabilis
866 1064 954 1119 ille
985 1079 1192 1129 murus,
1232 1077 1393 1134 quem
1425 1047 1520 1129 per
1563 1068 1634 1125 lc,
1669 1061 1760 1128 qui

192 1179 246 1219 es
269 1160 561 1217 :edilicator
587 1167 641 1213 et
666 1166 850 1212 custos
872 1155 1209 1210 Hierusalem
1224 1153 1461 1209 civitatis
1490 1167 1759 1220 superum,

190 1252 429 1310 aedificari
481 1250 791 1306 desiderant
847 1247 1116 1303 desideria
1168 1247 1346 1302 cordis
1392 1245 1522 1313 mei,
1555 1255 1610 1298 et
1651 1243 1764 1298 cla-

193 1355 328 1400 mant
371 1363 385 1398 :
437 1342 591 1397 Muro
623 1350 715 1396 tuo
776 1339 1179 1410 inexpugnabili
1229 1338 1594 1408 circumcinge
1641 1353 1760 1401 nos,

193 1437 421 1497 Domine,
462 1444 518 1488 et
571 1435 739 1488 armis
794 1443 903 1488 tua-
931 1431 1188 1501 potentiae
1217 1440 1440 1502 protege
1486 1445 1584 1484 nos
1614 1444 1758 1485 sem-

188 1545 294 1599 per.
332 1530 394 1596 Et
421 1529 526 1582 hoc
545 1536 650 1591 est,
675 1526 893 1580 domine
915 1524 1056 1579 Deus
1088 1539 1259 1588 meus,
1293 1521 1760 1592 pernecessarium

190 1619 329 1684 mihi,
363 1627 420 1672 nt
479 1619 533 1672 iu
579 1633 663 1672 me
697 1617 930 1672 aediﬁces
971 1616 1146 1670 dictos
1191 1631 1395 1670 muros.
1440 1615 1572 1668 Nam
1603 1621 1760 1667 antc-

189 1724 334 1776 quam
384 1707 636 1764 zcdificati
684 1707 902 1768 fuerint,
942 1714 1157 1780 gratum
1211 1721 1315 1760 non
1370 1691 1630 1773 accipies,
1674 1702 1762 1756 vel

188 1810 457 1870 acceptum
490 1800 555 1854 de
590 1798 840 1852 manibus
874 1797 1009 1852 meis
1040 1797 1366 1868 quidquam;
1400 1796 1492 1849 sed
1522 1794 1758 1848 :Pdifica-

187 1894 248 1947 tis
284 1891 515 1947 firmiter
551 1892 625 1958 in.
652 1907 768 1947 mea
797 1890 1043 1946 interiori
1078 1888 1416 1962 Hierusalem
1453 1887 1612 1942 dictis
1641 1903 1759 1941 mu-

186 1981 518 2054 ris(i’.,2l),
564 1994 688 2038 tunc
721 1982 1050 2051 acceptabis;
1103 1982 1228 2054 quia
1276 1987 1403 2035 ante
1431 1977 1766 2050 acceptabile

184 2088 281 2127 non
317 2074 546 2129 habebis
578 2072 893 2142 sacriﬁcium
932 2071 1178 2140 justitire,
1213 2071 1266 2123 in
1313 2084 1422 2136 quo
1461 2084 1559 2128 me.
1587 2069 1763 2137 ipsum

180 2165 380 2232 punies.
407 2164 528 2218 Tibi
558 2180 655 2236 per
681 2162 1060 2233 paenitentiam
1092 2150 1389 2215 victimabo
1417 2177 1430 2214 :
1465 2158 1592 2228 quid
1619 2159 1765 2213 enim

174 2255 390 2324 justius,
425 2272 592 2326 quam
639 2263 699 2309 ut
742 2254 879 2308 meis
917 2254 1123 2307 irascar
1157 2251 1535 2320 iniquitatibus
1560 2262 1613 2306 et
1641 2265 1768 2319 pec-

175 2350 328 2417 catis,
355 2359 414 2406 et
460 2364 623 2418 opera
663 2348 812 2418 justa
841 2347 1040 2402 faciam
1072 2363 1169 2418 per
1198 2347 1572 2416 pcenitentiam
1610 2354 1664 2400 et
1691 2345 1768 2398 la-

180 2443 464 2496 mentum?
492 2443 557 2497 Et
587 2455 715 2496 vere
745 2439 952 2510 justum
993 2448 1098 2501 est.
1123 2449 1182 2494 ut
1214 2440 1279 2494 de
1308 2438 1479 2493 veteri
1507 2439 1613 2493 vita
1644 2452 1764 2492 mea

176 2533 223 2586 iu
255 2548 458 2588 novam
512 2544 782 2588 transeam
814 2533 1001 2596 vitam,
1053 2540 1110 2585 ut
1148 2531 1419 2586 exstincto
1469 2529 1636 2584 veteri
1671 2531 1768 2582 ho-

183 2623 319 2679 mine
344 2638 446 2693 per
471 2624 869 2694 paenitentiam,
895 2623 950 2676 in
967 2625 1180 2691 rneipso
1205 2620 1768 2688 sacrificiumjustitite

181 2715 478 2774 secundum
518 2715 984 2781 regenerationem
1019 2714 1140 2767 novi
1173 2713 1406 2786 hominis
1438 2709 1530 2766 tibi
1561 2699 1778 2768 sacrifi-i

182 2821 291 2861 cem
324 2805 550 2866 domino
595 2805 704 2860 Deo
735 2819 883 2874 meo.‘
911 2804 1235 2876 Acceptabis
1266 2805 1431 2859 etiam
1463 2803 1767 2860 oblationes

182 2894 646 2968 eleemosynarum
677 2896 791 2963 tibi,
823 2897 1071 2957 Domine.
1097 2913 1124 2950 a
1160 2912 1246 2950 me
1286 2911 1382 2966 per
1413 2911 1607 2950 manus
1634 2911 1768 2965 pau-

183 3000 363 3060 perum
393 2985 728 3050 oblatarum,
773 2985 864 3055 qui
919 2993 1138 3055 reputas
1172 2986 1265 3040 tibi
1311 2984 1618 3054 specialiter
1647 2999 1776 3051 esse,

185 3078 398 3141 factum,
433 3079 582 3150 quod
611 3079 702 3133 uni
740 3095 804 3134 ex
845 3062 1104 3137 minimis.
1134 3094 1368 3148 quorum
1402 3078 1577 3149 angeli
1624 3093 1767 3133 sem-

184 3185 275 3238 per
300 3169 498 3248 faciem
538 3169 717 3224 Patris
748 3169 954 3231 vident,
988 3185 1016 3222 a
1057 3184 1142 3244 me
1177 3168 1432 3224 collatum
1487 3167 1651 3222 fuerit
1683 3167 1766 3223 vel

181 3260 437 3316 oblatum.
483 3261 604 3316 Non
647 3260 742 3314 flat
774 3259 890 3314 hmo
919 3258 1120 3313 oblatio
1147 3259 1211 3312 de
1239 3258 1445 3328 iniquo,
1464 3258 1566 3314 hoc
1593 3267 1676 3315 est
1703 3260 1770 3314 de

182 3351 314 3406 male
344 3352 623 3423 acquisito
651 3350 736 3405 vel
767 3349 909 3404 male
951 3357 1188 3404 retento.
1221 3349 1356 3416 Quia
1395 3358 1476 3414 tu,
1508 3350 1670 3414 Deus,
1703 3351 1770 3404 ad

182 3439 326 3506 Cain,
365 3451 422 3498 et
464 3443 593 3513 ejus
640 3456 868 3496 munera
919 3441 1188 3511 reSpicere
1243 3440 1489 3507 noluisti,
1525 3455 1591 3495 eo
1627 3439 1772 3510 quod

184 3533 273 3588 tibi
305 3550 474 3605 prava
517 3549 744 3588 munera
777 3531 1061 3588 offerebat.
1093 3530 1210 3586 Non
1260 3523 1487 3602 respicis
1520 3532 1573 3586 in
1623 3532 1774 3587 obla-

185 3623 418 3683 tionibus
458 3626 810 3696 iniquorum;
843 3625 938 3682 sed
969 3624 1091 3680 illas
1123 3613 1428 3681 oblationes
1454 3625 1645 3695 dignas
1676 3627 1770 3682 tibi

181 3727 391 3785 reputas
403 3729 460 3774 et
482 3725 764 3787 acceptas,
779 3733 900 3787 quae
922 3717 1056 3772 fiunt
1081 3719 1146 3773 de
1165 3703 1480 3774 substantia
1495 3719 1580 3773 illa
1605 3719 1770 3784 bona,

183 3808 327 3878 cujus
354 3825 465 3864 non
498 3817 592 3863 est
613 3817 894 3880 peccatum
925 3810 977 3863 in
1015 3810 1347 3865 conscientia
1379 3829 1391 3864 :
1419 3819 1474 3864 et
1498 3811 1597 3866 bas
1628 3827 1656 3865 a
1684 3801 1770 3866 me

184 3898 482 3956 oblationes
520 3912 619 3968 per
651 3897 964 3972 Sapientem
1012 3899 1268 3968 requiris,
1302 3899 1489 3954 dicens
1522 3917 1535 3953 :
1565 3898 1688 3966 Fili,
1727 3900 1774 3955 si

186 3987 365 4054 babes,
416 3991 566 4045 bene
600 3987 688 4044 fac
716 3998 914 4056 tecum,
954 3999 1009 4045 et
1046 3991 1159 4045 Deo
1201 3990 1392 4061 dignas
1417 3989 1551 4046 offer
1572 3992 1776 4064 gratias

181 4088 232 4134 et
261 4083 596 4152 oblationes.
1452 4153 1456 4156 ⁵

247 4173 339 4228 40.
385 4174 485 4246 (γ.
544 4171 664 4245 24.)
718 4172 864 4228 Tum:
906 4174 1072 4228 etiam
1123 4173 1416 4244 acceptabis
1445 4174 1774 4239 holocausta,

185 4277 296 4317 mea
323 4257 569 4338 scilicet,
612 4266 716 4320 hoc
755 4274 839 4318 est
871 4281 976 4319 non
1008 4265 1180 4320 solum
1211 4267 1277 4321 de
1300 4283 1442 4332 meo,
1471 4268 1566 4322 sed
1598 4267 1664 4322 de
1692 4283 1778 4323 tne

190 4363 294 4410 toto
323 4349 516 4422 facta;
545 4356 670 4430 ideo
715 4357 856 4428 quod
894 4358 1118 4427 spiritus
1144 4357 1353 4422 dolore,
1382 4367 1435 4412 et
1474 4372 1672 4427 corpus
1700 4357 1778 4412 la-

185 4442 309 4501 bore
339 4448 636 4509 afﬁciatur,
671 4456 727 4502 et
755 4448 937 4503 omnia
970 4433 1088 4503 mea
1131 4448 1389 4504 interiora
1420 4458 1475 4504 et
1500 4451 1777 4506 exteriora

1862 590 1983 653 bus,
2031 597 2086 642 et
2141 588 2206 642 de
2255 583 2562 640 volucribus
2607 577 2983 650 spiritualibus
3041 573 3344 644 purificatis
3390 583 3449 631 et

1865 683 2103 746 mundis,
2140 695 2303 750 super
2337 677 2510 732 altare
2540 673 2667 729 illud
2703 671 2795 726 tibi
2824 669 3018 725 obtulit
3046 668 3444 724 holocaustum.

1864 777 1990 832 Haac
2015 785 2100 830 est
2137 789 2227 828 ara
2271 769 2452 840 templi
2482 765 2652 823 sancti
2680 764 2776 831 tui,
2809 763 2952 834 quod
2985 777 3103 816 sum
3137 774 3265 830 ego;
3293 759 3446 830 juxta

1863 883 2024 939 quam
2063 873 2173 920 stat
2207 861 2429 932 angelus
2457 859 2522 913 ad
2559 856 2861 913 custodiam
2890 854 3199 924 deputatus,
3243 851 3449 906 habens

1865 955 2194 1014 thuribulum
2228 967 2451 1008 aureum
2502 949 2554 1004 in
2586 964 2748 1003 manu
2790 961 2906 1012 sua,
2957 953 3015 999 ut
3063 958 3185 999 cum
3227 943 3450 997 incenso

1864 1050 2035 1106 multo
2056 1047 2333 1101 orationes
2361 1050 2544 1098 coram
2577 1049 2648 1105 te,
2680 1039 2928 1101 Domine,
2961 1034 3106 1090 fusas
3130 1049 3251 1089 cum
3279 1032 3448 1103 lacry-

1865 1142 1966 1199 mis
1996 1143 2361 1210 repraesentet.
2398 1130 2512 1186 Hoc
2539 1139 2621 1184 est
2650 1129 2824 1182 altare
2855 1139 3152 1182 concavum
3180 1134 3232 1178 et
3266 1123 3444 1184 inane,

1864 1251 1893 1290 a
1919 1232 2130 1289 cunctis
2157 1228 2364 1285 scilicet
2394 1223 2624 1280 terrenis
2647 1219 2930 1276 affectibus
2956 1225 3273 1281 vacuatum,
3303 1213 3449 1284 quod

1866 1330 1958 1385 tibi
1999 1325 2114 1381 fieri
2142 1319 2466 1380 mundavisti
2505 1316 2568 1370 ad
2593 1313 2977 1386 imponendum
3004 1296 3217 1366 cineres
3246 1319 3448 1362 memo-

1864 1421 1960 1474 riae
2005 1428 2204 1472 nostra:
2255 1412 2474 1468 mentis.
2514 1409 2587 1463 De
2627 1407 2729 1462 hoc
2767 1403 2945 1470 altari,
2972 1399 3220 1457 amabilis
3252 1398 3448 1461 amice,

1863 1512 2017 1583 cujus
2043 1509 2224 1564 dicere
2267 1513 2353 1561 est
2384 1503 2582 1567 facere,
2632 1509 2686 1553 tu
2727 1497 2932 1561 dixisti,
2965 1504 3023 1550 ut
3075 1492 3217 1564 ignis
3247 1490 3452 1546 amoris

1866 1605 1940 1658 tui
1970 1616 2183 1671 semper
2208 1599 2262 1653 in
2309 1598 2412 1652 hoc
2458 1594 2613 1649 altari
2655 1593 2864 1657 ardeat,
2899 1603 3058 1660 quem
3087 1586 3328 1642 nutricet
3358 1599 3448 1639 sa-

1864 1694 2056 1751 cerdos
2079 1689 2371 1759 subiiciens
2402 1703 2499 1758 per
2545 1684 2784 1754 singulos
2815 1683 2929 1737 dies
2973 1679 3115 1750 ligna
3144 1675 3449 1732 desiderata

1865 1786 2044 1842 cordis
2076 1783 2201 1837 mei.
2233 1780 2333 1847 Qui
2383 1779 2559 1848 ignem
2611 1775 2771 1830 istum
2805 1773 2855 1826 in
2897 1781 3095 1826 terram
3125 1772 3362 1836 mittere,
3393 1775 3452 1821 ut

1868 1877 2073 1940 ardeat,
2102 1872 2331 1936 venisti,
2365 1869 2509 1932 veni,
2545 1876 2597 1922 et
2628 1867 2680 1921 in
2713 1865 2814 1920 hoc
2846 1862 3002 1918 altari
3033 1862 3214 1918 cordis
3237 1860 3342 1915 mei
3374 1859 3453 1914 tui

1869 1969 2072 2024 amoris
2098 1967 2276 2037 ignem
2307 1960 2564 2018 accende.

1936 2061 2031 2114 41.
2068 2057 2112 2113 0
2137 2069 2369 2112 summe
2419 2049 2673 2107 sacerdos
2719 2047 2770 2102 in
2807 2056 3095 2112 aeternum,
3125 2053 3180 2099 et
3208 2041 3449 2114 pontifex

1867 2153 2172 2209 futurorum
2218 2149 2512 2209 bonorum,
2539 2142 2664 2198 veni
2696 2149 2752 2196 et
2781 2139 2848 2194 ad
2881 2137 3227 2193 nutriendum
3270 2134 3452 2205 ignem

1870 2247 2052 2309 istum,
2092 2258 2159 2297 ne
2196 2238 2414 2295 deficiat
2470 2236 2521 2290 in
2560 2233 2709 2289 Sion.
2760 2229 2943 2286 Donec
2988 2220 3086 2283 fiat
3125 2224 3374 2282 caminus
3396 2223 3452 2279 in

1869 2336 1979 2402 illa,
2009 2349 2130 2404 quae
2155 2345 2370 2387 sursum
2401 2337 2483 2382 est
2512 2322 2846 2379 Hierusalem
2882 2328 3056 2376 matre
3089 2325 3297 2380 nostra,
3323 2315 3449 2370 sub-

1866 2429 1976 2500 jice
2006 2427 2150 2495 ligna
2192 2420 2464 2477 incentiva
2503 2424 2560 2472 et
2586 2413 2878 2470 nutrientia
2909 2411 3088 2482 ignem
3123 2410 3308 2464 istum.
3335 2404 3455 2462 Pri-

1870 2535 2016 2574 mum
2049 2515 2302 2570 videlicet
2352 2509 2718 2576 temetipsum,
2750 2505 2842 2576 qui
2869 2518 2929 2559 es
2965 2503 3032 2557 iis
3057 2501 3149 2573 qui
3177 2509 3230 2555 te
3260 2511 3459 2570 appre-

1870 2609 2135 2671 hendunt,
2164 2604 2366 2674 lignum
2409 2601 2565 2664 vitae;
2596 2598 2798 2667 lignum
2819 2635 2833 2659 ,
2873 2594 3115 2663 inquam,
3158 2590 3282 2643 vita:
3312 2587 3458 2660 posi-
3495 2623 3502 2628 -

1871 2711 1983 2753 tum
2019 2697 2070 2750 in
2101 2695 2277 2749 medio
2305 2689 2565 2762 paradisi,
2593 2695 2672 2752 ut,
2709 2701 2776 2742 ex
2805 2684 2952 2740 omni
2987 2691 3144 2752 parte
3173 2687 3456 2736 currentes

1775 2791 1780 2796 ’
1870 2791 1936 2846 ad
1970 2797 2044 2854 te,
2071 2785 2281 2859 possint
2311 2793 2362 2838 te
2408 2780 2814 2853 apprehendere
2842 2776 3008 2830 vitam
3038 2788 3191 2828 suam
3227 2779 3284 2826 et
3312 2771 3455 2825 vita-

1870 2898 1987 2937 rum
2017 2881 2204 2934 vitam.
2229 2876 2456 2946 Lignum
2477 2871 2640 2927 etiam
2660 2869 2783 2923 vitaz
2797 2864 3078 2938 proferens
3100 2878 3195 2934 per
3219 2860 3456 2937 singulos

1868 2988 2103 3036 menses,
2127 2977 2435 3025 nostrorum
2467 2963 2758 3019 affectuum
2791 2960 3001 3015 fructus
3037 2971 3163 3013 suos
3193 2953 3457 3011 excitatos

1867 3081 1966 3138 per
1987 3062 2339 3126 desiderium,
2360 3058 2720 3121 dulcissimos,
2760 3052 3142 3124 pacatissimos
3164 3057 3220 3106 et
3239 3063 3450 3113 suaves,

1795 3188 1841 3251 Ο
1870 3152 2064 3228 quibus
2091 3164 2403 3211 sanctorum
2428 3151 2621 3206 anima:
2643 3146 2957 3202 reﬁciuntur
2981 3143 3101 3198 sine
3139 3141 3372 3205 fastidio,
3402 3151 3458 3197 et

1873 3253 2146 3307 fruuntur.
2200 3245 2508 3302 Secundum
2554 3241 2758 3312 lignum
2813 3236 3020 3307 subjice.
3070 3233 3300 3289 vivifica:
3353 3243 3459 3287 tua:

1877 3344 2077 3409 crucis,
2109 3339 2251 3410 quod
2283 3347 2365 3393 est
2393 3335 2534 3390 istud
2578 3332 2732 3386 dulce
2763 3331 2988 3401 lignum,
3012 3342 3109 3397 per
3134 3325 3276 3394 quod
3304 3339 3463 3393 aqum

1875 3450 2076 3492 amarae
2113 3433 2166 3487 in
2198 3427 2532 3485 dulcedinem
2574 3431 2702 3477 sunt
2729 3432 3035 3482 conversae;
3062 3415 3262 3485 lignum
3295 3413 3459 3467 bene-

1875 3519 2100 3590 dictum,
2131 3538 2228 3594 per
2270 3519 2414 3590 quod
2460 3517 2603 3571 facta
2649 3521 2733 3568 est
2761 3509 2970 3581 justitia
2998 3509 3065 3562 de
3094 3505 3361 3577 maligno;
3390 3504 3457 3594 li-

1875 3635 2041 3698 gnum
2090 3590 2366 3686 esiguum,
2423 3609 2509 3666 cui
2561 3607 2746 3663 fideles
2794 3605 3042 3660 homines
3093 3615 3219 3657 suas
3249 3590 3459 3654 animas

1874 3689 2285 3773 commiserunt,
2337 3702 2583 3762 commisi
2631 3709 2687 3756 et
2732 3713 2832 3770 ego
2873 3711 3080 3760 meam;
3122 3693 3266 3763 quod
3304 3689 3461 3745 fidele

1876 3809 2156 3865 inventum
2190 3811 2297 3866 est,
2333 3814 2400 3854 eo
2423 3795 2565 3868 quod
2595 3793 2756 3850 salva:
2787 3792 2941 3846 factae
2977 3795 3100 3842 sunt
3129 3798 3322 3840 omnes
3353 3779 3462 3836 sal-

1875 3907 2015 3954 vatm
2064 3895 2260 3950 animae
2304 3904 2401 3960 per
2451 3889 2554 3942 hoe
2593 3885 2819 3955 lignum.
2851 3880 2978 3935 Haec
3030 3893 3158 3932 vero
3192 3884 3317 3931 sunt
3355 3875 3460 3929 duo

1879 3990 2042 4061 ligna,
2099 3986 2151 4039 in
2202 3981 2356 4036 altari
2409 3977 2588 4033 cordis
2639 3974 2744 4029 mei
2795 3969 3093 4027 nutrientia
3140 3967 3215 4021 tui
3258 3965 3461 4019 amoris

1880 4052 2056 4150 igvuem
2085 4074 2407 4132 salvificum.
2435 4067 2514 4122 Tu
2537 4081 2667 4136 ergo
2699 4063 2845 4120 solus
2867 4063 2986 4118 sine
3014 4057 3222 4130 peccati
3249 4052 3458 4110 macula

1879 4146 2133 4234 sacerdos
2155 4170 2206 4222 iu
2234 4163 2386 4220 altari
2403 4161 2585 4218 cordis
2615 4158 2719 4213 mei
2741 4171 2839 4228 per
2861 4151 3100 4223 singulos
3127 4149 3243 4204 dies
3257 4146 3462 4217 subjice

1879 4266 2021 4336 ligna
2055 4264 2178 4325 ista,
2229 4267 2286 4314 ut
2332 4267 2387 4313 et
2434 4271 2535 4326 ego
2565 4268 2687 4309 cum
2735 4249 2963 4306 muliere
3015 4253 3303 4315 sareptana
3344 4241 3462 4296 hate

1880 4358 2126 4430 colligam
2180 4354 2286 4409 duo
2335 4351 2504 4421 ligna,
2551 4355 2608 4402 et
2637 4343 2909 4416 ingrediar
2950 4341 3016 4396 ad
3050 4339 3221 4394 altare
3259 4336 3378 4400 Dei,
3407 4341 3461 4390 et

1881 4427 2078 4505 exinde
2113 4444 2305 4503 faciam
2355 4441 2486 4495 mihi
2536 4445 2588 4494 et
2638 4435 2768 4500 filio,
2814 4434 2919 4489 hoc
2957 4440 3042 4488 est
3073 4427 3287 4484 effectui
3316 4442 3459 4492 meo,

186 4537 302 4607 igne
327 4539 623 4596 charitatis
670 4537 1073 4594 inflammentur
1111 4539 1315 4610 pariter
1355 4549 1408 4595 et
1443 4548 1774 4596 crementur.
1810 4536 1854 4592 D
1881 4554 2072 4610 panem
2106 4535 2229 4590 vitae
2265 4542 2319 4588 et
2349 4528 2674 4594 intellectus,
2707 4534 2761 4580 ut
2791 4524 3139 4581 ccmedamus
3170 4528 3226 4575 et
3264 4518 3464 4574 moria-

183 4629 311 4687 Nam
341 4634 465 4690 base
494 4632 589 4689 illa
616 4647 738 4688 esse
759 4617 996 4704 intelligo
1017 4633 1359 4711 holocausta,
1382 4635 1448 4689 de
1472 4636 1668 4705 quibus
1697 4647 1776 4704 tu,

184 4719 430 4790 Domine,
486 4723 627 4780 mihi
652 4723 790 4780 dicis
820 4742 833 4778 :
862 4723 1186 4780 Holocausta
1219 4736 1400 4780 autem
1441 4734 1528 4780 tua
1565 4727 1618 4781 in
1650 4743 1779 4782 con-

185 4825 366 4878 spectu
433 4832 579 4886 meo
616 4825 744 4870 sunt
790 4831 1006 4887 semper
1045 4817 1401 4887 heneplacita.
1434 4827 1488 4872 et
1529 4829 1776 4888 accepta.

186 4904 479 4978 Postquam
512 4906 660 4962 enim
681 4950 684 4952 η
709 4906 764 4960 in
792 4923 878 4962 me
922 4907 1174 4963 aedificati
1223 4906 1424 4963 fuerint
1455 4909 1583 4964 dicti
1616 4912 1776 4978 muri,

187 5005 308 5053 tunc
336 5015 465 5054 cum
497 5000 703 5070 auxilio
724 4999 1059 5069 angelorum,
1076 5010 1130 5056 et
1157 5001 1382 5056 consilio
1404 5001 1777 5071 praelatorum,

186 5104 318 5144 uuos
376 5109 491 5147 una
549 5107 683 5164 cum.
729 5091 968 5162 perfecta
1006 5093 1136 5147 Sion
1173 5109 1338 5164 super
1379 5095 1553 5148 dictos
1594 5109 1780 5152 muros

185 5183 441 5246 constitui
495 5184 687 5255 vigiles
729 5195 783 5240 et
810 5186 1085 5251 custodes,
1125 5187 1318 5240 animae
1353 5202 1486 5242 meae
1515 5187 1657 5242 vires
1683 5188 1781 5240 im-

183 5284 371 5338 ponent
410 5292 577 5345 super
611 5275 782 5330 altare
809 5286 957 5331 tuum
983 5287 1038 5334 et
1075 5261 1277 5344 meum,
1308 5279 1452 5348 quod
1485 5288 1564 5341 tu,
1598 5279 1689 5348 qui
1721 5296 1780 5335 es

181 5374 430 5422 canimus
470 5368 717 5438 pontifex
748 5369 1054 5424 futurorum
1101 5371 1391 5430 bonorum,
1429 5370 1522 5424 tibi
1562 5371 1644 5425 vis
1669 5372 1781 5425 siu-

180 5456 447 5524 gulariter
499 5461 762 5526 dedicari,
793 5471 847 5517 et
888 5463 941 5517 in
969 5478 1075 5529 quo
1110 5463 1374 5532 Quidquid
1414 5463 1570 5527 boni,
1607 5465 1775 5518 devo-

180 5547 364 5617 tionis,
396 5560 455 5613 e,t
489 5552 696 5622 intimae
726 5555 1022 5610 dulcedinis
1067 5555 1263 5617 habeo,
1315 5569 1344 5608 a
1389 5555 1699 5628 telaccipio,
1726 5562 1782 5609 et

178 5642 273 5698 tibi
304 5643 510 5712 offero,
563 5655 620 5702 et
651 5656 703 5702 tu
740 5648 893 5704 mihi.
927 5647 1002 5702 De
1030 5664 1137 5719 quo
1185 5648 1341 5702 altari
1384 5648 1650 5717 sapientia
1688 5659 1779 5703 tua

178 5732 309 5788 dicit
343 5754 357 5789 :
394 5735 623 5792 Oblatio
649 5737 774 5808 justi
805 5740 1108 5810 impingunt
1132 5739 1322 5794 altare.
1359 5721 1470 5793 Hoc
1502 5748 1585 5793 est
1612 5739 1780 5794 altare

175 5826 316 5889 quizl
359 5826 478 5881 Noe
521 5826 623 5883 tibi
655 5829 942 5885 aedificavit
969 5830 1323 5900 spiritualitcr
1349 5831 1399 5886 iu
1427 5830 1622 5898 seipse,
1682 5830 1781 5882 tol~

1881 4605 2124 4686 iuur:et
2173 4642 2242 4682 ne
2288 4623 2602 4683 moriamur,
2655 4628 2713 4674 ut
2766 4605 3144 4672 videamuset
3180 4613 3466 4684 cognOsca.

1883 4740 2002 4779 mus
2043 4730 2095 4778 te
2130 4719 2303 4776 solum
2340 4717 2509 4771 Deum
2549 4714 2730 4768 vivum
2763 4721 2819 4765 et
2857 4701 3061 4773 verum,
3092 4714 3146 4760 et
3176 4719 3335 4776 quem
3370 4702 3466 4757 mi-

1882 4815 1998 4874 sisti
2024 4813 2207 4870 Jesum
2235 4810 2530 4866 Christum.
2563 4807 2737 4876 Super
2760 4807 2862 4859 hoc
2891 4801 3061 4857 altare
3092 4799 3467 4867 imposuerunt

1880 4921 2071 4961 omnes
2107 4904 2301 4958 animre
2347 4915 2479 4955 mea:
2511 4898 2656 4951 vires
2684 4895 2884 4950 vitulos
2912 4890 3217 4946 orationum
3257 4894 3312 4941 et
3346 4885 3465 4939 lau-

1882 5000 2029 5065 dum,
2062 4997 2357 5068 gratiarum
2396 4993 2667 5047 actionum
2710 4998 2765 5044 et
2791 4971 3254 5047 benedictionum,
3279 4977 3463 5036 chari-

1885 5095 2010 5147 tatis
2037 5101 2088 5146 et
2117 5089 2359 5151 honoris,
2396 5083 2728 5140 fortitudinis
2752 5090 2807 5136 et
2844 5078 3061 5134 virtutis
3092 5094 3106 5132 :
3141 5083 3197 5132 et
3241 5075 3320 5130 sic
3343 5073 3467 5130 red-

1883 5187 2004 5243 dam
2039 5185 2130 5239 tibi
2163 5181 2416 5252 quamdiu
2454 5178 2605 5231 fuero
2654 5190 2896 5230 meorum
2929 5173 3126 5228 vitulos
3177 5171 3462 5233 labiorum,

1883 5293 1912 5330 a
1941 5275 2070 5346 jugo
2119 5272 2324 5344 peccati
2368 5269 2624 5323 liberatos
2682 5277 2771 5319 tua
2816 5264 3016 5336 gratia,
3061 5273 3117 5317 et
3151 5262 3378 5317 solutas.
3400 5261 3470 5316 Et

1883 5370 2007 5444 quia
2057 5378 2109 5422 tu
2159 5382 2218 5421 es
2267 5363 2524 5418 Dominus
2579 5359 2864 5422 virtutum,
2902 5372 3000 5412 rex
3047 5370 3200 5411 meus
3239 5363 3295 5408 et
3324 5352 3467 5407 Deus

1885 5476 2057 5526 meus,
2121 5457 2242 5526 quia
2300 5455 2403 5508 alia
2458 5452 2646 5506 altaria
2698 5450 2871 5504 adhuc
2921 5448 3107 5511 habes,
3148 5445 3467 5516 suppliciter

1883 5547 2328 5619 omnipotentiam
2363 5555 2507 5598 tuam
2541 5558 2691 5613 rogo,
2718 5551 2776 5596 ut
2801 5539 2994 5608 jubeas
3025 5541 3141 5593 haec
3162 5536 3343 5591 omnia
3370 5526 3469 5591 an;

1887 5640 2083 5697 tedicta
2117 5637 2387 5704 (videlicet
2415 5633 2742 5689 sacrificium
2779 5631 3026 5702 justitiae,
3050 5629 3374 5693 oblationes,
3413 5628 3470 5683 et

1884 5735 2216 5795 holocausta,
2265 5740 2320 5785 et
2369 5727 2584 5798 vitulos)
2617 5731 2778 5798 Super
2814 5726 2983 5780 altare
3016 5723 3196 5779 cordis
3225 5722 3329 5778 mei
3369 5715 3469 5774 iui-'-

1886 5827 2056 5898 posita
2115 5822 2344 5894 perferri
2387 5838 2480 5893 per
2542 5836 2757 5876 manum
2822 5818 2996 5876 sancti
3047 5815 3356 5888 angeli‘tui
3413 5813 3476 5876 in,
