4048 6288
534 359 633 417 851

885 360 942 419 S.
978 360 1278 418 ANSELMI
1315 360 1665 418 CANTUAR.
1703 362 2022 419 ARCHIEP.
2064 362 2106 420 Ο

2210 404 2214 416 .
2275 363 2452 418 PARS
2487 363 2549 419 ιι.
2584 394 2654 404 -
2686 362 3054 420 ΡΑῐὶᾸΞΝΕΤ.
3094 362 3183 418 ET
3219 361 3465 420 ASCET.

3696 363 3811 421 852

470 475 484 483 ”
535 474 765 532 sublime
792 482 965 531 altare
995 487 1144 529 tuum
1183 476 1236 529 in
1266 483 1558 543 conspectu
1587 474 1783 529 divinae
1808 476 2108 545 majestatis
2136 475 2186 531 A
2212 490 2318 530 non
2370 486 2578 530 sancta.
2628 475 2709 530 Tu
2758 491 2818 530 es
2865 475 3009 530 enim
3067 490 3228 544 quem
3279 474 3428 530 Deus
3477 474 3647 531 Pater
3672 489 3809 533 ante

536 575 675 632 tuae;
714 566 800 620 ubi
845 577 927 620 est
954 565 1098 636 jugis
1150 565 1289 631 laus,
1320 564 1410 619 ubi
1454 566 1593 621 beati
1646 566 1738 636 qui
1782 567 2029 622 habitant
2056 568 2110 622 in

534 660 699 717 domo
728 668 838 724 tua,
883 658 1129 723 Domjue,
1156 658 1208 712 in
1240 658 1436 714 saecula
1468 657 1784 713 saeculorum
1819 658 2115 715 laudabunt

532 757 611 815 te,
637 750 705 804 ad
731 765 961 819 quorum
985 752 1322 805 consortium
1348 765 1447 805 nos
1469 749 1633 805 faciat
1652 750 1934 820 pervenire
1958 749 2115 806 Chri-

530 850 648 898 stus
671 839 829 899 Iesus
854 841 1023 897 Filius
1055 851 1179 901 tuus
1205 843 1471 898 Dominus
1493 850 1694 907 noster,
1720 842 1811 913 qui
1837 851 1922 897 est
1951 855 2115 912 super

531 933 715 990 omnia
744 934 886 989 Deus
916 934 1234 991 benedictus
1256 935 1316 989 in
1341 934 1559 990 saecula.

599 1025 690 1082 42.
715 1026 956 1097 Denique
982 1027 1110 1097 quia
1140 1034 1218 1095 te,
1254 1027 1503 1094 Domine,
1532 1026 1783 1092 faciente,
1812 1025 1903 1096 qui
1932 1025 2114 1080 omnia

528 1118 672 1175 bene
699 1119 855 1185 facis,
888 1120 1302 1176 invenitservus
1328 1129 1452 1175 tuus
1483 1127 1544 1174 ut
1575 1127 1760 1178 oraret
1790 1127 1842 1174 te
1864 1118 2113 1173 oratione

531 1209 658 1276 hac,
688 1211 810 1267 inde
843 1212 915 1267 sit
964 1211 1133 1281 gloria
1161 1212 1307 1267 Patri
1346 1211 1603 1282 ingenito,
1629 1210 1775 1266 Patri
1816 1211 1982 1268 futuri
2012 1226 2113 1266 sa:-

531 1301 660 1367 culi,
691 1302 839 1358 Patri
865 1318 1186 1375 pauperum,
1218 1302 1364 1358 Patri
1397 1303 1789 1373 orphanorum,
1835 1303 1981 1358 Patri
2012 1302 2115 1356 mi-

534 1393 974 1450 sericordiarum.
996 1395 1143 1450 Patri
1167 1396 1474 1465 spirituum,
1490 1393 1637 1448 Patri
1653 1393 1936 1458 luminum,
1961 1394 2110 1448 Patri

527 1487 696 1553 justo,
725 1484 874 1541 Patri
907 1493 1116 1552 sancto,
1148 1486 1239 1555 qui
1271 1486 1501 1558 proprio.
1522 1485 1660 1542 Filio
1698 1501 1805 1540 nou
1849 1485 2110 1555 pepercit,

530 1575 626 1630 sed
664 1590 764 1646 pro
804 1578 960 1635 nobis
988 1578 1242 1634 omnibus
1283 1579 1505 1634 tradidit
1544 1578 1712 1634 illum.
1768 1578 1870 1635 Hic
1898 1592 2026 1634 vere
2059 1586 2115 1633 et

530 1664 678 1723 solus
732 1675 817 1722 est
878 1668 1039 1724 Pater
1090 1678 1277 1725 noster
1314 1687 1328 1724 :
1366 1684 1396 1723 a
1449 1668 1646 1725 szeculo
1693 1684 1890 1724 nomen
1932 1683 2110 1722 suum.

530 1759 760 1815 Attende
784 1775 948 1832 ergo,
991 1760 1156 1817 Pater
1183 1772 1238 1817 et
1273 1763 1511 1827 domine,
1544 1762 1765 1817 attende
1796 1762 1863 1817 de
1892 1762 2030 1817 cmlo
2058 1769 2113 1815 et

532 1850 847 1909 habitacula
884 1863 1074 1910 sancto
1130 1863 1242 1920 tuo,
1297 1862 1353 1909 et
1405 1855 1472 1910 de
1521 1855 1655 1910 solio
1695 1854 1879 1925 gloriae
1907 1863 2030 1918 tuae,
2057 1862 2113 1909 et

530 1939 673 2007 vide,
706 1951 761 1998 et
793 1943 952 2001 visita
983 1945 1196 2000 vineam
1219 1946 1413 2001 anima:
1446 1960 1597 2011 meae,
1638 1946 1729 2016 qui
1766 1944 1819 2000 in
1844 1946 2112 2017 baptismo

525 2034 834 2105 plasmasti.
869 2035 970 2092 Ubi
1005 2045 1113 2103 est,
1141 2037 1389 2104 Domine,
1414 2036 1562 2093 zelus
1593 2045 1739 2099 tuus,
1764 2044 1822 2091 et
1851 2035 2112 2091 fortitudo

528 2142 674 2194 mea,
713 2129 806 2201 qui
851 2144 940 2186 me
987 2145 1093 2185 non
1135 2131 1420 2186 retrahunt
1455 2129 1719 2185 violenter
1758 2138 1814 2185 et
1842 2130 2054 2200 penitus
2080 2144 2109 2182 a

528 2219 793 2288 peccato?
853 2218 969 2274 Heu
1017 2220 1170 2284 mihi,
1227 2221 1479 2286 Domine,
1518 2219 1808 2275 multitudo
1840 2218 2113 2275 viscerum

528 2321 746 2368 tuorum
775 2313 1161 2367 continuerunt
1215 2328 1378 2382 super
1428 2328 1531 2371 me.
1583 2313 1764 2380 Quare
1794 2326 1881 2367 me
1922 2326 2112 2368 errare

526 2398 706 2457 fecisti
733 2401 799 2456 de
844 2402 947 2457 viis
992 2402 1124 2468 tuis,
1154 2402 1416 2458 indurasti
1460 2418 1556 2459 cor
1586 2418 1761 2458 meum
1797 2418 1866 2459 ne
1895 2404 2113 2463 timeret

529 2493 619 2554 te?
664 2492 733 2548 Et
771 2508 939 2561 nunc,
974 2494 1225 2562 Domine,
1272 2495 1434 2551 Pater
1460 2504 1649 2551 noster
1674 2509 1763 2561 es;
1788 2509 1978 2549 omnes
2012 2509 2118 2548 nos,

523 2586 699 2642 lutum
731 2605 745 2642 :
776 2587 951 2644 factor
968 2598 1156 2647 noster
1179 2605 1258 2655 es,
1285 2599 1340 2645 et
1364 2605 1529 2662 opera
1561 2606 1820 2647 manuum
1867 2599 2109 2655 tuarum,

528 2675 693 2745 Deus,
726 2692 917 2736 omnes
940 2695 1061 2737 nos.
1091 2679 1170 2736 Ne
1197 2681 1477 2749 irascaris,
1499 2680 1750 2750 Domine,
1780 2682 1933 2746 satis,
1966 2690 2021 2736 et
2042 2696 2111 2738 ne

524 2768 671 2824 ultra
725 2769 1039 2827 memineris
1083 2770 1428 2841 iniquitatum
1471 2785 1738 2825 mearum.
1778 2771 1916 2827 Ecce
1964 2771 2109 2826 enim

525 2859 715 2917 omnia
774 2860 1150 2915 desiderabilia
1218 2849 1543 2916 mea'versa
1603 2869 1730 2916 sunt
1786 2860 1840 2915 in
1900 2860 2105 2916 ruinas.

527 2952 801 3022 Numquid
832 2966 993 3023 super
1014 2953 1079 3008 iis
1107 2952 1412 3009 continebis
1433 2961 1507 3018 te,
1530 2951 1773 3016 Domine,
1807 2938 2037 3019 tacebis,
2057 2960 2113 3006 et

529 3041 736 3115 aflliges
756 3056 844 3097 me
866 3043 1218 3103 vehementer:
1235 3042 1258 3098 ?
1277 3041 1459 3109 Pater,
1491 3041 1709 3112 peccavi
1746 3041 1800 3097 in
1831 3040 2029 3097 ccelum
2056 3050 2112 3096 et

2149 1820 2192 1875 Β

2217 566 2498 624 luciferum
2540 569 2593 623 in
2619 568 2771 624 etelis
2800 569 2987 639 genuit
3016 568 3390 641 Unigenitum,
3416 576 3473 623 et
3505 568 3666 624 beata
3699 568 3811 623 lla-

2219 661 2300 714 ria
2334 659 2500 730 Virgo
2529 658 2658 715 felix
2680 658 2853 715 Mater
2881 670 2970 713 tua
3018 660 3072 714 in
3107 659 3269 714 terris
3288 658 3502 729 peperit
3530 659 3810 729 primoge-

2217 753 2416 817 nitum,
2463 762 2587 823 post
2614 767 2775 823 quem
2814 751 3040 807 nullum.
3078 750 3133 806 In
3161 749 3314 819 cujus
3344 749 3634 805 nativitate
3661 748 3811 805 facta

2216 851 2300 898 est
2350 841 2637 897 multitudo
2677 842 2918 898 etelestis
2953 841 3230 897 exercitus
3266 840 3613 896 laudantium
3644 850 3703 896 et
3725 841 3812 896 di-

2216 936 2454 991 centium
2484 952 2499 990 :
2532 935 2643 991 Deo
2668 935 2840 1008 gloria
2865 936 2919 990 in
2949 932 3202 990 excelsis.
3234 933 3302 988 Et
3327 932 3556 1001 Spiritui
3590 942 3813 998 sancto,

2216 1042 2324 1083 non
2376 1024 2541 1092 facto,
2591 1043 2696 1082 non
2741 1036 2948 1091 creato,
2989 1042 3097 1080 non
3122 1026 3327 1096 genito,
3365 1024 3461 1079 sed
3496 1039 3528 1078 a
3566 1022 3739 1079 Patre
3756 1033 3813 1079 et

2218 1118 2358 1176 Filio
2387 1119 2721 1190 procedenti,
2750 1118 2873 1190 'qui
2917 1116 3196 1174 ferebatur
3236 1116 3290 1172 in
3328 1116 3604 1187 principio
3648 1129 3817 1187 super

2217 1225 2425 1280 aquas:
2458 1210 2551 1281 qui
2592 1219 2677 1266 est
2726 1209 2871 1266 Deus
2918 1208 3209 1280 spirituum
3259 1206 3439 1263 omnis
3489 1216 3814 1262 creaturae:

2215 1304 2308 1374 qui
2363 1303 2575 1360 locutus
2624 1292 2710 1360 est
2766 1317 2865 1373 per
2927 1300 3218 1372 prephetas
3251 1318 3265 1353 :
3302 1300 3394 1369 qui
3437 1308 3526 1355 est
3583 1299 3817 1370 spiritus

2216 1396 2516 1464 sapientiae,
2549 1394 2919 1465 intelligentire
2940 1401 2994 1446 et
3006 1390 3220 1456 salutis,
3242 1390 3336 1461 qui
3363 1390 3597 1460 replevit
3620 1390 3816 1444 orbem

2219 1494 2484 1542 terrarum
2523 1505 2537 1541 :
2576 1487 2667 1557 qui
2699 1500 2796 1542 nos
2840 1483 2972 1540 facit
3013 1482 3307 1553 gemitibus
3344 1480 3817 1538 inenarrabilibus

2217 1578 2529 1648 postulare:
2563 1578 2654 1649 qui
2697 1575 2991 1648 discipulos
3028 1574 3122 1631 Dei
3149 1583 3204 1630 et
3230 1573 3443 1629 Domini
3473 1573 3657 1629 nostri
3686 1570 3813 1627 Jesu

2216 1668 2417 1725 Cbristi
2441 1685 2502 1726 se
2531 1669 2646 1740 ipso
2676 1668 2924 1739 replevit,
2958 1677 3014 1723 et
3042 1666 3096 1721 in
3126 1665 3326 1736 linguis
3352 1665 3527 1735 igneis
3555 1664 3815 1735 apparuit

2218 1777 2380 1833 super
2404 1776 2519 1818 eos.
2551 1761 2597 1818 0
2622 1759 2860 1831 Spiritus
2894 1765 3084 1815 sancte
3113 1757 3277 1823 Deus,
3310 1755 3404 1828 qui
3432 1770 3496 1817 es
3528 1755 3681 1827 ignis
3708 1769 3811 1809 non

2217 1869 2539 1912 consumens
2589 1853 2683 1910 sed
2735 1852 2940 1919 lucens,
2990 1865 3096 1906 non
3128 1848 3454 1905 comburens
3486 1848 3589 1904 sed
3620 1862 3809 1913 urens,

2215 1964 2312 2004 ιιι-ε
2337 1961 2496 2003 renes
2522 1961 2673 2002 meos
2716 1953 2772 2000 et
2815 1957 2912 2000 cor
2942 1957 3145 2008 meum,
3177 1950 3239 1996 ut
3272 1939 3368 1995 tibi
3397 1948 3555 1995 casto
3580 1953 3812 2008 corpore

2214 2041 2469 2105 serviam,
2516 2047 2574 2093 et
2612 2037 2858 2108 placeam
2895 2035 3097 2091 mundo
3127 2032 3312 2089 corde.
3344 2029 3390 2087 0
3427 2030 3573 2103 ignis
3606 2030 3807 2095 divine,

2213 2134 2304 2203 qui
2340 2146 2493 2188 amor
2519 2145 2580 2187 es
2609 2129 2867 2194 alliciens,
2911 2134 2968 2182 et
3001 2125 3165 2181 ardor
3192 2123 3535 2188 indeticieus,
3568 2121 3810 2177 charitas

2214 2226 2358 2281 Deus
2392 2238 2566 2289 meus,
2597 2220 2834 2278 accende
2878 2233 2987 2274 me.
3030 2215 3166 2283 Quis
3209 2214 3341 2270 mihi
3392 2214 3491 2268 det
3521 2221 3587 2267 ut
3625 2211 3805 2267 venias

2213 2318 2267 2373 in
2300 2331 2398 2372 cor
2424 2328 2625 2380 meum,
2653 2319 2708 2369 et
2734 2311 2973 2367 iuebries
3000 2304 3228 2374 illud,‘et
3247 2302 3602 2362 obliviscaris
3626 2301 3797 2358 omnia

2213 2405 2357 2463 mala
2402 2420 2545 2472 mea,
2590 2412 2647 2459 et
2687 2402 2989 2473 amplectar
3015 2413 3183 2454 unum
3209 2406 3265 2453 et
3294 2410 3579 2451 summum
3611 2394 3803 2449 bonum

2213 2512 2410 2560 meum,
2437 2496 2588 2567 quod
2609 2503 2663 2549 tu
2685 2493 2929 2557 es?Mihi,
2956 2490 3200 2556 Domine,
3221 2487 3511 2552 miserere,
3536 2493 3603 2541 ut
3625 2482 3808 2556 loquar

2212 2604 2337 2646 cum
2364 2587 2466 2644 sim
2496 2586 2671 2659 pulvis
2697 2592 2754 2641 et
2778 2584 2935 2640 cinis.
2962 2582 3096 2650 Quis
3125 2580 3223 2636 tibi
3252 2594 3375 2635 sum
3399 2593 3532 2649 ego,
3561 2575 3808 2632 utamari

2212 2697 2245 2738 a
2290 2695 2378 2736 me
2408 2689 2461 2736 te
2491 2677 2723 2749 iubeas;
2757 2685 2814 2732 et
2858 2675 2963 2731 nisi
3010 2673 3231 2738 faciam,
3270 2669 3539 2726 irascaris
3572 2669 3712 2724 mihi
3758 2677 3813 2724 et

2213 2772 2439 2829 mineris
2480 2771 2723 2841 ingentes
2772 2765 3061 2823 miserias?
3104 2763 3354 2819 Parvane
3417 2769 3508 2816 est
3586 2759 3812 2815 miseria

2213 2880 2359 2932 mea,
2384 2866 2430 2921 si
2457 2880 2564 2920 non
2587 2876 2763 2918 amem
2789 2870 2844 2918 te
2858 2861 2891 2916 i‘
2911 2859 2955 2917 0
2983 2874 3141 2915 amor
3160 2857 3398 2929 Spiritus
3417 2864 3618 2912 sancte
3646 2856 3812 2921 Deus,

2212 2960 2484 3032 promittis
2507 2959 2639 3014 mihi
2663 2956 2828 3013 multa
2844 2956 3024 3023 bona,
3046 2954 3092 3011 si
3118 2968 3296 3010 amem
3320 2961 3409 3008 te:
3436 2951 3505 3006 da
3536 2959 3591 3007 te
3607 2950 3813 3017 solum,

2213 3048 2303 3119 qui
2332 3063 2487 3103 amor
2512 3062 2591 3113 es,
2624 3055 2680 3102 et
2708 3045 2907 3102 sullicit
2931 3044 3065 3100 mihi
3093 3058 3117 3098 :
3143 3043 3209 3099 da
3234 3040 3575 3113 quodjubes,
3600 3049 3662 3095 et
3674 3038 3817 3108 jube

527 3150 716 3193 coram
742 3145 812 3204 te,
833 3134 947 3205 jam
979 3152 1084 3193 non
1128 3151 1247 3192 sum
1294 3136 1489 3207 dignus
1529 3135 1712 3190 vocari
1753 3133 1898 3190 ﬁlius
1934 3142 2059 3190 tuus
2091 3150 2105 3188 :
2137 3162 2183 3225 ο
2213 3143 2357 3210 quod
2392 3139 2498 3205 vis,
2543 3152 2732 3194 amore
2775 3136 2974 3193 amoris
3005 3136 3104 3192 tui.
3139 3134 3268 3191 Haec
3314 3143 3440 3206 peto
3462 3148 3495 3187 a
3523 3132 3722 3202 te,qui
3747 3147 3814 3188 es

524 3227 623 3284 sed
649 3237 871 3298 propter
907 3238 1052 3283 tuam
1092 3225 1416 3283 ineﬂabilem
1440 3228 1720 3298 pietatem,
1746 3226 1830 3282 fac
1858 3240 1945 3281 me
1970 3225 2111 3280 sicut

524 3333 696 3375 unum
724 3317 791 3373 de
830 3317 1184 3374 mercenariis
1234 3318 1362 3374 tuis.
1411 3316 1576 3388 Cujus
1612 3316 1688 3371 rei
1730 3315 1909 3390 gratia
1950 3310 2111 3371 ﬂecto

525 3423 702 3483 genua
731 3424 853 3465 mea
880 3410 948 3464 ad
974 3419 1027 3465 te
1053 3408 1269 3471 Patrem
1296 3410 1511 3467 Domini
1533 3409 1703 3465 nostri
1723 3408 1852 3464 Jesu
1880 3406 2110 3475 Christi,

523 3516 557 3557 ιι
586 3516 696 3574 quo
721 3501 777 3557 in
801 3501 937 3558 cmlo
959 3511 1013 3558 et
1052 3502 1105 3556 in
1146 3511 1291 3558 terra
1321 3501 1499 3556 omnis
1528 3500 1828 3570 paternitas
1858 3497 2108 3553 nomina-

522 3605 638 3662 tur,
666 3605 725 3650 ut
754 3595 850 3650 des
889 3594 1022 3649 mihi
1057 3594 1351 3649 secundum
1397 3590 1828 3663 divitias‘gloriae
1850 3599 1953 3646 tuae
1976 3605 2109 3645 con-

523 3687 807 3759 smntiam,
869 3695 926 3740 et
973 3686 1228 3740 virtutem
1277 3684 1622 3743 corroborari
1679 3699 1778 3754 per
1840 3681 2105 3753 Spiritum

521 3785 771 3835 sanctum
814 3784 963 3832 tuum
1015 3776 1069 3831 in
1111 3775 1371 3832 interiore
1423 3773 1666 3842 homine,
1719 3784 1775 3830 et
1827 3772 2109 3842 Christum

521 3870 772 3926 habitare
799 3870 855 3924 in
894 3868 1058 3924 corde
1083 3881 1204 3923 meo
1242 3883 1341 3938 per
1379 3867 1561 3933 tidem,
1593 3881 1714 3936 qua:
1740 3881 1837 3937 per
1858 3857 2109 3921 dilectio?

520 3975 647 4018 nem
679 3960 776 4014 tibi
803 3958 1141 4029 beneplacita
1159 3966 1429 4029 operetur.
1461 3958 1583 4014 Tibi
1607 3966 1788 4014 autem
1810 3957 1983 4021 Patri,
2011 3957 2102 4027 qui

516 4059 715 4125 potens
740 4065 803 4106 es
819 4051 1003 4106 omnia
1031 4050 1197 4115 nobis.
1212 4048 1397 4105 facere
1430 4049 1773 4104 abundanter
1795 4047 1917 4118 plus
1938 4062 2103 4117 quam

518 4144 777 4215 petimus,
808 4152 864 4199 et
892 4142 1032 4213 quod
1066 4141 1186 4213 plus
1222 4141 1608 4214 intelligamus,
1639 4155 1801 4210 quam
1832 4148 2101 4210 petamus,

519 4233 900 4306 intelligimus,
927 4233 999 4288 sit
1023 4232 1195 4303 gloria
1226 4232 1279 4286 in
1309 4231 1548 4299 Christo,
1574 4240 1630 4288 et
1658 4231 1711 4286 in
1751 4229 2019 4296 Ecclesia,
2047 4239 2106 4287 et

517 4326 578 4382 in
609 4341 798 4383 omnes
850 4326 1229 4397 generationes
1257 4326 1437 4384 saeculi
1485 4325 1823 4384 smeulorum.
1851 4325 1920 4381 Et
1964 4324 2102 4382 Filio

519 4428 616 4477 tuo
640 4422 933 4486 unigenito,
966 4423 1121 4494 cujus
1147 4424 1376 4494 gloriam
1411 4425 1671 4492 vidimus,
1694 4424 1926 4496 gloriam
1943 4424 2103 4497 quasi

2215 3231 2453 3303 Spiritus
2481 3246 2644 3302 super
2690 3229 2797 3285 mel
2839 3228 3034 3285 dulcis.
3076 3227 3201 3289 Tibi
3236 3241 3367 3296 ergo
3405 3225 3555 3281 Patri
3582 3235 3643 3281 et
3664 3224 3815 3281 Filio

2210 3333 2267 3379 et
2308 3321 2533 3393 Spiritui
2568 3328 2780 3387 sancto,
2832 3321 2975 3375 trino
3016 3329 3073 3375 et
3106 3334 3216 3374 uno
3254 3317 3387 3384 Deo,
3432 3332 3661 3389 magno,
3692 3317 3808 3371 nni-

2210 3429 2388 3478 verso,
2419 3422 2644 3478 aeterno,
2694 3410 3226 3482 omnipotentissimo
3254 3419 3309 3465 et
3334 3407 3579 3474 excelso,
3623 3408 3698 3463 sit
3733 3408 3797 3462 de

2212 3516 2321 3564 tota
2349 3507 2597 3564 oratione
2624 3507 2729 3562 hac
2758 3506 2929 3576 gloria
2966 3514 3024 3562 et
3055 3505 3329 3577 jubiiatio,
3358 3503 3483 3563 laus
3516 3512 3575 3559 et
3601 3502 3804 3575 gratia-

2210 3613 2330 3653 rum
2359 3598 2522 3663 actio,
2557 3598 2732 3653 honor
2766 3604 2822 3652 et
2849 3595 3140 3665 imperium
3171 3592 3574 3664 sempiternum
3606 3609 3623 3650 :
3668 3592 3803 3647 sicut

2208 3696 2327 3743 erat
2364 3687 2418 3742 in
2443 3685 2732 3758 principio,
2765 3686 2874 3741 imo
2918 3691 3046 3740 ante
3094 3682 3447 3754 principium,
3476 3680 3612 3752 quia
3656 3681 3801 3751 prius

2207 3793 2369 3849 quam
2397 3787 2607 3835 montes
2630 3777 2842 3844 tierent,
2862 3785 2957 3831 aut
2979 3775 3348 3833 formarentur
3372 3783 3522 3829 terra
3549 3782 3610 3828 et
3629 3772 3799 3839 orbis,

2207 3885 2238 3924 a
2269 3870 2466 3926 saeculo
2501 3878 2555 3926 et
2585 3869 2643 3924 in
2672 3867 2931 3924 saeculum
2961 3875 3018 3922 tu
3051 3879 3113 3922 es
3141 3865 3283 3923 Deus
3312 3863 3801 3934 superlaudabilis,

2206 3971 2262 4018 et
2287 3961 2718 4032 supergloriosus
2733 3960 2787 4015 in
2804 3959 3059 4015 omnibus
3087 3955 3300 4013 saeculis
3328 3974 3342 4011 :
3372 3964 3431 4011 et
3458 3970 3610 4012 nunc
3631 3955 3800 4011 etiam

2206 4052 2260 4107 in
2288 4051 2544 4122 przesenti
2566 4049 2897 4106 elariﬂcatus
2921 4063 2982 4105 es
3004 4048 3059 4102 in
3087 4047 3266 4111 nobis,
3297 4044 3391 4116 qui
3417 4059 3638 4114 semper
3666 4043 3725 4098 in
3749 4051 3805 4098 te

2205 4145 2386 4203 clarus
2428 4158 2490 4200 es
2514 4141 2785 4210 claritate,
2813 4155 2975 4212 quam
3013 4137 3251 4195 habuisti
3280 4145 3413 4192 ante
3439 4150 3605 4206 quam
3633 4149 3800 4189 mun-

2204 4237 2308 4293 dus
2338 4236 2495 4291 ﬂeret
2532 4235 2673 4306 apud
2702 4243 2774 4291 te.
2804 4234 2877 4289 Et
2922 4248 2991 4290 ex
3020 4230 3111 4288 illa
3139 4229 3415 4296 claritate,
3444 4243 3569 4300 qua
3613 4228 3667 4283 in
3704 4243 3804 4285 me

2202 4346 2302 4402 per
2323 4330 2505 4396 fidem,
2541 4328 2637 4385 tibi
2686 4328 2759 4384 sit
2801 4326 2929 4383 inde
2953 4323 3126 4398 gloria
3158 4341 3174 4379 :
3220 4330 3278 4379 et
3319 4322 3376 4378 in
3401 4321 3509 4378 hoc
3537 4319 3799 4390 praesenti

2202 4438 2350 4479 nunc
2376 4423 2537 4493 cupio
2567 4420 2721 4492 sequi
2746 4429 2797 4476 te
2826 4419 2879 4475 in
2910 4427 3024 4475 toto
3039 4416 3207 4474 corde
3232 4422 3289 4472 et
3320 4415 3538 4480 timore,
3560 4420 3618 4468 et
3640 4426 3802 4481 qua:b

520 4511 800 4585 Unigeniti
837 4528 870 4569 a
904 4513 1087 4571 Patre.
1116 4516 1188 4571 Et
1213 4531 1339 4574 cum
1376 4516 1548 4572 Deum
1581 4517 1778 4573 viderit
1808 4533 1971 4573 nemo
1996 4535 2100 4574 un-
2134 4527 2180 4582 ι)
2206 4531 2329 4571 rere
2377 4513 2570 4571 faciem
2613 4522 2784 4569 tuam.
2833 4510 2913 4568 Ne
2949 4508 3253 4568 confundas
3290 4522 3379 4565 me
3404 4497 3476 4562 ab
3501 4512 3798 4575 exspecta-

519 4622 705 4682 quam,
737 4607 858 4680 ipse
892 4616 1073 4664 tamen
1115 4609 1252 4664 vidit
1277 4625 1403 4665 eum
1432 4611 1742 4682 nnigenitus
1770 4610 1965 4680 Filius,
2009 4612 2103 4685 qui

517 4707 603 4756 est
635 4700 688 4755 in
734 4700 855 4755 sinu
895 4698 1095 4755 Patris.
1140 4699 1199 4754 In
1229 4715 1389 4769 quem
1415 4714 1515 4771 ego
1546 4716 1613 4757 ex
1650 4709 1764 4756 toto
1793 4702 1957 4758 corde
1980 4717 2102 4757 meo

518 4792 754 4850 firmiter
782 4792 946 4848 credo
978 4808 992 4845 :
1030 4801 1086 4846 et
1134 4791 1455 4862 simpliciter
1498 4793 1781 4861 conﬁteor,
1831 4795 1976 4866 quod
2009 4795 2103 4869 qui

516 4900 627 4941 non
662 4885 835 4940 credit
864 4883 918 4937 in
949 4898 1095 4949 eum,
1125 4882 1237 4952 jam
1259 4881 1535 4952 judicatus
1563 4894 1669 4950 est,
1697 4886 1823 4955 quia
1852 4902 1960 4941 non
1983 4901 2104 4942 cre-

518 4975 666 5043 ditin
699 4971 918 5028 nomine
952 4972 1211 5043 unigeniti
1240 4972 1364 5028 Filii
1401 4972 1518 5027 Dei.
1544 4973 1601 5027 lu
1635 4975 1739 5029 hoc
1768 4976 1910 5029 enim
1938 4990 2103 5047 appa-

519 5067 630 5121 ruit
651 5067 892 5122 cltaritas
923 5064 1103 5121 Patris
1127 5065 1183 5121 in
1222 5065 1401 5134 nobis,
1426 5066 1682 5136 quoniam
1722 5066 1915 5121 Filium
1942 5084 2100 5122 suum

517 5158 855 5228 unigenitum
904 5159 1049 5212 misit
1106 5157 1248 5213 Deus
1306 5157 1358 5211 in
1409 5158 1693 5220 mundum,
1738 5167 1797 5210 ut
1846 5158 2101 5214 vivamus

519 5265 617 5323 per
645 5266 767 5305 eum
805 5251 898 5318 qui
938 5248 1041 5304 fuit
1075 5248 1332 5304 ubediens
1359 5249 1408 5303 ei
1443 5264 1615 5319 usque
1644 5250 1712 5303 ad
1740 5258 1990 5303 mortem.

589 5342 680 5396 43.
718 5342 798 5398 Tu
840 5357 991 5411 ergo,
1016 5341 1118 5397 Fili
1160 5342 1252 5398 Dei
1294 5342 1402 5396 vivi
1439 5343 1739 5412 unigenite,
1772 5342 2104 5410 Redemptor

522 5434 706 5489 mundi
754 5432 916 5500 Deus,
950 5435 1211 5491 miserere
1261 5435 1387 5490 mei.
1416 5433 1534 5490 Tibi
1567 5435 1712 5490 enim
1758 5434 1909 5489 dedit
1946 5444 2101 5505 pote-

520 5534 717 5583 statem
757 5525 1020 5595 judicium
1043 5525 1246 5582 facere.
1289 5528 1395 5582 Sed
1438 5527 1682 5599 supplico
1714 5527 1809 5582 tibi
1846 5536 1907 5582 ut
1950 5543 2105 5597 prius

522 5617 657 5674 tuihi
691 5618 963 5687 peccaturi
994 5627 1215 5688 peccata
1240 5618 1505 5685 dimittas,
1528 5635 1690 5689 quam
1743 5620 1810 5674 ad
1853 5620 2107 5688 judican-

523 5711 651 5768 dum
683 5722 769 5763 me
813 5709 1040 5765 venias:
1071 5717 1125 5763 et
1185 5718 1314 5763 tune
1353 5711 1434 5764 sic
1473 5710 1656 5780 judica
1700 5725 1809 5773 me,
1852 5709 2014 5774 Deus,
2042 5717 2103 5764 ut

447 5874 451 5881 ν
522 5805 802 5862 discernes
835 5811 890 5859 et
929 5815 1147 5872 separes
1175 5800 1370 5857 anima:
1408 5817 1539 5858 meae
1575 5817 1796 5858 causam
1847 5803 1911 5858 de
1938 5810 2096 5873 gente

2208 4606 2355 4662 tione
2391 4620 2531 4671 mea,
2575 4605 2671 4661 sed
2706 4603 2794 4661 fac
2839 4618 3053 4661 mecum
3085 4600 3381 4659 secundum
3413 4595 3797 4654 mansuetudi—

2204 4712 2328 4754 nem
2356 4708 2528 4763 tnam,
2558 4706 2613 4752 et
2639 4696 2937 4752 secundum
2966 4691 3367 4750 multitudinem
3398 4685 3800 4744 misericordia

2205 4797 2333 4853 tute,
2373 4794 2429 4841 et
2453 4796 2594 4842 'erue
2639 4799 2726 4840 me
2762 4785 2829 4839 de
2870 4783 3091 4839 fornace
3119 4779 3332 4852 peccati
3364 4779 3418 4834 in
3449 4773 3802 4833 mirabilibus

2205 4880 2333 4947 tuis,
2369 4887 2425 4934 et
2473 4879 2542 4934 da
2588 4891 2732 4933 nunc
2761 4876 2992 4948 gloriam
3039 4873 3246 4930 nomini
3297 4882 3415 4937 tuo,
3461 4868 3590 4941 quia
3635 4875 3696 4920 tu
3732 4879 3804 4921 es

2172 5006 2175 5011 ι
2205 4973 2469 5029 Dominus
2493 4970 2638 5028 Deus
2648 4970 2795 5027 solus
2820 4969 3091 5040 gloriosus
3112 4981 3276 5036 super
3294 4964 3484 5020 orbem
3513 4972 3800 5018 terrarum

2205 5073 2261 5119 et
2309 5077 2542 5133 semper.
2576 5061 2717 5128 Quia
2751 5060 2930 5116 omnis
2964 5057 3231 5129 sapientia
3281 5071 3313 5111 a
3347 5066 3401 5111 te
3427 5053 3650 5109 domino
3672 5050 3802 5105 Deo

2204 5165 2311 5222 cst,
2341 5164 2397 5211 et
2431 5154 2535 5209 fuit
2564 5168 2801 5223 semper,
2845 5161 2900 5208 et
2936 5160 3020 5208 est
3057 5159 3186 5207 ante
3213 5163 3411 5205 arvum.
3444 5144 3803 5214 Sempiterna

2205 5258 2289 5305 est
2324 5261 2540 5319 quoque
2576 5247 2754 5302 virtus
2788 5255 2901 5311 tua,
2945 5251 3110 5313 atque
3159 5241 3417 5296 divinitas
3452 5256 3468 5292 :
3501 5252 3626 5307 qua:
3659 5248 3802 5287 cum

2210 5355 2296 5395 me
2334 5339 2510 5411 possit
2533 5338 2729 5394 darein
2752 5335 3107 5407 opprobrium
3130 5324 3806 5403 sempiternum,imploro

2209 5442 2357 5488 tuam
2391 5430 2837 5502 omnipotentiam
2886 5425 3299 5496 sempiternam,
3330 5432 3390 5477 ut
3418 5420 3553 5477 mibi
3590 5432 3805 5474 corace.

2205 5525 2304 5580 das
2350 5523 2530 5594 potius
2581 5521 2776 5593 gaudia
2825 5518 3180 5589 sempiterna.
3219 5514 3300 5571 Tu
3340 5513 3490 5570 enim
3539 5526 3603 5568 es
3637 5511 3805 5568 Deus

2206 5614 2592 5684 sempiternus,
2647 5612 2740 5683 qui
2785 5611 2984 5667 creasti
3036 5610 3299 5666 terminos
3341 5614 3520 5669 terra,
3548 5602 3640 5673 qui
3680 5616 3803 5659 nec

2206 5706 2422 5776 incipis,
2451 5721 2553 5762 nec
2596 5704 2818 5769 desinis,
2868 5702 2965 5760 sed
3015 5708 3100 5759 est
3125 5701 3222 5757 tibi
3265 5700 3436 5773 gloria
3470 5705 3527 5755 et
3553 5708 3703 5753 nunc
3732 5704 3801 5752 et

2205 5812 2440 5868 semper,
2471 5806 2526 5853 et
2558 5796 2609 5851 in
2640 5795 2832 5852 saecula
2867 5794 3205 5851 smculoru'm.
