4048 6288
195 388 283 446 833

1196 373 1575 430 MEDITATIO
1625 373 1691 429 ΙΝ
1735 373 1932 429 PSAL.
1977 367 2352 427 MISERERE.

3333 350 3437 405 εδι

253 499 335 554 ιιι.
371 495 412 550 0
437 507 530 548 rex
559 493 879 549 saaculorum
913 489 1258 556 immortalis,
1291 489 1596 556 invisibilis,
1619 499 1751 560 quot
1779 495 1828 554 Α
1856 488 2008 545 Unde
2041 495 2152 542 tres
2181 479 2604 554 signiﬁcationes
2636 477 2737 530 hoc
2765 468 3085 528 vocabulum
3116 465 3319 560 habere
3341 478 3437 516 vo-

193 599 363 647 mtates
393 585 551 654 lapsae
577 593 722 651 sunt,
750 592 880 653 quot
918 581 1116 638 saecula
1158 582 1510 647 transierunt,
1538 590 1592 636 et
1617 589 1750 650 quot

198 683 360 738 futura
404 687 550 742 sunt,
589 676 826 732 mutabis
855 692 919 732 ea
949 685 1004 731 et
1038 677 1410 731 mutabuntur.
1459 675 1537 729 Tu
1569 683 1750 729 autem

195 775 275 846 qui
303 771 500 839 dixisti,
527 770 638 839 Ego
670 785 788 825 sum
811 769 902 840 qui
935 785 1077 834 sum,
1107 769 1248 824 idem
1281 769 1396 839 ipse
1425 783 1484 824 es
1511 768 1564 822 in
1592 777 1752 821 teter-

197 879 311 920 num
342 861 690 918 immutabilis
745 869 800 916 et
837 858 1204 929 omnipotens,
1262 861 1404 930 apud
1444 875 1606 928 quem
1646 873 1754 913 non

192 967 265 1011 est
286 954 658 1010 transmutatio
684 968 781 1010 nec
809 953 1198 1008 vicissitudinis
1221 951 1585 1008 obumbratio.
1603 949 1756 1005 Licet

191 1049 322 1103 enim
355 1046 535 1102 omnia
566 1047 674 1101 sint
716 1061 781 1102 ex
820 1055 892 1111 te,
924 1053 980 1102 et
1021 1060 1119 1116 per
1166 1053 1242 1110 te,
1266 1054 1321 1098 et
1356 1044 1410 1098 in
1441 1052 1510 1108 te,
1547 1059 1654 1098 non
1679 1051 1758 1096 ta-

194 1153 302 1194 men
331 1146 454 1192 sunt
497 1138 639 1208 quod
672 1146 727 1193 tu
761 1153 838 1203 es,
865 1137 956 1207 qui
1000 1151 1060 1192 es
1085 1144 1325 1202 mutans,
1362 1150 1468 1189 non
1497 1141 1757 1198 mutatus,

194 1230 402 1295 faciens,
434 1244 681 1297 movens,
728 1229 824 1284 sed
865 1241 1108 1283 mancus.
1147 1228 1360 1282 Etcum
1392 1227 1585 1282 beatus
1627 1238 1759 1294 apo-

193 1326 349 1380 stolus
394 1331 518 1378 tuus
556 1322 718 1388 dicat,
760 1323 903 1391 quod
953 1337 1055 1378 nos
1089 1336 1303 1385 sumus,
1350 1319 1404 1374 in
1444 1333 1580 1390 quos
1628 1317 1762 1372 ﬁnes

191 1413 502 1468 saeculorum
567 1411 931 1479 devenerunt;
987 1411 1280 1467 aeternitati
1343 1419 1449 1466 tua:
1495 1408 1759 1478 supplico,

193 1503 322 1558 Deus
348 1516 525 1567 meus,
555 1510 613 1556 ut
657 1502 712 1556 in
753 1517 839 1556 me
867 1503 947 1558 sic
977 1502 1221 1574 digneris
1249 1501 1476 1570 implere
1501 1501 1760 1570 apostoli-

192 1610 303 1650 cum
331 1595 473 1649 istud
504 1595 751 1661 verbum,
799 1604 857 1650 ut
887 1595 1142 1652 sacculum
1175 1595 1260 1650 vel
1292 1593 1648 1661 swcularitas,
1673 1593 1763 1663 qui

191 1702 270 1742 me
298 1688 618 1744 canonicum
645 1687 729 1743 vel
751 1688 1076 1744 monachum
1101 1688 1237 1745 adeo
1265 1686 1396 1742 facit
1417 1685 1762 1751 saecularem,

190 1785 324 1852 quod
351 1782 453 1837 boc
483 1781 810 1850 adjectivum
838 1790 1009 1837 totum
1042 1797 1199 1837 suum
1234 1783 1287 1835 in
1318 1797 1404 1836 me
1429 1780 1686 1836 absorbet
1712 1789 1766 1835 et

1855 580 2032 645 luisti;
2076 578 2253 649 primo
2298 574 2465 637 enim,
2516 584 2673 624 amen
2705 563 2974 634 accipitur
2998 546 3364 620 nominaliter,
3386 562 3443 622 et

1853 683 1936 729 est
1960 685 2177 734 nomen,
2206 676 2259 723 et
2288 664 2560 737 signiﬁcat
2603 668 2848 714 sanctum
2879 665 2935 711 et
2973 650 3213 708 terribile
3243 660 3439 704 nomen

1859 777 2032 828 tuum,
2078 772 2136 817 ut
2172 775 2293 817 cum
2325 759 2379 812 in
2410 752 2737 826 Apocalypsi
2779 750 2976 820 legitur
3006 747 3114 816 (Ill,
3149 742 3236 812 M)
3271 759 3284 795 :
3315 737 3444 794 Hice

1857 856 1988 912 dicit
2019 873 2032 908 :
2064 854 2256 915 Amen,
2319 848 2470 903 testis
2507 844 2678 899 ﬁdelis
2701 851 2758 897 et
2795 852 2974 900 verus,
3011 835 3102 904 qui
3129 840 3212 887 est
3240 828 3445 902 princi-

1857 950 2004 1019 pium
2035 953 2305 1001 creatura:
2343 939 2455 996 Dei.
2483 939 2524 992 A
2557 947 2607 992 te
2633 949 2761 1006 ergo
2793 930 3011 987 domino
3041 928 3154 982 Deo
3179 937 3325 988 meo,
3353 919 3445 990 qui

1858 1012 2004 1097 solus
2032 1038 2133 1093 hoc
2162 1034 2381 1091 nomine
2414 1028 2736 1100 designaris,
2768 1025 2930 1080 totius
2959 1020 3140 1076 cordis
3183 1015 3289 1072 mei
3319 1012 3448 1068 aﬂ‘e-

1859 1129 2036 1186 ctibus
2057 1125 2290 1198 postulo,
2325 1121 2567 1193 requiro,
2611 1126 2669 1171 ut
2699 1122 2920 1185 propter
2945 1105 3307 1165 reverentiam
3342 1102 3444 1198 bn-

1853 1223 1944 1294 jus
1978 1219 2212 1277 nominis
2242 1215 2414 1272 sancti
2465 1213 2562 1277 tui,
2594 1224 2793 1265 nomen
2826 1219 3005 1260 meum
3056 1201 3110 1255 in
3158 1197 3295 1254 libro
3324 1194 3449 1248 vitae

1864 1289 2136 1372 rescribas
2166 1332 2191 1367 .:
2228 1320 2282 1366 et
2321 1323 2445 1364 cum
2493 1306 2618 1369 illis,
2656 1303 2750 1374 qui
2806 1297 3184 1355 custodierunt
3224 1289 3447 1348 sabbata

1864 1420 1974 1475 tua,
2002 1417 2056 1465 et
2077 1406 2355 1476 elegerunt
2377 1398 2518 1471 quod
2546 1395 2784 1459 voluisti,
2812 1402 2868 1448 et
2895 1391 3238 1446 retinuerunt
3265 1381 3443 1436 fmdus

1865 1473 2038 1565 tuum,
2066 1473 2318 1554 desimihi
2348 1493 2402 1549 in
2430 1493 2591 1546 domo
2612 1497 2726 1553 tua,
2750 1494 2801 1540 et
2833 1484 2887 1538 in
2914 1479 3084 1536 muris
3113 1475 3219 1531 tuis
3248 1473 3448 1534 locum,

1865 1601 1917 1648 et
1941 1605 2135 1646 nomen
2168 1586 2360 1641 melius
2395 1597 2557 1653 quam
2592 1595 2620 1633 a
2653 1577 2777 1632 ﬁliis
2816 1581 2872 1628 et
2905 1570 3137 1632 ﬁliabus,
3173 1573 3228 1621 et
3256 1573 3450 1653 nomen

1867 1683 2253 1752 sempiternum
2303 1650 2446 1746 quod
2481 1674 2546 1727 de
2574 1681 2774 1725 caetero
2806 1679 2910 1718 non
2942 1658 3158 1731 peribit.
3202 1650 3455 1709 Secundo

1857 1748 2130 1845 accipitur
2165 1784 2322 1825 amen
2351 1762 2753 1822 adverbialiter.
2789 1759 2856 1813 Et
2896 1769 3018 1809 cum
3049 1760 3102 1806 tu
3133 1748 3273 1804 Deus
3298 1757 3456 1799 meus

196 1875 438 1941 destruit,
469 1877 868 1932 substantivum
916 1876 970 1930 in
999 1891 1086 1936 me
1125 1875 1307 1931 taliter
1351 1874 1592 1940 ﬁniatur,
1619 1875 1764 1944 quod
1797 1852 1842 1910 Β
1870 1840 2086 1937 quando
2140 1864 2191 1916 in
2240 1859 2402 1915 terris
2438 1857 2585 1911 visus
2619 1867 2703 1916 es,
2730 1861 2936 1906 etcum
2971 1840 3286 1944 hominibus
3320 1851 3454 1944 colu-

197 1967 258 2020 de
307 1977 507 2022 caetero
545 1968 756 2037 negotia
803 1967 1090 2022 saecularia
1139 1983 1226 2022 me
1277 1981 1382 2021 non
1435 1967 1677 2031 trahant,
1716 1976 1772 2021 et

194 2058 430 2113 turbent.
475 2059 769 2128 Exceptum
811 2075 838 2112 a
867 2057 1249 2127 iurisdictione
1280 2057 1460 2112 saeculi
1490 2056 1649 2124 hujus
1679 2071 1772 2111 ne-

188 2165 368 2218 quam,
401 2152 467 2206 ad
516 2151 604 2207 illa
635 2150 844 2205 inﬁnita
879 2150 1074 2205 smcula
1111 2165 1195 2204 me
1233 2149 1402 2204 facias
1434 2148 1693 2218 cogitare,
1720 2156 1775 2200 et

189 2250 370 2310 postea
408 2258 531 2298 cum
577 2243 714 2298 Vivis
763 2251 818 2297 et
864 2241 1260 2297 confessionem
1300 2240 1558 2296 dantibus
1583 2254 1775 2309 perve-

187 2334 322 2399 nire,
349 2351 445 2404 qm
485 2344 613 2389 sunt
639 2344 825 2405 partes
852 2335 1035 2389 saeculi
1067 2334 1264 2399 sancti,
1295 2342 1351 2388 et
1376 2332 1573 2388 saecula
1606 2347 1776 2386 saecu-

187 2425 382 2480 lorum.
426 2426 596 2481 Didici
645 2425 813 2492 enim,
839 2426 1086 2493 Domine,
1118 2427 1261 2496 quod
1294 2425 1422 2480 illud
1453 2425 1646 2480 saecula
1678 2439 1775 2479 sae-

187 2519 433 2574 culorum
474 2535 506 2574 a
549 2519 713 2576 latino
743 2521 1040 2590 interprete
1077 2520 1297 2588 ponitur
1325 2535 1424 2590 pro
1451 2528 1696 2585 aeterno;
1722 2526 1778 2573 et

187 2609 325 2678 quod
352 2611 608 2680 repetitio
622 2611 850 2666 dicentis
872 2611 1066 2666 saecula
1094 2611 1441 2677 saeculorum,
1473 2612 1541 2667 ad
1571 2621 1776 2666 aeterna

189 2699 350 2755 mittit
383 2700 626 2755 animum
657 2702 944 2772 cogitantis
974 2717 991 2756 :
1024 2711 1078 2757 et
1113 2703 1230 2758 haec
1272 2711 1398 2758 sunt
1430 2702 1520 2757 illa
1549 2712 1775 2768 aeterna,

190 2790 539 2860 immortalia,
585 2792 792 2848 inﬁnita
832 2801 1172 2859 testamenta,
1207 2795 1401 2849 sarcula
1430 2791 1774 2858 saeculorum,

192 2899 305 2954 quas
339 2885 476 2956 justi
527 2894 650 2956 post
695 2887 798 2942 ista
841 2886 1035 2942 saecula
1077 2888 1365 2957 praesentia
1411 2893 1466 2942 et
1497 2884 1776 2940 mutabilia

193 2976 602 3033 immutabiliter
650 2988 1068 3049 consequentur.
1111 2979 1169 3033 In
1216 2979 1414 3048 quibus
1454 2977 1777 3032 saeculorum

193 3068 281 3124 tibi
313 3071 529 3126 auctori
557 3071 732 3127 solum
762 3073 834 3127 sit
867 3073 1039 3142 gloria
1067 3072 1420 3142 sempiterna.

254 3163 346 3219 45.
388 3166 580 3221 Amen.
609 3166 654 3221 Ο
683 3167 826 3222 Deus
858 3165 1229 3232 Hebraeorum,
1249 3165 1394 3222 scire
1420 3177 1507 3219 me
1533 3161 1774 3229 voluisti,

194 3257 329 3323 quod
368 3271 538 3311 amen
586 3271 688 3311 nec
715 3270 973 3326 graecum,
1024 3271 1125 3310 nec
1161 3254 1388 3310 latinum
1417 3261 1519 3318 est,
1552 3253 1649 3309 sed
1689 3259 1774 3307 est
1804 3216 1851 3279 δ
1884 3247 1990 3302 ﬁne
2016 3241 2298 3316 prazsentis
2322 3233 2606 3301 orationis,

193 3345 488 3413 hebrasum,
545 3354 603 3402 et
649 3347 998 3417 proptersui
1044 3345 1420 3402 excellentiam
1449 3343 1771 3400 translatum

194 3452 294 3493 non
343 3439 449 3494 fuit
487 3439 561 3495 ab
607 3437 996 3508 interpretibus
1040 3437 1125 3493 vel
1163 3445 1453 3503 mutatum,
1481 3444 1541 3490 ut
1579 3433 1777 3489 nomen

172 3532 340 3627 'tuum
370 3528 524 3600 quod
563 3536 648 3584 est
690 3525 939 3582 mirabile
978 3535 1034 3582 et
1083 3526 1420 3583 immutabile
1447 3525 1778 3596 designaret.

281 3730 361 3855 6‘?
400 3731 684 3787 Hactenus
715 3729 998 3785 Ansclmus
1056 3726 1483 3784 Cantuariensis.
1525 3724 1771 3795 Namque

281 3818 328 3855 se
353 3803 428 3855 mi
482 3801 750 3855 Lucensis
788 3801 1084 3854 summaria
1135 3815 1227 3855 seu
1265 3796 1500 3855 capitula
1530 3795 1770 3850 universi

193 3795 428 3857 Anselmi
482 3801 750 3856 Lucensis
788 3801 1084 3854 summaria
1135 3815 1227 3855 seu
1265 3795 1770 3867 capitulauniversi

194 3873 371 3941 operis
411 3870 669 3927 canonici
713 3886 779 3926 ex
805 3871 1058 3941 ﬂintcgris
1102 3866 1380 3941 codicibus
1424 3866 1670 3941 dedimus
1716 3867 1771 3919 in

195 3936 485 4011 spicilegio
518 3941 677 3996 Rom.
724 3952 763 3996 t.
802 3940 883 3995 νι.
923 3936 990 3996 Et
1033 3941 1252 4011 quidem
1284 3936 1398 4011 Nic.
1434 3936 1773 3990 Alemaunus

195 4007 289 4081 (De
327 4007 532 4083 pariet.
567 4011 749 4083 Later.
799 4026 923 4083 cap.
967 4007 1065 4083 12)—
1092 4009 1316 4064 idoneus
1349 4007 1539 4083 [larum
1575 4021 1772 4083 rerum

193 4073 516 4147 aestimator,
559 4073 796 4138 Anselmi
826 4073 1198 4138 cdllectibnem
1247 4095 1313 4134 cx
1349 4075 1542 4147 Leonis
1574 4075 1677 4129 PP.
1709 4073 1773 4128 Ill

195 4154 306 4222 pari
333 4145 576 4210 forsitan
615 4167 779 4222 opere
809 4153 1062 4207 haustam
1097 4149 1422 4222 suspicatur:
1452 4145 1774 4222 Nunc_pra_:-

195 4215 338 4279 terea
382 4225 440 4279 in
473 4223 584 4277 alio
622 4215 807 4278 codice
832 4233 942 4277 vat.
977 4222 1102 4284 325,
1134 4215 1224 4290 qui
1255 4217 1355 4272 fuit
1391 4217 1578 4272 Sveca:
1608 4215 1774 4290 Regi-

194 4307 292 4358 nae,
317 4294 539 4350 titulum
570 4293 986 4364 liunclegebam.
1012 4287 1323 4364 Aut/tentia:
1347 4296 1393 4341 et
1410 4287 1775 4364 compendiosa

193 4355 430 4421 collectio
472 4355 863 4435 regularum'et
907 4363 1282 4420 sententiarum
1318 4368 1620 4415 sanctorum
1658 4355 1764 4414 Ρι»

1874 1926 2144 2015 versatus,
2178 1949 2464 2005 veritatem
2497 1943 2737 2012 aliquam
2786 1949 3030 1992 asserere
3074 1928 3310 1992 voluisti,
3337 1926 3459 1997 plu-

1877 2049 1982 2103 ries
2013 2041 2303 2114 adiunxisti
2341 2057 2354 2094 :
2388 2039 2557 2094 Amen
2595 2035 2716 2089 dico
2741 2030 2917 2096 vobis,
2946 2028 3048 2081 hoc
3081 2030 3184 2087 est,
3219 2033 3347 2075 vere
3372 2015 3459 2072 vel

1874 2113 2162 2202 veraciter,
2208 2150 2303 2191 seu
2339 2128 2701 2188 infallibiliter
2741 2124 2861 2179 dico
2891 2119 3068 2202 vobis,
3099 2115 3242 2184 quod
3270 2113 3344 2165 ita
3373 2118 3460 2164 est

1876 2237 2016 2291 sicut
2037 2234 2178 2288 dico.
2209 2230 2277 2286 Et
2302 2240 2695 2296 nonnunquam
2722 2234 2880 2276 amen
2907 2229 3065 2270 amen
3088 2203 3459 2280 ingetuinasti,

1876 2337 1935 2383 ut
1969 2328 2080 2397 ipsa
2108 2320 2481 2395 ingeminatio,
2512 2317 2683 2386 major
2707 2323 2852 2369 esset
2881 2303 3159 2378 expressio
3185 2296 3456 2355 veritatis.

1877 2394 2032 2478 Unde
2060 2427 2132 2483 te,
2161 2394 2250 2487 qui
2281 2429 2340 2469 es
2355 2427 2481 2468 vera
2512 2409 2733 2472 veritas,
2768 2413 2824 2460 et
2852 2405 3018 2458 chara
3051 2394 3316 2455 charitas,
3341 2403 3462 2458 quae

1877 2525 1984 2566 non
2033 2506 2192 2571 fallit,
2242 2517 2408 2558 exoro
2438 2497 2755 2569 suppliciter
2786 2502 2846 2547 ut.
2873 2491 3081 2545 veritas
3112 2493 3204 2539 tua
3247 2493 3462 2571 semper

1879 2603 1935 2658 in
1965 2599 2132 2657 corde
2155 2570 2277 2652 meo
2306 2593 2593 2662 refulgeat,
2623 2598 2680 2644 et
2699 2586 2878 2642 omnis
2901 2579 3172 2638 mundana
3194 2583 3251 2630 et
3277 2570 3462 2628 diabo-

1877 2695 1981 2749 lica
2010 2691 2220 2746 falsitas
2250 2661 2582 2742 destruatur.
2615 2678 2802 2735 Tertio
2842 2683 3024 2732 autem
3054 2684 3214 2726 amen
3260 2661 3465 2730 accipi-

1880 2795 1968 2841 tur
1991 2781 2302 2843 verbaliter,
2345 2785 2401 2831 et
2454 2784 2538 2830 est
2577 2785 2824 2836 vernum,
2860 2777 2920 2824 ut
2962 2780 3084 2821 cum
3128 2761 3183 2815 in
3212 2755 3466 2815 omnibus

1879 2878 2157 2950 optativis,
2190 2887 2369 2938 amen,
2400 2871 2502 2926 boc
2539 2875 2624 2923 est
2661 2866 2774 2929 ﬁat,
2805 2865 2872 2918 ab
2895 2857 3210 2930 optantibus
3241 2861 3297 2908 et
3317 2847 3462 2950 desi-

1880 2938 2199 3027 derantibus
2228 2964 2372 3035 quod
2411 2959 2632 3032 petitur,
2667 2951 3052 3024 respondetur;
3077 2945 3221 3019 quod
3250 2951 3306 2999 et
3328 2938 3468 3012 psal-

1880 3065 2042 3118 mista
2095 3061 2150 3115 in
2201 3059 2309 3115 ﬁne
2334 3051 2693 3126 quorumdam
2732 3045 3064 3117 psalmorum
3101 3036 3466 3110 ingeminasse

1882 3155 2102 3229 legitur,
2150 3151 2243 3206 ubi
2292 3125 2488 3204 dicitur
2521 3162 2536 3200 :
2575 3143 2715 3207 Fiat,
2747 3139 2861 3194 ﬁat.
2888 3136 2956 3190 Et
2983 3135 3039 3188 in
3085 3131 3190 3229 hoc
3219 3131 3384 3229 sensu
3412 3125 3465 3177 in

2633 3246 2750 3288 mea
2792 3236 2917 3284 vota
2957 3233 3012 3280 et
3034 3217 3300 3278 desideria
3333 3227 3464 3270 con-

1887 3305 2129 3399 tinentis,
2158 3333 2279 3388 dico
2313 3331 2555 3392 :Amen;
2582 3326 2685 3379 hoc
2719 3329 2823 3386 est,
2861 3320 2937 3373 ita
2973 3315 3087 3370 ﬁat.
3122 3311 3192 3368 Ut
3217 3305 3468 3399 videlicet

1889 3427 1984 3484 tibi
2007 3395 2178 3492 Patri,
2207 3432 2262 3478 et
2303 3420 2465 3485 Filio,
2505 3426 2561 3472 et
2600 3413 2823 3485 Spiritui
2869 3417 3082 3473 sancto,
3115 3403 3346 3492 trinoet
3377 3395 3468 3450 uni

1888 3519 2018 3582 Deo,
2048 3516 2118 3572 sit
2144 3489 2314 3586 gloria
2343 3510 2395 3565 in
2423 3505 2620 3564 saecula
2641 3501 2981 3560 saeculorum.
3009 3496 3200 3550 Amen.
3224 3489 3327 3560 (δ’)
3397 3520 3402 3523 κ

1875 3734 2039 3785 trum,
2080 3730 2128 3774 et
2159 3713 2564 3785 auctorabilium
2587 3705 2953 3785 conciliorum,
2977 3692 3471 3785 [trcta‘tentporil‘nts

1878 3765 2328 3864 tuatua-irin
2349 3765 2698 3864 ’έᾳάιίειίεξεηιί
2736 3765 3475 3864 ραρεπξ,,ἐ³ζ,,ιῑξαξὲἕξ.ίέ⁷ἕῗ.ί¹⁷ἷῖ

1877 3843 2040 3916 3&th
2085 3843 2325 3925 episcopo
2367 3852 2611 3925 Lucensi,
2648 3843 2764 3919 ejus
2808 3843 3070 3925 'diligeuti
3108 3843 3374 3925 imito‘t‘ore

1878 3907 2385 3997 Zaié'ibuiafﬁjus
2428 3907 2758 3997 jussio'ne'et
2800 3907 3060 3997 praecepto
3108 3907 3476 3997 desidﬁronnter

2428 3974 2592 4062 iopas.
2640 3974 2835 4062 Incipit
2880 3974 3238 4062 {ibétprimus
3264 3974 3363 4062 ded

2450 4042 2776 4137 apostolica.
2812 4053 2972 4137 sedis.
3005 4042 3143 4106 Tum
3175 4042 3475 4137 Vergilii!

1881 4121 2124 4195 aliudﬁiu
2167 4121 2427 4208 p'rmdicto
2475 4121 2663 4208 codice
2721 4125 2971 4208 sequitur
3011 4121 3472 4208 quatures‘cerptﬁa

1879 4190 2273 4280 brevia—Ure;
2305 4203 2548 4280 decretis
2579 4190 2937 4280 synodorum,
2982 4190 3474 4280 pontiﬁc‘umitetc:

1881 4254 2496 4351 Deii'iqueiet-ilus'clmi
2529 4254 2821 4339 cujusdam
2866 4254 3144 4351 monachi,
3189 4254 3471 4314 flosculqu

1882 4333 2116 4422 aliquem
2148 4333 2291 4406 inter
2327 4345 2569 4406 carmina
2600 4333 2785 4413 postea
2821 4333 3182 4410 proferemus.
