4048 6288
453 409 559 470 85'5

813 402 874 458 S.
914 391 1209 454 ANSELMI
1246 382 1594 446 CANTUAll.
1639 374 1953 433 ARClllEl’.
1995 370 2143 429 OPP.
2188 367 2365 423 PARS
2390 365 2452 420 ll.
2485 392 2521 405 -—
2586 358 2907 416 PARNJET.
2939 356 3027 414 ET
3062 346 3306 410 ASCET.

3599 344 3716 403 856

474 474 3714 559 m__________________________________

1311 586 1989 743 samem:
2054 602 2864 725 ANSELMI

1667 837 2479 966 ORATIONES

983 1199 1238 1262 ORATIO
1276 1196 1508 1253 PRIMA.

891 1316 959 1356 ΑΙ)
1003 1306 1245 1353 ὃΔΝὒΤΔΙ
1298 1297 1651 1344 TRINITATEI.

549 1394 781 1457 Adesto,
826 1396 1012 1446 sancta
1042 1383 1298 1446 Trinitas,
1328 1379 1469 1432 Deus
1506 1387 1645 1429 unus
1687 1375 2051 1438 omnipotens,

480 1486 648 1544 Pater
673 1492 729 1539 et
757 1481 927 1538 Filius
951 1487 1007 1533 et
1031 1474 1265 1546 Spiritus
1285 1476 1527 1534 sanctus,
1556 1464 1644 1535 qui
1671 1477 1776 1517 non
1804 1468 2054 1521 mortem,

485 1575 580 1632 sed
609 1571 982 1645 paenitentiam
1008 1565 1284 1622 desideras
1303 1567 1669 1631 peccatorum,
1693 1568 1780 1607 me
1804 1551 1907 1605 m':s
1926 1562 2059 1602 -rum

486 1675 547 1722 et
596 1671 937 1734 peccatorem
997 1654 1242 1725 fragilem
1295 1661 1350 1706 et
1400 1647 1679 1716 indignum
1734 1656 1764 1694 a
1815 1650 1905 1694 tua
1955 1652 2062 1691 non

489 1756 721 1829 repellas
760 1755 981 1824 pietate.
1031 1747 1147 1803 Non
1201 1743 1439 1815 aspicias
1475 1739 1541 1793 ad
1583 1734 1786 1791 scelera
1837 1745 1955 1785 mea
2009 1735 2066 1782 et

490 1819 889 1908 inimunditias,
921 1852 1213 1911 turpesque
1258 1830 1649 1905 cogitationes,
1689 1824 1887 1895 quibus
1917 1819 2068 1874 flebi-

491 1938 664 1994 litera
689 1945 779 1991 tua
807 1933 1085 2002 disjungor
1105 1927 1403 1984 voluntate,
1433 1920 1529 1989 sed
1556 1915 1770 1972 effunde
1801 1924 1963 1981 super
1985 1919 2070 2002 me

492 2030 702 2100 largam
740 1997 1090 2095 benignitatis
1136 2028 1242 2073 tute
1280 2010 1641 2069 clementiam.
1691 2003 1803 2059 Nec
1836 2003 1984 2056 sinas
2005 1997 2073 2052 de

497 2118 727 2176 interitu
764 2130 884 2169 meo
930 2111 1180 2168 inimicos
1227 2119 1379 2161 meos
1423 2096 1683 2173 gratulari
1735 2096 1786 2149 in
1839 2090 2070 2153 inferno,

496 2210 589 2265 ubi
637 2221 797 2264 nemo
843 2202 1191 2259 conﬁtebitur
1222 2196 1343 2262 tibi,
1392 2193 1486 2249 sed
1538 2190 1794 2245 miserere
1840 2182 2077 2254 pondere

499 2300 803 2357 facinorum
844 2307 1199 2366 oppressum,
1245 2293 1675 2351 cunctarumque
1716 2273 2079 2345 nequitiarnm

499 2393 627 2448 labe
668 2388 953 2460 pollutum.
1002 2381 1253 2440 Concede
1300 2377 1456 2442 mihi,
1493 2385 1698 2443 quaeso,
1731 2366 1928 2460 misero
1952 2377 2078 2435 gra-

504 2482 634 2547 tiam
669 2459 836 2545 tuam,
864 2484 921 2532 et
964 2475 1130 2530 libera
1169 2486 1255 2527 me
1279 2469 1348 2525 ab
1376 2465 1629 2524 omnibus
1655 2459 1832 2524 malis,
1859 2463 2083 2526 praetcr-

504 2572 617 2637 itis,
644 2566 999 2643 praesentibus
1027 2573 1083 2621 ct
1109 2561 1327 2627 futuris,
1365 2576 1394 2615 a
1435 2557 1717 2614 subitanea
1742 2565 1798 2609 et
1821 2556 2084 2624 perpetua

507 2671 705 2727 morte,
732 2660 801 2716 ab
829 2656 979 2715 omni
1009 2654 1315 2726 pestilentia
1347 2660 1405 2707 et
1437 2648 1610 2711 clade,
1643 2644 1712 2699 ab
1748 2642 1896 2700 omni
1928 2654 2087 2695 scan-

507 2751 634 2807 dalo
681 2759 736 2806 et
789 2745 1059 2821 periculo,
1105 2760 1136 2800 a
1183 2739 1455 2799 desiderio
1495 2734 1752 2807 maligno,
1803 2730 1872 2785 ab
1924 2742 2088 2821 opere

508 2819 805 2913 perverso,
835 2847 892 2894 et
929 2836 1000 2892 ab
1027 2834 1174 2891 omni
1215 2841 1455 2903 peccato.
1504 2825 1633 2881 Dele
1654 2823 1835 2878 omnia
1863 2819 2088 2875 crimina

437 2934 456 2948 '
510 2945 651 2996 mea,
686 2918 1022 3001 iniquitates,
1055 2918 1382 2980 offensiones
1415 2928 1472 2973 et
1522 2913 1878 2986 negligentias
1919 2923 2089 2963 meas.

511 2999 815 3091 Propitiare
849 3016 981 3073 mihi
1009 3015 1062 3071 in
1108 3011 1364 3069 omnibus
1394 3007 1661 3079 angustiis
1701 3013 1758 3058 et
1788 2999 2093 3056 tribulatio-

514 3090 696 3178 nibus,
727 3112 780 3166 in
805 3106 1223 3166 necessitatibus
1244 3112 1300 3159 et
1331 3097 1741 3162 tentationibus,
1769 3093 1821 3150 in
1845 3090 2096 3147 omnibus

517 3201 775 3275 periculis
804 3210 860 3256 et
893 3194 1304 3255 inﬁrmitatibus
1332 3192 1490 3259 meis.
1918 3188 1921 3189 ⁷
2010 3184 2037 3215 ⁸

589 3295 789 3352 Sancta
824 3302 882 3350 et
910 3291 1187 3347 individua
1224 3286 1486 3352 Trinitas,
1513 3279 1830 3338 indeﬁciens
1860 3276 2094 3339 bonitas,

519 3389 707 3445 adesto
729 3382 1214 3457 supplicationibus
1242 3379 1397 3447 meis,
1424 3384 1483 3433 ut
1512 3376 1653 3432 sicut
1680 3389 1764 3429 me
1790 3373 1894 3427 tuis
1916 3385 2101 3425 sacra-

521 3480 725 3535 mentis
763 3477 937 3534 fecisti
971 3474 1310 3548 participem,
1345 3469 1507 3525 nullis
1539 3468 1678 3523 meis
1726 3465 1963 3528 meritis,
2006 3463 2100 3518 sed

525 3581 618 3625 tua
659 3569 771 3626 sola
813 3567 1145 3639 benignitate
1174 3561 1433 3632 gratuita,
1470 3561 1545 3616 ita
1592 3574 1764 3630 usque
1807 3559 1861 3612 in
1912 3557 2100 3611 horam

525 3663 693 3728 illam,
724 3675 833 3732 qua
861 3660 987 3715 hinc
1012 3657 1260 3713 exiturus
1299 3668 1439 3718 sum,
1472 3653 1526 3706 in
1571 3652 1697 3719 fide,
1727 3666 1822 3721 spe
1847 3658 1903 3705 et
1921 3648 2104 3703 chari-

530 3763 640 3810 tate
664 3767 751 3821 me
779 3763 1132 3824 perseverare
1175 3746 1365 3812 facias,
1394 3744 1463 3799 ab
1487 3743 1633 3799 omni
1683 3741 1825 3797 malo
1854 3750 2106 3811 protegas

2075 1191 2117 1240 Α
2149 1216 2182 1255 a
2209 1200 2513 1271 vaniloquio
2556 1211 2859 1269 compesce,
2910 1196 3075 1251 verba
3123 1193 3371 1250 veritatis
3407 1199 3464 1247 et
3506 1191 3735 1247 miseri-

2155 1296 2375 1361 cordim,
2406 1292 2760 1363 benignitatis
2789 1287 3169 1345 etconcordia:
3191 1286 3491 1358 procedant
3527 1301 3599 1342 ex
3627 1298 3753 1341 ore.

2156 1389 2214 1444 ln
2238 1388 2487 1442 universa
2517 1397 2727 1437 morum
2759 1382 3045 1436 honestate
3070 1377 3137 1432 ad
3167 1376 3386 1447 plenum
3417 1391 3507 1431 me
3544 1375 3757 1444 dirige,

2159 1488 2215 1537 et
2245 1492 2312 1533 ne
2339 1491 2535 1546 arguar
2567 1475 2618 1529 in
2648 1472 2855 1537 furore,
2878 1470 3138 1527 conﬁrma
3162 1483 3273 1532 me,
3299 1465 3759 1530 clementissime,

2162 1570 2218 1625 in
2247 1569 2391 1623 omni
2437 1568 2579 1621 bono
2626 1578 2807 1634 opere.
2856 1561 3000 1629 Tibi,
3052 1560 3302 1626 Domine,
3354 1560 3538 1629 pando
3570 1558 3764 1614 cordis

2164 1659 2268 1713 mei
2288 1669 2540 1719 secreta,
2586 1654 2679 1709 tibi
2710 1652 2977 1709 conﬁteor
3004 1651 3187 1707 omnia
3216 1658 3442 1720 peccata
3474 1664 3621 1711 mea,
3660 1649 3765 1703 tibi

2168 1748 2384 1804 denudo
2423 1746 2723 1802 foeditatem
2771 1743 2953 1799 cordis
2993 1742 3126 1804 mei,
3181 1741 3277 1796 tibi
3327 1741 3522 1812 detego
3567 1740 3765 1796 sordes

2171 1839 2516 1911 turpitudinis
2564 1851 2715 1892 meae.
2772 1835 2972 1890 Durius
3025 1838 3264 1904 namque
3325 1832 3550 1903 peccavi
3597 1824 3767 1901 quam

2134 1933 2438 1996 rSodoma,
2490 1929 2708 2003 gravius
2764 1928 2964 1997 deliqui
3023 1941 3186 1998 quam
3243 1923 3575 1981 Gomorrha.
3637 1923 3765 1979 Tibi

2173 2024 2383 2079 debitor
2403 2037 2521 2076 sum
2563 2037 2668 2077 non
2700 2028 2912 2075 tantum
2955 2017 3144 2072 decem
3174 2014 3401 2069 millium
3429 2014 3767 2069 talentorum

2174 2114 2467 2169 criminum
2516 2126 2784 2177 meorum,
2817 2109 2912 2165 sed
2962 2107 3133 2163 totius
3152 2107 3278 2160 vita:
3318 2119 3454 2161 mete
3498 2106 3769 2159 rationem

2179 2208 2274 2263 tibi
2305 2207 2505 2270 debeo;
2535 2205 2924 2275 prmvaricator
2950 2200 3096 2257 enim
3146 2198 3292 2270 legis
3309 2206 3413 2253 tua;
3440 2196 3628 2251 factus
3651 2212 3770 2252 sum

2179 2315 2291 2371 prae
2334 2297 2587 2355 omnibus
2639 2286 2955 2366 negligens,
3017 2289 3360 2353 iuobediens,
3391 2298 3773 2358 transgressor

2180 2388 2421 2445 omnium
2471 2386 2853 2441 mandatorum
2904 2390 3125 2438 tuorum
3169 2379 3226 2434 in
3267 2377 3417 2433 omni
3460 2378 3575 2431 vita
3631 2391 3768 2432 mea.

2184 2479 2340 2535 Unde
2386 2493 2528 2533 nunc
2569 2476 2843 2545 praevenio
2871 2473 3068 2528 faciem
3114 2479 3259 2527 tuam
3302 2471 3358 2527 in
3402 2470 3766 2533 confessione,

2186 2586 2422 2628 exorans
2450 2569 2615 2624 nimia
2642 2566 2824 2623 cordis
2846 2566 3145 2628 anxietate,
3172 2561 3392 2617 fletuum
3420 2570 3483 2618 et
3505 2562 3775 2631 lacryma-

2191 2677 2308 2715 rum
2329 2659 2679 2723 contritione,
2705 2655 2847 2711 utin
2872 2655 2978 2710 hoc
2999 2661 3244 2724 tempore
3265 2660 3494 2721 accepto
3515 2648 3783 2705 exaudias

2190 2768 2301 2819 me,
2338 2760 2395 2807 et
2442 2751 2499 2806 in
2549 2750 2617 2805 iis
2660 2747 2852 2804 diebus
2898 2745 3092 2801 salutis
3135 2745 3359 2813 adiuves
3410 2756 3523 2797 me.
3580 2741 3785 2798 Omnes

2193 2853 2346 2899 actus
2369 2856 2516 2897 meos
2543 2841 2596 2895 in
2615 2838 2957 2909 beneplacito
2980 2848 3073 2892 tuo
3096 2846 3385 2905 compone,
3406 2840 3468 2888 ut
3492 2833 3787 2904 proﬁciam

2194 2934 2260 2989 de
2288 2933 2375 2991 die
2405 2932 2457 2987 in
2487 2932 2651 2995 diem,
2674 2938 2731 2985 et
2752 2943 2873 2985 eam
2904 2928 2973 2984 de
3002 2927 3203 2982 virtute
3230 2925 3284 2979 in
3308 2922 3597 2980 virtutem.
3639 2922 3785 2990 Tibi,

2197 3026 2449 3091 Domine,
2466 3022 2739 3094 supplices
2763 3035 2974 3093 preces,
3008 3020 3105 3075 tibi
3134 3018 3321 3074 ﬁctum
3334 3018 3519 3073 cordis
3538 3016 3787 3071 eﬂ'undo.

2199 3116 2278 3172 Tu
2321 3133 2482 3189 parce
2517 3116 2826 3181 conﬁtenti,
2874 3124 2936 3172 ut
2973 3113 3054 3170 sic
3094 3113 3147 3168 in
3193 3111 3672 3179 haemortalitate
3706 3110 3788 3183 (te

2199 3210 2510 3284 adiuvante)
2548 3220 2768 3283 peccata
2812 3224 2932 3266 mea
2964 3209 3223 3275 deﬂeam,
3267 3214 3329 3262 ut
3367 3204 3425 3261 in
3464 3203 3557 3259 die
3593 3201 3791 3271 iudicii

2199 3303 2529 3360 sententiam
2557 3303 2927 3360 damnationis
2963 3302 3213 3360 evadam.
3264 3300 3344 3355 Tu
3393 3298 3585 3354 lumen
3630 3305 3791 3353 arter-

2202 3411 2352 3459 num,
2381 3395 2449 3467 ab
2475 3394 2622 3451 omni
2644 3394 3139 3451 cmeilatelrumana
3160 3389 3347 3447 oculos
3368 3403 3525 3443 meos
3547 3386 3784 3456 adaperi,

2203 3487 2541 3559 propositum
2578 3494 2634 3541 et
2666 3485 2912 3542 habitum
2941 3484 3214 3556 religionis
3244 3484 3296 3537 in
3339 3497 3428 3537 me
3447 3481 3697 3538 custodi.
3715 3480 3791 3535 Ab

2204 3578 2349 3633 omni
2381 3577 2767 3646 impedimento
2792 3577 3000 3639 mundi,
3024 3574 3112 3629 vel
3138 3573 3381 3630 saeculari
3402 3571 3687 3627 desiderio
3709 3584 3790 3624 cor

2206 3683 2386 3724 mcum
2433 3665 2695 3731 defende,
2741 3677 2796 3721 et
2823 3666 2964 3721 sicut
2995 3664 3238 3719 habitum
3280 3677 3409 3735 gero
3436 3661 3795 3725 innocentiae,

2208 3759 2288 3814 sic
2338 3757 2470 3812 mihi
2516 3759 2777 3812 virtutum
2824 3756 3162 3810 incrementa
3197 3754 3401 3820 tribue,
3451 3760 3517 3807 ut
3560 3760 3794 3808 veterem

531 3858 587 3902 ει
611 3844 897 3911 defendas.
945 3839 1129 3898 omnia
1183 3838 1316 3894 mihi
1356 3835 1638 3907 Ρτοίυιυτίι
1689 3833 1990 3897 concedas:
2034 3831 2104 3886 ab
2131 3862 2178 3924 ρ
2207 3866 2329 3906 cum
2358 3850 2472 3906 suis
2510 3851 2722 3905 actibus
2768 3848 3044 3904 hominem
3088 3858 3312 3915 exuere,
3351 3854 3408 3900 et
3444 3860 3655 3900 novum
3682 3856 3798 3897 cum

528 3946 738 3993 aeterno
768 3932 1033 4005 supplicio
1059 3930 1278 3994 liberes,
1310 3938 1474 3998 atque
1500 3926 1566 3980 ad
1603 3924 1930 3995 sempiterna
1974 3937 2107 3994 gau-

531 4032 620 4087 dia
650 4028 988 4091 introducas,
1013 4032 1068 4079 et
1108 4022 1252 4077 illam
1293 4018 1632 4076 mortiferam
1687 4032 1752 4072 ac
1784 4014 2108 4071 diabolicam

533 4121 905 4185 tentationem,
932 4132 1037 4187 qna
1068 4131 1165 4186 pro
1196 4112 1435 4181 peccatis
1466 4112 1602 4167 meis
1630 4124 1795 4181 super
1827 4122 1913 4164 me
1940 4107 2112 4178 perti-

531 4228 719 4270 mesco
760 4208 1080 4283 praevalere,
1124 4216 1215 4261 tua
1258 4204 1629 4271 miseratione,
1666 4199 2108 4264 clementissime,

533 4306 729 4362 amodo
770 4305 939 4360 facias
977 4314 1216 4358 cessare.
1263 4299 1430 4354 Trine
1468 4296 1608 4353 Deus
1636 4305 1692 4352 et
1720 4310 1846 4360 une,
1892 4292 2114 4350 bumil's

536 4397 737 4456 servuli
760 4396 838 4452 tui
860 4410 1051 4466 preces
1075 4408 1220 4449 nunc
1252 4392 1486 4460 suscipe.
1512 4390 1661 4445 Dona
1681 4388 1836 4456 mihi,
1861 4387 2112 4448 Domine.

537 4486 866 4558 diligentiam
896 4501 1017 4557 quae
1045 4494 1097 4539 te
1119 4491 1349 4554 quaerat,
1378 4481 1702 4552 sapientiam
1739 4494 1860 4550 qute
1883 4487 1935 4535 te
1965 4479 2115 4534 inve-

536 4581 672 4647 niat,
700 4578 937 4633 animam
982 4592 1104 4647 quae
1132 4583 1187 4629 te
1230 4582 1524 4644 agnoscat,
1579 4572 1765 4627 oculos
1798 4571 1890 4642 qui
1940 4579 1993 4626 te
2034 4570 2116 4625 vi.

538 4674 723 4736 deant,
760 4667 1233 4724 conversationem
1270 4679 1392 4735 qua:
1440 4664 1536 4717 tibi
1595 4662 1828 4733 placeat,
1872 4677 2117 4731 perseve-

539 4763 775 4819 rantiam
807 4772 977 4829 usque
1006 4757 1062 4812 in
1099 4756 1295 4820 ﬁnem,
1328 4755 1487 4809 ﬁnem
1518 4752 1851 4824 perfectura,
1888 4752 2119 4807 retribu-

542 4858 742 4913 tionem
781 4861 1059 4907 azternam.
1585 4908 1609 4915 _

618 4945 825 5003 Exaudi
874 4958 959 4999 me
1005 4952 1289 5005 orantem,
1322 4938 1463 4995 sicut
1503 4937 1769 4991 exaudisti
1821 4934 2012 4991 Jonam
2054 4935 2122 4991 dc

542 5048 732 5096 ventre
763 5038 904 5103 ceti;
936 5036 1106 5091 libera
1154 5049 1267 5099 nte,
1290 5032 1383 5102 qui
1420 5030 1661 5103 liberasti
1711 5029 2017 5085 Suzannam
2050 5008 2124 5088 de

545 5129 680 5184 falso
710 5126 960 5181 crimine.
991 5124 1196 5179 Exaudi
1228 5140 1335 5188 me,
1362 5123 1504 5180 sicut
1524 5122 1790 5177 exaudisti
1822 5120 2039 5177 Petrum
2068 5124 2121 5178 in

2203 3940 2413 4009 jnstitia
2445 3948 2501 3995 et
2549 3939 2842 3995 sanctitate
2891 3953 3106 3995 merear
3147 3937 3403 4002 induere,
3437 3945 3499 3991 ut
3547 3933 3802 3990 omnibus

2209 4031 2566 4105 protectionis
2613 4040 2717 4086 tute
2766 4031 3008 4087 munitus
3055 4030 3291 4094 auxilio,
3345 4029 3401 4084 in
3448 4035 3542 4082 tua
3592 4039 3802 4096 semper

2211 4126 2501 4182 dilectione
2567 4139 2920 4195 permaneam
2947 4163 2961 4188 ,
3015 4123 3294 4179 caelestem
3359 4114 3804 4176 benedictionem

2213 4218 2507 4289 accipiam,
2539 4226 2594 4272 et
2623 4218 2905 4288 praesentis
2950 4216 3076 4272 vita:
3118 4214 3386 4288 praesidiis
3415 4215 3494 4285 (te
3542 4213 3804 4281 donante)

2214 4309 2501 4382 gaudeam,
2537 4317 2593 4364 et
2620 4318 2860 4365 aeterna.
2889 4308 3086 4364 Amen.

2285 4400 2606 4455 lmmensam
2637 4398 3065 4456 misericordiam
3101 4407 3272 4463 tuam,
3302 4395 3626 4452 misericors
3666 4393 3806 4449 Deus

2216 4505 2267 4552 et
2315 4498 2622 4564 miserator,
2674 4500 2870 4555 iterum
2919 4512 3118 4559 exoro.
3168 4494 3386 4550 remitte
3434 4492 3571 4547 mihi
3620 4503 3809 4547 omnes

2217 4589 2439 4645 lubrica:
2470 4591 2794 4646 temeritatis
2841 4590 3104 4652 offensas,
3150 4594 3211 4640 ut
3249 4584 3429 4640 anima
3482 4598 3612 4638 mea
3664 4582 3809 4637 beni-

2219 4682 2438 4751 gnitatis
2470 4692 2572 4736 tuas
2611 4683 2897 4738 dulcedine
2939 4681 3233 4751 repleatur,
3261 4686 3315 4731 et
3354 4690 3620 4731 concessa
3656 4674 3809 4731 venia

2221 4770 2392 4839 plena:
2422 4771 2788 4842 indulgentiae,
2816 4771 3079 4842 quidquid
3110 4786 3211 4840 pro
3246 4766 3466 4839 proprio
3494 4772 3651 4820 reatu
3678 4761 3810 4817 deli-

2221 4861 2335 4925 bui,
2383 4870 2551 4916 totum
2580 4877 2698 4932 aper
2742 4861 3067 4917 ineffabilem
3111 4861 3369 4928 pietatem
3418 4863 3571 4910 tuam
3610 4852 3734 4906 dele
3759 4857 3814 4906 et

2222 4951 2494 5022 absterge.
2546 4951 2657 5009 Nec
2696 4954 2769 5007 sit
2815 4968 2844 5007 a
2896 4969 2983 5008 me
3028 4951 3332 5007 clementiae
3371 4959 3478 5003 tua:
3516 4945 3811 5015 longinqua

2224 5042 2532 5105 miseratio,
2578 5043 2671 5095 sed
2714 5041 2972 5112 quidquid
3008 5050 3112 5096 tuae
3149 5036 3413 5094 voluntati
3443 5034 3810 5092 contrarium.

2226 5130 2448 5188 fallente
2489 5132 2727 5201 diabolo,
2763 5142 2818 5188 et
2849 5135 3065 5203 propria
3105 5132 3390 5202 iniquitate
3427 5136 3599 5196 atque
3649 5121 3814 5193 fragi-

546 5220 707 5284 rnari,
738 5218 965 5274 Paulum
1005 5218 1060 5273 in
1105 5216 1358 5272 vinculis.
1400 5215 1680 5270 Auxiliare
1722 5214 1872 5279 mibi,
1922 5230 2114 5285 quaeso1

2197 5219 2383 5280 ’litatc
2419 5226 2692 5290 contraxi,
2740 5235 2794 5281 tu
2839 5228 2961 5298 pius
2999 5236 3056 5282 et
3097 5225 3415 5282 misericors
3442 5220 3605 5275 ablue
3640 5213 3815 5273 indul-

548 5311 801 5375 Dornine,
826 5320 882 5364 et
930 5310 999 5366 ab
1032 5309 1187 5366 omni
1220 5308 1365 5364 malo
1396 5308 1766 5363 indesinenter
1805 5306 1973 5362 libera
2015 5322 2129 5375 me,

552 5420 582 5459 a
608 5404 854 5460 faucibus
880 5404 1184 5459 da:monnm
1216 5405 1391 5474 eripe,
1419 5417 1449 5454 a
1481 5410 1657 5456 morte
1699 5410 1959 5471 perpetua
2000 5406 2127 5458 sub-

553 5497 724 5562 trabe,
760 5496 951 5565 gratim
994 5502 1100 5573 tua;
1128 5490 1460 5550 abundantia
1503 5491 1681 5560 reple;
1723 5501 1909 5561 pectus
1949 5506 2129 5548 meum

549 5593 665 5640 °uta
695 5584 896 5640 virtute
923 5584 1098 5649 muni,
1149 5592 1386 5638 mentem
1425 5578 1681 5649 puriﬁca,
1715 5581 1879 5637 vitam
1928 5581 2130 5638 sanczi-

551 5678 886 5742 ﬁca,mores
905 5674 1158 5741 emenda,
1190 5688 1284 5729 cor
1329 5670 1541 5728 caelesti
1583 5672 1848 5741 sapientia
1895 5673 2129 5739 illustra,

550 5777 742 5825 aestum
776 5764 1055 5821 carnalem
1087 5774 1348 5836 tempera,
1382 5766 1524 5821 iram
1563 5764 1867 5831 exstingue,
1895 5765 2131 5835 linguam

2231 5313 2423 5383 gendn.
2453 5314 2596 5369 Sana
2627 5316 2873 5382 vulnera,
2904 5326 3207 5384 cunctaque
3235 5313 3451 5367 remitte
3482 5317 3732 5380 peccata.
3760 5308 3817 5355 ul

2233 5402 2394 5457 nullis
2422 5420 2452 5457 a
2483 5412 2534 5458 te
2562 5404 2940 5474 iniquitatibus
2960 5412 3266 5474 separatus,
3290 5401 3385 5456 sed
3413 5413 3635 5469 semper
3656 5395 3745 5450 hic
3761 5397 3815 5446 et

2235 5492 2396 5565 245
2425 5495 2623 5565 ubique
2653 5494 2982 5551 defensionis
3027 5504 3131 5549 tute
3168 5491 3372 5548 auxilio
3414 5489 3680 5551 munitus,
3723 5479 3813 5536 tibi

2236 5588 2463 5644 Domino
2484 5604 2699 5659 semper
2724 5589 2931 5645 valeam
2948 5588 3320 5653 adlnerere,et
3347 5591 3624 5655 perpetua!
3637 5573 3817 5650 Βιθΐίε

2240 5679 2565 5750 quandoque
2612 5679 2914 5750 portionem
2960 5679 3259 5749 percipere,
3292 5688 3455 5745 quam
3496 5669 3681 5726 oculus
3716 5677 3817 5718 non

2243 5772 2388 5836 vidit,
2415 5783 2459 5825 rt
2512 5775 2657 5826 auris
2699 5790 2801 5828 non
2850 5772 3071 5839 audivit,
3116 5783 3161 5826 et
3213 5776 3265 5828 in
3304 5786 3394 5825 cor
3443 5762 3666 5821 hominis
3713 5771 3816 5812 non
