4048 6288
237 378 326 435 9.57

1619 364 1929 424 ORATION
1938 365 2039 422 ES.

3380 373 3485 429 838

222 483 447 545 ‘ascenatt
476 502 593 557 qua:
611 484 936 556 “prmparasti
960 481 1290 552 diligentibus
1313 490 1360 536 te
1389 479 1442 553 (I
1469 478 1594 538 Cor.
1626 497 1686 547 tt,
1711 482 1788 552 9).
1822 486 1868 544 Α
1899 488 2066 534 stram
2093 479 2145 532 in
2187 479 2465 550 gaudium,
2493 488 2550 535 ut
2598 480 2839 536 viventes
2868 480 3252 538 benedicamus
3280 494 3354 549 te,
3385 487 3488 542 Do-

236 587 414 639 Amen.

297 673 446 728 Olux
489 669 645 724 beata
689 667 949 733 Trinitas,
994 664 1393 737 et,principalis
1428 664 1626 729 unitas,
1655 677 1808 733 auge-

235 763 281 816 in
318 760 463 816 nobis
501 759 683 824 iidem,
715 773 849 828 auge
876 771 1046 827 spem,
1078 772 1216 828 auge
1241 757 1590 821 charitatem,
1623 755 1793 810 libera

234 871 342 922 nos,
369 853 509 908 salva
541 868 662 916 nos,
702 851 941 926 justiﬁca
970 866 1090 906 nos.
1117 848 1161 906 Ο
1183 850 1336 905 beata
1366 850 1623 914 Trinitas,
1651 849 1799 904 solve

230 944 465 1008 crimina,
495 941 706 996 dimitte
741 949 986 1010 peccata,
1021 938 1267 995 miserias
1311 935 1470 1008 pelle,
1520 938 1798 1010 angustias

229 1049 427 1098 amove,
501 1032 876 1100 tribulationes
919 1031 1167 1101 inspice,
1236 1030 1591 1086 adversitates
1638 1029 1794 1101 pelle,

228 1125 570 1196 effectumque
603 1124 880 1195 petitionis
933 1133 1132 1178 nostra:
1182 1111 1461 1192 largiens,
1504 1121 1800 1177 clementer

225 1234 317 1274 nos
336 1217 552 1283 exaudi,
579 1225 638 1270 ut
671 1216 820 1272 exuti
851 1215 917 1270 ab
939 1214 1192 1270 omnibus
1221 1229 1341 1285 qua:
1371 1215 1610 1285 patimur
1641 1214 1799 1272 malis

225 1309 272 1364 in
325 1307 428 1362 tuis
475 1317 687 1376 semper
731 1304 1064 1360 delectemur
1109 1304 1383 1361 exsultare
1410 1305 1654 1376 jndiciis.
1688 1303 1801 1359 Ad-

221 1398 355 1462 veni.
392 1411 595 1467 quaeso,
624 1397 712 1467 pie
748 1397 993 1464 Domine,
1020 1403 1076 1466 et
1103 1395 1158 1450 in
1199 1395 1433 1450 medium
1463 1395 1635 1451 nostri
1667 1410 1801 1450 con--

221 1489 364 1551 siste,
398 1496 456 1541 ut
487 1497 546 1542 te.
577 1487 821 1542 invenire
852 1487 905 1541 in
939 1485 1194 1542 cordibus
1236 1485 1438 1541 nostris
1474 1487 1815 1542 sentiamus.

219 1578 334 1634 Oris
357 1579 530 1633 nostri
556 1577 952 1633 confessionem
978 1576 1211 1632 libenter
1231 1576 1465 1647 suscipe,
1488 1585 1544 1632 et
1565 1576 1798 1630 fructum

219 1684 311 1724 nos
337 1669 632 1725 viriditatis
669 1670 868 1724 habere
914 1669 1152 1722 concede
1183 1676 1451 1738 quatenus
1475 1661 1582 1721 tuis
1613 1666 1801 1721 imbri-

217 1759 310 1814 bu‘s
336 1759 543 1829 irrigati
591 1774 902 1814 mereamur
932 1757 1028 1812 tibi
1051 1756 1299 1813 suavium
1339 1756 1610 1811 fructuum
1639 1751 1814 1810 uber?

1899 570 2062 624 mine.
2091 570 2454 640 Deprecamur
2484 581 2555 636 te,
2579 573 2825 637 Domine,
2849 573 2905 628 in
2936 576 3082 628 omni
3109 576 3483 636 misericordia

1898 666 2010 725 tua,
2057 670 2115 713 ut
2157 660 2442 716 auferatur
2471 662 2621 716 furor
2665 671 2809 727 tuus,
2853 672 2907 718 et
2953 665 3031 718 ira
3078 673 3166 719 tua
3207 668 3483 724 acivitate

1900 748 2028 814 ista,
2060 758 2115 804 et
2160 765 2188 804 a
2219 751 2378 806 domo
2413 760 2605 807 saneta
2658 762 2771 816 tua,
2814 754 3068 822 quoniam
3119 758 3480 824 peccavimus.

1899 839 2133 906 Inclina,
2155 842 2400 908 Domine,
2443 859 2623 897 aurem
2647 855 2815 911 tuam,
2849 854 2905 900 et
2923 847 3046 900 attdi
3073 844 3248 917 (Psui.
3279 863 3479 914 ιχχχν,

1899 929 1980 1001 1);
2014 931 2224 1001 respice
2251 933 2318 988 de
2355 931 2516 998 coelo,
2543 942 2598 987 et
2627 933 2750 988 vide
2780 932 2954 1004 (Psal.
2990 951 3173 998 Lxxtx,
3208 937 3298 1007 15)
3342 937 3478 996 allii-

1897 1022 2131 1078 ctionem
2182 1023 2362 1094 populi
2423 1024 2523 1080 tui.
2576 1024 2804 1090 Exaudi,
2850 1025 3105 1093 Domine,
3157 1029 3476 1099 propitiare,

1898 1113 2163 1182 Domine;
2220 1116 2456 1182 intende,
2508 1131 2575 1170 ne
2621 1116 2943 1180 tardaveris,
2972 1121 3095 1188 quia
3125 1137 3312 1175 nomen
3358 1139 3484 1176 san-

1898 1215 2038 1260 ctum
2071 1215 2220 1261 tuum
2274 1207 2559 1262 invocatur
2600 1223 2758 1276 super
2785 1224 2879 1260 nos
2905 1207 3097 1278 (Eccii.
3142 1219 3331 1277 χχχνι,
3369 1213 3480 1284 ii).

1899 1295 2065 1351 Multa
2084 1308 2230 1362 sunt,
2254 1299 2498 1364 Domine,
2525 1309 2743 1369 peccata
2760 1308 2939 1354 nostra
2959 1301 3084 1367 ;tibi
3115 1305 3482 1371 peccavimus,

1899 1390 2162 1460 patientia
2207 1391 2405 1458 Israel;
2453 1391 2624 1448 libera
2673 1406 2796 1456 nos,
2843 1393 3087 1459 Domine,
3142 1396 3194 1450 in
3245 1381 3485 1468 tempore

1901 1483 2161 1556 angustia:
2210 1492 2430 1537 nostrae.
2469 1480 2831 1548 Peccavimus,
2872 1482 3120 1549 Domine,
3151 1494 3197 1538 et
3231 1495 3287 1539 tu
3316 1486 3484 1540 iratus

1899 1591 1953 1630 es
1980 1575 2114 1647 (Isa.
2140 1574 2360 1644 LXIV,5)
2386 1574 2562 1637 nobis,
2595 1583 2641 1628 et
2663 1590 2767 1628 non
2797 1583 2870 1628 est
2909 1575 2999 1645 qui
3033 1575 3243 1646 e/i'ugiet
3270 1592 3487 1630 manum

1901 1679 2044 1721 tuam
2072 1664 2224 1738 (Tob.
2252 1682 2374 1733 χιιι,
2418 1665 2507 1736 2);
2538 1665 2628 1720 sed
2658 1665 3025 1735 supplicamus
3054 1675 3110 1719 ut
3140 1668 3308 1720 veniat
3332 1682 3489 1735 super

1902 1769 2000 1815 nos
2030 1759 2388 1813 misericordia
2426 1769 2516 1811 tua
2565 1755 2736 1828 (Paul.
2768 1772 2955 1820 cxvm,
2985 1756 3100 1828 41).
3132 1757 3234 1825 Qui
3281 1757 3486 1813 Niniva:

218 1857 321 1902 tate
354 1849 594 1917 placere,
625 1857 685 1902 ut
716 1849 768 1902 in
795 1849 868 1902 tui
900 1848 1103 1903 amoris
1153 1847 1517 1902 accendamur
1562 1846 1797 1902 illustra-
1828 1855 1873 1915 Β
1901 1853 2210 1922 pepercisti,
2236 1853 2493 1906 miserere
2518 1849 2691 1904 nobis.
2723 1848 3070 1904 Rcminiscere
3091 1851 3486 1905 miserationum

217 1936 373 2001 tione,
401 1946 457 1992 et
481 1952 624 1991 verse
653 1937 942 1991 charitatis
987 1937 1356 1991 illuminemur
1395 1936 1537 2006 igne.
1569 1937 1635 1990 Et
1655 1936 1798 1990 sicut

215 2027 429 2099 Moysen
481 2027 740 2083 famulum
781 2038 932 2082 tuum
980 2027 1213 2082 mirabili
1252 2027 1567 2082 illuminast-i
1620 2027 1797 2097 splen-

213 2120 356 2186 dore,
400 2121 474 2174 ita
509 2122 670 2176 corda
715 2129 772 2175 et
807 2135 998 2176 sensus
1026 2115 1243 2175 nostros
1285 2119 1591 2174 illuminare
1615 2119 1801 2190 digne-

211 2211 302 2277 ris,
352 2221 414 2266 ut
459 2221 804 2283 peccatorum
850 2212 967 2266 labe
990 2212 1213 2280 expiati,
1249 2213 1316 2266 ad
1361 2221 1432 2275 te,
1477 2215 1564 2281 qui
1596 2222 1796 2267 aeterna

209 2303 312 2357 vita
349 2320 432 2371 es,
486 2306 770 2375 pervenire
816 2319 1140 2358 mereamur.
1185 2303 1260 2358 Da
1296 2302 1613 2372 gaudiorum
1661 2318 1802 2373 pra:-

208 2393 332 2458 tnia,
363 2395 432 2448 da
467 2395 764 2464 gratiarum
816 2409 1065 2458 munera,
1108 2393 1344 2449 dissolve
1392 2394 1503 2448 litis
1555 2395 1794 2460 vincula,

207 2485 447 2553 astringe
493 2485 642 2554 pacis
672 2485 894 2541 foedera.
933 2485 1176 2539 lllumina
1211 2499 1307 2540 cor
1339 2485 1638 2550 hominum,
1677 2485 1802 2540 abs-

208 2581 355 2641 terge
422 2576 614 2628 sordes
675 2576 952 2638 mentium,
1027 2573 1235 2629 resolve
1282 2573 1453 2644 culpae
1503 2573 1796 2639 vinculum,

208 2674 386 2717 everte
413 2664 588 2719 moles
613 2667 925 2719 criminum.

272 2757 627 2814 Peccavimus
655 2759 772 2824 tibi,
807 2759 1058 2824 Domine,
1085 2759 1402 2829 patientiam
1429 2758 1566 2814 habe
1609 2759 1661 2813 in
1697 2773 1798 2814 no-

208 2847 305 2912 bis,
340 2858 398 2903 et
429 2837 563 2903 erue
612 2864 710 2904 nos
750 2864 780 2902 a
825 2849 1000 2914 malis,
1046 2865 1167 2919 quae
1211 2850 1451 2919 quotidie
1483 2858 1801 2905 accrescunt

208 2955 363 3009 super
390 2956 514 2996 nos.
553 2940 872 3010 lniquitates
905 2949 1124 3006 nostrae,
1153 2940 1399 3008 Domine,
1429 2942 1797 3012 multiplicatae

209 3043 323 3086 sum
356 3047 524 3102 super
560 3034 739 3102 capita
792 3042 976 3088 nostra
1020 3032 1193 3103 (Psal.
1237 3049 1424 3099 χχχιχ,
1455 3034 1568 3104 13),
1605 3034 1794 3088 delicta

205 3133 381 3178 uOStra
432 3135 730 3178 creverunt
773 3137 942 3193 usque
977 3122 1042 3176 ad
1086 3123 1276 3178 ctelos.
1314 3110 1503 3186 Parce,
1547 3124 1791 3189 Domine,

1899 1955 2133 2009 tuarum,
2169 1945 2386 1997 Domine
2416 1941 2591 2014 (Psal.
2639 1955 2784 2006 χχιν,
2815 1941 2894 2008 6),
2928 1950 2984 1997 et
3021 1957 3158 2012 quos
3185 1945 3289 1998 huc
3315 1957 3486 2012 usque

1901 2038 2120 2100 toleras,
2152 2037 2219 2091 ad
2260 2037 2634 2105 p-euitentiam
2672 2051 2999 2106 compunge.
3027 2033 3352 2105 Propitiare,
3385 2035 3488 2090 Do-

1899 2129 2068 2194 mine,
2105 2127 2356 2182 omnibus
2385 2126 2708 2181 Christianis
2739 2125 2875 2180 vivis
2905 2133 2960 2180 et
3001 2125 3294 2181 defunctis.
3317 2124 3488 2179 Auxi-

1899 2221 2033 2274 liare
2090 2220 2328 2288 Optimis,
2378 2227 2440 2272 ut
2483 2218 2541 2295 in.
2591 2218 2832 2273 bonitate
2879 2232 3094 2288 semper
3160 2218 3482 2272 consistant.

1900 2312 2156 2366 Miserere
2201 2311 2357 2366 bonis
2407 2321 2462 2365 et
2506 2310 2888 2376 mediocribus,
2927 2322 2986 2364 ut
3034 2309 3286 2364 meliores
3332 2309 3482 2363 fiant.

1901 2400 2170 2457 Succurre
2197 2415 2362 2470 prave
2392 2401 2676 2470 agentibus
2712 2410 2768 2456 et
2795 2401 3256 2470 delinquentibus,
3289 2409 3348 2454 ut
3377 2401 3487 2454 cito

1899 2509 1958 2550 se
1985 2501 2280 2563 corrigant.
2309 2491 2611 2560 Propitiare
2636 2493 2822 2555 etiam,
2853 2491 3101 2556 Domine,
3136 2487 3409 2545 haereticis
3432 2496 3488 2544 et

1900 2585 2232 2650 schismatis,
2261 2582 2461 2639 Iudaeis
2494 2592 2549 2639 et
2577 2584 2822 2654 paganis,
2854 2593 2911 2637 ut
2957 2592 3301 2637 revertantur
3323 2599 3352 2636 a
3385 2584 3487 2638 viis

1900 2661 2012 2734 suis
2049 2676 2222 2742 malis,
2256 2683 2310 2730 et
2337 2683 2668 2746 cognoscant
2703 2683 2756 2728 te
2795 2673 2960 2727 Deum
2988 2673 3168 2726 vivum
3196 2681 3253 2727 et
3275 2687 3483 2740 verum,

1900 2767 1989 2836 qui
2021 2765 2193 2822 fecisti
2233 2765 2434 2821 caelum
2478 2773 2533 2820 et
2578 2774 2796 2828 terram,
2846 2778 2995 2817 mare
3045 2771 3100 2818 et
3160 2763 3488 2832 omniaquae

1901 2857 1954 2912 in
1982 2856 2063 2910 eis
2113 2847 2258 2911 Sunt.
2297 2855 2553 2909 Miserere
2596 2854 2847 2909 omnibus
2896 2851 3141 2906 fidelibus
3195 2850 3485 2917 defunctis,
3539 2880 3566 2925 ς

1899 2948 2034 3002 dans
2056 2947 2134 3000 eis
2162 2947 2323 3000 vitam
2355 2945 2567 2999 beatam
2599 2951 2818 3014 propter
2848 2943 3104 3014 pietatem
3139 2951 3304 2996 tuam.

1969 3036 2237 3092 Memento
2288 3035 2485 3100 nostri,
2520 3033 2766 3100 Domine,
2799 3033 2851 3088 in
2896 3032 3190 3104 gravi-isto
3224 3047 3482 3102 corpore;

1899 3137 2185 3184 convertat
2227 3139 2316 3183 tua
2365 3119 2672 3198 benignitas
2714 3140 2853 3196 quos
2899 3125 3056 3193 longa
3087 3123 3340 3178 sustinuit
3373 3124 3488 3192 pie-

201 3221 249 3266 et
274 3214 473 3269 inclina
535 3229 698 3285 super
726 3231 824 3271 nos
864 3215 1292 3270 misericordiam
1327 3222 1496 3268 tuam.
1545 3215 1788 3282 Domine,
1820 3217 1864 3278 C
1899 3232 1998 3275 tas,
2034 3221 2281 3275 Miserere
2310 3220 2492 3279 nostri,
2529 3218 2670 3272 Deus
2700 3217 2953 3279 onmium,
2981 3226 3029 3269 et
3073 3214 3266 3283 respice
3293 3231 3403 3280 nos,
3436 3223 3486 3267 et

197 3310 458 3364 imminuti
487 3326 514 3364 s
535 3324 693 3364 umus
731 3321 952 3380 propter
981 3317 1200 3378 peccata
1233 3318 1420 3362 nostra
1471 3307 1660 3371 hodie;
1703 3308 1798 3361 sed

197 3395 246 3450 in
276 3400 456 3454 animo
482 3399 738 3454 c-on‘trito
764 3409 814 3453 et
840 3385 1380 3468 spiritu‘humilitatis
1408 3398 1794 3468 suscipiamur,

195 3496 245 3539 et
291 3489 377 3544 fac
425 3488 731 3543 nobiscum
777 3489 1073 3543 secundum
1126 3487 1593 3542 mansuetudinem
1625 3495 1795 3550 tuam,

201 3578 320 3645 quia
347 3595 454 3633 non
495 3590 580 3634 est
639 3579 877 3647 confusio
908 3578 1290 3646 conlidentibus
1335 3578 1390 3631 in
1427 3585 1476 3630 te
1524 3576 1685 3647 (Dan.
1715 3592 1795 3643 ιιι,

205 3667 308 3739 ιιι),
346 3671 601 3726 Domine.
639 3669 761 3723 Non
804 3679 878 3724 est
907 3669 1041 3722 alius
1072 3669 1212 3723 Deus
1233 3678 1422 3739 prceter
1449 3679 1518 3736 te,
1546 3668 1787 3733 Domine,

207 3757 389 3816 (Eccli.
421 3778 618 3824 xxxvr,
650 3760 731 3833 5),
763 3769 820 3814 et
862 3759 955 3813 tibi
999 3761 1062 3812 de
1089 3761 1326 3812 omnibus
1352 3775 1478 3812 cura
1501 3768 1574 3812 est
1607 3756 1794 3828 (Eccli.

207 3866 330 3916 xui,
353 3856 432 3922 4),
469 3869 540 3909 eo
565 3853 711 3922 quod
742 3851 1000 3906 Dominus
1023 3851 1262 3904 omnium
1291 3864 1370 3904 es.
1405 3847 1576 3902 Parce
1605 3848 1798 3918 populo

205 3952 288 3996 tuo
320 3943 486 4014 (Joei.
517 3961 582 4009 ﬂ,
616 3943 727 4012 17),
753 3942 842 4012 qui
877 3943 974 3996 das
1005 3941 1354 4010 precantibus
1383 3939 1718 4010 largitatem,
1743 3930 1819 3992 ut'

206 4046 559 4092 convertatur
608 4035 814 4089 malitia
851 4034 904 4088 in
947 4033 1264 4088 bonitatem.
1294 4031 1522 4097 Exaudi,
1548 4030 1795 4094 Domine,

205 4128 644 4197 deprecationem
671 4141 948 4183 servorum
981 4136 1217 4190 tuorum,
1241 4134 1298 4180 et
1317 4125 1574 4179 miserere
1604 4122 1799 4194 populo

206 4224 309 4285 tuo,
343 4232 402 4274 ut
430 4223 619 4276 sciant
647 4233 834 4272 omnes
855 4225 1040 4286 gentes
1060 4215 1184 4285 quia
1218 4224 1270 4268 tu
1311 4229 1371 4268 es
1400 4213 1542 4269 Deus
1570 4212 1798 4268 saeculo-

203 4322 315 4361 rutn
346 4309 616 4380 (Baruclt.
664 4322 730 4375 tt,
757 4307 866 4378 15).
903 4306 1152 4360 Miserere
1190 4304 1391 4358 civitati
1420 4292 1798 4371 sanctiﬁcatio-

203 4399 277 4452 nis
321 4412 427 4455 tute
479 4399 681 4473 (Eccii.
735 4413 922 4462 χχχνι,
976 4397 1092 4466 15),
1138 4394 1362 4450 Domine
1402 4394 1544 4449 Deus
1589 4401 1792 4447 noster.

202 4487 449 4545 Miserere
495 4490 642 4560 plebi
683 4499 811 4554 tute,
851 4487 1092 4550 Domine,
1121 4501 1276 4556 super
1310 4500 1468 4554 quam
1498 4485 1794 4537 invocatum

199 4587 271 4631 est
301 4597 492 4634 nomen
524 4591 677 4634 tuum
708 4588 944 4632 sanctum
967 4573 1156 4645 (Ibid.,
1187 4573 1298 4644 14),
1327 4584 1382 4627 ut
1403 4574 1567 4628 sciant
1595 4589 1790 4638 omnes,
1822 4561 1872 4620 D

198 4670 282 4736 qui
307 4669 558 4724 habitant
587 4680 783 4722 terram
818 4665 1006 4737 (Ibid.,
1041 4664 1152 4733 19),
1180 4666 1303 4735 quia
1330 4675 1384 4719 tu
1413 4679 1472 4719 es
1500 4662 1645 4717 Deus
1669 4677 1796 4732 pro.

203 4767 373 4813 lector
400 4760 732 4831 populorum
767 4766 1005 4811 tuorum.
1034 4755 1274 4822 Dimitte,
1301 4755 1544 4819 Domine,
1569 4762 1792 4823 peccata

197 4852 376 4922 populi
431 4853 546 4917 tui,
620 4850 906 4904 secundum
962 4846 1352 4902 multitudinem
1415 4845 1793 4900 misericordia:

197 4950 298 4994 tua!
320 4942 500 5012 (Psal.
529 4959 619 5006 cv,
649 4941 761 5014 45).
795 4923 948 4996 Sicut
968 4938 1232 5010 propitius
1256 4937 1400 4993 fuisti
1427 4938 1667 5008 patribus
1692 4951 1791 4992 no-

196 5034 343 5100 stris,
389 5035 672 5105 propitius
717 5042 834 5089 esto
881 5042 938 5088 et
987 5033 1161 5098 nobis,
1195 5041 1255 5085 ut
1292 5030 1580 5100 impleatur
1616 5028 1789 5100 gloria

199 5131 283 5176 tua
317 5126 371 5178 in
407 5127 670 5180 universa
695 5135 862 5181 terra.

261 5218 507 5284 Exaudi,
557 5221 722 5284 Deus,
776 5218 1208 5289 deprecationem
1235 5227 1498 5281 nostram,
1539 5223 1594 5268 et
1613 5213 1793 5284 pr0pi-

195 5309 302 5364 tius
332 5322 458 5366 esto
483 5312 686 5380 populo
727 5319 837 5376 tuo,
876 5319 932 5366 et
965 5317 1222 5366 converte
1256 5307 1658 5364 tribulationem
1695 5319 1794 5358 no-

1899 3314 2109 3367 ostende
2151 3313 2309 3366 nobis
2381 3315 2548 3365 lucem
2590 3311 2986 3375 miserationum
3032 3317 3244 3360 tuarum
3288 3305 3483 3378 (Eccli.

1898 3415 2082 3464 xxxvr,
2120 3400 2193 3472 1).
2237 3400 2347 3456 Nos
2384 3400 2589 3465 miseri,
2639 3379 2740 3452 nos
2773 3411 2960 3452 sumus
3009 3411 3172 3466 opera
3207 3405 3318 3459 tua,
3365 3409 3488 3466 quae

1899 3490 2094 3546 dedisti
2119 3491 2257 3545 Filio
2280 3501 2368 3544 tuo
2397 3490 2450 3542 in
2470 3488 2824 3543 Iiwreditatem
2848 3485 2947 3539 sibi
2970 3483 3144 3555 (Psai.
3176 3499 3350 3549 χχχιι,
3371 3485 3500 3556 12).

1901 3582 2021 3637 Noli
2067 3582 2327 3636 claudere
2353 3595 2540 3635 aurem
2596 3587 2741 3632 tuam
2770 3580 2836 3631 ad
2882 3590 3072 3644 preces
3105 3585 3342 3640 nostras,
3389 3576 3486 3629 sed

1901 3678 2120 3733 subleva
2145 3675 2380 3731 clemens
2429 3672 2773 3729 amictionem
2809 3672 2988 3743 populi
3023 3672 3118 3734 tui,
3159 3671 3286 3726 illud
3313 3671 3488 3726 revol-

1900 3784 2032 3824 vens
2057 3769 2198 3838 quod
2227 3767 2496 3837 pollicitus
2530 3783 2590 3822 es
2625 3766 2811 3820 dicens
2836 3781 2851 3820 :
2881 3763 3258 3819 Convertimini
3286 3763 3356 3816 ad
3380 3779 3484 3828 me,

1900 3853 2066 3927 et'cgo
2091 3867 2317 3910 revertar
2341 3856 2408 3908 ad
2439 3872 2525 3909 vos
2551 3852 2709 3916 (Mal.
2755 3869 2837 3917 ιιι,
2867 3852 2942 3922 7).
2980 3852 3252 3906 Memento
3290 3852 3484 3918 nostri,

1901 3947 2150 4008 Domine,
2193 3954 2468 3999 memento
2498 3945 2690 4009 nostri,
2724 3955 2780 3996 ut
2808 3942 3105 3996 elliciamur
3139 3941 3380 3996 haercdes
3401 3956 3488 3994 re-

1900 4039 1986 4108 gni
2019 4041 2115 4102 tui,
2147 4047 2202 4092 et
2231 4037 2474 4092 videntes
2498 4034 2722 4105 gloriam
2773 4043 2918 4087 luant
2953 4034 3240 4086 adoremus
3276 4030 3488 4086 bonita-

1901 4140 2007 4185 tem
2042 4140 2209 4192 tuam,
2241 4140 2296 4184 et
2319 4128 2564 4182 dicamus
2591 4126 2818 4196 pariter,
2864 4139 2990 4180 cum
3019 4123 3318 4179 viderimus
3355 4122 3487 4178 inte-

1899 4220 2222 4275 stimabilem
2275 4217 2729 4289 pulchritudinem
2777 4225 2922 4270 tuam
2954 4233 2968 4270 :
2997 4214 3180 4270 Gloria
3211 4213 3357 4269 Patri
3388 4214 3483 4285 qui

1900 4312 2028 4369 fecit
2056 4327 2173 4376 nos,
2205 4311 2376 4382 gloria
2410 4309 2545 4364 Filio
2580 4309 2671 4377 qui
2710 4309 2939 4368 salvavit
2964 4323 3085 4373 nos,
3113 4307 3282 4380 gloria
3313 4306 3486 4377 Spiri-

1900 4407 1977 4463 tui
2027 4413 2215 4461 sancto
2261 4403 2356 4474 qui
2400 4401 2684 4458 renovavit
2735 4416 2856 4466 nos,
2903 4415 3000 4471 per
3037 4402 3245 4458 infinita
3288 4400 3496 4470 saecula,

1900 4495 2239 4554 saeculorum.
2265 4495 2462 4550 Amen.

2460 4609 2717 4667 ORATIO
2755 4609 2797 4665 ll
2822 4610 2912 4665 ⁹¹⁸.

1990 4749 2058 4787 ΔΙ)
2094 4746 2235 4786 ιιευιι
2275 4743 2488 4784 ΡΔἸἭΕΙΙ
2527 4743 2626 4782 PER
2666 4743 2867 4782 MERITA
2911 4744 3036 4784 FILII
3078 4742 3381 4782 INCARNATI.

1963 4847 2156 4903 Invoco
2203 4854 2276 4910 te,
2321 4844 2461 4898 Deus
2510 4853 2682 4907 meus,
2710 4841 2900 4895 invoco
2959 4849 3031 4903 te,
3061 4838 3184 4908 quia
3234 4853 3393 4907 prope
3425 4853 3482 4890 es

1891 4940 2128 4994 omnibus
2146 4935 2502 5002 invocantibus
2518 4943 2587 4998 te,
2605 4934 2698 4989 sed
2717 4929 3092 4998 invocantibus
3107 4929 3177 4960 ’λ’
3196 4931 3248 4981 in
3267 4929 3486 4984 veritate

1897 5029 2069 5102 (Psal.
2115 5045 2294 5095 chtv,
2350 5027 2437 5099 18)
2491 5045 2506 5082 :
2562 5036 2615 5079 tu
2645 5025 2790 5078 enim
2816 5019 3016 5074 veritas
3049 5032 3128 5072 es.
3176 5016 3317 5072 Doce
3345 5029 3432 5072 me
3461 5056 3477 5084 ,

1897 5134 2098 5190 quaso,
2129 5134 2224 5188 per
2253 5116 2599 5172 clementiam
2632 5121 2798 5174 tuam,
2846 5116 3036 5164 sancta
3072 5106 3291 5171 veritas,
3347 5107 3480 5163 doce

1899 5229 1987 5267 me
2011 5213 2262 5266 invocare
2297 5217 2348 5263 te
2401 5208 2454 5262 in
2484 5205 2736 5267 veritate,
2768 5202 2891 5272 quia
2929 5200 3198 5272 quomodo
3231 5199 3332 5254 hoc
3363 5198 3488 5254 fieri

1901 5312 2150 5373 oporteat
2192 5302 2262 5333 ⁹²⁰
2305 5298 2508 5363 nescio,
2549 5295 2644 5350 sed
2671 5292 2850 5349 doceri
2891 5308 2918 5345 a
2953 5301 3024 5355 te,
3049 5291 3221 5360 fluenta
3256 5290 3476 5355 veritas,

1509 5420 1739 5478 VARUS
1775 5414 2178 5474 LECTIONES.

263 5521 336 5554 m
359 5522 584 5576 Collum
610 5532 681 5575 est
713 5537 830 5574 cum
866 5518 1109 5573 Edit’one
1141 5513 1423 5572 Sommalii
1448 5524 1494 5570 et
1528 5512 1674 5566 Edit.
1716 5510 1874 5565 Goth.
1911 5518 1959 5560 ει
2001 5504 2157 5576 Είιὶι.
2177 5501 2352 5556 Paris.
2481 5495 2762 5576 éugustini
2788 5494 2876 5548 ubi
2897 5503 3036 5576 extat
3308 5487 3483 5576 aedi-

193 5559 696 5661 ιαιιοηῖῆἱηῖὂᾟιῖσὶ
705 5559 943 5661 ἵξἝαῖ
951 5559 1400 5661 ΞὸἕξἈῖιῊῦξῖιῖἱ
1408 5559 1753 5661 amate;
1768 5559 1980 5661 merita
1990 5574 2114 5661 filii
2131 5559 2623 5661 .lltgcar-llilio-g§f§io
2641 5568 2940 5661 invocatur
2961 5559 3478 5661 ἱιιέξάμξριιε

193 5665 410 5716 estsine
456 5659 645 5726 titulo,
689 5652 928 5716 ct'nuﬁo
959 5659 1129 5713 medio
1163 5657 1399 5727 sequitur
1446 5652 1842 5727 prtecedentem.

1939 5647 2009 5678 9"
2041 5644 2144 5699 Sed
2197 5640 2574 5698 invocantibus
2624 5639 2762 5708 Aug.
2807 5639 2997 5708 omit._'
3028 5634 3101 5668 ⁸³⁸
3126 5633 3481 5708 Clelneuliilllt

195 5706 1624 5798 iisii"§a.'.'c'i5'ieii'taii'uidééié':'(iai5"qudmouo
1652 5722 1755 5775 hoc
1784 5718 1909 5798 ﬁeri
1946 5721 2195 5798 oporteat
2238 5723 2336 5768 etc.
2365 5712 2511 5798 S_om.
2541 5719 2590 5763 ct
2805 5723 2898 5781 per
2936 5706 3278 5765 clementiam
3306 5713 3478 5766 tuatn,

192 5784 949 5870 sancta_v'veritas,idoccme
989 5784 1248 5856 invocare
1278 5807 1331 5852 te
1359 5784 1410 5850 i'n
1455 5793 1705 5859 veritate,
1737 5789 1864 5860 quia
1897 5788 1997 5842 hoc
2030 5785 2142 5841 ﬁeri
2173 5784 2442 5854 quomodo
2489 5789 2738 5852 oporteat
