4048 6288
259 292 357 356 869

1677 293 2095 355 ORATIONES.

3418 301 3529 362 870

260 414 445 476 falsam
468 412 862 485 impotentiam,
884 411 979 468 sed
1010 425 1107 483 per
1128 424 1316 468 veram
1367 409 1667 482 potentiam
1726 426 1833 467 non
1864 416 1913 474 Α
1940 409 2226 476 infectum,
2258 414 2577 480 corruptum
2600 415 2656 463 et
2678 408 3033 477 destructum,
3065 409 3247 481 etjam
3277 411 3391 469 fere
3424 418 3532 471 nisi

260 516 428 582 potes.
461 506 561 574 Qui
588 505 730 561 enim
761 503 962 559 malum
985 511 1164 574 potest
1192 513 1247 559 et
1286 502 1434 570 facit,
1465 502 1606 558 malo
1625 518 1724 559 suo
1739 504 1843 559 hoc

259 610 435 674 potest
453 600 546 634 “‘“
575 609 630 655 et
678 598 832 664 facit,
888 598 1015 668 quia
1064 613 1163 669 per
1198 599 1338 654 hanc
1391 598 1688 669 potentiam
1733 613 1844 652 non

262 708 471 751 sursum
498 693 565 747 ad
590 690 807 747 excelsa
837 691 1067 761 erigitur
1099 674 1192 723 ίυίθ
1233 690 1487 757 feliciter,
1535 690 1629 745 sed
1682 689 1846 745 deor-

263 798 376 842 sum
403 785 470 839 ad
498 779 605 839 ima
639 781 931 837 attrahitur
950 780 1262 838 infeliciter.
1302 779 1417 836 Hac
1451 779 1718 850 potentia,
1761 777 1846 834 vel

260 875 440 947 potius
485 873 805 942 impotentia
854 872 1241 928 miserabiliter
1281 872 1557 934 seductus,
1601 876 1658 925 et
1692 870 1844 941 quasi

261 965 439 1022 vesica
461 972 686 1035 turgens
711 961 948 1020 inaniter
971 961 1209 1032 inflatus,
1232 972 1385 1020 extra
1431 963 1693 1018 rationem
1748 978 1844 1035 po-

263 1059 415 1124 situs,
447 1065 502 1112 et
529 1056 680 1126 quasi
699 1055 947 1123 jumento
965 1056 1241 1127 insipienti
1270 1054 1464 1111 similis
1481 1054 1845 1128 factus(Psal.

262 1164 451 1214 xum,
484 1147 595 1218 15),
631 1147 736 1202 telo
781 1148 1049 1216 superbiae
1100 1147 1407 1203 miserrime
1459 1161 1746 1217 percussus
1794 1156 1851 1202 et

261 1248 563 1312 prostratus
611 1248 666 1294 te
718 1237 1031 1294 Creatorem
1086 1250 1263 1294 meum
1312 1248 1368 1294 et
1408 1235 1849 1295 misericordissi-

262 1347 411 1388 mum
440 1330 728 1386 Dominum
763 1331 817 1385 in
873 1331 981 1386 tuis
1029 1332 1312 1402 praeceptis
1357 1333 1681 1401 contempsi,
1730 1348 1850 1402 quae

260 1422 395 1476 mihi
424 1420 492 1476 ad
519 1421 719 1476 bonum
752 1433 953 1485 meum,
979 1421 1023 1476 si
1049 1421 1445 1485 observassem,
1477 1420 1695 1486 dedisti,
1721 1437 1851 1477 con-

261 1520 514 1569 temnens
542 1496 657 1580 ‘°"’,
681 1520 737 1567 et
758 1512 921 1568 veluti
953 1521 1132 1568 mente
1167 1513 1429 1583 perditus,
1478 1514 1605 1568 dum
1653 1514 1759 1568 hue
1789 1512 1853 1567 il—

260 1603 461 1674 lucque
490 1604 643 1674 quasi
682 1605 914 1673 superbe
941 1603 1108 1669 feror,
1150 1617 1279 1658 vera
1332 1602 1603 1659 soliditate
1641 1602 1849 1673 perdita

260 1695 380 1751 vias
406 1695 725 1765 perditionis
760 1706 816 1751 et
855 1694 1046 1751 mortis
1097 1694 1338 1762 incurro,
1401 1709 1466 1749 ac
1514 1693 1806 1749 vanitatem
1833 1735 1849 1758 ,

1944 503 2319 558 misericordia
2369 513 2460 558 tua
2513 502 2798 557 subveniat
2842 504 2911 560 ad
2958 504 3186 560 nihilum
3219 506 3526 563 redactum.

1946 593 2052 650 Sed
2081 609 2264 649 coram
2290 592 2574 662 majestate
2602 604 2692 647 tua
2720 592 2932 662 culpam
2969 610 3143 649 meam
3168 611 3533 667 recognosco,

1947 700 2074 740 reus
2110 694 2166 740 et
2195 684 2484 756 culpabilis
2526 685 2741 740 veniam
2791 697 2847 740 et
2894 685 3282 757 indulgentiam
3315 690 3381 744 de
3428 690 3534 746 hoc

1944 777 2090 833 etde
2113 778 2366 832 omnibus
2389 778 2633 845 peccatis
2670 779 2808 835 meis
2848 794 2877 832 a
2920 788 2990 845 te,
3021 780 3338 836 misericors
3363 779 3531 836 Crea-

1949 879 2052 934 tor,
2080 880 2224 938 peto,
2254 869 2346 939 qui
2374 886 2480 925 non
2518 872 2601 926 vis
2636 881 2867 927 mortem
2894 874 3218 943 peccatoris,
3248 890 3351 929 nec
3382 874 3532 931 heta-

1948 959 2024 1014 ris
2069 960 2123 1014 in
2176 959 2481 1030 perditione
2526 961 2875 1016 morientium
2922 961 3140 1028 (Exerit.
3197 978 3372 1030 xvm,
3415 964 3532 1037 25).

1948 1048 2087 1104 Sunt
2125 1059 2179 1105 et
2200 1050 2304 1105 alia
2336 1050 2500 1104 multa
2544 1065 2665 1121 quae
2702 1054 2767 1109 de
2819 1053 3001 1108 radice
3028 1053 3189 1123 hujus
3232 1057 3401 1125 pestis
3442 1074 3538 1112 ex-

1948 1139 2233 1207 Oriuntur,
2279 1154 2399 1210 qua:
2432 1155 2519 1196 me
2559 1141 2761 1196 habere
2801 1149 2853 1195 et
2885 1157 3073 1196 eorum
3124 1143 3387 1198 molestiis
3430 1162 3537 1200 not:

1949 1243 2141 1298 parum
2170 1229 2466 1300 inquietari
2496 1240 2554 1285 et
2582 1231 2882 1301 saepissime
2913 1232 3073 1287 atteri
3107 1233 3361 1288 similiter
3398 1250 3536 1289 con-

1951 1320 2130 1375 ﬁteor.
2168 1321 2235 1375 Et
2267 1320 2521 1376 similiter
2564 1323 2633 1378 de
2665 1324 2748 1379 his
2794 1324 3050 1379 omnibus
3094 1326 3308 1380 veniam
3341 1336 3396 1381 ct
3446 1327 3537 1381 in-

1951 1412 2283 1481 dulgentiam
2310 1415 2551 1484 requiro.
2597 1414 2737 1471 Sunt
2774 1424 2955 1471 autem
2985 1415 3122 1481 haec,
3163 1417 3415 1474 videlicet
3448 1420 3529 1474 ira

1954 1504 2071 1570 "5”,
2118 1505 2477 1575 impatientia,
2526 1506 2743 1562 inimica
2786 1507 2896 1563 Deo
2944 1518 3000 1564 et
3030 1509 3285 1566 omnibus
3325 1512 3541 1567 sanctis

1950 1597 2138 1653 odiosa
2168 1598 2261 1629 ¹⁰⁸⁹
2285 1598 2578 1663 discordia,
2621 1598 2944 1669 indignatio,
2978 1616 3177 1657 rancor
3220 1602 3411 1667 animi,
3444 1613 3538 1658 ιω-
3566 1643 3570 1646 -

1952 1688 2098 1743 dium
2131 1688 2352 1755 mentis,
2400 1689 2668 1746 voracitas
2715 1690 2876 1759 gulae,
2929 1693 3314 1758 murmuratio,
3360 1695 3540 1748 avari-

260 1760 526 1857 vanzeilue
551 1787 801 1843 elationis
826 1796 1043 1843 ventum
1087 1786 1252 1844 stulte
1280 1760 1373 1820 ¹⁰λ⁸
1425 1796 1483 1842 et
1535 1787 1855 1857 insipienter
1884 1760 1929 1815 Β
1957 1781 2053 1844 t'a,
2085 1781 2349 1851 rapacitas
2372 1790 2426 1836 et
2468 1780 2634 1835 multa
2681 1782 2765 1836 his
2791 1781 3009 1847 similia,
3037 1783 3236 1852 quibus
3264 1784 3448 1838 vexari
3483 1793 3543 1840 et

259 1895 481 1950 sequor.

336 1970 557 2038 Fateor,
587 1969 1008 2025 clementissime
1039 1970 1207 2037 Deus,
1243 1970 1418 2025 fateor
1441 1984 1624 2025 coram
1675 1969 1857 2024 omni-

260 2062 506 2131 potentia
551 2070 639 2115 tua
700 2076 787 2116 me
823 2061 986 2116 nimis
1030 2076 1150 2117 esse
1200 2063 1514 2133 superbum,
1560 2077 1756 2116 vanum
1802 2070 1858 2116 ct

258 2154 413 2208 omni
441 2170 635 2224 genere
659 2156 909 2213 elationis
931 2158 1169 2228 plenmn.
1196 2158 1262 2213 Et
1294 2168 1422 2228 puto
1463 2159 1613 2228 quia,
1669 2157 1713 2211 si
1764 2157 1855 2189 ¹⁰⁸⁹

259 2249 316 2300 in
346 2247 452 2302 hoc
479 2250 682 2305 szeculo
706 2250 943 2320 aliquam
998 2251 1255 2306 haberem
1310 2252 1634 2321 potentiam,
1678 2249 1856 2306 nullus

257 2349 449 2407 posset
477 2338 703 2395 sulferre
739 2357 914 2396 meam
940 2342 1273 2410 superbiam.
1311 2342 1415 2401 Sed
1438 2352 1495 2397 et
1524 2342 1627 2398 ista
1660 2357 1856 2412 super-

253 2430 353 2485 bia
381 2447 488 2501 qua
525 2447 706 2487 coram
726 2433 1032 2489 hominibus
1058 2443 1165 2490 tam
1197 2434 1433 2507 graviter
1454 2449 1642 2503 vexor,
1665 2413 1858 2505 quam-

250 2518 348 2576 vis
379 2522 453 2576 sit
482 2522 832 2579 exsecrabilis
855 2534 909 2580 et
929 2524 1093 2581 nimis
1115 2525 1416 2596 periculosa
1454 2525 1546 2557 ¹⁰⁸⁰
1566 2566 1582 2593 ,
1634 2533 1719 2580 est
1773 2533 1858 2579 ta-

252 2627 392 2669 men
416 2613 520 2668 alia
549 2616 837 2684 superbia,
887 2631 1018 2687 qua,
1067 2633 1191 2672 cum
1243 2617 1529 2688 diligenter
1582 2626 1855 2673 secretum

256 2705 467 2760 mentis
498 2720 632 2760 mea:
657 2721 762 2761 non
788 2707 879 2739 ¹⁰⁸¹
935 2708 1069 2763 mihi
1120 2707 1402 2763 blandiens
1457 2707 1550 2739 ¹⁰⁸¹
1593 2707 1809 2778 inquiro
1836 2750 1852 2777 ,

255 2810 373 2852 non
407 2812 597 2866 parum
627 2807 854 2853 vexatur
878 2808 934 2853 et
964 2799 1258 2869 dissipatur
1305 2798 1490 2854 infelix
1542 2800 1724 2855 anima
1763 2800 1856 2833 ¹⁰⁸³

255 2904 408 2946 mea.
447 2891 751 2960 Aliquando
773 2906 902 2947 vero
923 2892 965 2948 si
994 2892 1275 2964 contingat
1301 2893 1466 2963 (quod
1522 2902 1702 2949 tamen
1730 2909 1856 2948 raru

258 2983 487 3054 accidit)
517 2984 700 3039 infelix
734 2985 937 3056 aliquid
975 2986 1068 3018 "5‘
1093 3001 1179 3041 me
1209 2985 1410 3050 facere,
1472 2989 1615 3057 quod
1661 3003 1849 3046 secun-

257 3075 395 3131 dum
426 3076 837 3132 aestimationem
861 3076 1142 3133 hominum
1171 3078 1419 3133 videatur
1439 3077 1618 3149 aliqua
1661 3078 1853 3135 simili-’

257 3164 401 3220 tudo
430 3164 577 3229 boni,
605 3182 709 3220 non
740 3182 930 3237 parum
953 3169 1017 3224 de
1045 3169 1149 3224 hoc
1198 3168 1316 3237 ipso
1367 3169 1643 3240 superbio.
1695 3170 1761 3224 Et
1806 3171 1850 3225 si

258 3273 432 3315 nemo
461 3259 585 3315 inde
612 3260 873 3330 loquitur,
901 3261 984 3317 vel
1008 3262 1190 3332 aliquo
1219 3259 1377 3315 modo
1408 3278 1492 3317 me
1514 3262 1736 3318 laudare
1760 3280 1854 3318 cu—

259 3359 348 3405 rat
374 3349 490 3414 ³⁸⁸⁸,
511 3366 656 3415 eum,
687 3353 838 3421 quasi
870 3352 1091 3407 stultum
1113 3365 1169 3407 et
1196 3353 1329 3409 nihil
1351 3353 1609 3409 scientem
1628 3395 1643 3420 ,
1676 3354 1855 3424 despi-

259 3443 375 3509 cio,
396 3441 477 3497 vel
500 3443 735 3506 etiamsi.
763 3444 914 3513 quasi
939 3460 1042 3500 non
1064 3459 1282 3512 curans,
1308 3445 1670 3501 laudationem
1686 3446 1857 3502 homi-

261 3549 400 3589 num
419 3549 613 3589 vanam
637 3544 693 3590 et
718 3535 962 3591 inutilem
1006 3534 1175 3608 fugio.
1218 3553 1323 3592 non
1370 3552 1560 3607 parum
1610 3538 1664 3593 in
1726 3538 1856 3608 ipsis

261 3624 624 3681 interioribus
696 3625 872 3694 meis,
929 3627 1020 3681 ubi
1082 3627 1229 3684 solus
1279 3628 1421 3683 Deus
1489 3628 1674 3693 videt,
1731 3629 1856 3685 inde

260 3714 474 3785 glorior
503 3754 519 3779 ,
560 3723 614 3769 et
657 3715 852 3770 mirum
900 3717 951 3771 in
993 3716 1212 3773 modum
1243 3758 1258 3784 ,
1306 3718 1433 3772 dum
1490 3717 1854 3775 laudationem

260 3807 404 3870 vito,
440 3820 505 3859 eo
540 3806 772 3877 amplius
802 3806 895 3842 ¹⁰⁸⁶
923 3807 1288 3864 laudationem
1320 3816 1374 3863 et
1404 3823 1597 3863 vanam
1623 3809 1854 3880 gloriam

261 3906 485 3968 appeto.
529 3898 692 3965 Ecce,
716 3900 860 3956 Deus
890 3916 1077 3969 meus,
1139 3909 1195 3956 et
1230 3900 1459 3957 Creator
1497 3916 1648 3957 meus
1672 3941 1689 3967 ,
1731 3916 1858 3958 ecce

262 3990 425 4044 vides
464 3989 557 4021 ¹⁰⁵⁷
599 4005 685 4045 me
724 3991 797 4045 ita
839 3990 1019 4047 facere
1052 4034 1067 4059 ,
1133 3991 1207 4046 ita
1270 3992 1460 4047 vivere
1489 4032 1506 4058 ,
1569 3999 1626 4045 et
1686 3999 1855 4046 totum

262 4077 415 4147 quod
472 4078 596 4135 vivo
630 4080 898 4149 perdere;
939 4094 1066 4135 ecce
1117 4079 1267 4134 vides
1313 4088 1369 4135 et
1414 4081 1719 4137 exsecraris
1746 4119 1763 4146 ,
1804 4087 1860 4135 et

264 4164 440 4238 2&9
467 4182 565 4237 pro
596 4168 687 4222 tali
713 4168 825 4222 vita
857 4168 1068 4223 nonnisi
1094 4183 1283 4239 poenas
1314 4178 1370 4225 et
1410 4179 1680 4226 tormenta
1708 4188 1836 4242 pro—

248 4258 467 4346 .mittis.
498 4258 736 4314 Subveni
785 4274 935 4330 ergo,
964 4257 1196 4314 Creator
1224 4275 1402 4326 meus,
1447 4262 1674 4317 subveni
1706 4263 1860 4333 adju-

265 4358 361 4404 tor
395 4349 451 4404 in
497 4348 1019 4420 opportunitatibus,
1050 4352 1279 4406 subveni
1310 4360 1363 4406 et
1395 4349 1589 4420 adjuva
1613 4354 1856 4413 animam

1959 1870 2117 1937 allici,
2146 1873 2372 1928 lacerari
2405 1880 2463 1929 et
2494 1872 2726 1943 discerpi
2758 1872 3050 1928 infeliciter
3079 1873 3320 1929 animam
3361 1892 3537 1930 meam

1956 1961 2254 2038 conspicio.

1954 2066 1962 2072 ·
2028 2052 2122 2107 Est
2155 2061 2210 2108 et
2255 2061 2454 2124 praeter
2496 2054 2631 2121 haec,
2680 2068 2848 2108 unum
2898 2054 3099 2110 malum
3147 2070 3312 2125 super
3358 2059 3542 2114 omnia

1958 2146 2096 2199 tuala
2148 2146 2387 2214 malum,
2435 2163 2544 2218 quo
2599 2156 2750 2203 tanto
2796 2150 3014 2220 gravius
3068 2157 3125 2205 et
3172 2151 3542 2208 miserabilius

1957 2237 2251 2293 laceratum
2273 2248 2330 2295 et
2354 2238 2611 2295 alllietum
2640 2241 2882 2296 animum
2909 2256 3089 2298 mettm
3113 2243 3314 2309 sentio,
3337 2253 3543 2314 quanto

1955 2341 2011 2387 et
2038 2331 2105 2385 ab
2151 2333 2282 2402 ipsis
2313 2334 2593 2390 cunabulis
2625 2349 2843 2405 semper
2890 2350 3104 2390 tnecum
3144 2335 3266 2398 fuit,
3320 2351 3536 2391 mecum

1956 2425 2149 2490 crevit,
2195 2425 2249 2480 in
2300 2424 2547 2491 infantia,
2596 2427 2649 2480 in
2696 2426 3099 2493 adolescentia,
3153 2428 3206 2482 in
3252 2427 3543 2498 juventute

1956 2514 2087 2568 mihi
2120 2528 2353 2584 semper
2380 2515 2607 2570 adhaesit
2635 2514 2765 2581 ‘°‘°,
2808 2532 2909 2572 nec
2940 2518 3117 2572 adhuc
3158 2515 3271 2585 jam
3321 2534 3431 2587 pra:
3458 2533 3546 2573 se-

1957 2614 2172 2661 nectute
2211 2608 2472 2664 membris
2498 2607 2880 2665 deﬁcientibus
2911 2623 2997 2664 me
3044 2609 3264 2665 deserit.
3310 2610 3405 2663 Est
3437 2625 3540 2663 att-

1959 2705 2065 2752 tem
2097 2696 2202 2752 hoc
2247 2697 2473 2764 malum,
2505 2697 2838 2755 desiderium
2888 2699 3203 2770 voluptatis,
3247 2698 3544 2754 delectatio

1958 2789 2142 2844 carnis
2174 2788 2288 2855 ¹⁰⁶¹,
2322 2798 2619 2861 tempestas
2654 2790 2915 2855 libidinis,
2943 2807 3064 2861 quae
3093 2791 3277 2845 multis
3305 2801 3359 2846 et
3376 2790 3546 2847 variis

1957 2884 2132 2939 modis
2164 2884 2434 2941 infelicem
2464 2886 2703 2941 animam
2732 2902 2908 2942 meam
2943 2888 3262 2953 maceravit,
3297 2888 3547 2945 dissolvit

1956 2983 2012 3029 et
2033 2976 2178 3030 omni
2209 2976 2415 3045 jvirtute
2447 2977 2758 3032 destitutam
2806 2978 3022 3033 inanem
3054 2987 3108 3033 et
3139 2978 3371 3034 debilem
3420 2979 3545 3034 red-

1957 3070 2111 3127 didit.
2140 3069 2361 3135 Fateor,
2396 3070 2714 3128 dulcissime
2751 3080 2807 3127 et
2836 3071 3123 3127 mitissime
3160 3071 3329 3138 Deus,
3363 3071 3545 3129 fateor

1954 3181 2139 3220 coram
2199 3166 2591 3236 omnipotentia
2641 3177 2729 3222 tua
2782 3180 2869 3222 me
2914 3165 3075 3236 hujus
3121 3166 3336 3223 nefario
3375 3182 3544 3238 opere

1956 3257 2115 3328 hujus
2150 3258 2332 3328 operis
2373 3257 2567 3313 nefarii
2603 3257 2899 3313 immundis
2939 3257 2981 3288 ¹⁰
3014 3259 3033 3288 ²
3064 3259 3543 3313 recordationibus

1955 3362 2096 3418 saepe
2119 3363 2240 3403 esse
2281 3347 2567 3419 pollutum,
2613 3348 2915 3418 incensum,
2946 3350 3172 3405 ardores
3217 3364 3323 3404 non
3367 3348 3546 3404 modi-

1955 3455 2049 3494 eos
2092 3440 2183 3471 ¹⁰⁶³
2211 3451 2266 3496 et
2296 3440 2612 3497 inhonestos
2653 3458 2896 3513 passum,
2947 3455 3001 3498 et
3034 3458 3140 3497 non
3173 3442 3348 3497 solum
3399 3456 3548 3497 mea-

1957 3549 2075 3588 rmn
2121 3531 2541 3590 delectationum
2574 3535 2746 3591 malas
2794 3536 3086 3592 memorias
3128 3545 3185 3591 et
3220 3533 3419 3591 stultas
3462 3549 3548 3589 re-

1957 3627 2302 3682 cordationes
2343 3626 2471 3681 mihi
2507 3642 2745 3694 nocere;
2792 3629 2887 3684 sed
2938 3629 3103 3685 etiam
3153 3629 3387 3684 aliorum
3430 3644 3548 3684 ma-

1958 3718 2150 3774 lefacta
2179 3719 2310 3773 mihi
2344 3727 2584 3785 narrata,
2619 3727 2675 3773 et
2701 3734 2797 3793 per
2843 3720 3257 3776 recordationes
3289 3719 3548 3775 sordidas

1957 3810 2025 3863 ad
2057 3810 2371 3863 memoriam
2424 3809 2670 3872 reducta,
2701 3825 2798 3865 cor
2847 3823 3026 3863 meum
3058 3824 3164 3864 non
3194 3823 3363 3879 parvo
3391 3821 3547 3862 naevo

1962 3898 2054 3930 ¹⁰⁶⁴
2090 3898 2391 3966 iniquitatis
2428 3897 2722 3953 maculare.

2029 3991 2184 4053 Ecce,
2226 3991 2367 4046 Deus
2415 4006 2587 4057 meus,
2637 3991 2881 4061 piissime
2927 4000 2981 4045 et
3024 3989 3544 4045 misericordissime

1959 4082 2218 4137 Dominus
2244 4094 2415 4144 meus,
2464 4080 2716 4151 quamvis
2752 4097 2857 4135 non
2890 4095 3114 4150 parvam
3147 4079 3536 4135 verecundiam

1959 4187 2171 4243 passus,
2203 4173 2435 4243 expandi
2457 4188 2642 4228 coram
2676 4181 2726 4227 te
2756 4172 3071 4242 iniquitates
3119 4187 3292 4241 meas,
3321 4171 3539 4228 ostendi

1961 4261 2183 4317 vulnera
2230 4273 2283 4317 et
2326 4271 2551 4334 peccata
2608 4277 2752 4327 mea,
2807 4263 3018 4318 ostendi
3078 4264 3314 4318 animam
3367 4277 3545 4318 meam

1961 4351 2120 4407 malis
2163 4353 2417 4421 operibus
2465 4352 2816 4419 maculatam,
2871 4352 3137 4407 malorum
3177 4368 3405 4424 operum
3443 4352 3545 4407 dem

264 4456 478 4505 meam,
518 4452 573 4497 et
610 4457 707 4512 per
732 4440 1060 4497 ineffabilem
1099 4443 1536 4500 misericordiam
1579 4455 1725 4500 tuam
1757 4446 1855 4500 de-
1885 4459 1935 4518 ι)
1959 4440 2662 4511 lectationibnsfinfectam,
2701 4441 2967 4496 malarum
2998 4442 3422 4498 delectationum
3451 4457 3542 4498 re-

265 4541 431 4589 strue
471 4540 526 4587 et
569 4532 838 4589 confunde
886 4534 1194 4604 superbiam
1250 4549 1450 4590 meam.
1499 4535 1662 4601 Ecce,
1714 4536 1856 4591 Deus

266 4639 434 4680 meus
470 4633 526 4681 et
555 4624 816 4681 Dominus
864 4640 1040 4690 meus,
1089 4639 1218 4681 ecce
1263 4626 1527 4681 confiteor
1575 4628 1857 4682 immensa:

266 4718 508 4775 bonitati
540 4729 643 4774 tuae
666 4733 877 4775 veneno
918 4716 1078 4773 huius
1124 4718 1343 4773 malitiae
1390 4734 1478 4774 me
1527 4726 1701 4774 totum
1732 4733 1855 4775 esse

1963 4533 2370 4591 cordationibus
2417 4533 2704 4593 fmdatam.
2755 4535 2902 4590 Deus
2959 4550 3114 4591 meus
3172 4533 3546 4591 misericordia

1965 4643 2107 4694 mea,
2156 4626 2364 4696 respice
2410 4627 2477 4680 ad
2522 4626 2906 4697 paenitentiam
2943 4643 3158 4693 meam,
3213 4628 3423 4698 respice
3473 4623 3545 4680 ad

1962 4718 2220 4789 pietatem
2251 4727 2395 4773 tuam
2428 4717 2555 4784 “5';
2592 4721 2805 4791 suscipe
2832 4718 3233 4776 confessionem
3262 4733 3463 4786 meam,
3494 4724 3551 4772 et

1567 4875 1797 4933 VARUE
1855 4872 2269 4932 LECTIUNES.

349 4982 445 5015 '°"
485 4982 594 5037 Suo
626 4983 727 5038 hoc
778 4990 956 5057 pgtest
1009 4999 1108 5037 ms.
1148 4983 1281 5039 Thu.
1336 5001 1434 5040 suo
1508 4996 1685 5056 potest
1761 4986 1854 5019 ὀη
1914 4986 2139 5041 Excelsa
2208 4984 2459 5057 dirigitur
2505 5001 2631 5038 mss.
2682 4986 2893 5040 excelsa
2963 4986 3190 5057 erigitur
3264 4986 3358 5021 ‘°"
3409 4986 3552 5043 Con-

271 5069 536 5124 teumens
554 5062 609 5106 et
646 5051 1008 5124 ηιεεςΤΙῃιαη.
1065 5064 1406 5124 contemptus
1463 5051 1523 5111 et
1591 5057 1683 5089 ¹⁰δ⁸
1733 5057 1988 5119 Ventum,
2032 5057 2196 5124 stulte
2217 5051 2493 5109 mszIm.
2523 5057 3006 5118 venenum,stulte
3050 5051 3171 5089 ἠδ’
3189 5057 3327 5114 Puto
3345 5058 3391 5114 si
3421 5074 3548 5115 me.

269 5134 413 5227 puto
451 5122 577 5203 quia
600 5124 646 5176 si
724 5122 817 5154 ¹⁰⁸⁰
842 5123 905 5177 Et
933 5123 1095 5179 nimis
1124 5122 1422 5194 periculosa
1450 5143 1547 5182 ms.
1585 5126 1721 5181 Tim.
1748 5134 1801 5182 et
1830 5122 2153 5228 periculosa
2210 5124 2514 5180 ‘°"Mentis
2562 5138 2696 5205 meae
2741 5139 2848 5181 non
2878 5142 2979 5179 ms.
3005 5126 3140 5182 Tim.
3190 5130 3389 5185 mentis
3439 5145 3551 5186 non

300 5193 378 5228 on
412 5192 536 5228 um:
591 5191 872 5228 hlamtinnu
924 5209 1001 5228 η..
1085 5193 1196 5228 νει-ο
1246 5197 1373 5228 η.ηά
1406 5196 1730 5228 mmmam-:3
1810 5198 1825 5228 ι
1856 5197 1903 5228 δι
1928 5194 2460 5228 ηςροιηηι..ηςηι’ωιςν
2513 5208 2691 5228 nni-nn
2725 5210 2804 5228 ..η
2864 5195 2976 5228 τι...
3045 5197 3549 5228 1':ne:nn!---nn:--.n

300 5193 378 5267 ff}
408 5191 874 5267 blil1_i__blandiens
924 5209 1022 5248 ms.
1085 5191 1215 5267 Vict.
1243 5197 1375 5251 mihi
1405 5196 1733 5253 blandientis
1810 5191 1903 5231 ¹⁶⁸³
1926 5196 2230 5267 Dissipatur
2256 5194 2464 5252 infmlix
2513 5195 2697 5267 anima
2725 5210 2829 5267 ms.
2864 5195 2999 5250 Thu.
3044 5197 3342 5267 dissipatur
3367 5199 3553 5256 anima

270 5261 847 5337 ‘f'ﬁAccidit‘aliquid
888 5279 1014 5337 mss.
1060 5265 1257 5337 accidit
1313 5266 1518 5323 infoelix
1550 5267 1751 5337 aliquid
1828 5267 1921 5299 m'
1958 5261 2204 5322 Laudare
2227 5275 2512 5337 nonreurat
2529 5281 2656 5319 mss.
2684 5263 2905 5337 laudare
2932 5278 3089 5321 curat
3165 5261 3257 5300 ¹δ⁸⁶
3276 5268 3411 5323 Dum
3437 5267 3554 5322 lau-

271 5335 551 5407 dationetn
582 5332 791 5407 vito-eo
810 5332 1187 5407 ampliusmss.
1214 5336 1349 5390 Tim.
1388 5332 1755 5392 laudationem
1797 5338 1982 5393 viroet
2007 5338 2238 5407 amplius
2313 5334 2403 5407 ἔπ’
2454 5336 2869 5407 Ειεεοθᾼγίάγεξε
2901 5352 3025 5407 mu.
3075 5352 3203 5394 ecce
3224 5339 3377 5393 vides
3454 5339 3548 5372 ⁸⁸⁸⁸

273 5404 432 5478 l_|a_ec,
460 5403 537 5478 ira
562 5420 686 5457 mss.
710 5403 826 5458 haec
850 5420 864 5456 :
900 5404 1154 5478 videlicet
1176 5404 1263 5478 ira
1334 5407 1424 5442 ¹⁰⁵⁹
1456 5407 1674 5462 Sanctis
1700 5408 1912 5478 odiosa,
1943 5424 2042 5478 uta.
2065 5403 2199 5462 Tha.
2223 5406 2369 5478 omit.
2402 5404 2593 5478 odiosa
2608 5474 2625 5478 _
2667 5405 2777 5478 “WA
2798 5405 2927 5461 Mihi
2951 5408 3425 5478 semperradhazsit
3450 5425 3548 5464 ms.

276 5472 402 5547 7:qu
433 5475 582 5528 omit.
609 5486 826 5547 semper
897 5472 989 5547 ‘°_“
1010 5475 1304 5547 Delectatio
1327 5478 1563 5547 carnalis
1594 5495 1692 5532 ms.
1724 5477 1860 5532 Vict.
1891 5472 2178 5533 delectatio
2205 5476 2388 5547 carnis
2460 5474 2554 5507 ¹⁹⁶²
2576 5474 2661 5547 Me
2691 5474 2849 5545 hujus
2892 5472 3285 5547 operis'nefarii
3310 5481 3550 5534 immun-

273 5544 370 5597 dis
401 5559 526 5597 mss.
560 5559 645 5599 me
674 5541 1074 5617 hujusnefario
1091 5558 1255 5615 opere
1276 5544 1434 5614 hujus
1466 5549 1646 5617 aperis
1674 5547 1865 5604 nefarii
1889 5548 2148 5617 immundi
2226 5545 2318 5577 '°"
2342 5544 2459 5599 Non
2490 5546 2730 5601 modicos
2756 5541 2902 5617 inst.
2929 5541 3248 5606 immodicos
3322 5548 3417 5582 ““
3432 5547 3551 5605 Non

275 5627 452 5689 parvo
474 5628 625 5669 naevo
652 5630 755 5689 me.
788 5612 922 5689 Tltu.
955 5629 1061 5669 non
1092 5612 1282 5686 parum
1309 5612 1517 5673 veneno
1586 5618 1679 5655 ¹⁰⁶⁵
1721 5618 1950 5689 Respice
1991 5618 2057 5672 ad
2094 5616 2346 5685 pietatem
2378 5628 2554 5670 meam
2613 5632 2710 5671 ms.
2752 5615 2958 5673 Tltuan.
3003 5620 3213 5675 omittit.
3253 5624 3379 5678 mss.
3413 5618 3552 5676 Vict.

290 5679 527 5737 Val-lue.
550 5684 760 5756 respice
781 5684 847 5740 ad
867 5679 1125 5754 pietatem
1157 5694 1301 5740 tuam
