4048 6288
486 275 584 330 871

838 273 899 331 S.
933 273 1232 331 ANSELMI
1273 266 1621 331 CANTUAR.
1662 271 1979 331 ARCIIIEP.
2020 271 2174 330 OPP.
2217 269 2477 326 PARS".
2502 264 2957 328 —PARENET.
3001 273 3093 329 ΕΤ
3118 272 3363 330 ASCET.

3652 274 3765 333 872

485 386 574 443 fac
616 403 828 444 mecum
856 388 1151 443 secundum
1191 387 1615 442 misericordiam
1653 395 1821 442 tuam.
1864 386 1927 443 Si
1958 387 2063 441 ini-
2092 396 2138 451 Α
2169 384 2429 438 honorum
2479 384 2642 451 Deus,
2684 386 2750 442 da
2794 386 2924 442 mihi
2973 387 3114 443 inter
3162 388 3349 444 laudes
3395 396 3518 445 tuas
3558 396 3763 446 fontem

484 479 710 548 quitates
747 479 1123 544 observaveris,
1165 479 1418 545 Domine;
1471 479 1709 547 Domine,
1753 481 1868 552 quis
1907 482 2068 535 susti-

487 567 676 621 nebit?
718 566 890 633 (Psal.
941 582 1126 634 cmx,
1162 565 1217 636 5)
1252 567 1336 622 vel
1365 568 1527 622 etiam
1576 569 1698 637 quis
1720 567 1935 637 justitia
1966 586 2065 624 sua

490 657 584 692 ¹⁰⁶⁶
624 659 740 713 sine
787 659 1161 716 misericordia
1211 670 1300 713 tua
1354 661 1554 730 poterit
1579 661 1846 718 liberari?
1880 663 2068 731 Propi-

488 751 597 806 tius
645 759 763 804 esto
816 750 978 818 mihi,
1024 750 1249 807 Domine
1279 752 1407 815 ¹⁰⁶⁷,
1465 753 1723 824 propitius
1778 765 1886 809 esto
1939 756 2067 810 mihi

483 842 743 913 peccatori
768 842 920 913 (Luc.
961 858 1117 909 xvnl,
1149 842 1274 914 l5);
1310 859 1475 914 parce
1506 845 1745 915 peccatis
1788 856 1841 901 et
1871 847 2065 917 iniqui-

488 937 685 992 tatibus
714 938 873 992 meis.
905 947 964 991 ut
1006 953 1104 1008 per
1145 946 1292 992 tuam
1329 939 1760 995 misericordiam
1792 940 1860 995 ab
1890 942 2067 996 omni-

481 1030 584 1088 bus
634 1030 782 1087 vitiis
830 1030 1124 1086 mundatus
1173 1047 1237 1087 ac
1283 1042 1562 1103 purgatus,
1610 1045 1664 1087 et
1699 1034 1768 1088 ab
1813 1035 2065 1107 tinnitibus

480 1122 720 1194 peccatis
766 1122 1062 1179 clementer
1105 1113 1404 1192 absolutus,
1456 1125 1604 1180 ﬁnita
1644 1126 1928 1197 temporali
1972 1127 2064 1161 ¹⁰⁶⁸

480 1219 918 1284 conversatione,
963 1220 1184 1289 perduci
1235 1235 1450 1276 merear
1479 1222 1546 1275 ad
1578 1235 1743 1296 regna
1770 1219 2059 1289 caelorum,

480 1310 575 1364 ubi
603 1326 725 1366 cum
756 1310 959 1365 sanctis
1001 1309 1253 1366 omnibus
1282 1321 1336 1364 te
1371 1309 1609 1376 laudare,
1641 1319 1697 1365 et
1740 1309 2064 1367 benedicere

481 1412 533 1458 et
556 1402 863 1473 glorificare
888 1402 1096 1458 valeam
1143 1403 1196 1457 in
1244 1403 1441 1459 saecula
1482 1403 1827 1460 saeculorum.
1865 1404 2059 1461 Amen.

1070 1514 1329 1572 ORATIO
1386 1515 1452 1572 γ.

1129 1603 1199 1641 AD
1239 1602 1407 1643 DEUN.

433 1707 456 1728 .
515 1678 596 1732 Ad
618 1677 952 1733 obtinendam
995 1677 1170 1733 cordis
1217 1679 1665 1748 compunctionem
1690 1680 1745 1735 in
1767 1680 2024 1736 oratione.

548 1771 791 1841 Ignosce,
810 1768 1056 1833 Domine,
1073 1769 1295 1841 ignosce
1316 1770 1425 1842 pie,
1454 1772 1674 1843 ignosce
1697 1782 1751 1828 et
1773 1774 2056 1842 miserere,

474 1877 637 1932 parce
665 1861 982 1933 ignorantiae
1007 1876 1139 1916 mea:
1179 1871 1234 1918 et
1260 1862 1441 1917 multae
1471 1863 1870 1935 imperfectioni
1904 1880 2056 1920 nica).

474 1951 593 2007 Noli
633 1968 719 2007 me
750 1963 1005 2021 tanquam
1034 1953 1385 2009 temerarium
1429 1956 1742 2024 reprobare,
1792 1954 1935 2026 quod
1963 1970 2058 2010 au-

475 2047 631 2097 deam
661 2058 877 2109 servus,
906 2044 1116 2100 utinam
1143 2043 1229 2099 vel
1257 2043 1431 2099 bonus
1472 2054 1525 2099 et
1562 2060 1671 2099 non
1697 2045 1860 2101 etiam
1892 2046 2058 2113 inuti-

475 2133 542 2189 lis
569 2144 623 2188 et
668 2133 861 2198 malus,
895 2144 951 2191 et
979 2135 1100 2193 ideo
1144 2136 1301 2191 valde
1332 2136 1508 2195 malus
1552 2138 1679 2207 quia
1727 2147 1778 2194 te
1805 2140 2054 2210 omnipo-

477 2216 677 2279 tentem
717 2224 884 2281 Deum
925 2236 1172 2285 nostrum
1205 2226 1500 2282 terribilem
1538 2237 1592 2283 et
1616 2219 1777 2303 nimis
1808 2238 2053 2285 metueno

475 2311 601 2367 dum
637 2314 754 2369 sine
802 2316 980 2371 cordis
1012 2317 1336 2373 contritione
1382 2326 1438 2370 et
1468 2317 1833 2389 lacrymarum
1883 2319 2052 2387 fonte,

472 2406 593 2461 sine
639 2409 939 2463 reverentia
968 2407 1147 2465 debita
1188 2418 1243 2466 et
1270 2418 1505 2466 tremore
1534 2410 1717 2479 laudo,
1764 2412 2052 2481 benedice,

474 2506 637 2566 atque
683 2499 872 2554 adoro.
920 2494 1157 2555 (Si-enim
1203 2502 1381 2572 angeli
1431 2511 1484 2558 te
1529 2490 1820 2559 adorantes
1845 2512 1900 2560 et
1942 2503 2056 2561 lau-

472 2589 665 2645 dantes
703 2598 942 2646 tremunt
986 2592 1121 2647 mira
1146 2592 1516 2649 exsultatione
1559 2594 1769 2665 repleti,
1802 2610 1901 2667 ego
1927 2611 2056 2665 pec-

472 2689 645 2747 cator,
696 2681 825 2737 dum
880 2683 976 2738 tibi
1031 2685 1248 2751 assiste,
1297 2673 1492 2740 laudes
1535 2685 1676 2752 dico,
1727 2687 2053 2744 sacrificium

471 2769 675 2839 offero;
707 2789 805 2828 cur
848 2789 954 2829 non
1003 2774 1165 2831 corde
1209 2791 1401 2846 paveo,
1457 2777 1603 2832 vultu
1653 2777 1853 2849 palleo,
1897 2778 2054 2836 labiis

472 2860 675 2931 tremo,
736 2874 850 2920 toto
903 2878 1130 2937 corpOre
1184 2868 1535 2935 inborrcsco,
1601 2871 1793 2941 sicque
1847 2872 2053 2928 obortis

471 2956 724 3030 lacrymis
771 2974 951 3015 coram
1006 2968 1058 3014 te
1104 2960 1473 3016 indesinenter
1517 2961 1712 3031 lugeo?
1762 2962 1913 3029 Volo,
1959 2964 2053 3019 sed

473 3063 577 3103 non
626 3049 798 3114 valeo,
848 3049 975 3118 quia
996 3065 1225 3120 nequeo
1253 3052 1398 3120 quod
1425 3052 1697 3108 desidero.
1747 3051 1881 3109 llinc
1908 3056 2050 3110 enim
2081 3086 2125 3147 ρ

472 3154 682 3195 tuecum
711 3142 1059 3195 vehementer
1099 3142 1361 3208 admiror,
1407 3142 1535 3196 dum
1566 3151 1618 3197 te
1642 3143 1804 3199 nimis
1838 3144 2055 3198 terribi-

471 3232 575 3287 lem
598 3232 786 3288 'oculis
813 3232 939 3289 ﬁdei
982 3248 1167 3289 cerno.

542 3324 649 3379 Sed
689 3324 811 3394 quis
859 3325 961 3380 hoc
1006 3325 1123 3380 sine
1178 3339 1280 3394 ope
1334 3325 1523 3396 gratiae
1580 3325 1729 3380 tum?
1787 3323 2052 3382 Universa

468 3413 613 3470 enim
656 3416 805 3471 salus
843 3427 1027 3471 nostra
1086 3432 1282 3488 magna
1332 3416 1702 3473 misericordia
1742 3426 1852 3471 tua.
1894 3417 2058 3471 Mise-

470 3522 591 3560 rum
639 3522 747 3571 me,
786 3508 1059 3576 quomodo
1106 3509 1187 3564 sic
1239 3509 1514 3564 iuseusata
1566 3508 1706 3564 facta
1739 3518 1825 3564 est
1867 3509 2052 3563 anima

471 3611 591 3650 mea
622 3605 680 3650 ut
720 3612 826 3650 non
860 3608 1127 3652 terreatur
1160 3609 1365 3653 terrore
1394 3598 1584 3662 nimio,
1628 3599 1753 3652 dum
1793 3607 1901 3653 stat
1931 3609 2054 3653 ante

472 3689 663 3753 Deum,
699 3697 752 3744 et
780 3704 907 3745 suas
952 3691 1027 3744 illi
1075 3691 1263 3745 laudes
1299 3690 1598 3745 decantat?
1646 3690 1901 3745 Miserum
1940 3706 2049 3757 me,

470 3780 741 3849 quomodo
777 3780 856 3836 sic
886 3780 1127 3835 imluruit
1150 3797 1244 3837 cor
1285 3796 1461 3834 meum
1497 3791 1553 3834 ut
1587 3781 1729 3835 oculi
1761 3781 1866 3835 mei
1900 3781 2055 3835 iude-

471 3874 715 3927 sineuter
758 3887 863 3927 non
901 3873 1197 3955 producant
1226 3873 1450 3930 ﬂumina
1501 3875 1890 3951 lacrymagum,
1923 3877 2051 3930 dum

470 3979 765 4019 conservus
796 3962 1191 4019 sermocinatur
1234 3980 1418 4019 coram
1449 3964 1677 4020 Domino
1712 3978 1830 4030 suo,
1891 3964 2054 4019 homo

470 4072 592 4112 cum
623 4057 753 4122 Deo,
787 4065 1036 4112 creatura
1080 4073 1204 4112 cum
1234 4054 1513 4122 Creatore,
1546 4058 1635 4126 qui
1663 4056 1843 4112 factus
1871 4065 1956 4111 est
1985 4070 2053 4110 ex

469 4148 601 4205 limo
624 4164 746 4204 cum
773 4165 839 4204 eo
873 4149 965 4219 qui
997 4148 1179 4203 omnia
1219 4147 1350 4205 fecit
1387 4164 1454 4203 ex
1497 4149 1712 4203 nihilo?
1739 4144 1902 4204 Ecce.
1949 4147 2056 4202 Do-

470 4243 637 4305 mine,
666 4257 809 4312 pono
852 4257 938 4297 me
980 4250 1105 4296 ante
1138 4251 1208 4308 te,
1251 4251 1306 4296 et
1334 4240 1464 4312 quid
1505 4240 1559 4294 in
1592 4241 1821 4296 secretis
1849 4241 1916 4295 de
1967 4255 2056 4296 me

472 4333 670 4398 sentio,
725 4333 967 4402 paternis
1007 4330 1230 4387 auribus
1280 4346 1387 4386 non
1438 4341 1610 4386 taceo.
1665 4328 1744 4384 Tu
1790 4330 1944 4385 dives
1994 4331 2053 4385 in

2169 475 2527 547 lacrymarum
2578 477 2738 535 simul
2787 493 2910 534 cum
2946 480 3126 534 cordis
3177 482 3412 542 puritate
3455 493 3511 538 et
3563 484 3770 541 tuentis

2165 566 2515 639 jubilatione;
2547 577 2606 625 ut
2636 568 2877 640 perfecte
2908 579 2959 626 te
2988 571 3235 643 diligens,
3270 580 3323 627 et
3350 574 3515 646 digne
3558 584 3610 629 te
3640 575 3767 629 lau-

2168 659 2322 728 dans,
2354 662 2472 732 ipso
2505 662 2685 718 cordis
2714 663 2893 732 palato
2920 664 3177 732 sentiam,
3202 676 3438 736 gustem,
3469 674 3525 721 et
3548 668 3766 739 sapiam

2168 768 2331 824 quam
2363 752 2534 809 dulcis
2564 763 2620 809 et
2666 757 2848 811 suavis
2885 771 2967 821 es,
3004 758 3256 822 Domine,
3302 759 3445 814 sicut
3491 760 3763 831 scriptum

2166 853 2247 900 est
2274 838 2295 899 ε’
2331 840 2545 899 Gustata
2584 854 2634 900 et
2681 846 2846 901 videte
2875 847 3122 918 quoniam
3148 849 3325 903 suavis
3366 860 3444 904 est
3471 848 3762 906 Dominus.

2164 932 2362 988 Beatus
2402 935 2480 989 vir
2519 936 2611 1005 qui
2636 946 2811 1002 sperat
2846 939 2903 992 in
2932 955 2993 993 eo
3033 938 3207 1007 (Psal.
3242 954 3411 1006 xxxv,
3440 940 3518 1010 9).
3558 941 3764 998 Beatus

2165 1024 2390 1095 populus
2424 1028 2514 1099 qui
2554 1029 2651 1082 scit
2682 1029 3057 1099 jubilationem
3105 1029 3279 1103 (Psal.
3330 1048 3607 1095 Lxxxvttt,
3644 1033 3762 1104 16).

2164 1112 2359 1170 Beatus
2387 1117 2469 1170 vir
2487 1117 2641 1189 cujus
2683 1130 2757 1172 est
2779 1118 3041 1173 auxilium
3081 1122 3174 1174 abs
3210 1131 3283 1186 te,
3329 1121 3667 1176 escensiones
3707 1126 3766 1178 in

2165 1207 2321 1263 corde
2357 1226 2455 1264 suo
2494 1210 2772 1280 disposuit,
2818 1214 2874 1268 in
2927 1212 3069 1277 valle
3102 1212 3484 1283 lacrymurum,
3525 1216 3582 1268 in
3632 1215 3754 1269 loco

2159 1313 2314 1379 quem
2357 1300 2529 1370 posuit
2573 1294 2747 1371 (Psal.
2792 1318 3019 1368 Lxxmu,
3057 1302 3133 1374 6).
3164 1301 3317 1357 Beati
3348 1304 3547 1359 mundo
3580 1306 3762 1369 corde,

2162 1396 2412 1460 quoniam
2441 1393 2541 1462 ipsi
2574 1392 2742 1448 Deum
2786 1395 3029 1450 videbunt
3058 1395 3275 1468 (Matth.
3300 1412 3353 1462 v,
3385 1397 3465 1470 8).
3490 1397 3648 1453 Beati
3670 1401 3765 1470 qui

2163 1480 2403 1536 habitant
2446 1486 2501 1538 in
2522 1485 2696 1540 .domo
2724 1496 2833 1549 tua,
2870 1487 3112 1555 Domine,
3136 1488 3189 1542 in
3212 1489 3409 1544 stecula
3439 1492 3767 1548 «sculorum

2162 1569 2455 1629 laudabunt
2479 1586 2529 1630 te
2555 1574 2729 1648 (Psal.
2759 1592 2991 1643 Lxxxm,
3028 1579 3107 1650 5).

2695 1688 2953 1748 ORATIO
2992 1691 3059 1748 Vl
3099 1693 3213 1750 m’.

2814 1800 2883 1840 AD
2920 1801 3086 1844 DBUI.

2161 1891 2657 1985 Neigpeccator‘pro
2700 1902 2810 1985 ulla
2849 1907 3355 1985 peccato-desperare
3384 1909 3603 1985 debeat,
3635 1915 3766 1985 quia

2229 1969 2348 2035 pius
2390 1980 2544 2043 estet
2581 1969 2874 2028 misericors
2921 1969 3337 2043 Dominus,‘nec
3388 1978 3500 2035 vult
3535 1969 3764 2038 mor'tem

2228 2040 2538 2107 peccatoris,
2573 2044 2665 2096 sed
2702 2045 2885 2098 vitam.

2231 2128 2484 2186 Miserere
2506 2134 2628 2199 mei,
2661 2133 2825 2200 Deus,
2849 2138 3138 2193 secundum
3166 2156 3412 2211 magnam
3441 2145 3761 2200 misericor-

2157 2221 2301 2276 diam
2332 2236 2474 2279 luam
2491 2242 2512 2291 ;
2541 2237 2588 2280 et
2611 2229 2896 2283 secundant
2925 2228 3314 2286 multitudinem
3343 2234 3759 2293 miserationunt

2158 2321 2369 2397 tuarum
2408 2315 2522 2370 dele
2564 2318 2891 2390 iniquita:em
2936 2336 3106 2376 meum
3148 2318 3321 2395 (Psal.
3367 2340 3422 2389 ι,
3454 2325 3535 2397 5).
3566 2329 3759 2384 Credi-

2159 2394 2280 2460 mus
2314 2407 2456 2476 quod
2485 2407 2626 2463 hanc
2650 2411 2952 2465 orationem
2991 2394 3228 2483 Spiritus
3254 2394 3767 2475 sanctusidictavcs

2158 2494 2249 2560 rit,
2280 2495 2431 2565 cujus
2460 2496 2812 2569 inepiratioue
2851 2502 3014 2573 25o
3036 2515 3401 2574 compunctus
3434 2508 3594 2564 homo
3616 2526 3749 2580 pec-

2155 2594 2329 2653 cator,
2359 2585 2453 2642 sed
2491 2599 2545 2645 et
2582 2578 2754 2646 fidelis
2781 2601 2837 2646 et
2865 2593 2967 2647 sibi
2997 2594 3238 2663 postulat
3280 2612 3310 2650 a
3347 2596 3464 2653 Deo
3498 2578 3747 2657 misereri

2159 2675 2283 2745 “7°,
2349 2693 2579 2749 suasque
2633 2681 2945 2751 iniquitates
2993 2668 3750 2746 secundum-multitudinem

2155 2770 2565 2843 miserationum
2600 2772 2715 2844 ejus
2746 2774 2933 2840 deleri,
2979 2791 3142 2846 quem
3181 2790 3238 2834 et
3280 2782 3757 2851 omnipotentissi-

2155 2859 2302 2918 mum
2343 2864 2510 2920 Deum
2558 2875 2613 2919 et
2660 2866 3226 2925 misericordissimum
3276 2870 3569 2929 Dominum
3631 2889 3757 2932 esse

2154 2956 2347 3010 credit.
2377 2956 2475 3011 Est
2519 2964 2700 3014 autem
2747 2957 2850 3014 hoc
2890 2975 3027 3029 opus
3078 2959 3315 3031 Spiritus
3370 2966 3574 3033 sancti,
3609 2968 3756 3036 quod

2156 3047 2427 3115 peccaturi
2453 3063 2549 3102 sua
2573 3047 2813 3102 facinora
2843 3049 3151 3121 displicent,
3181 3063 3239 3108 et
3262 3070 3325 3108 ea
3350 3070 3517 3124 agere
3548 3060 3755 3128 satagit

2157 3151 2276 3205 qme
2305 3135 2546 3193 Creatori
2594 3154 2692 3193 suo
2740 3139 2969 3208 placent.
3007 3140 3111 3197 Sed
3144 3152 3195 3197 et
3245 3159 3348 3198 noc
3395 3146 3516 3200 suis
3542 3148 3754 3204 viribus

2158 3228 2263 3282 non
2293 3226 2455 3294 valet,
2497 3228 2602 3283 nisi
2634 3228 2875 3299 ejusdem
2923 3229 3159 3302 Spiritus
3203 3235 3377 3290 sancti
3410 3237 3591 3304 gratia
3627 3238 3754 3293 illu-

2156 3321 2394 3375 minatus
2440 3320 2566 3387 ¹⁰⁷¹;
2619 3319 2774 3390 cujus
2823 3337 2939 3388 cor,
2979 3339 3103 3378 cum
3155 3340 3251 3395 per
3303 3342 3458 3380 suam
3518 3330 3754 3398 gratiam

2156 3410 2362 3474 visitat,
2402 3411 2648 3481 protinus
2695 3411 2763 3465 ab
2809 3414 2954 3468 omni
2997 3413 3119 3470 labe
3164 3415 3420 3471 vitiorum
3461 3420 3754 3475 emundat.

2156 3496 2339 3556 Dulcis
2374 3512 2455 3556 est
2504 3518 2631 3558 vero
2682 3504 2941 3560 Dominus
2991 3517 3048 3560 et
3094 3507 3212 3577 pius
3262 3523 3392 3581 erga
3432 3520 3755 3567 creaturam

2156 3606 2330 3656 suam,
2363 3609 2523 3663 quam
2570 3597 2776 3650 creavit
2810 3598 2880 3651 ad
2910 3598 3190 3669 imaginem
3219 3616 3373 3654 suam
3403 3611 3451 3654 et
3499 3602 3760 3657 similitno

2155 3682 2331 3737 dinem
2358 3683 2509 3753 (Gen.
2548 3678 2753 3755 1,127);
2786 3697 2842 3741 et
2877 3703 3039 3759 quam
3090 3698 3242 3744 tanto
3269 3691 3466 3745 ditavit
3516 3693 3759 3760 honore,

2158 3773 2302 3827 nullo
2338 3774 2497 3827 modo
2543 3774 2643 3828 nisi
2692 3773 2810 3840 ejus
2844 3791 3038 3847 magna
3087 3777 3376 3847 iniquitate
3409 3784 3629 3849 patitur
3657 3799 3760 3852 pe-

2156 3863 2297 3917 rire.’
2332 3863 2430 3917 Est
2475 3874 2676 3930 autem,
2708 3874 2794 3920 est
2836 3868 3058 3923 omnino
3102 3868 3475 3923 universitatis
3524 3871 3762 3928 Creator

2156 3955 2329 4008 suavis
2353 3963 2401 4008 et
2427 3955 2586 4022 mitis,
2613 3965 2662 4009 et
2700 3955 2880 4011 multa:
2910 3958 3285 4033 misericordia:
3321 3960 3572 4015 omnibus
3604 3964 3759 4019 inro-

2155 4046 2392 4098 cantibus
2418 4061 2472 4098 se
2516 4041 2689 4113 (Psal.
2728 4061 2925 4112 Lxxxv,
2960 4046 3036 4116 5),
3068 4048 3309 4102 omnibus
3338 4051 3432 4121 qui
3484 4051 3755 4109 invocant

2154 4153 2274 4191 eum
2320 4139 2373 4192 in
2418 4139 2668 4206 veritate;
2713 4149 2768 4194 et
2811 4139 3128 4194 voluntatem
3178 4142 3476 4196 timentium
3516 4163 3575 4200 se
3627 4146 3761 4202 facit

2160 4227 2271 4295 “7',
2303 4238 2351 4282 et
2394 4228 2810 4299 deprecationem
2857 4246 3039 4283 eorum
3069 4232 3315 4296 exaudit,
3364 4241 3420 4286 cl
3460 4250 3567 4303 per
3599 4252 3756 4291 suam

2156 4335 2407 4391 magnam
2440 4321 2871 4374 misericordiam
2913 4322 3091 4377 salvos
3124 4323 3190 4376 ad
3218 4325 3618 4395 sempiternam
3646 4328 3757 4399 glo-

471 4401 868 4488 misericofdia’
917 4430 973 4476 ει
1025 4420 1204 4492 largus
1250 4421 1306 4476 in
1356 4421 1618 4491 pmmiis,
1675 4421 1740 4476 da
1798 4421 1926 4474 mihi
1980 4421 2050 4476 de
2087 4428 2132 4484 ι)
2159 4411 2294 4465 riam
2323 4411 2473 4466 ducit
2505 4410 2680 4482 (Psal.
2712 4401 2938 4478 cicvm,
2972 4412 3084 4485 18).
3115 4404 3405 4470 Miseretur
3449 4419 3607 4473 enim
3634 4436 3755 4475 om-

472 4510 630 4566 bonis
657 4511 782 4577 tuis,
814 4521 870 4565 ut
896 4527 960 4567 ex
987 4513 1069 4567 eis
1094 4514 1329 4569 serviam
1361 4513 1475 4569 tibi.
1512 4512 1626 4568 Non
1652 4513 1797 4568 enim
1826 4512 2046 4568 aliunde

472 4617 763 4676 possumus
815 4601 911 4659 tibi
958 4604 1165 4659 servire
1212 4604 1386 4677 neque
1431 4606 1650 4678 placere
1704 4605 1806 4661 nisi
1858 4606 1924 4660 de
1961 4613 2051 4661 tuo

472 4710 720 4761 munere.

543 4786 779 4857 Con/ige,
824 4801 1047 4859 quasso,
1089 4788 1272 4842 timore
1309 4798 1398 4841 tuo
1454 4804 1635 4843 carnes
1688 4804 1830 4843 meas
1877 4787 2050 4859 (Psal.

471 4896 669 4945 cxvm,
713 4881 871 4954 l20);
919 4881 1130 4937 laetetur
1176 4896 1271 4937 cor
1305 4896 1494 4945 meum,
1543 4891 1599 4936 ut
1644 4882 1821 4936 timent
1870 4868 2056 4936 nomen

473 4985 624 5051 tuum
650 4973 824 5045 (Psal.
847 4989 1048 5040 cxxxv,
1082 4974 1192 5047 11).
1228 4972 1446 5051 Utinam
1492 4974 1571 5028 sic
1605 4982 1657 5028 te
1687 4973 1901 5028 timeret
1932 4987 2059 5042 pec-

473 5050 649 5123 catrix
698 5069 875 5123 anima
921 5084 1063 5134 mea,
1115 5050 1405 5137 quomodo
1435 5066 1522 5122 ille
1569 5066 1654 5120 vir
1706 5075 1928 5122 sanctus
1963 5068 2056 5135 qui

473 5158 650 5212 dixit:
692 5156 906 5225 Semper
933 5160 1069 5214 enim
1110 5159 1262 5230 artaci
1292 5167 1543 5212 tumentes
1571 5173 1729 5226 super
1755 5172 1834 5210 me
1863 5158 2057 5227 ﬂuctus

476 5247 628 5305 timui
667 5247 835 5304 Deum
875 5248 998 5304 (Job
1050 5265 1206 5318 XXXI,
1252 5249 1368 5320 2'5).
1414 5249 1577 5304 Datur
1621 5248 1766 5303 enini
1815 5248 2057 5303 omnium

2163 4501 2336 4568 nium,
2368 4509 2425 4557 et
2452 4501 2586 4556 nihil
2633 4502 2751 4556 odit
2786 4518 2975 4558 eorum
3017 4519 3138 4573 quae
3185 4506 3337 4571 fecit,
3397 4508 3756 4566 dissimulans

2159 4603 2384 4666 peccata
2413 4594 2691 4648 hominum
2722 4603 2945 4667 propter
2972 4596 3378 4665 paenitentiam,
3416 4609 3473 4655 et
3520 4616 3755 4671 parcens

2162 4682 2292 4750 illis,
2321 4683 2447 4753 quia
2474 4684 2593 4754 pius
2631 4695 2705 4737 est
2739 4682 2998 4739 Dominus
3026 4683 3219 4757 (Eccli.
3266 4704 3329 4754 ιι,
3364 4689 3479 4754 15).
3522 4691 3625 4747 Est
3665 4709 3755 4747 aus

2165 4785 2274 4831 tem
2310 4775 2623 4830 misericors
2663 4776 2924 4833 Dominus
2950 4770 3332 4847 peccatoribus
3357 4796 3387 4834 a
3420 4798 3541 4839 suis
3568 4801 3755 4855 nequi-

2167 4874 2258 4929 tiis
2281 4874 2643 4939 cessantibus,
2671 4883 2726 4929 et
2747 4888 2845 4944 per
2874 4890 3058 4932 veram
3090 4878 3471 4947 paenitentiam
3504 4897 3752 4951 verasque

2162 4968 2496 5040 patuitentite
2528 4967 2671 5022 bona
2707 4981 2872 5037 opera
2908 4983 3038 5024 suas
3066 4971 3301 5026 malitias
3328 4975 3749 5041 mundautihes;

2162 5069 2219 5115 et
2255 5075 2353 5131 per
2391 5073 2575 5114 veram
2622 5057 3056 5126 confessionem,
3100 5077 3350 5133 veraeque
3396 5065 3755 5122 confessionis

2162 5153 2513 5219 sacriﬁcium,
2560 5165 2682 5207 sese
2729 5153 2823 5187 ³⁸⁷³
2852 5157 3236 5210 mactantihus.
3268 5154 3362 5211 Est
3408 5170 3596 5213 autem
3633 5176 3748 5211 ma

2161 5248 2487 5319 pmnitentia
2533 5264 2769 5312 veraque
2819 5247 3113 5314 confessio,
3156 5257 3211 5302 et
3255 5259 3571 5319 perpetrata
3615 5251 3753 5306 mala

1759 5338 1993 5394 VARIAE
2033 5339 2441 5396 LECTIONES.

546 5410 641 5444 "“
665 5409 1020 5478 Quisjustitia
1072 5427 1168 5466 sua
1207 5429 1307 5469 ms.

477 5480 610 5539 mihi
646 5480 871 5536 Domine
945 5481 1039 5514 ¹⁰⁶⁸
1082 5481 1201 5536 Vita
1227 5494 1280 5536 et
1304 5480 1708 5537 mss.omittunt.

473 5565 580 5622 quo
610 5551 765 5620 hujus
789 5554 1041 5622 orationis
1068 5553 1275 5622 initium
1295 5552 1531 5607 avulsum
1554 5563 1628 5607 est
1704 5552 1795 5585 ¹⁰⁷⁰
1828 5551 1991 5622 Abeo
2014 5550 2261 5622 misereri
2322 5550 2623 5622 ms.‘_Vict.
2671 5568 2708 5622 a7
2731 5552 2838 5608 Deo
2877 5551 3124 5606 misereri

1383 5410 1516 5467 Vict.
1569 5411 1941 5483 quisjuslitia
1982 5418 2092 5483 __tua
2169 5410 2260 5443 ¹⁰⁶⁷
2311 5410 2404 5483 ML
2443 5412 2811 5483 hominem}.
2843 5410 3010 5483 AYict.
3056 5411 3284 5483 omittit.
3340 5428 3454 5483 ρης.
3516 5411 3747 5467 Val-lno.

1787 5481 1878 5513 ¹⁰⁸⁹
1897 5480 2101 5541 Collata
2124 5489 2197 5534 est
2212 5496 2330 5537 cum
2351 5479 2482 5535 Mss.
2514 5481 2649 5536 Vict.
2671 5480 2775 5535 ΚΚ
2784 5520 2797 5535 .
2834 5480 2921 5535 16.
2965 5480 3184 5535 Val-lue
3234 5493 3285 5536 et
3324 5478 3485 5536 Corb.
3538 5486 3657 5538 160.
3695 5486 3759 5538 in

3201 5553 3292 5584 ¹⁰⁷¹
3325 5553 3515 5606 Gratia
3556 5555 3679 5607 illuu
3701 5556 3757 5605 io

477 5619 641 5695 natus
670 5619 774 5695 mss
830 5619 963 5677 Vict.
1004 5632 1052 5677 et
1091 5621 1323 5679 Val-lue.
1355 5625 1528 5695 gratia
1557 5621 1852 5692 inspiratus
1927 5620 2018 5653 ¹⁰⁷¹
2046 5620 2117 5677 Se
2134 5619 2268 5676 facit
2291 5637 2390 5675 ms.
2434 5619 2566 5678 Vict.
2595 5637 2655 5678 se
2686 5621 2847 5679 faciet
2923 5621 3016 5654 ¹⁰⁷⁸
3045 5622 3386 5678 Sacrificium
3420 5637 3480 5678 se
3534 5639 3593 5679 se
3650 5640 3757 5680 ne.

482 5686 622 5743 Vict.
640 5691 783 5743 omit.
826 5706 883 5746 se
908 5708 967 5748 se
