4048 6288
261 346 359 407 873

1688 350 2096 413 οιιλτιοΝΕε.

3414 370 3518 429 87L

261 464 544 536 plangere.
604 474 658 523 et
724 464 1023 540 plangentia
1082 468 1316 541 amplius
1380 481 1485 521 non
1555 467 1827 523 amittere.
1861 467 2184 530 Atimorem
2233 467 2472 523 noxium.
2526 469 2773 543 Respice,
2831 483 2886 530 et
2939 464 3180 553 illumina
3238 492 3343 535 cor
3399 482 3520 553 ejus

257 555 531 622 Quomodo
576 572 703 612 vero
755 562 1031 615 miseretur
1080 560 1237 616 Pater
1276 561 1530 631 ﬁliorum,
1565 569 1619 615 et
1664 560 1836 616 multo

259 647 427 717 magis
452 663 615 717 quam
647 659 800 721 pater
825 652 1062 708 carnalis
1089 652 1322 723 liiiorum
1349 691 1364 717 ,
1397 652 1686 706 miseretur
1714 652 1836 721 pius

254 747 311 791 et
335 739 646 794 misericors
677 739 936 798 Dominus
964 742 1203 798 omnium
1234 756 1293 797 se
1334 742 1661 797 timentium.
1717 741 1838 811 Ipse

256 829 400 884 enim
466 832 619 886 novit
664 832 970 902 ﬁgmentum
1032 845 1309 899 nostrum;
1374 835 1625 905 cognovit
1668 834 1835 889 etiam

257 922 396 975 unde
459 937 560 976 nos
619 922 748 977 fecit
789 923 976 978 limum
1036 934 1280 978 nostrum
1335 924 1449 977 ‘m.
1499 924 1838 979 Recordatur

252 1010 397 1064 enim
427 1012 574 1081 quod
600 1011 767 1081 pulvis
795 1013 1176 1085 sumus'(Psal.
1207 1029 1304 1079 cn,
1330 1014 1419 1078 15,
1446 1014 1554 1083 ιι),
1597 1023 1653 1069 et
1674 1014 1832 1079 cinis,

258 1102 351 1155 sed
382 1110 562 1157 tamen
601 1104 669 1156 ad
692 1103 810 1173 ejus
840 1104 1127 1175 imaginem
1164 1104 1314 1161 facti.
1343 1107 1622 1160 lntuentes
1653 1114 1835 1159 autem

170 1181 175 1187 ’
250 1208 485 1264 vereque
523 1194 843 1251 confitentes
864 1206 1069 1252 tantam
1094 1198 1522 1255 misericordiam
1545 1199 1637 1231 ‘°"
1669 1199 1838 1253 Crea-

250 1284 387 1339 toris
424 1285 592 1339 nostri
645 1300 771 1355 erga
804 1295 1111 1341 creaturam
1157 1278 1346 1355 suam,
1384 1304 1491 1343 non
1527 1289 1596 1344 de
1642 1285 1837 1344 remis-

248 1372 401 1428 sione
454 1375 735 1444 culparum
782 1375 1149 1446 desperemus.
1204 1378 1471 1447 Quoniam
1515 1378 1560 1434 si
1610 1393 1677 1433 ex
1724 1387 1835 1434 toto

246 1466 414 1520 corde
466 1466 864 1535 pceniteamus,
922 1477 1249 1538 nostrasque
1301 1469 1615 1539 iniquitates
1656 1470 1833 1539 dignis

244 1552 460 1608 ﬂetibus
512 1555 883 1624 insequamur,
923 1556 1041 1625 ejus
1096 1558 1619 1629 indulgentissimam
1665 1560 1829 1629 pieta-

245 1654 357 1699 tem
382 1645 741 1716 proculdubio
773 1662 1189 1717 consequemur.

318 1731 424 1786 Sed
468 1732 700 1789 fortasse
748 1734 945 1805 aliquis
976 1746 1153 1792 mente
1182 1738 1444 1808 perditus,
1479 1748 1531 1795 et
1554 1736 1667 1808 jam
1700 1740 1833 1811 ipsis

1938 553 2300 621 ohctecatttm,
2335 566 2393 611 ttt
2420 558 2601 614 videat
2629 573 2684 616 et
2717 552 2984 634 intelligat
3009 580 3167 634 quam
3200 585 3392 639 magna
3422 552 3517 639 sit,

1938 654 1993 700 et
2021 662 2187 717 quam
2209 650 2458 704 amabilis
2490 652 2771 708 multitudo
2798 656 3089 713 dulcedinis
3116 671 3241 727 tute,
3272 660 3519 731 Domine,

1936 754 2097 808 quam
2154 739 2477 795 abscondisti
2525 744 2937 814 desperantibus
2994 749 3059 803 dc
3116 762 3187 816 te,
3246 748 3522 821 perfecisti
3580 788 3601 801 η

1935 837 2119 883 autem
2148 832 2493 899 sperantibus
2530 834 2579 887 in
2625 846 2677 890 te
2718 836 2891 906 (Psal.
2928 855 3053 904 us,
3092 840 3207 911 20).
3246 841 3366 898 Non
3397 860 3521 900 euut

1934 919 2230 989 demerget,
2284 919 2596 979 dulcissime
2656 926 2823 995 Deus,
2884 944 2989 983 non
3056 948 3179 986 cum
3242 934 3524 1009 demergat

1935 1019 2211 1079 tempestas
2272 1027 2425 1081 aqna’
2479 1030 2569 1068 nec
2623 1016 2894 1073 absorbent
2955 1022 3299 1092 profundum,
3358 1044 3521 1097 neque

1935 1109 2116 1169 urgeat
2152 1117 2311 1171 super
2340 1117 2462 1157 eum
2490 1115 2676 1173 puteus
2707 1124 2766 1162 os
2793 1128 2946 1163 suum
2978 1113 3150 1182 (Psal.
3183 1132 3374 1183 cxvm,
3409 1117 3520 1189 16),

1935 1192 2144 1248 scilicet
2179 1195 2406 1265 abyssus
2444 1197 2787 1268 iuiqnitatmn
2830 1219 3069 1270 suarum,
3119 1218 3172 1263 et
3215 1211 3523 1279 desperatio

1936 1284 2344 1340 miserationem
2410 1297 2645 1344 tuarum.
2717 1291 3035 1361 Credimus,
3096 1299 3524 1359 clementissime

1935 1387 2152 1431 creator
2197 1376 2475 1435 hominum
2523 1381 2684 1449 Deus,
2720 1392 2773 1440 te
2802 1400 2921 1442 esse
2968 1389 3419 1461 omnipotentem,
3468 1405 3526 1451 et

1935 1466 2114 1520 omnia
2147 1483 2485 1539 quzeeunqne
2514 1470 2596 1527 vis
2643 1473 2929 1531 facientem
3002 1478 3078 1534 De
3124 1490 3173 1535 te
3204 1484 3347 1536 enim
3388 1484 3524 1542 Pro-

1934 1557 2093 1626 pheta
2145 1557 2236 1589 ¹⁰⁶¹
2266 1558 2394 1613 dicit
2420 1577 2434 1613 :
2485 1558 2676 1617 Omnia
2727 1579 3050 1637 qun’rnnqnc
3077 1569 3236 1624 voluit
3267 1571 3522 1629 Dominus

1934 1644 2051 1713 fecit
2079 1646 2134 1699 in
2162 1646 2310 1712 σιτία,
2355 1656 2403 1700 et
2436 1650 2490 1701 in
2528 1659 2687 1713 terra,
2721 1662 2768 1705 et
2805 1652 2856 1705 in
2896 1655 3055 1718 mari,
3095 1668 3141 1709 et
3188 1657 3242 1711 in
3284 1660 3523 1716 omnibus

1935 1736 2027 1769 ¹⁶⁸³
2072 1737 2274 1808 abyssis
2320 1737 2491 1811 (Psul.
2523 1756 2743 1810 cxxxrv,
2791 1743 2868 1815 6).
2909 1744 3125 1802 Scimus
3170 1759 3353 1805 autem
3396 1753 3523 1821 quia

238 1824 596 1893 voraginibus
632 1833 848 1880 (eterna:
895 1827 1255 1883 damnationis
1305 1830 1614 1897 immersus,
1656 1830 1833 1884 consi-
1866 1847 1907 1901 Β
1932 1841 2039 1880 non
2070 1828 2152 1882 vis
2189 1838 2504 1898 peceatores
2534 1834 2781 1901 perdere,
2830 1835 2925 1890 sed
2961 1851 2989 1889 a
3020 1840 3258 1906 peccatis
3284 1855 3520 1904 cessare.

238 1912 448 1967 derans
495 1916 873 1970 enormitatem
925 1916 1189 1972 scelerum
1244 1935 1489 1987 suorum,
1538 1922 1833 1991 desperans

235 2005 315 2058 de
364 2006 734 2061 misericordia
789 2008 916 2072 Dei,
981 2009 1161 2064 dicere
1212 2010 1352 2085 apud
1404 2027 1463 2067 se
1514 2015 1830 2082 praesumit:

234 2100 402 2166 Quod
453 2100 738 2155 consilium
780 2103 1162 2171 recuperanda:
1209 2102 1402 2158 salutis
1437 2104 1550 2175 jam
1601 2105 1835 2175 amplius

235 2189 495 2243 invenire
522 2199 731 2259 potero,
779 2200 871 2245 aut
901 2206 1059 2260 quam
1110 2193 1562 2259 consolationem,
1596 2196 1832 2266 aliquam

232 2279 463 2332 veniam
494 2280 761 2334 scelerum
794 2281 1224 2349 promittentem,
1273 2284 1539 2353 sperabo?
1585 2284 1662 2339 Ex
1727 2300 1833 2355 quo

230 2382 472 2438 peccare
515 2370 687 2437 potui,
735 2385 1008 2440 nunquam
1040 2386 1068 2424 a
1098 2374 1336 2440 peccatis
1365 2384 1418 2428 et
1454 2375 1610 2429 malis
1645 2376 1828 2445 operi-

231 2460 347 2514 bus
377 2461 605 2515 cessavi.
648 2461 894 2517 Peccatis
940 2473 1163 2533 peccata
1212 2480 1428 2535 semper
1472 2468 1830 2537 accumulavi,

228 2560 307 2604 et
354 2558 595 2619 peccata,
644 2565 764 2621 qurc
810 2551 1100 2622 aliquando
1145 2556 1399 2623 operibus
1446 2556 1669 2626 implere
1723 2574 1831 2614 non

227 2643 415 2712 potui,
452 2642 607 2697 malis
654 2643 1021 2700 voluntatibus
1064 2661 1129 2701 ac
1158 2646 1314 2702 malis
1360 2648 1645 2705 desideriis
1668 2651 1835 2719 perli-

228 2746 373 2788 cere
402 2749 677 2804 nunquam
706 2737 934 2791 cessavi.
974 2735 1162 2792 Tantis
1191 2752 1321 2809 ergo
1354 2740 1515 2796 malis
1541 2750 1596 2796 et
1633 2742 1833 2813 iniqui-

232 2824 453 2881 tatibus
499 2826 591 2857 ¹⁰⁷⁶
621 2826 913 2892 involutus,
967 2828 1135 2884 tantis
1165 2828 1486 2891 criminibus
1512 2844 1563 2887 et
1591 2836 1832 2902 peccatis

226 2914 630 2980 circumdatus,
665 2917 793 2986 quid
808 2915 921 2984 jam
947 2928 1266 2987 exspectare
1297 2933 1514 2987 possum
1545 2922 1646 2975 nisi
1673 2932 1831 2977 aeter-

224 3021 371 3060 nam
421 3008 777 3077 perditionem
824 3017 1149 3079 aeternusque
1197 3012 1518 3082 perditionis
1566 3022 1831 3069 aeternam

226 3099 693 3155 damnationem?
728 3101 1028 3171 Aliquando
1075 3117 1202 3157 vero
1239 3104 1283 3158 si
1326 3103 1561 3174 aliquam
1596 3105 1686 3137 “"7
1736 3109 1832 3163 mi-

1937 1927 1993 1971 et
2034 1918 2236 1973 vivere.
2282 1917 2339 1973 Si
2389 1936 2517 1990 ergo
2558 1923 2902 1994 omnipotens
2949 1941 3028 1991 es,
3078 1937 3218 1982 Sicut
3263 1944 3389 1985 vere
3439 1946 3522 1995 es,

1938 2008 2061 2076 quia
2106 2008 2367 2078 quidquid
2409 2009 2509 2074 vis,
2554 2010 2736 2067 facere
2769 2022 2948 2083 potes;
2994 2024 3048 2070 ct
3078 2032 3184 2070 non
3218 2019 3298 2071 vis
3328 2033 3521 2088 pecca-

1939 2106 2085 2153 tores
2132 2100 2376 2169 perdere,
2428 2101 2523 2156 scd
2568 2117 2597 2155 a
2631 2103 2791 2159 malis
2835 2106 3174 2174 resipiscere,
3219 2117 3274 2162 et
3306 2110 3523 2171 vivere;

1937 2193 2003 2247 de
2035 2191 2377 2249 multitudine
2422 2194 2834 2250 miserationum
2882 2206 3095 2252 tuarum
3128 2215 3234 2253 non
3265 2200 3526 2256 debemus

1938 2281 2256 2350 desperare;
2280 2282 2397 2349 sed,
2427 2285 2602 2339 securi
2637 2284 2702 2339 de
2732 2300 2827 2354 spe
2858 2286 3048 2352 venite,
3087 2288 3522 2343 misericordiam

1937 2381 2274 2442 exspectare.
2312 2373 2509 2428 Verum
2542 2384 2626 2428 est
2669 2375 2890 2430 omnino
2916 2377 3040 2446 quia
3084 2379 3248 2431 multa
3294 2387 3421 2433 sunt
3465 2388 3524 2433 et

1939 2476 2130 2534 magna
2162 2472 2383 2532 peccata
2415 2474 2623 2529 nostra,
2653 2465 2748 2519 sed
2787 2466 2922 2520 certi
2960 2482 3147 2521 sumus
3176 2466 3301 2536 quia
3346 2468 3515 2524 multa

1938 2561 2021 2607 est
2053 2562 2109 2607 et
2139 2540 2332 2621 magna
2362 2553 2734 2609 misericordia
2768 2564 2878 2609 tua.

2010 2642 2243 2708 Scimus,
2276 2641 2619 2711 omnipotens
2659 2654 2715 2699 et
2760 2645 3072 2700 misericors
3119 2645 3280 2710 Deus,
3321 2647 3525 2705 scimus

1937 2733 2066 2804 quia
2121 2742 2174 2788 tu
2235 2748 2297 2790 es
2347 2750 2593 2791 summus
2654 2736 2905 2806 spiritus,
2963 2737 3418 2794 incommutabilis
3467 2749 3525 2795 et

1937 2834 2192 2893 teternus,
2222 2826 2406 2882 vivens
2432 2827 2543 2881 vita
2584 2835 2692 2894 tua,
2724 2844 2845 2898 qua:
2882 2838 2936 2883 tu
2968 2830 3082 2900 ipse
3123 2846 3206 2896 es,
3232 2837 3283 2884 el
3305 2830 3523 2886 κιαι-ηἰ-

1940 2928 2050 2975 tate
2081 2928 2195 2985 tua,
2224 2930 2279 2975 et
2316 2935 2414 2977 nos
2441 2930 2691 2991 creatura
2722 2930 2834 2989 tua,
2864 2937 2893 2977 a
2924 2933 2974 2978 te
3004 2925 3172 2978 creati
3195 2924 3436 2979 bonitate
3465 2933 3524 2980 et

1938 3010 2286 3066 miseratione
2317 2996 2436 3066 tua.
2467 3011 2574 3067 Nos
2602 3020 2781 3068 autem
2830 3030 2951 3069 cum
2980 3030 3095 3085 pec.
3115 3031 3290 3079 amns,
3326 3017 3377 3071 id
3410 3026 3518 3082 est,

1936 3115 2059 3155 cum
2105 3114 2168 3154 ea
2204 3115 2328 3170 qua:
2365 3100 2527 3170 jubes
2575 3116 2679 3157 non
2710 3102 2957 3170 facimus,
3004 3111 3058 3159 ct
3101 3121 3220 3176 qua:
3267 3107 3523 3176 prohibes

224 3188 539 3244 seriem-dia
593 3190 687 3246 Dei
742 3200 1090 3263 peccatorum
1141 3192 1539 3250 confessionem
1592 3196 1729 3261 leei,
1778 3210 1829 3255 et

1936 3189 2187 3255 facimus,
2224 3205 2322 3260 per
2352 3202 2634 3261 peceatum
2673 3193 2767 3226 ⁸⁸³⁸
2795 3206 3045 3251 nostrum
3080 3199 3363 3265 morimur,
3393 3199 3523 3255 licet

228 3290 590 3350 peccatorum
647 3284 1026 3353 paenitentiam
1086 3300 1118 3340 a
1184 3285 1467 3342 sacerdote
1528 3291 1831 3358 accipiens,

232 3369 486 3439 aliquam
532 3373 967 3429 emendationem
1018 3374 1284 3429 malorum
1332 3377 1577 3448 promisi,
1624 3379 1833 3447 statim,

228 3460 328 3515 vel
375 3470 499 3529 post
544 3479 765 3533 parvam
808 3481 1039 3532 moram,
1074 3468 1264 3524 eadem
1314 3469 1455 3522 mala
1509 3470 1594 3525 vel
1641 3470 1827 3540 pejora

231 3563 473 3624 peccata
506 3553 628 3622 feci,
665 3565 720 3611 et
748 3557 902 3627 quasi
937 3558 1088 3613 canis
1118 3574 1370 3614 reversus
1414 3575 1533 3615 sum
1570 3562 1637 3617 ad
1664 3563 1834 3618 vomi-

239 3657 399 3711 tum;
427 3647 569 3717 quod
598 3648 749 3717 quasi
794 3663 891 3718 per
926 3648 1326 3705 confessionem
1359 3665 1711 3709 evomueram
1735 3668 1831 3709 ore

204 3740 291 3789 et
316 3737 483 3791 corde
530 3738 645 3803 “7',
692 3738 964 3795 sordidius
998 3741 1285 3811 resumpsi.
1315 3739 1500 3796 Juravi
1538 3744 1701 3797 etiam
1731 3760 1830 3799 sze-

227 3828 361 3898 pius
388 3842 476 3882 me
504 3828 756 3900 deinceps
781 3844 998 3887 cessare
1025 3847 1054 3885 a
1086 3832 1324 3903 peccatis
1350 3834 1488 3887 viam
1523 3833 1827 3905 iniquitatis

224 3920 461 3975 onmino
486 3922 755 3977 dimittere
778 3923 1029 3993 viamque
1049 3923 1273 3993 justitire
1299 3926 1473 3994 sequi.
1512 3927 1620 3982 Sed
1652 3941 1827 3998 neque

230 4015 404 4070 timor
446 4015 611 4085 ipsius
643 4014 863 4086 perjurii
895 4031 980 4071 me
1011 4032 1040 4071 a
1068 4016 1307 4086 peccatis
1356 4021 1593 4076 retinere
1622 4023 1821 4093 potuit,

206 4102 415 4175 neque.
455 4108 618 4162 timor
658 4109 746 4163 Dei
779 4119 973 4164 cuncta
1005 4110 1073 4165 ab
1106 4109 1214 4164 aito
1237 4112 1642 4181 conspicientis.

306 4201 448 4256 Ecce
486 4201 660 4268 vides,
710 4202 1024 4258 dulcissime
1075 4212 1289 4257 amator
1335 4204 1613 4259 hominum
1654 4205 1816 4271 Deus,

222 4308 366 4351 ecce
391 4294 553 4357 vides,
570 4295 637 4350 de
676 4295 990 4349 sanctuario
1019 4305 1130 4360 tuo,
1166 4305 1219 4349 et
1251 4296 1477 4365 respicis
1509 4297 1575 4351 de
1606 4298 1823 4354 excelso

226 4384 499 4442 caelorum
538 4384 868 4449 habitaculo,
911 4385 1167 4439 miserum
1200 4385 1475 4440 hominem
1505 4388 1573 4441 ad
1608 4398 1661 4442 te
1697 4388 1822 4442 dor-

224 4494 355 4535 sum
390 4484 677 4546 ponentem
731 4476 843 4545 “7’,
893 4484 1053 4546 teque
1093 4477 1145 4530 in
1198 4478 1300 4531 tuis
1344 4478 1631 4548 prmceptis
1669 4495 1814 4549 spcr~

224 4577 479 4631 nentem,
519 4575 575 4622 et
602 4575 823 4639 propter
866 4582 959 4622 sua
996 4582 1189 4639 magna
1230 4578 1452 4638 peccata
1483 4567 1549 4623 de
1583 4578 1670 4631 tua
1708 4586 1822 4623 ma-

220 4676 341 4734 gna
390 4659 761 4716 misericordia
806 4661 1207 4732 desperantem,
1254 4670 1309 4718 et
1358 4661 1606 4734 quamvis
1660 4662 1821 4718 nimis

223 4753 518 4819 miserum,
570 4763 619 4809 et
676 4764 1017 4825 peccatorcm
1080 4754 1194 4822 "3°,
1256 4755 1481 4826 respicis
1537 4767 1715 4810 tamen
1769 4765 1825 4810 et

222 4846 389 4900 vides
418 4860 448 4898 a
483 4854 535 4900 te
564 4854 828 4911 creatum,
860 4854 916 4900 et
945 4846 1073 4900 dum
1115 4844 1169 4901 in
1207 4846 1310 4901 hac
1336 4846 1444 4901 vita
1471 4847 1679 4912 existit,
1714 4845 1821 4901 tuis

219 4934 517 4992 beneﬁciis
554 4944 941 4991 sustentatum.
972 4934 1230 5003 lmmitte,
1259 4937 1398 4993 bone
1440 4938 1531 4971 ¹⁰⁸¹
1564 4939 1724 5002 Deus,
1764 4937 1817 4991 in

221 5023 480 5080 animam
511 5022 627 5095 ejus
655 5024 903 5081 timorem
930 5036 1102 5094 tuum,
1135 5037 1190 5082 et
1219 5026 1374 5082 aufer
1399 5028 1465 5083 de
1507 5026 1670 5083 corde
1697 5025 1817 5085 eius

1943 3282 1995 3336 in
2026 3282 2200 3351 aliqua
2234 3282 2362 3348 vita,
2406 3285 2561 3339 nobis
2584 3286 2747 3340 etiam
2787 3288 3011 3342 mortuis
3052 3298 3136 3342 tua
3170 3290 3519 3345 miseratione
3578 3328 3585 3331 ν

1938 3385 2219 3437 concessa,
2251 3371 2571 3428 existamus.
2602 3373 2659 3429 Si
2690 3389 2816 3430 vero
2848 3377 3042 3432 iterum
3078 3378 3172 3431 tibi
3198 3380 3516 3437 obedientes

1937 3463 2244 3528 existimus,
2273 3476 2329 3522 et
2354 3483 2382 3521 a
2418 3466 2572 3522 malis
2611 3467 2866 3536 operibus
2896 3478 2983 3522 tua
3012 3470 3186 3541 gratia
3217 3470 3382 3540 adjuti
3420 3487 3521 3528 nos

1937 3548 2289 3625 retineamus,
2316 3560 2541 3631 tibique,
2571 3560 2662 3630 qui
2692 3544 2846 3614 vivus
2881 3561 3103 3629 spiritus
3132 3577 3191 3617 es
3216 3568 3273 3618 et
3301 3574 3519 3620 creator

1936 3660 2142 3717 noster,
2175 3664 2273 3721 per
2296 3651 2433 3707 bona
2473 3667 2636 3722 opera
2669 3651 2967 3724 jungimur,
3016 3654 3205 3709 iterum
3239 3656 3519 3711 revivisci-

1933 3758 2084 3810 mus;
2138 3753 2193 3799 et
2239 3754 2359 3816 post
2401 3745 2496 3777 ’⁸⁸⁸
2539 3755 2767 3800 mortem
2800 3745 2851 3800 in
2880 3756 3080 3801 :eterna
3125 3747 3293 3818 gloria
3340 3758 3514 3804 tecum

1932 3834 2148 3898 victuri,
2203 3835 2246 3889 si
2297 3835 2552 3905 deinceps
2604 3834 2841 3905 quandiu
2895 3835 3190 3890 vixerimus
3242 3836 3295 3889 in
3350 3834 3517 3892 rectis

1930 3926 2187 3997 operibus
2223 3934 2637 3996 perseverantes
2676 3926 2769 3958 ’m
2808 3928 3125 3981 exislamus.
3154 3927 3369 3983 Eliseus
3392 3944 3517 3997 pro-

1930 4019 2088 4087 pheta
2116 4033 2237 4071 cum
2263 4026 2508 4072 mortuus
2537 4017 2626 4050 ⁸⁸⁸⁷
2657 4027 2801 4072 esset
2823 4026 2875 4071 et
2901 4013 3164 4087 sepultus,
3194 4029 3247 4073 et
3270 4021 3517 4088 quidam,

1929 4112 2018 4182 qui
2066 4120 2186 4165 erat
2234 4121 2497 4177 mortuus,
2548 4110 2663 4180 ejus
2692 4109 2905 4165 ossibus
2950 4120 3281 4180 tangeretur,
3337 4128 3519 4191 resur-

1928 4203 2069 4257 rexit
2092 4203 2264 4266 vivus,
2296 4210 2349 4255 et
2375 4200 2568 4255 iterum
2600 4208 2705 4264 est,
2734 4200 2944 4253 meritis
2973 4202 3257 4272 prophetae
3290 4211 3343 4256 et
3370 4212 3516 4258 tactu

1922 4294 2187 4362 corporis,
2245 4292 2425 4348 vivere
2468 4291 2763 4361 permissus
2802 4288 2909 4362 (IV
2962 4289 3088 4361 Reg.
3145 4307 3259 4358 xm,
3295 4291 3407 4362 2|).
3460 4291 3519 4349 Si

1925 4399 2054 4452 ergo
2120 4392 2263 4439 tactu
2319 4384 2595 4453 pr0phetre
2650 4384 2847 4438 mortui
2904 4385 3203 4441 resurrexit
3253 4387 3343 4455 qui
3394 4395 3517 4441 erat

1925 4483 2187 4539 mortuus,
2222 4473 2391 4532 multo
2423 4474 2593 4539 magis
2634 4490 2730 4528 nos
2776 4474 3173 4539 reviviscimns,
3205 4468 3249 4530 si
3282 4475 3377 4531 tibi
3407 4492 3511 4531 no-

1928 4575 2041 4621 stro
2070 4566 2311 4622 Creatori
2344 4582 2439 4636 per
2476 4567 2616 4620 bona
2645 4581 2807 4635 opera
2825 4569 3123 4639 jungimur,
3153 4569 3243 4639 qui
3273 4583 3331 4623 cs
3360 4570 3514 4624 vivus

1932 4663 1988 4710 et
2012 4655 2334 4711 immortalis
2362 4654 2603 4727 spiritus.
2629 4654 2882 4712 Miserere
2907 4671 3038 4727 ergo
3066 4657 3256 4724 nostri,
3283 4655 3513 4711 Creator

1932 4757 2140 4812 uoster,
2186 4747 2433 4802 miserere
2477 4747 2648 4803 nostri
2693 4749 2977 4802 secundum
3026 4764 3272 4820 magnam
3312 4748 3514 4801 misert-

1928 4838 2163 4894 cordiam
2194 4850 2359 4905 tuam,
2401 4847 2451 4893 ct
2483 4838 2767 4893 secundum
2797 4838 3186 4893 multitudinem
3218 4835 3484 4891 miseratio

1927 4947 2052 4984 num
2093 4939 2308 4985 tuarum
2340 4929 2454 4985 dele
2497 4930 2824 5001 iniquitatem
2858 4938 3098 4984 nostram
3133 4927 3304 5000 (Psal.
3338 4943 3391 4994 ι,
3431 4922 3509 4999 5),

1925 5028 1981 5077 et
2009 5021 2271 5076 resuscita
2319 5036 2418 5076 nos
2448 5020 2500 5075 in
2548 5021 2649 5075 hac
2696 5020 2947 5091 praesenti
2981 5021 3088 5074 vita
3138 5035 3166 5073 a
3217 5028 3391 5074 morte
3440 5014 3510 5113 ard

1510 5136 1747 5193 VARIE
1787 5134 2195 5191 LECTIONES.

304 5250 403 5283 ⁸⁸⁷⁵
430 5248 583 5305 Unde
614 5250 741 5306 fecit
795 5251 981 5306 limum
1011 5263 1255 5307 nostrum
1314 5268 1414 5307 ms.
1461 5250 1594 5306 Vict.
1646 5249 1789 5303 unde
1842 5262 1941 5304 nos
1986 5246 2115 5302 fecit
2167 5245 2347 5301 lumen
2390 5255 2630 5299 nostrum
2676 5260 2801 5298 mss.
2840 5243 2981 5297 unde
3026 5258 3124 5299 nos
3158 5242 3283 5297 fecit
3322 5240 3508 5298 limum

217 5330 481 5376 nostrum
558 5319 653 5354 ⁸⁸⁷⁸
686 5321 877 5377 Totam
918 5323 1347 5377 misericordiam
1384 5336 1510 5375 mss.
1553 5320 1686 5373 Vict.
1723 5329 1771 5372 et
1818 5316 2054 5371 Val-lue.
2110 5326 2313 5371 tantam
2367 5312 2795 5370 miscricordiam

215 5388 537 5469 {gssj’ich
567 5400 615 5444 ct
650 5388 880 5445 Val-lue.
906 5401 962 5447 et
996 5392 1397 5469 iniquitatibus
1445 5390 1538 5469 1""
1566 5389 1624 5449 Si
1647 5390 1828 5461 aliqua
1859 5404 1955 5443 ms.
1996 5384 2132 5469 Vict.
2145 5387 2206 5469 si
2225 5386 2461 5469 aliquam

1303 5462 1398 5494 ³⁸⁸⁸
1441 5461 1510 5521 Ει
1570 5456 1909 5531 peccatorem
1959 5475 2059 5531 ms.
2093 5456 2228 5531 Vict.
2283 5464 2340 5510 et

215 5460 327 5535 ξονι
364 5458 708 5535 Promfntem
754 5478 875 5535 mss.
934 5458 1225 5535 ponentem

2874 5314 2968 5346 ¹⁶⁷⁶
3017 5313 3084 5368 Et
3138 5312 3510 5368 voluntatibus

2558 5382 2653 5416 'm
2673 5384 2782 5439 Ore
2800 5382 2964 5449 corde
2988 5390 3113 5438 mss.
3138 5398 3235 5438 ore
3263 5392 3317 5437 et
3347 5386 3508 5445 corde

2382 5458 2693 5525 pecca_ntcm
2772 5452 2861 5525 ’Ψ
2915 5452 3145 5525 lmmitte
3194 5454 3351 5507 bone
3380 5464 3502 5507 mss.

213 5531 485 5597 immitte,
521 5530 742 5601 Domine
768 5532 907 5586 bone
934 5522 953 5535 ”
982 5532 1075 5566 ⁸⁸⁸⁸
1102 5532 1176 5584 De
1200 5542 1251 5587 te
1274 5531 1533 5601 propheta
1556 5522 1682 5585 ius.
1715 5530 1783 5585 de
1807 5540 1859 5586 tc
1886 5528 2032 5601 enim
2062 5526 2322 5597 propheta
2383 5522 2494 5557 ’¹⁶’⁸
2522 5522 2688 5601 Ῑςςιξι
2729 5532 2787 5601 et
2813 5524 2865 5601 i_n
2898 5524 3149 5601 omnibus
3180 5538 3306 5577 mss.
3341 5534 3503 5601 terra,

211 5610 280 5656 et
310 5601 364 5672 in
396 5593 531 5655 mari
562 5609 615 5655 et
643 5602 694 5655 in
727 5601 978 5672 omnibus
1053 5602 1145 5635 ’⁸⁸⁸
1167 5593 1394 5670 Propter
1419 5611 1701 5672 peccatum
1727 5616 1825 5655 ms.
1884 5598 2018 5653 Vict.
2050 5593 2449 5672 per_pecca_tnnt
2526 5593 2621 5671 ’Ψ
2648 5594 3039 5649 Reviviscimus

3130 5602 3180 5649 st
3198 5607 3323 5647 mss.
3364 5593 3505 5647 revi-

208 5671 511 5734 viscimus,
543 5680 595 5726 et
616 5680 737 5742 post
815 5671 906 5704 ⁸⁸⁸⁸
938 5662 1371 5729 Perseverabiles
1398 5662 1525 5727 mss.
1581 5677 1994 5741 perseverantes
2050 5662 2450 5738 """I’ropheta
2476 5662 2892 5757 cummortuus
2925 5662 3192 5718 ms.V‘iet.
3244 5662 3504 5749 propheta

213 5752 282 5796 υΙ
315 5749 559 5800 mortuus

643 5831 919 5894 Ρηιοι..
965 5830 1235 5895 CLVIII.

3146 5825 3223 5887 28
