4048 6288
544 400 561 413 η
586 327 692 384 875

922 327 980 383 S.
1025 326 1322 385 ANSELMI
1361 325 1713 383 CANTUAR.
1756 324 2072 384 ARCHIEP.
2101 325 2257 397 OPP.
2291 324 2471 401 PARS
2519 327 2579 382 ll.
2616 357 2679 370 --
2716 325 3088 383 ΡΑΒΕΝΕΤ.
3118 327 3209 384 ΕΤ
3249 328 3495 386 ASCET.

3756 333 3864 392 876

546 510 550 521 Ι
586 444 754 497 vitam
784 439 898 505 -°"‘,
930 441 979 496 id
1014 451 1098 496 est
1127 458 1155 495 a
1194 449 1367 497 morte
1397 441 1604 512 peccati
1634 440 1698 495 ad
1723 441 1950 513 iustitia:
1978 443 2169 507 vitam,
2202 446 2244 504 Α
2277 442 2605 514 indulgentia
2630 452 2718 498 tua
2751 443 2894 513 quod
2932 443 3425 514 rogarisaccipere,
3449 460 3587 516 quos
3616 449 3867 519 agnoscis

585 543 642 591 et
665 534 722 590 in
750 532 854 589 line
874 532 1053 588 saeculi
1074 547 1172 604 per
1193 542 1339 589 tuam
1364 534 1789 590 miscricordiam
1812 532 2165 602 justifieatos,

586 625 851 689 resuscita
898 626 964 679 ad
1010 635 1270 679 aeternam
1317 624 1568 694 gloriam.
1617 623 1789 691 Quam
1846 624 1963 695 ipse
2017 624 2168 680 nobis

586 724 848 785 praestare
873 715 1134 785 digneris,
1180 716 1271 787 qui
1318 716 1456 772 vivis
1483 723 1538 772 ct
1583 730 1777 786 regnas
1820 729 1918 786 per
1962 725 2166 786 interna

584 805 800 860 saecula.
832 807 1023 860 Amen.

1078 896 1237 969 251
1280 886 1535 953 ORATIO
1576 895 1685 951 vn.

1236 1003 1302 1041 AD
1343 1003 1506 1044 θευκ.

586 1075 716 1133 Cum
771 1077 1092 1147 confessione
1146 1088 1510 1159 peccatorum,
1576 1086 1623 1131 et
1681 1076 1868 1131 humili
1923 1077 2166 1142 petitione

1276 1158 1484 1218 gratim.

538 1320 543 1325 ,
650 1259 795 1315 Deus
823 1257 1067 1328 piissime
1090 1298 1104 1322 ,
1132 1258 1274 1314 Deus
1311 1259 1550 1315 clemens
1580 1267 1636 1316 et
1678 1259 2011 1326 misericors,
2042 1273 2168 1330 pro-

582 1348 773 1420 pitiare
798 1348 1042 1421 peccatis
1084 1349 1314 1428 nostris,
1347 1358 1402 1404 et
1434 1359 1626 1421 praesta
1676 1358 1735 1403 ut
1773 1357 1993 1420 peccata
2048 1364 2167 1420 qua:

535 1427 544 1436 ’
581 1438 671 1495 vel
713 1449 935 1497 auctore
973 1441 1166 1498 mortis
1205 1441 1445 1510 instigati
1495 1441 1582 1497 vel
1632 1442 1852 1515 propria
1889 1441 2168 1509 voluntate

582 1528 952 1603 commisimus
974 1572 988 1595 ,
1018 1545 1123 1586 non
1147 1530 1212 1585 ad
1231 1528 1495 1600 judicium
1533 1540 1686 1587 tuum
1711 1531 2048 1588 discutienda
2082 1546 2167 1587 re-

538 1604 545 1697 :
580 1634 794 1686 serves,
844 1621 939 1676 sed
995 1635 1248 1678 concessa
1281 1621 1455 1693 gratia
1489 1622 1557 1677 de
1595 1622 1710 1687 sola
1756 1632 1965 1678 tantum
2007 1625 2163 1681 venia

580 1711 941 1782 gratulemur,
971 1713 1096 1782 quia
1127 1712 1171 1767 si
1199 1722 1324 1793 ante
1351 1713 1537 1770 oculos
1565 1722 1721 1785 tuos,
1753 1712 1980 1768 Domine
2006 1754 2020 1778 ,
2048 1715 2160 1770 cul-

2230 584 2231 587 η
2272 535 2337 589 de
2373 544 2556 590 nostra
2580 535 2793 606 justitia
2841 535 3093 592 fiduciam
3135 552 3243 593 non
3288 538 3509 617 habere.
3538 538 3701 609 Erige
3726 553 3861 601 nos.

2271 623 2497 680 Domine
2526 624 2667 680 Deus
2695 634 2910 691 noster,
2939 634 2995 681 et
3016 625 3186 681 alleva
3238 625 3292 680 in
3327 624 3705 681 misericordia
3736 632 3862 691 tua,

2269 720 2329 768 ut
2377 714 2757 770 communione
2786 713 2976 771 salutis
3021 723 3077 770 et
3121 714 3321 787 gaudio
3368 714 3701 787 charitatis,‘
3730 716 3862 789 dum

2268 802 2368 873 ipsi
2392 803 2590 861 salvari
2620 818 2686 860 ex
2730 819 2956 861 munere
2986 804 3237 874 cupimus
3261 845 3275 870 ,
3310 804 3473 861 etiam
3506 804 3612 862 [ide
3640 815 3700 863 et
3728 820 3866 876 pace

2269 902 2583 950 cunctarum
2607 893 2846 964 gentium
2875 893 3229 965 gaudeamus.
3258 944 3263 945 ,

2844 979 3101 1038 ORATIO
3126 980 3271 1053 vm.

2924 1090 2989 1128 AD
3027 1090 3195 1131 DEUI.

2338 1164 2480 1221 Deus
2508 1165 2904 1222 intestimahilis
2946 1166 3365 1239 misericordize,
3399 1156 3540 1225 Deus
3577 1165 3863 1235 immensa:

2264 1256 2504 1326 pietatis,
2531 1256 2670 1313 Deus
2694 1256 2943 1312 conditor
2972 1266 3025 1312 et
3052 1266 3334 1324 reparator
3366 1255 3589 1313 humani
3614 1259 3860 1326 generis,

2266 1346 2357 1417 qui
2382 1344 2755 1402 confitentium
2805 1346 2899 1401 tibi
2947 1346 3110 1406 corda
3156 1332 3397 1420 purgas,
3438 1357 3496 1403 et
3536 1358 3864 1417 accusantes

2266 1445 2395 1490 ante
2423 1444 2771 1515 conspectum
2802 1433 2997 1515 divinae
3021 1434 3324 1492 clementiae
3352 1430 3456 1492 tuae
3487 1430 3557 1501 ab
3584 1438 3865 1515 omni‘ini-

2266 1523 2489 1596 quitatis
2519 1512 2732 1580 vinculo
2759 1514 3024 1593 absdlvis,
3052 1526 3307 1581 virtutem
3354 1535 3498 1591 tuam
3530 1527 3663 1597 totis
3691 1512 3864 1603 exoro

2264 1616 2574 1689 gemitibus,
2601 1627 2660 1672 ut
2686 1618 2981 1674 secundum
3012 1618 3411 1697 multitudinem
3442 1620 3860 1700 miserationum

2268 1716 2481 1765 tuarum
2506 1708 2573 1766 de
2597 1698 3250 1780 omnibusiuiquitatibus
3274 1698 3429 1783 meis,
3455 1698 3522 1777 de
3544 1700 3751 1783 quibus
3775 1727 3862 1768 me

540 1786 545 1793 ’
579 1818 676 1874 pas
697 1818 831 1874 quas
857 1804 1082 1860 fecimus
1106 1813 1163 1859 et
1201 1786 1386 1876 plagas
1412 1821 1547 1875 quas
1586 1800 2162 1876 excipimus‘eonfera-
2195 1787 2237 1847 Β
2266 1788 2492 1853 accusat
2522 1797 2855 1883 οοιιεοὶθηιῖει
2878 1813 3020 1881 mea:
3048 1800 3239 1881 Ριιῐῖθῐῖι
3264 1790 3393 1855 mihi
3417 1814 3605 1856 00mm
3643 1808 3699 1883 ιβ
3722 1815 3861 1857 σου·

579 1908 722 1959 mus,
745 1893 922 1949 minus
942 1902 1025 1949 est
1052 1896 1192 1965 quod
1223 1896 1477 1966 patimur,
1503 1896 1677 1967 majus
1699 1904 1782 1953 est
1812 1897 1954 1965 quod
1981 1912 2157 1959 mere-

579 1999 718 2037 mur.
752 1982 965 2039 Peccati
996 1996 1212 2053 poenam
1244 1983 1542 2048 sentimus,
1583 1992 1640 2040 et
1670 1986 1878 2055 peccati
1923 1987 2161 2057 pertina-

580 2073 791 2127 naciam
814 2086 919 2126 non
946 2072 1198 2129 vitamus.
1227 2073 1283 2129 In
1308 2073 1532 2146 ﬂagellis
1551 2075 1655 2129 tuis
1680 2062 1943 2147 fragilitas
1972 2086 2159 2147 nostra

579 2162 864 2234 frangitur,
879 2171 933 2217 et
955 2161 1211 2241 iniquitas
1233 2172 1416 2220 nostra
1435 2179 1540 2219 non
1569 2173 1828 2220 mutatur.
1855 2165 2002 2222 Mens
2017 2183 2158 2238 aegra

540 2308 546 2314 ,
580 2261 863 2324 torquetur
889 2292 905 2319 ,
949 2254 1130 2310 cervix
1171 2256 1300 2311 dura
1335 2271 1439 2311 non
1462 2254 1724 2323 ﬂectitur,
1757 2258 1862 2312 vita
1889 2258 1943 2313 in
1972 2258 2158 2315 dolore

535 2344 846 2421 ‘snspirat,
878 2352 935 2399 et
983 2343 1037 2400 in
1067 2360 1231 2416 opere
1273 2361 1379 2402 non
1418 2347 1689 2402 emendat.
1742 2348 1797 2403 Si
1842 2359 2154 2420 exspectas,

577 2447 685 2487 non
721 2433 1074 2506 corrigimur;
1105 2434 1149 2490 si
1180 2435 1423 2491 vindicas
1445 2476 1461 2500 ,
1490 2452 1596 2492 non
1622 2438 1898 2496 duramus.
1922 2439 2160 2497 Conﬁte-

576 2542 699 2581 mur
733 2528 787 2581 in
837 2520 1175 2598 correptione
1207 2529 1353 2599 quod
1383 2527 1614 2585 fecimus
1636 2570 1653 2596 ,
1699 2531 2071 2588 obliviscimur
2102 2534 2155 2589 in

573 2617 884 2674 visitatione
912 2618 1053 2688 quod
1085 2618 1353 2676 llevlmus.
1406 2618 1464 2675 Si
1513 2620 1854 2691 impresseris
1897 2626 2152 2696 manumj,

572 2706 821 2766 facienla
846 2709 1249 2779 promittimus;
1279 2711 1326 2767 si
1364 2712 1715 2783 suspenderis
1733 2712 2000 2784 gladium,
2031 2729 2156 2786 pro—

576 2801 741 2855 missa
774 2815 878 2854 non
922 2800 1172 2857 facimus.
1200 2801 1266 2857 Si.
1286 2800 1481 2871 ferias,
1507 2803 1810 2860 clamamus
1837 2814 1895 2879 ut
1920 2819 2151 2875 parcas;

534 2964 541 2970 _
576 2884 621 2947 si
645 2893 823 2965 parcis
847 2933 863 2957 ,
893 2896 1087 2951 iterum
1129 2909 1489 2964 provocamus
1528 2908 1587 2950 ut
1614 2895 1799 2953 ferias.
1824 2896 1881 2952 Si
1905 2898 2152 2969 angustia

574 2981 785 3045 veniat,
816 2992 1026 3055 tempus
1071 2983 1303 3053 petimus
1330 2984 1656 3058 paenitendi;
1696 2986 1743 3041 si
1783 2987 2151 3045 misericordia

535 3136 541 3150 ,η
576 3085 675 3125 nos
699 3073 932 3142 respexit
954 3113 969 3137 ,
1003 3072 1279 3139 abutimur
1306 3073 1567 3143 patientia
1599 3090 1717 3146 qua:
1758 3079 2016 3147 pepercit,
2043 3079 2152 3141 Ad-
2202 3132 2231 3154 ν
2263 3072 2406 3118 enim
2439 3072 2552 3117 tunc
2580 3077 2809 3117 narrans
2837 3072 3013 3128 tuam,
3044 3072 3288 3128 Domine,
3329 3072 3380 3118 in
3412 3078 3497 3118 me
3531 3072 3852 3135 blaspheme

573 3160 680 3215 huc
715 3160 862 3217 illata
914 3162 1069 3224 plaga
1124 3163 1211 3218 vix
1248 3164 1489 3224 prmterit
1511 3204 1529 3224 .
1565 3174 1620 3219 et
1660 3163 1777 3224 iam
1826 3181 1934 3222 non
1965 3168 2154 3224 recolit
2182 3136 2224 3193 (⁸
2256 3161 2562 3208 οτθῖιίυτθηι
2588 3194 2603 3220 ν
2632 3151 2726 3208 8θά
2764 3167 2938 3207 meam
2964 3167 2993 3206 ³
3026 3161 3108 3218 le:
3139 3152 3382 3223 Ρῖῖεεῖῐηθ
3413 3153 3577 3218 θθυει
3608 3170 3852 3224 exposco

2588 3194 2603 3220 ,
2632 3192 2726 3208 συν
2765 3192 2938 3207 ιιινιιιιι
2964 3192 2993 3206 ιι
3027 3192 3108 3218 ,ν’
3140 3192 3382 3220 γιιοσιιιιν
3413 3192 3577 3218 υννιισ.
3608 3192 3658 3207 κ-

573 3160 680 3215 buc
715 3160 862 3217 illata
913 3162 1069 3234 plaga
1124 3163 1211 3218 vix
1246 3164 1529 3234 prmterit,
1565 3174 1620 3219 et
1659 3163 1777 3234 jam
1826 3181 1934 3222 non
1965 3168 2154 3225 recolit

532 3308 541 3317 ,
570 3264 727 3307 mens
754 3252 966 3324 ingrata
993 3256 1138 3326 quod
1173 3254 1416 3326 pertulit.
1453 3256 1510 3310 Si
1539 3255 1699 3311 citius
1733 3271 1839 3313 nos
1856 3259 2111 3316 exaudias
2136 3299 2150 3323 ,

536 3414 543 3423 ι
573 3355 641 3396 ex
683 3342 1059 3400 misericordia
1088 3343 1493 3413 insolescimus;
1532 3346 1576 3402 si
1613 3347 1846 3415 tardius,
1882 3363 1949 3404 ex
1978 3348 2149 3420 impa-

534 3508 539 3513 δ
570 3434 759 3489 tientia
784 3451 1203 3491 murmuramns.
1231 3435 1308 3493 Te
1334 3437 1581 3492 volumus
1603 3452 1825 3493 servare
1858 3439 2001 3508 quod
2025 3454 2152 3510 pro-

568 3523 788 3580 miseris
813 3565 828 3590 ,
861 3534 916 3581 et
956 3541 1056 3581 nos
1084 3542 1187 3581 nou
1225 3527 1480 3584 timemus
1515 3542 1622 3583 non
1662 3527 1955 3585 observare
2004 3530 2149 3601 quod

563 3611 812 3682 jusseris.
859 3615 1037 3673 Habes
1075 3632 1245 3687 ergo,
1296 3619 1562 3684 Domine,
1624 3619 1943 3675 conﬁtentes
1997 3637 2145 3688 reos;

570 3719 733 3773 parce
774 3705 899 3777 quia
944 3706 1067 3775 pius
1092 3722 1170 3762 es.
1218 3707 1475 3763 Novimus
1500 3710 1675 3778 quia,
1725 3710 1826 3764 nisi
1861 3712 2106 3768 remittas
2131 3755 2144 3777 ,

536 3868 542 3877 ἡ
570 3804 720 3877 recte
746 3811 844 3852 nos
873 3798 1064 3867 punias
1091 3840 1104 3861 .
1133 3786 1227 3855 sed
1259 3800 1400 3870 apud
1426 3810 1476 3853 te
1501 3808 1584 3854 est
1607 3800 1770 3854 multa
1800 3800 2077 3857 miseratio
2094 3811 2149 3861 et

568 3886 880 3955 propitiatio
927 3888 1330 3958 pcrabundans.
1377 3888 1580 3944 Praesta
1621 3905 1750 3961 ergo
1794 3890 1911 3947 sine
1952 3892 2148 3948 merito
2224 3952 2231 3957 ,

567 3976 709 4047 quod
740 3992 1014 4048 rogamus,
1036 3980 1127 4049 qui
1158 3978 1331 4035 fecisti
1358 3994 1424 4034 ex
1457 3979 1625 4035 nihilo
1652 3982 1741 4051 qui
1766 3990 2037 4051 rogarent.

635 4056 995 4123 Clamautium
1021 4069 1088 4123 ad
1115 4077 1187 4134 te,
1217 4068 1467 4131 Domine,
1508 4072 1674 4123 nostri
1701 4071 1993 4136 miserere,
2028 4085 2145 4125 mo-

565 4166 690 4213 veat
715 4158 967 4228 pietatem
1019 4169 1161 4213 tuam
1205 4174 1304 4214 vox
1356 4158 1529 4214 ﬁdelis
1552 4169 1714 4230 atque
1737 4159 1958 4227 ﬂebilis,
1982 4169 2145 4233 atque

565 4246 654 4301 illa
676 4247 743 4302 de
769 4262 872 4317 qua
902 4257 1070 4303 totum
1101 4264 1383 4319 speramus
1408 4249 1777 4305 misericordia
1806 4266 1910 4306 non
1934 4258 2146 4321 reputet

562 4336 707 4406 quod
729 4336 1084 4405 olfendimus,
1116 4340 1243 4394 dum
1293 4339 1515 4410 respicit
1561 4340 1705 4409 quod
1759 4355 2031 4411 rogamus.
2078 4340 2145 4395 Et

2264 1890 2424 1945 cedas
2454 1904 2613 1961 agere
2636 1878 3061 1971 confessionem,
3089 1878 3471 1969 veramqueex
3495 1891 3583 1971 his
3601 1880 3863 1965 omnibus

2265 1988 2319 2033 et
2346 1979 2666 2052 condignam
2700 1978 2833 2037 mihi
2863 1978 3070 2047 tribuas
3090 1979 3489 2048 ptenitentiam,
3508 1995 3861 2057 quicunque

2264 2069 2479 2139 peccavi
2513 2069 2565 2122 in
2600 2067 3020 2140 cogitationibus
3046 2069 3267 2138 pravis,
3294 2068 3348 2123 in
3377 2056 3857 2145 cons-cnsugmallo,

2264 2151 2321 2243 in.
2344 2148 2570 2239 consilio
2599 2160 2821 2232 iniquo,
2847 2162 2898 2217 in
2928 2159 3366 2243 concupiscentia
3415 2171 3582 2233 atque
3608 2150 3851 2243 delecta-

2263 2238 2409 2333 tione
2438 2238 2731 2321 intmunda,
2761 2253 2813 2313 in
2836 2252 3018 2309 verbis
3045 2238 3258 2318 Otiosis,
3286 2252 3338 2308 in
3365 2252 3522 2308 factis
3544 2238 3858 2333 malitiosis,

2262 2346 2314 2402 in
2345 2326 2493 2409 visu,
2537 2345 2723 2401 auditu
2744 2384 2760 2415 ,
2815 2354 3005 2415 gustu,
3052 2343 3281 2405 odoratu
3310 2353 3362 2398 et
3400 2352 3566 2415 tactu.
3593 2344 3675 2417 Tu
3702 2326 3853 2413 enim

2260 2428 2568 2491 misericors
2595 2434 2661 2489 ad
2688 2436 3015 2505 operandmu
3046 2434 3180 2491 mihi
3212 2422 3407 2511 animae
3451 2449 3585 2489 mea:
3614 2424 3849 2509 salutcln

2261 2514 2497 2578 membra
2520 2522 2728 2594 singula
2749 2524 2998 2577 humanis
3020 2520 3207 2577 usibus
3229 2532 3352 2592 apta
3378 2521 3599 2595 dedisti,
3622 2522 3723 2579 sed
3743 2539 3851 2595 ego

2259 2613 2595 2670 miserrimus
2625 2613 2867 2689 omnium
2919 2622 2973 2667 et
3014 2620 3274 2683 peccator
3313 2622 3364 2668 te
3404 2622 3626 2670 mterna:
3655 2614 3856 2683 salutis

2256 2713 2552 2758 amatorem
2595 2702 2928 2772 contempsi,
2949 2712 3005 2757 et
3049 2694 3252 2758 aeterna
3285 2690 3416 2757 mihi
3458 2698 3718 2758 incendia
3749 2703 3857 2759 ini—

2257 2791 2397 2849 mico
2428 2793 2750 2864 praeparanti
2783 2792 3068 2858 consensi,
3108 2783 3299 2869 lapsus
3330 2784 3450 2849 sum
3482 2794 3537 2853 in
3566 2795 3815 2865 peccatis
3836 2835 3854 2858 .

2255 2882 2433 2936 corrui
2467 2882 2519 2935 in
2551 2881 2796 2948 delictis,
2826 2881 2878 2937 in
2912 2871 3170 2939 membris
3199 2874 3425 2955 singulis
3455 2899 3587 2940 vero
3625 2885 3852 2957 modum

2256 2975 2487 3039 excessi,
2517 2984 2572 3030 et
2602 2974 2780 3044 impiis
2812 2961 2897 3030 me
2933 2973 3209 3030 laboribus
3249 2975 3542 3031 obnoxium
3575 2976 3716 3045 feci;
3744 2990 3851 3037 non

2263 3064 2406 3118 enim
2438 3063 2552 3117 haec
2580 3077 2809 3117 narrans
2837 3070 3013 3128 tuam,
3044 3061 3288 3128 Domine,
3329 3064 3380 3118 in
3412 3078 3497 3118 me
3529 3062 3855 3135 blaspheme

2256 3245 2609 3309 medicinam,
2658 3245 2781 3316 quia
2827 3259 2913 3299 me
2968 3260 3120 3300 reum
3148 3245 3388 3320 intelligo
3421 3246 3585 3315 Supra
3623 3262 3847 3302 mensu-

2254 3350 2392 3402 ram,
2417 3335 2543 3406 quia
2569 3344 2628 3391 ut
2648 3345 2797 3391 astra
2816 3335 2937 3392 οωιὶ
2960 3347 3124 3406 atque
3149 3353 3370 3393 arenam
3394 3337 3587 3403 maris,
3614 3338 3690 3392 ita
3722 3353 3835 3392 mea

2254 3426 2670 3481 innumerabilia
2697 3441 2971 3498 cognosco
3011 3442 3133 3483 esse
3161 3427 3379 3483 delicta.
3411 3418 3642 3498 Insuper
3675 3414 3838 3484 etiam

2255 3517 2367 3583 ira,
2400 3517 2621 3573 tristitia
2651 3558 2667 3585 ,
2694 3518 2878 3573 acedia
2898 3558 2915 3584 ,
2939 3518 3203 3588 iactantia
3235 3526 3400 3588 atque
3428 3517 3663 3575 desidia.
3695 3516 3841 3585 Unde

2251 3609 2641 3681 principalibus
2693 3609 2840 3663 vitiis
2885 3604 3184 3664 obnoxium
3236 3624 3324 3665 me
3363 3623 3484 3664 esse
3547 3609 3835 3679 proﬁteor;

2251 3701 2343 3756 sed
2374 3709 2458 3766 tu,
2487 3700 2578 3770 qui
2608 3715 2714 3756 nou
2767 3700 2848 3755 vis
2896 3710 3127 3756 mortem
3170 3699 3519 3773 peccatoris,
3549 3701 3758 3775 respice
3784 3698 3836 3752 in

2250 3803 2336 3844 me
2359 3795 2414 3843 et
2448 3789 2709 3844 miserere
2733 3789 2918 3845 miseri
2954 3786 3135 3859 hujus.

2780 3898 3037 3957 ORATIO
3071 3898 3142 3954 IX
3184 3899 3296 3953 “’3’.

2908 4006 2976 4047 AD
3009 4006 3175 4046 υευω.

2318 4081 2674 4151 Omnipotens
2715 4081 2887 4149 Deus,
2934 4091 2990 4137 et
3035 4082 3345 4139 misericors
3389 4079 3587 4148 Pater,
3616 4091 3675 4138 et
3700 4083 3839 4163 bene

2245 4172 2508 4240 Domine,
2539 4173 2797 4229 miserere
2848 4174 2975 4229 mihi
3010 4174 3303 4243 peccaturi.
3332 4174 3403 4228 Da
3441 4176 3572 4230 mibi
3620 4177 3825 4233 veniam

2244 4274 2587 4337 peccatorum
2621 4280 2861 4321 meorum
2885 4305 2898 4329 ,
2927 4279 3120 4331 cavere
3146 4274 3201 4320 et
3241 4265 3458 4341 vincere
3493 4281 3687 4321 omnes
3706 4265 3831 4321 insi»

2247 4354 2393 4419 dias,
2431 4366 2488 4409 et
2532 4355 2857 4412 teutationes
2908 4364 2964 4410 ct
3008 4348 3397 4410 delectaIiOues
3430 4354 3668 4423 noxias,
3714 4370 3828 4429 per-

563 4443 688 4481 eum
713 4428 936 4500 grandis
963 4428 1034 4485 sit
1059 4430 1275 4485 miseria
1299 4444 1419 4487 esse
1451 4446 1551 4485 nos
1580 4447 1724 4498 reos,
1752 4430 1927 4502 major
1954 4433 2023 4488 sit
2048 4431 2140 4489 tibi
2174 4474 2222 4534 υ
2248 4441 2386 4498 recte
2416 4442 2507 4474 ιοθο
2562 4450 2740 4498 meme
2778 4451 2835 4499 et
2887 4452 3009 4499 actu
3047 4445 3222 4499 vitare
3248 4442 3339 4477 ιοοι
3367 4458 3491 4515 qua;
3540 4428 3823 4516 prohibes,

563 4518 851 4575 clementia
896 4535 1019 4576 esse
1066 4536 1163 4577 nos
1208 4522 1460 4579 miseros.
1490 4522 1604 4578 Tuo
1644 4523 1912 4595 supplices
1939 4523 2142 4578 auxilio

562 4621 686 4667 ante
717 4622 769 4668 te
808 4613 1133 4669 et'crintiuis
1163 4616 1333 4670 nostri
1364 4614 1500 4670 mala
1530 4610 1780 4686 ponimus
1806 4622 1861 4671 et
1886 4614 2131 4683 dolores,

560 4711 615 4756 et
645 4718 674 4756 a
707 4712 759 4760 te
788 4704 1061 4781 precando
1092 4706 1516 4762 miscricordiam
1543 4722 1704 4777 quam
1736 4708 2011 4777 peccando
2052 4722 2141 4765 re—

558 4799 794 4871 pulimus
822 4808 1217 4873 exspectamus.
1262 4803 1336 4856 Da
1362 4802 1557 4873 igitur,
1586 4801 1751 4857 Pater
1778 4800 2050 4873 piissime,
2074 4790 2141 4854 ἰιι

556 4904 619 4945 ea
643 4906 764 4961 quae
789 4891 1159 4948 commisimus
1179 4890 1495 4954 deﬂeamus,
1519 4906 1583 4945 ac
1607 4906 1703 4961 per
1732 4889 1898 4946 totius
1926 4889 2033 4946 diei
2057 4876 2140 4944 vel

535 4972 732 5047 noctis
759 4983 933 5054 spatia
963 4983 1033 5039 ab
1057 4964 1315 5040 omnibus
1342 4970 1609 5039 malorum
1654 4983 1960 5046 incursibus
2004 4981 2140 5037 lihe-

556 5086 648 5127 ros
675 5082 779 5127 tua:
808 5072 998 5144 pietati
1028 5073 1236 5130 servire
1257 5075 1540 5130 concedas.
1568 5058 1864 5128 Praestatur
1896 5072 2050 5127 nobis
2073 5070 2139 5126 de

2248 4531 2428 4590 facere
2452 4542 2508 4589 et
2526 4549 2746 4590 servare
2764 4534 3066 4605 quzejuhes,
3090 4534 3336 4600 credere,
3352 4550 3601 4608 sperare,
3625 4552 3820 4597 amare.

2245 4620 2379 4677 velle
2410 4618 2553 4692 quoa
2604 4620 2697 4653 ¹⁰⁹¹
2740 4632 2796 4678 et
2831 4632 3091 4693 quantum
3118 4634 3172 4678 et
3204 4634 3256 4680 tu
3290 4627 3398 4680 scis
3441 4637 3499 4681 et
3538 4627 3653 4694 vis,
3689 4641 3824 4681 com—

2242 4711 2588 4782 punctionem
2620 4710 2946 4768 humilitatis
2972 4723 3027 4768 et
3060 4713 3309 4783 pietatis,
3351 4714 3650 4769 discretam
3672 4712 3822 4770 absti-

2244 4800 2482 4854 nentiam
2508 4810 2562 4855 et
2588 4800 2769 4855 carnis
2791 4794 3299 4868 murtilicationem,
3331 4803 3397 4857 ad
3432 4813 3483 4881 te
3511 4804 3815 4877 amandum,

2243 4890 2504 4944 orandum
2530 4931 2545 4956 ,
2576 4891 2899 4947 laudandum
2918 4933 2933 4959 ,
2965 4893 3332 4950 meditandum
3358 4934 3373 4959 ,
3405 4896 3473 4948 ad
3503 4911 3721 4952 omnem
3748 4908 3820 4950 se-

2243 4980 2480 5036 cundum
2534 4993 2584 5037 te
2627 4994 2805 5039 actum
2856 4996 2912 5040 et
2952 4985 3286 5057 cogitatum,
3312 5003 3541 5057 puram,
3568 4988 3813 5049 sobriam,

2244 5072 2491 5125 devotam
2543 5081 2775 5127 mentem
2797 5114 2813 5138 ,
2845 5064 3096 5129 veraccm
3126 5084 3179 5129 et
3223 5074 3501 5133 enicat-em
3549 5076 3817 5133 mandato-

1846 5220 2080 5277 vamm
2136 5176 2546 5279 LECTIONES.

626 5364 719 5397 ¹⁰⁸⁸
738 5363 824 5433 γΑά
856 5365 1021 5418 vitam
1068 5380 1170 5418 nu.
1192 5360 1337 5433 fiet.
1361 5360 1415 5415 in
1460 5360 1626 5433 vitam
1677 5360 1793 5433 “m
1818 5359 2025 5433 Collata
2050 5373 2125 5418 est
2152 5380 2268 5433 cum
2298 5380 2423 5418 mss.
2467 5359 2993 5433 duobusjfictorinig
3022 5377 3182 5433 supra
3209 5365 3424 5419 notatis.
3450 5363 3674 5433 Thurino
3699 5360 3809 5420 267.

550 5432 675 5489 Bec.
719 5432 787 5490 0.
808 5504 811 5505 ν
835 5443 884 5486 et
936 5433 1094 5505 Gorb.
1137 5430 1267 5505 Δ160.
1318 5448 1420 5505 uno
1478 5428 1994 5505 Vg!!is-lucgptis,_et_
2030 5449 2134 5505 uno
2176 5431 2410 5505 It'loriac:
2445 5445 2493 5487 et
2523 5447 2641 5505 cunt
2673 5430 2918 5487 Editione
2952 5428 3251 5505 squmae
3283 5434 3382 5505 Ad_
3414 5435 3586 5505 Deum
3615 5432 3810 5505 Patren!

595 5519 655 5557 ro
700 5504 853 5558 venia
887 5511 939 5558 et
966 5502 1256 5559 virtutibus
1281 5499 1593 5557 obtinendis
1626 5516 1728 5555 ms.
1752 5499 1889 5556 Vict.
1916 5500 2003 5557 16.
2036 5502 2225 5559 Oratio
2271 5504 2336 5557 ad
2380 5501 2798 5558 Deum‘Patrem
2839 5517 2968 5556 mss.
3006 5500 3210 5558 Tlman.
3250 5512 3298 5558 et
3342 5501 3500 5559 Bero.
3542 5500 3721 5560 Oratio
3748 5501 3809 5557 ad

538 5566 878 5647 .Deunt:_in§_.
924 5569 1140 5647 lfict._‘5.
1166 5587 1263 5641 pro
1293 5571 1587 5647 seipsom.
1621 5570 1775 5647 Co_rb_.
1818 5570 2004 5647 Oratio
2040 5573 2249 5647 Domini
2278 5572 2517 5647 Anselmi
2559 5571 2851 5647 adpgnm.
2894 5587 2996 5647 ius.
3041 5566 3279 5626 Val-lue.
3318 5570 3807 5647 Qratio_bona._m.

537 5638 708 5702 Flor.
733 5640 1003 5696 Meditatio
1043 5638 1389 5713 deprecativa
1415 5641 1878 5713 ex_recortlattiotie
1913 5643 2204 5713 Dominica:
2246 5642 2514 5713 passionis
2582 5640 2673 5676 “’°
2701 5640 2765 5695 Et
2800 5640 3039 5710 perfecte
3074 5659 3198 5698 mss.
3241 5643 3484 5711 perfecte
3516 5642 3521 5647 ’
3560 5643 3648 5674 ""
3684 5644 3808 5697 Actu

556 5713 729 5764 vitare
759 5720 880 5763 mss.
924 5720 975 5764 et
1000 5720 1118 5765 actu
1167 5712 1335 5765 vitare
1413 5709 1501 5740 ¹σ⁹¹
1541 5709 1687 5765 Velle
1713 5711 1990 5781 quid'mss.
2036 5712 2215 5767 vivere
2243 5709 2387 5781 quod
2444 5731 2455 5740 ο
