4048 6288
323 331 424 387 885

1683 284 1686 286 ’
1746 290 2155 385 cunmm.

3483 325 3592 385 sse
3674 311 3677 314 ’

323 460 528 508 meum,
558 449 839 513 susceptor
868 457 1024 505 meus
1060 450 1114 497 et
1152 441 1411 497 liberator
1440 455 1611 509 meus,
1642 442 1718 498 sic
1749 444 1903 497 timo-
1935 451 2272 519 A‘ereaturm
2303 447 2425 504 tuae,
2463 439 2784 495 benedicant
2826 448 2877 495 te
2904 455 3091 496 omnes
3122 439 3298 511 angeli
3338 447 3393 493 et
3414 440 3592 497 sancti

325 547 438 590 rem
480 532 681 608 adhibe
720 532 851 596 mihi
882 534 1147 600 quatenus
1178 546 1417 588 amorem
1443 533 1536 565 ²¹²⁸
1566 533 1904 610 subinferas:

322 621 399 698 sic
438 621 618 696 irrega
648 606 854 675 metum
892 631 950 674 ut
986 623 1059 675 lui
1093 638 1293 694 augeas
1331 622 1688 690 desiderium;
1721 606 1906 694 sicque

322 727 408 766 me
436 713 519 767 fac
549 711 867 782 participem
906 713 1197 790 timentium
1232 725 1300 780 te,
1334 723 1392 770 ut
1424 712 1473 769 et
1502 716 1902 770 custodientium

319 805 571 872 mandata
606 815 697 859 tua
732 805 909 864 facias,
938 805 1110 877 (Psal.
1145 813 1331 871 cxvt’u,
1363 808 1478 879 63),
1511 818 1572 864 ut
1597 805 1710 878 per
1749 810 1907 865 timo-

319 896 395 972 ris
433 897 749 960 sen'itutem
789 899 854 954 ad
898 898 1101 953 amoris
1145 900 1456 971 pertingere
1521 915 1734 956 merear
1776 916 1904 971 gra-

319 987 474 1068 tiam,
497 1004 593 1058 per
617 993 779 1059 quam
808 992 1022 1048 tandem
1050 992 1361 1068 perveniam
1391 993 1457 1048 ad
1489 1000 1632 1048 tuam
1655 992 1900 1064 gloriam.

313 1063 629 1155 Antistia”.
722 1149 724 1152 ν
970 1152 972 1154 ν
1054 1065 1084 1084 ”
1664 1063 1677 1064 7
1762 1071 1766 1074 i

816 1175 992 1249 254'
1018 1167 1273 1234 ORATIO
1312 1175 1400 1233 x1.

441 1306 474 1337 λη
589 1331 594 1338 ,
674 1323 679 1330 ,
976 1284 1043 1322 AD
1081 1253 1248 1323 ocnu.

386 1353 613 1412 Domine
663 1356 824 1424 Dens,
874 1357 1220 1429 omnipotens
1251 1354 1431 1428 Pater,
1482 1372 1537 1418 et
1581 1351 1721 1421 bone
1761 1364 1901 1420 Deus

304 1439 462 1521 Iesu,
512 1447 770 1518 miserere
814 1447 945 1502 mibi
989 1449 1289 1521 peccatori,
1327 1461 1384 1508 et
1423 1453 1489 1508 da
1529 1453 1660 1510 mibi
1687 1456 1898 1511 veniam

309 1540 665 1602 peccatorum
715 1553 980 1600 meorum.
1037 1541 1115 1600 Da
1169 1535 1300 1597 milii
1343 1559 1540 1600 cavere
1587 1554 1642 1601 et
1681 1546 1901 1602 vincere

307 1641 504 1706 omnes
541 1627 764 1700 insidias
806 1630 1148 1686 inimicorum
1190 1649 1456 1702 meorum,
1491 1645 1545 1691 et
1577 1638 1898 1693 tentationes

306 1725 370 1796 et
399 1717 787 1786 delectationes
826 1723 1049 1790 noxias,
1080 1710 1319 1795 perfecte
1354 1737 1535 1784 mente
1575 1739 1628 1785 et
1660 1741 1782 1788 actu
1819 1732 1898 1786 vi-

2011 533 2106 587 tui.
2140 531 2230 586 Sic
2267 531 2654 588 benedieamus
2697 541 2749 588 te
2786 533 2838 587 in
2868 534 2978 588 vita
3017 549 3156 590 mea.
3206 533 3408 587 Adoret
3450 542 3502 586 te
3535 541 3593 588 et

2008 622 2270 694 gloritlcet
2315 630 2372 677 et
2415 623 2703 678 benedicat
2769 623 2946 676 omnis
2997 623 3220 679 interior
3256 631 3312 678 et
3353 623 3594 679 exterior

2007 729 2267 785 compago
2291 728 2431 770 mea.
2461 713 2620 770 Salus
2641 729 2785 781 mea,
2814 714 2901 767 lux
2928 729 3067 779 mea,
3101 715 3422 769 illmninatio
3447 730 3588 781 mea,

2006 803 2333 862 bencdieant
2367 816 2418 861 te
2443 805 2584 861 oculi
2625 806 2753 874 mei,
2794 821 2932 875 quos
2972 804 3143 861 fecisti
3179 814 3237 860 et
3273 806 3593 878 praeparasti

2005 897 2072 951 ad
2099 896 2566 967 contemplandam
2593 894 2830 965 speciem
2859 895 3169 950 serenitatis
3198 902 3324 950 tuae.
3351 893 3591 950 Dulcedo

2005 1002 2148 1054 mea,
2174 986 2459 1043 delectatio
2485 1001 2624 1053 mea,
2655 986 2978 1041 benedicant
3007 993 3059 1040 te
3084 1000 3244 1041 aures
3269 999 3425 1052 mete,
3455 999 3594 1055 quas

2007 1077 2177 1133 fecisti
2207 1086 2263 1132 et
2284 1077 2600 1148 prmparasti
2624 1078 2690 1131 ad
2717 1075 3041 1130 audiendam
3066 1091 3249 1131 vocem
3273 1075 3593 1147 iucundita-

2008 1169 2078 1223 ris
2103 1176 2228 1223 true.
2266 1166 2522 1229 Suavitas
2551 1181 2691 1233 mea,
2722 1166 2991 1223 recreatio
3020 1181 3160 1232 mea,
3190 1166 3514 1222 benedicant
3540 1176 3593 1221 te

2005 1273 2163 1314 nares
2195 1273 2352 1325 meae,
2384 1273 2522 1329 quas
2557 1258 2731 1315 fecisti
2774 1266 2833 1313 ut
2857 1258 3043 1314 vivant
3079 1267 3134 1312 et
3164 1257 3499 1313 delectentur
3533 1258 3590 1313 in

2003 1350 2167 1404 odore
2215 1360 2609 1420 unguentorum
2659 1361 2898 1404 tuorum.
2951 1349 3095 1403 Laus
3137 1363 3276 1412 mea,
3314 1351 3591 1403 canticum

2003 1455 2181 1496 meum
2221 1455 2442 1505 novum,
2481 1440 2770 1497 exsultatio
2809 1457 2952 1508 mea,
2982 1441 3269 1496 benedicat
3305 1449 3358 1494 te
3391 1448 3446 1495 et
3477 1454 3592 1494 ma-

2001 1536 2218 1607 gnifleet
2259 1536 2435 1608 lingua
2480 1549 2618 1601 mea,
2662 1549 2824 1606 quam
2871 1535 3046 1592 fecisti
3083 1545 3144 1599 et
3179 1535 3492 1606 praeparasti
3529 1545 3572 1591 tr

2001 1643 2250 1685 enarrem
2295 1627 2562 1685 mirabilia
2609 1640 2722 1683 tua.
2779 1628 3055 1698 Sapientia
3109 1643 3258 1689 mea,
3309 1625 3601 1688 meditatis.

2001 1734 2144 1786 mea,
2177 1717 2464 1774 consilium
2512 1733 2710 1784 meum,
2746 1718 2938 1774 adoret
2980 1731 3195 1786 semper
3222 1725 3278 1771 et
3307 1715 3592 1771 benedicat

309 1817 434 1877 tare
470 1824 591 1878 quae
626 1811 882 1883 prohibes
923 1811 1124 1880 facere,
1169 1818 1377 1873 servire
1410 1819 1503 1873 [ibi
1540 1827 1597 1876 ei
1633 1835 1816 1876 amare
1847 1831 1900 1877 re
1931 1808 1974 1867 Β
2001 1822 2098 1863 cor
2127 1822 2329 1874 meum,
2360 1808 2504 1878 quod
2544 1807 2862 1878 prmparasti
2902 1817 2958 1861 et
2989 1806 3185 1861 dedisti
3229 1805 3359 1859 mihi
3404 1804 3474 1859 ad
3505 1803 3591 1858 di-

306 1910 576 1970 quantum
617 1903 726 1958 scis
767 1912 820 1958 et
856 1905 957 1970 vis,
988 1913 1042 1959 et
1075 1906 1251 1963 vivere
1289 1910 1584 1964 secundum
1627 1920 1770 1964 tuam
1809 1927 1902 1966 vo-

305 1985 596 2066 luntatem.
630 1991 703 2044 Da
738 1993 889 2059 mibi,
926 1993 1171 2062 Domine,
1202 1997 1670 2067 compunctionem
1699 2002 1896 2067 cordis,

304 2081 630 2137 exercitium
671 2086 905 2153 pietatis,
941 2087 1195 2144 virtutem
1236 2088 1575 2156 humilitatis,
1607 2091 1896 2147 discretam

301 2166 692 2247 abstinentiam
711 2163 958 2237 ,‘carnis
1004 2176 1514 2247 mortificationem,
1565 2191 1768 2238 rectum
1817 2185 1901 2238 in-

303 2262 534 2319 troitum
572 2266 638 2321 ad
680 2275 730 2322 le
773 2269 1035 2324 orandum
1078 2280 1134 2324 et
1171 2271 1484 2338 amandum,
1531 2253 1897 2332 meditandum

301 2361 367 2428 et
397 2354 716 2412 laudandum
763 2356 828 2414 ad
871 2373 1087 2415 omnem
1133 2364 1430 2419 secundum
1484 2372 1535 2419 te
1566 2372 1766 2432 actum,
1801 2382 1894 2423 co-

299 2444 624 2513 gitationem
661 2448 979 2516 perfectam,
1013 2452 1248 2506 sobriam
1285 2464 1338 2507 et
1366 2469 1637 2521 veracem,
1661 2466 1718 2510 et
1748 2473 1898 2511 men-

293 2543 420 2599 tem
448 2544 724 2593 strenuam
755 2548 808 2594 et
837 2540 1129 2598 eliieacem.
1170 2545 1242 2598 Da
1274 2546 1426 2611 mihi,
1461 2546 1706 2614 Domine,
1738 2564 1893 2603 man-

297 2626 556 2682 datorum
590 2637 802 2684 tuorum
841 2632 1085 2686 notitiam
1117 2641 1172 2688 et
1200 2634 1541 2691 dilectionem
1572 2647 1632 2692 et
1661 2638 1897 2694 delecta-

300 2717 555 2785 tionem,
577 2719 887 2778 facilitatem
920 2732 974 2778 et
999 2723 1248 2780 ell'ectum
1285 2727 1337 2781 in
1369 2729 1739 2791 custodiendis
1767 2731 1891 2800 illis,

292 2819 362 2890 ct
380 2809 561 2881 jugem
587 2816 1042 2881 perseverantiam
1069 2818 1138 2874 ad
1165 2819 1410 2885 meliora,
1441 2836 1563 2876 cum
1588 2821 1893 2879 humilitate

286 2901 570 2973 proficere
601 2914 657 2959 et
684 2920 958 2976 nunquam
1001 2905 1256 2963 deficere.
1300 2908 1379 2964 Ne
1407 2910 1749 2982 derelinquas
1781 2930 1890 2979 me,

293 2995 546 3058 nomine,
578 3011 677 3050 nec
703 2997 952 3052 humanae
983 2999 1282 3055 infirmitati
1316 3001 1395 3054 vel
1427 3002 1762 3072 ignorantur,
1792 3020 1890 3060 nec

291 3083 513 3139 meritis
538 3086 692 3152 meis,
727 3102 826 3142 nec
864 3087 953 3142 ulli
993 3089 1084 3144 alii
1118 3091 1216 3156 rei,
1251 3089 1353 3146 nisi
1392 3099 1493 3146 tua:
1528 3093 1883 3163 dispositioni.

292 3177 659 3246 Tu,Domine,
689 3179 982 3236 clementer
1005 3183 1230 3252 dispone
1255 3199 1361 3247 me,
1391 3194 1445 3238 et
1471 3191 1664 3240 omnes
1686 3189 1889 3257 cogita-

277 3282 392 3335 Διιιιε
419 3284 473 3327 et
503 3286 656 3332 actus
687 3293 838 3333 meos
867 3278 919 3332 in
952 3278 1292 3348 bencplacito
1335 3287 1449 3343 tuo,
1490 3290 1546 3332 ut
1580 3279 1673 3333 ﬁat
1717 3296 1743 3333 a
1780 3297 1886 3346 me,

281 3374 357 3427 ,οι
396 3366 448 3420 in
491 3383 577 3424 me
619 3377 672 3422 et
711 3370 776 3425 de
813 3387 898 3425 me
927 3381 1014 3425 tua
1046 3371 1217 3425 solum
1260 3385 1474 3440 semper
1499 3371 1768 3428 voluntas.
1801 3374 1890 3429 Li-

283 3460 433 3515 bera
459 3474 572 3526 me,
601 3461 853 3526 Domine,
889 3464 958 3518 ab
987 3465 1134 3518 omni
1176 3464 1339 3535 malo,
1370 3457 1524 3518 ct‘da
1559 3465 1690 3529 mihi
1728 3483 1889 3521 omne

293 3552 523 3615 bonum,
556 3552 606 3606 id
637 3561 719 3608 est
744 3562 794 3608 te
825 3554 1019 3623 ipsum,
1052 3563 1109 3608 ut
1135 3555 1391 3625 gaudium
1421 3569 1596 3610 meum
1627 3555 1696 3612 sit
1727 3557 1780 3611 in
1813 3567 1881 3618 te,

292 3641 393 3711 qui
415 3656 483 3698 .cs
510 3643 622 3698 vita
655 3655 877 3706 (eterna.
913 3647 1106 3699 Amen.

889 3735 1144 3797 ORATlO
1183 3735 1292 3791 ΧΠ.

961 3843 1030 3880 ΑΒ
1069 3843 1232 3889 ῡΕυΜ.

477 3915 616 3982 Laus
642 3916 762 3981 Dei,
794 3933 910 3972 cum
941 3918 1233 3988 gratiarum
1271 3918 1472 3972 ac:ione
1502 3919 1705 3974 devota.

373 4007 492 4061 Tibi
525 4023 628 4079 ago
652 4007 842 4063 laudes
867 4017 922 4064 et
950 4009 1173 4078 gratias,
1204 4009 1342 4063 Deus
1371 4025 1543 4077 mens,
1573 4011 1886 4066 misericor-

293 4098 385 4152 dia
430 4113 568 4164 mea,
599 4100 690 4168 qui
728 4114 816 4154 me
855 4100 923 4154 ad
966 4110 1112 4156 tuam
1160 4101 1542 4171 cogitationem
1589 4105 1886 4174 perducere

292 4199 352 4243 et
381 4205 474 4258 per
499 4190 637 4244 sacri
668 4191 1010 4261 baptismatis
1044 4193 1375 4249 ablutionem
1410 4193 1553 4249 inter
1579 4196 1885 4265 adoptionis

291 4278 440 4334 filios
480 4295 774 4350 aggregare
799 4281 1050 4352 dignatus
1075 4297 1154 4339 es.
1187 4281 1305 4337 Tibi
1335 4299 1434 4353 ago
1470 4283 1655 4341 Iaudes
1683 4297 1731 4341 et
1759 4304 1883 4358 gra-

294 4371 426 4432 tias.
456 4372 545 4440 qui
583 4386 668 4426 me
701 4374 768 4427 ab
796 4373 928 4442 ipsis
967 4374 1289 4429 rudimentis
1324 4375 1566 4433 infantia:
1607 4394 1777 4448 usque
1816 4382 1884 4436 ad
1932 4432 1937 4439 .

291 4465 441 4519 lianc
465 4463 654 4520 horam
678 4480 774 4533 per
795 4465 962 4518 multa
987 4465 1307 4529 defluentem
1334 4479 1578 4537 peccata,
1606 4471 1815 4524 immen-
1836 4487 1882 4525 te

255 4555 559 4611 -lionitatis
592 4565 694 4612 tua:
722 4559 1004 4627 patientia,
1029 4560 1095 4614 ad
1113 4562 1542 4618 emendationem
1577 4571 1879 4632 exspectas.

292 4647 373 4703 Te
399 4649 558 4703 laudo
588 4659 642 4704 et
667 4649 928 4720 glorifico,
959 4652 1048 4720 qui
1082 4668 1167 4707 me
1197 4653 1418 4706 brachio
1447 4653 1658 4708 virtutis;
1688 4663 1790 4708 tua:
1816 4653 1882 4708 de

290 4741 479 4797 multis
503 4742 784 4813 angustiis.
808 4732 1289 4806 calamitatibus'et
1313 4744 1547 4800 miseriis
1572 4745 1880 4814 frequenter

289 4832 561 4897 liberasti,
605 4834 694 4903 qui
739 4849 823 4889 me
860 4836 1121 4890 hactenus
1160 4835 1224 4891 de
1264 4839 1480 4892 aeternis
1517 4839 1792 4907 suppliciis
1827 4850 1879 4894 et

289 4923 361 4977 de
408 4926 651 4992 corporis
696 4925 854 4994 hujus
904 4929 1232 4984 cruciatibus
1276 4929 1485 4984 eruisti.
1533 4929 1607 4984 Te
1636 4929 1795 4984 laudo
1824 4941 1881 4986 et

289 5013 566 5082 glorifico,
600 5017 689 5086 qui
738 5018 865 5071 mihi
913 5018 1228 5088 sospitatem
1277 5020 1672 5083 membrorum,
1722 5031 1873 5076 tran-

277 5105 611 5173 quillitatem
641 5114 965 5177 temporum,
992 5124 1258 5177 amorem,
1290 5107 1536 5164 allectum
1562 5119 1616 5164 et
1642 5111 1876 5166 cliarita-

287 5205 406 5248 tem
450 5210 726 5249 servorum
777 5205 991 5251 tuorum
1039 5199 1090 5253 in
1133 5215 1239 5264 me,
1279 5215 1398 5268 qua:
1437 5211 1564 5254 sunt
1597 5201 1736 5255 dona
1773 5211 1877 5256 tua:

287 5287 534 5356 pietatis.
567 5287 816 5343 conferre
859 5289 1108 5362 dignatus
1153 5307 1229 5346 es.
1285 5291 1482 5346 Sancte
1541 5303 1874 5358 sanctorum,

279 5376 386 5447 qui
435 5379 747 5434 sanctiﬁeas
795 5382 1006 5444 omnia,
1051 5383 1311 5438 benedico
1366 5393 1438 5448 te,
1501 5385 1742 5456 glorifico
1800 5395 1873 5448 te,

291 5470 472 5534 adoro,
499 5479 580 5535 te,
625 5472 829 5541 gratias
881 5474 974 5528 tibi
1032 5489 1150 5544 ago.
1217 5476 1546 5532 Benedicant
1593 5487 1645 5532 te
1687 5493 1874 5531 omnes

2001 1901 2336 1972 gnoscendas
2385 1899 2787 1954 inaestimabiles
2835 1897 3215 1953 miserationes
3265 1906 3404 1951 tuas.
3466 1895 3580 1956 Vitr

2001 2004 2146 2056 mea,
2183 1988 2460 2044 beatitudo
2494 2002 2637 2052 mea,
2681 1988 2966 2042 benedicat
3008 1995 3081 2052 te,
3121 1986 3251 2041 licet
3287 1983 3585 2054 peccatrix,

1999 2083 2177 2137 anima
2208 2098 2348 2148 mea,
2377 2097 2539 2151 quam
2567 2081 2744 2136 fecisti
2778 2090 2833 2138 et
2860 2081 3176 2152 przeparasti
3208 2077 3273 2132 ad
3302 2076 3588 2147 perfruen-

1999 2173 2126 2227 dum
2153 2173 2308 2229 bonis
2337 2174 2462 2229 tuis.

2067 2265 2374 2332 Adorande,
2427 2267 2729 2333 tremende,
2777 2265 3023 2330 colende,
3069 2274 3228 2336 pater
3273 2265 3588 2331 metuende,

1996 2354 2256 2411 benedico
2305 2365 2384 2422 te,
2440 2372 2608 2426 quem
2659 2358 2871 2425 amavi,
2917 2373 3076 2428 quem
3125 2357 3381 2428 quzesivi,
3423 2371 3587 2428 quem

1997 2462 2214 2518 semper
2252 2451 2455 2518 optavi.
2499 2452 2642 2506 Deus
2684 2467 2858 2518 mens,
2907 2460 3118 2507 amator
3152 2467 3326 2517 meus,
3357 2462 3409 2507 te
3437 2451 3585 2516 sitio,

1998 2547 2051 2594 te
2077 2540 2284 2607 esurio,
2328 2548 2380 2595 te
2423 2541 2708 2608 desidero,
2750 2551 2800 2597 te
2842 2541 3115 2612 supplico,
3150 2551 3202 2596 te
3249 2542 3376 2597 totis
3406 2542 3584 2598 visce-

1995 2630 2146 2688 ribus
2175 2634 2408 2704 totisque
2432 2633 2722 2704 gemitibus
2746 2634 3092 2704 concupisco.
3123 2633 3191 2688 Et
3228 2635 3376 2690 sicut
3411 2641 3587 2688 mater

1994 2723 2137 2779 unici
2168 2724 2289 2779 Filii
2336 2727 2417 2781 sui
2471 2727 2661 2782 orbata
2713 2727 3001 2797 prmsentia
3063 2725 3218 2781 sedet
3278 2727 3345 2781 ad
3403 2726 3586 2783 locum

1995 2821 2331 2873 monumenti
2368 2817 2506 2887 ejus,
2549 2818 2769 2888 plorans
2809 2834 3024 2889 semper
3063 2828 3118 2875 et
3155 2819 3388 2890 eiulans,
3422 2821 3502 2876 sic
3527 2828 3586 2877 et

1991 2923 2090 2980 ego
2118 2926 2222 2965 non
2250 2919 2511 2981 quantum
2543 2911 2734 2977 debeo,
2761 2912 2856 2967 sed
2886 2920 3150 2982 quantum
3175 2912 3348 2978 valeo,
3374 2929 3586 2970 memor

1991 3002 2259 3069 passionis
2281 3011 2412 3067 tute,
2438 3016 2648 3057 memor
2671 3002 2970 3073 alaparmn,
3003 3017 3209 3069 memor
3230 3004 3581 3074 ﬂagellorum.

1994 3108 2200 3148 memor
2235 3095 2515 3150 vulnerum
2556 3105 2793 3159 tuorum,
2835 3109 3047 3150 memor
3084 3095 3456 3164 qualiterpro
3497 3110 3584 3150 me

1991 3184 2202 3238 occisus
2237 3198 2314 3250 es,
2345 3185 2582 3255 qualiter
2603 3186 2854 3241 conditus
2887 3199 2966 3251 es,
2999 3185 3231 3255 qualiter
3261 3185 3501 3254 sepultus
3527 3195 3584 3240 et

1992 3279 2271 3343 nbi,sedco
2294 3293 2414 3333 cum
2437 3279 2601 3335 Maria
2625 3280 2842 3350 plorans
2864 3279 2931 3333 ad
2954 3287 3362 3333 monumentum
3383 3278 3582 3334 mentis

1993 3385 2143 3425 mem.
2177 3368 2279 3424 Ubi
2317 3379 2369 3425 te
2398 3370 2530 3425 ﬁdes
2555 3371 2822 3440 sepelivit,
2852 3384 2982 3440 spes
3005 3369 3200 3439 qumrit
3229 3376 3287 3422 ut
3315 3367 3576 3432 inveniat.

1992 3459 2232 3518 cliaritas
2277 3472 2336 3517 ut
2383 3470 2668 3535 perungat.
2733 3462 3150 3532 Benignissime,
3207 3462 3575 3527 serenissima,

1989 3553 2330 3618 suavissime,
2369 3553 2491 3623 quis
2524 3554 2654 3609 mihi
2705 3553 2796 3610 det
2836 3563 2897 3607 ut
2945 3553 3218 3609 inveniam
3268 3562 3319 3610 te
3354 3554 3488 3610 foris
3523 3563 3582 3610 et

1990 3641 2294 3708 deosculer,
2337 3653 2393 3698 et
2434 3658 2750 3715 respergant
2805 3643 3062 3716 laerymis
3105 3643 3223 3699 loca
3269 3643 3575 3710 vulnerum,

1993 3735 2192 3791 {intras
2223 3735 2534 3791 clavorum?
2581 3735 2730 3790 Filia:
2755 3735 3078 3803 Jerusalem,
3109 3736 3354 3791 nuntiate
3377 3736 3574 3792 dilecto

1989 3828 2113 3896 quia
2161 3843 2339 3880 amore
2384 3827 2607 3896 langueo
2659 3827 2835 3895 (Cant.
2868 3843 2919 3892 ν,
2966 3829 3044 3896 8).
3097 3827 3370 3898 Apparet“.
3417 3831 3572 3894 mihi,

1988 3917 2238 3972 ostendat
2266 3931 2323 3971 se
2351 3917 2503 3971 mibi.
2537 3917 2704 3972 Vocet
2735 3931 2820 3971 me
2851 3917 3066 3972 nomine
3095 3933 3234 3984 treo,
3264 3930 3577 3988 compescat

1991 4023 2076 4063 me
2106 4023 2136 4063 a
2163 4007 2348 4063 dolore
2377 4023 2518 4064 meo.

2058 4097 2176 4154 Non
2207 4101 2349 4170 enim
2381 4099 2524 4169 capit
2556 4101 2605 4153 in
2647 4114 2732 4155 me
2761 4098 2918 4156 dolor
2949 4115 3124 4167 meus,
3156 4103 3388 4171 quandiu
3418 4119 3574 4174 pcre-

1987 4190 2173 4261 grinus
2233 4206 2352 4245 sum
2401 4207 2432 4245 a
2481 4201 2553 4254 te,
2585 4191 2728 4247 Deus
2774 4208 2947 4249 meus.
2997 4195 3106 4263 Age
3150 4198 3287 4265 jam,
3323 4199 3569 4261 Domine.

1987 4281 2165 4351 revela
2201 4280 2395 4336 faciem
2435 4291 2600 4346 tuam,
2631 4285 2856 4340 ostende
2886 4287 3218 4358 supplici-bus
3257 4293 3572 4348 misericor—

1990 4373 2136 4427 diam
2171 4380 2340 4426 tuam.
2391 4371 2603 4427 Scimus
2634 4382 2908 4440 peractam
2962 4381 3434 4446 resurrectionem,
3471 4381 3569 4434 de-

1987 4461 2131 4518 elara
2164 4462 2217 4516 in
2254 4463 2426 4517 oculis
2455 4465 2654 4518 nostris
2685 4464 2897 4519 beatam
2939 4467 3418 4540 iucormptionem.
3456 4471 3568 4524 Ad-

1940 4524 2273 4622 )'mirabilis,
2330 4555 2742 4623 inmstimabiiis,
2800 4558 3264 4630 incomparabilis,
3323 4571 3372 4616 te
3415 4563 3567 4617 vole-

1987 4646 2130 4714 bam,
2164 4655 2214 4701 te
2240 4648 2546 4718 sperabam,
2579 4661 2629 4703 te
2656 4652 2988 4719 quaerebam.
3019 4651 3096 4705 En
3123 4654 3234 4722 ipse
3263 4652 3411 4706 venis
3442 4669 3574 4722 pur-

1987 4743 2245 4804 puratus;
2291 4739 2504 4790 rubrum
2535 4749 2606 4790 est
2640 4740 3002 4794 indumentum
3032 4751 3177 4792 tuum
3219 4739 3376 4809 (lsai.
3406 4758 3567 4808 Lxm,

1983 4825 2060 4894 2).
2094 4826 2307 4882 LavaSti
2336 4829 2391 4882 in
2415 4830 2530 4882 rino
2557 4829 2744 4882 stolam
2774 4839 2952 4893 luant,
2993 4839 3038 4882 et
3079 4831 3132 4882 in
3167 4833 3420 4900 sanguine
3455 4850 3568 4887 uva:

1982 4915 2201 4985 paltium
2240 4929 2386 4970 tuum
2418 4915 2569 4985 (Gen.
2605 4934 2753 4984 xm,
2789 4920 2897 4987 Η).
2941 4918 3252 4973 Percussisti
3290 4931 3447 4989 caput
3502 4924 3568 4975 de

1978 5009 2132 5064 domo
2176 5010 2362 5080 impii,
2413 5027 2643 5080 egressus
2694 5013 2748 5066 in
2799 5011 3017 5064 salutem
3052 5012 3228 5080 populi
3271 5013 3349 5064 tui
3389 4995 3566 5082 (Hal):

1977 5117 2062 5165 tu,
2095 5104 2205 5170 1⁵5).

2050 5190 2206 5246 Mane
2236 5191 2544 5251 nobiscum.
2578 5190 2837 5255 Domine,
2871 5207 3041 5245 mane
3058 5191 3139 5244 vel
3176 5205 3348 5263 usque
3381 5208 3562 5254 mane.

1980 5283 2248 5338 Fruamur
2276 5284 2490 5338 interim
2520 5282 2802 5350 praesentia
2839 5291 2946 5336 tua.
2981 5282 3251 5340 laetemur
3275 5293 3439 5355 atque
3466 5287 3564 5355 de-

1986 5376 2246 5432 lectemur
2295 5377 2348 5429 in
2396 5373 2787 5428 resurrectione
2835 5381 2946 5427 tua.
2999 5373 3252 5444 lngruunt
3303 5375 3560 5442 tenebrae,

1985 5477 2139 5537 urget
2165 5467 2303 5522 diem
2333 5468 2541 5535 vesper.
2570 5463 2838 5518 Illumiuet
2868 5465 3061 5518 uultum
3091 5481 3242 5520 suum
3267 5483 3424 5536 super
3469 5483 3562 5524 nos

1569 5587 1800 5642 VARIIE
1840 5582 2246 5641 LECTIONES.

369 5659 460 5689 ’³³³
485 5659 552 5714 Ut
584 5677 821 5716 amarem
846 5678 946 5723 ms.
977 5671 1246 5730 quatenus
1274 5673 1509 5730 amorem
1589 5660 1677 5689 ’⁸³⁵
1704 5659 1986 5730 Gratiam,
2016 5671 2111 5723 per
2137 5669 2296 5723 quam
2358 5651 2569 5717 tandem
2629 5649 2939 5720 perveniam
2995 5650 3060 5704 ad
3122 5661 3265 5705 tuam
3308 5650 3564 5722 gloriam,

296 5731 474 5788 Anien
520 5747 614 5785 ms.
653 5733 905 5802 gratiam.
950 5726 1139 5786 Amen.
1191 5729 1334 5785 Edit.
1369 5726 1520 5784 Galli.
1576 5728 1824 5798 gratiam.
1869 5727 2062 5783 Invoco

3547 5848 3576 5858 κ
