4048 6288
337 296 433 358 889

1764 302 2169 365 ORATIONES.

3494 312 3601 371 890

336 434 427 489 per
466 412 891 471 incarnationem
922 420 1094 476 tuam,
1146 425 1306 481 quam
1334 413 1384 468 in
1415 416 1741 485 pmprietate
1785 431 1905 487 per-
1937 419 1979 476 Α
2010 420 2330 489 postposito,
2385 421 2671 477 veritatem
2734 432 2840 478 tum
2906 424 3318 482 resurrectionis
3382 426 3601 487 cunctis

336 524 481 565 some
506 517 628 573 tute,
653 516 979 576 cooperante
1012 517 1191 563 tamen
1239 507 1400 563 Patre
1438 519 1493 562 et
1523 508 1731 579 Spiritu
1789 525 1918 565 san-

335 611 436 660 cto.
467 584 781 669 suscepisti,
822 614 907 653 me
933 598 1065 654 refet
1084 607 1195 655 tum
1216 609 1271 655 et
1295 609 1612 655 renovatum
1638 615 1759 657 esse
1789 602 1921 655 seio.

335 688 440 755 Oro
484 689 666 757 itaque
715 687 1087 742 dulcissimam
1141 688 1570 743 misericordiam
1597 698 1764 755 tuam,
1798 691 1925 760 piis-

335 780 466 835 sime
488 788 543 832 el.
578 779 903 835 suavissime
960 779 1183 835 Domine
1211 780 1360 847 Jesu,
1406 796 1504 851 per
1540 792 1787 837 sanctam
1820 798 1921 836 an-

337 871 725 924 nuntiationem
768 878 937 933 tuam,
994 870 1256 926 miserere
1301 872 1531 927 infelicis
1551 872 1919 928 animaaniem.

334 960 656 1016 Dulcissime
684 961 909 1016 Domine
933 960 1059 1017 Jesn
1091 961 1323 1028 Christe,
1358 980 1453 1033 per
1469 973 1711 1019 sanctam
1743 966 1920 1020 incar-

334 1051 606 1107 nationem
627 1060 681 1106 et
705 1051 1043 1106 nativitatem
1068 1063 1235 1115 tuam,
1265 1054 1524 1109 miserere
1549 1056 1743 1110 animae
1767 1072 1917 1110 mete.

334 1142 654 1204 Dulcissime
687 1144 909 1197 Domine
944 1142 1093 1208 .Iesu,
1116 1143 1352 1211 Christe,
1404 1161 1501 1214 per
1548 1147 1921 1202 circumcisio-

332 1252 453 1293 nem
490 1245 656 1301 tuam,
692 1236 954 1291 miserere
993 1238 1118 1290 mei.
1169 1236 1491 1293 Dulcissime
1524 1239 1748 1293 Domine
1770 1238 1919 1304 Jcsu,

335 1343 431 1397 per
450 1338 696 1383 sanctam
732 1328 1018 1383 infantiam
1050 1340 1217 1393 tuam,
1252 1330 1513 1385 miserere
1556 1332 1682 1386 mei.
1716 1332 1922 1387 Dulcis-

329 1420 468 1474 sime
500 1419 725 1476 Domine
753 1419 904 1485 ἔθευ,
936 1436 1034 1491 per
1050 1422 1390 1492 juventntem
1440 1432 1611 1488 tuam,
1656 1424 1919 1479 miserere

329 1512 457 1580 mei.
489 1511 809 1568 Dulcissime
832 1512 1060 1569 Domine
1082 1512 1229 1581 Jesu,
1256 1530 1352 1583 per
1375 1515 1702 1585 baptismum
1746 1524 1919 1584 tuum,

326 1602 587 1661 miserere
611 1601 736 1661 mei.
774 1602 1093 1658 Dulcissime
1117 1603 1343 1659 Domine
1366 1604 1514 1671 Jesu,
1546 1620 1641 1675 per
1656 1605 1919 1676 jejunium

329 1704 505 1759 tuum,
552 1692 750 1748 famem
780 1703 836 1749 et
857 1692 1252 1764 fatigationem,
1310 1695 1568 1751 miserere
1620 1697 1745 1751 mei.
1794 1698 1921 1753 Dul-

2026 510 2274 580 gentibus
2316 512 2731 579 annuntiarent,
2764 528 2967 585 eosque
2994 517 3252 571 docerent
3296 516 3450 586 quod
3480 516 3523 571 si
3550 517 3603 574 in

2026 607 2077 652 te
2106 599 2393 654 crederent
2431 610 2487 656 et
2531 601 2638 658 tuis
2671 606 2955 675 prmeeptis
2987 606 3295 672 obedirent,
3335 606 3480 661 omni
3509 607 3607 662 duc

2024 690 2287 747 bitatione
2310 693 2638 763 posthabita,
2673 698 2897 767 regnum
2926 698 3189 757 malorum
3222 708 3343 769 post
3376 708 3604 755 mortem

2024 783 2207 839 carnis
2245 787 2623 852 escenderent,
2663 797 2717 842 et
2749 789 2802 842 in
2833 797 3033 844 aeterna
3083 791 3251 860 gloria
3290 800 3468 847 tecum
3498 792 3609 846 feli-

2023 873 2160 928 citer
2201 885 2508 945 regnarent.
2556 876 2815 933 Miserere
2871 880 2997 944 mei,
3027 880 3335 936 dulcissime
3385 880 3607 936 Domine

2021 964 2171 1032 ἔθευ,
2238 982 2335 1036 per
2380 968 2611 1022 reditum
2668 977 2817 1023 tuum
2867 971 2933 1024 ad
2976 971 3301 1039 judicandos
3356 973 3508 1028 vivos
3553 983 3608 1027 et

2024 1067 2285 1123 mortuos,
2350 1073 2457 1127 quo
2500 1057 2707 1127 judicio
2770 1060 2939 1116 malos
3006 1077 3038 1115 a
3106 1062 3260 1117 bonis
3326 1076 3605 1132 separatis,

2023 1160 2226 1205 eterna
2260 1150 2562 1219 perditione
2591 1151 2875 1206 damnabis
2906 1168 2921 1217 ;
2957 1154 3127 1207 bonos
3172 1168 3303 1208 vero
3342 1162 3518 1208 tecum
3541 1154 3607 1206 ad

2023 1243 2192 1298 ctelos
2220 1245 2447 1309 ducens,
2485 1243 2538 1298 in
2564 1252 2767 1298 aeterna
2800 1243 3057 1299 felicitate
3084 1244 3394 1300 collocabis.

2093 1328 2191 1386 l'lis
2218 1330 2544 1386 dulcissimis
2602 1332 3070 1387 recordationibus
3090 1344 3146 1388 et
3175 1334 3279 1403 piis
3328 1331 3608 1387 memoriis

2023 1421 2316 1488 animatus,
2371 1421 2684 1477 dulcissime
2733 1420 2958 1478 Domine
3015 1423 3163 1488 ἔθευ,
3211 1432 3267 1479 et
3300 1423 3416 1477 haec
3459 1430 3607 1477 tanta

2022 1512 2282 1569 beneficia
2337 1512 2567 1567 infirmis
2597 1521 2652 1569 et
2678 1513 3055 1583 peccatoribus
3086 1528 3115 1566 a
3152 1522 3202 1567 te
3239 1511 3609 1567 misericordia

2025 1611 2108 1657 ter
2155 1602 2371 1668 collata,
2406 1603 2534 1658 dum
2589 1604 2640 1658 in
2684 1614 2897 1659 secreto
2950 1604 3186 1673 pectoris
3231 1604 3336 1659 mei
3379 1602 3609 1663 dulciter

2023 1702 2079 1747 et
2108 1708 2230 1748 ettm
2258 1708 2452 1765 magna
2499 1695 2856 1751 admiratione
2888 1696 3046 1751 volvo
3073 1704 3129 1750 et
3154 1695 3371 1750 revolvo
3403 1712 3429 1765 ς,
3450 1694 3606 1749 infir-

325 1787 548 1844 cissime
595 1785 821 1841 Domine
860 1783 1012 1853 Jesu,
1055 1802 1151 1857 per
1198 1787 1454 1842 miracula
1496 1800 1608 1852 tua,
1646 1803 1740 1859 per
1768 1805 1912 1859 qua},
1950 1769 1992 1827 Β
2022 1798 2138 1839 mas
2196 1784 2490 1840 memorias
2539 1793 2595 1840 et
2649 1785 3052 1840 recordationes
3113 1784 3345 1855 peccati,
3386 1798 3508 1853 quae
3540 1782 3611 1847 ad

324 1877 426 1933 etsi
457 1878 621 1933 homo
647 1892 807 1932 verus
833 1892 977 1945 eras,
1006 1893 1165 1933 verus
1211 1879 1351 1935 Deus
1378 1881 1783 1950 agnoscebaris,
1811 1882 1917 1935 mi-

322 1980 509 2021 serere
532 1966 658 2021 mei.
692 1966 1015 2023 Dulcissime
1070 1968 1298 2023 Domine
1343 1968 1491 2035 Jesu,
1544 1986 1639 2041 per
1683 1970 1915 2042 flagella,

322 2066 481 2127 sputa
512 2068 566 2113 et
594 2057 778 2127 alapas
799 2074 934 2128 quas
974 2074 1074 2131 pro
1105 2058 1260 2114 nobis
1293 2062 1606 2131 suscepisti,
1656 2064 1917 2120 miserere

323 2147 452 2200 mei.
504 2145 824 2202 Dulcissime
851 2156 906 2202 et
947 2149 1456 2205 misericordissime
1494 2151 1719 2207 Domine
1762 2151 1913 2219 Jesu,

323 2251 424 2308 per
452 2238 694 2308 spineam
738 2253 1020 2307 coronam,
1051 2255 1213 2310 quam
1253 2241 1306 2295 in
1336 2243 1516 2312 capite
1548 2253 1637 2298 tuo
1663 2248 1912 2314 portasti,

328 2316 393 2385 nt
417 2330 634 2400 Spineas
680 2340 1027 2402 peccatorum
1075 2342 1385 2388 nostrorum
1428 2334 1695 2401 auferres,
1749 2338 1912 2393 mise-

324 2437 450 2476 rere
476 2422 602 2476 mei.
656 2411 914 2477 Miserere
954 2424 1080 2490 mei,
1139 2424 1449 2479 dulcissime
1498 2426 1721 2481 Domine
1762 2427 1911 2495 Jesu,

320 2527 421 2582 per
443 2528 660 2567 crucem
694 2524 750 2568 tu
770 2530 866 2579 tm,
908 2524 961 2569 et
992 2524 1220 2570 mortem
1250 2532 1410 2585 quam
1441 2517 1605 2590 256
1640 2520 1691 2573 in
1723 2521 1913 2576 eadem

319 2617 485 2663 cruce
513 2617 705 2672 passus
744 2618 826 2668 es,
856 2614 915 2659 ut
947 2620 1044 2660 nos
1074 2621 1104 2659 a
1150 2616 1324 2662 morte
1383 2609 1701 2664 redimeres.
1756 2610 1914 2666 Mise-

323 2709 452 2751 rere
480 2694 606 2762 mei,
640 2693 867 2750 Domine
891 2695 1040 2761 Jesu,
1078 2713 1176 2767 per
1200 2698 1507 2768 sepulcrum
1536 2711 1687 2755 tuum
1723 2702 1773 2756 in
1806 2718 1915 2773 quo

322 2786 629 2842 secundum
655 2786 1133 2857 carnemjacuisti,
1153 2799 1206 2844 et
1220 2804 1319 2859 per
1346 2792 1788 2863 benignissimam
1821 2795 1915 2848 de-

319 2878 665 2957 scensionem
711 2887 858 2933 tuam
918 2880 984 2934 ad
1034 2878 1260 2947 inferos,
1309 2882 1363 2935 in
1410 2883 1608 2952 quibus
1648 2883 1831 2937 fideles
1860 2892 1915 2939 et

320 2969 532 3023 amicos
559 2978 699 3032 tuos,
732 2969 824 3039 qui
857 2978 906 3023 te
936 2970 1005 3023 ibi
1043 2986 1199 3024 suum
1248 2971 1619 3027 dulcissimum
1674 2972 1914 3029 Redem-

317 3066 533 3133 ptorem
550 3056 640 3114 diu
677 3067 1152 3139 exspectaverant,
1186 3060 1445 3127 visitasti;
1484 3062 1709 3117 visitans
1742 3079 1773 3117 a
1803 3064 1911 3119 da:-

319 3139 572 3204 inoniaca
616 3148 1004 3215 dominatione,
1034 3151 1267 3220 gloriose
1312 3150 1651 3223 triumphans
1700 3155 1914 3211 miseri-

318 3241 563 3295 corditer
589 3240 833 3308 eripuisti
869 3258 883 3307 ;
930 3240 1291 3297 infernalibus
1340 3242 1496 3297 furiis
1527 3259 1682 3297 suum
1715 3245 1916 3314 princi-

315 3348 446 3401 pem
490 3331 734 3387 valenter
784 3334 1155 3388 incusantibus
1209 3333 1353 3403 quod
1402 3343 1472 3396 te,
1506 3332 1558 3387 in
1585 3349 1692 3404 quo
1721 3334 1787 3388 de
1816 3351 1914 3390 suo

320 3420 459 3474 nihil
515 3419 818 3486 invenerat,
877 3422 1077 3490 injuste
1131 3422 1511 3488 interfecerit;
1554 3439 1651 3493 pro
1689 3439 1796 3493 qua
1829 3423 1913 3479 in-

308 3511 463 3581 justa
500 3510 879 3567 intcrfeclione
902 3511 1048 3581 juste
1081 3523 1206 3568 tunc
1234 3513 1534 3585 perdebant
1559 3530 1696 3585 quos
1729 3515 1910 3570 tandiu

314 3604 568 3673 captivos
596 3615 650 3659 et
686 3608 800 3662 suis
825 3606 1114 3663 infeliciter
1150 3610 1377 3664 vinculis
1424 3608 1669 3680 alligatos
1725 3620 1914 3664 tenne-

313 3704 464 3750 rant.
499 3696 755 3753 Miserere
792 3700 919 3762 mei,
954 3700 1177 3755 Domine
1210 3700 1521 3755 dulcissime
1545 3710 1603 3755 et
1632 3701 1909 3771 benignis—

312 3786 459 3841 sime
483 3784 632 3853 Jesu,
660 3802 757 3858 per
777 3789 1067 3859 gloriosam
1108 3789 1563 3845 resurrectionem
1603 3801 1771 3856 tuam,
1803 3806 1910 3860 qua

319 3875 488 3931 tertia
538 3876 647 3942 die,
695 3887 978 3949 postquam
1034 3896 1131 3951 pro
1169 3882 1544 3951 peccatoribus
1592 3882 1805 3935 occisus
1829 3896 1908 3945 es,

312 3967 603 4037 discipulis
631 3976 684 4023 et
715 3969 909 4024 amicis
940 3970 1045 4024 tuis
1092 3970 1159 4025 de
1191 3979 1279 4024 tua
1312 3978 1486 4025 morte
1524 3968 1829 4024 dolentibus
1856 3980 1911 4025 et

319 4060 490 4114 nimis
550 4057 765 4115 afﬂictis
824 4062 979 4116 vivus
1027 4060 1430 4117 etimmortalis
1489 4062 1814 4132 apparuisti,
1856 4072 1911 4117 et

310 4168 416 4223 per
439 4152 753 4207 dulcissima
780 4138 1052 4224 colloquia
1095 4165 1204 4221 tua,
1251 4170 1373 4224 qua:
1402 4170 1524 4209 cum
1573 4154 1654 4208 eis
1682 4172 1774 4224 per
1801 4154 1909 4208 dies

307 4228 676 4315 quadraginta
727 4256 848 4316 post
919 4246 1373 4301 resurrectionem
1430 4255 1575 4300 tuam
1633 4247 1907 4313 habuisti;

307 4337 368 4391 in
413 4337 614 4407 quibus
649 4338 701 4389 in
732 4338 910 4392 ntultis
956 4338 1275 4408 argumentis
1317 4355 1573 4409 apparens
1610 4338 1709 4405 eis,
1750 4347 1797 4391 et
1829 4336 1909 4391 lo-

2019 1876 2424 1933 damnationem
2455 1884 2509 1932 et
2539 1876 2902 1932 danmationis
2953 1876 3310 1947 perditionem
3364 1876 3609 1941 trahunt,

2021 1978 2109 2024 tua
2130 1968 2430 2040 opitulante
2459 1968 2718 2033 bonitate,
2743 1968 3036 2038 aliquando
3061 1983 3256 2036 respuo
3281 1984 3297 2032 ;
3321 1977 3376 2021 et
3398 1979 3460 2021 ea
3489 1981 3612 2035 qum

2018 2059 2201 2113 divina
2234 2058 2474 2128 sapiunt,
2498 2066 2553 2111 et
2583 2057 2853 2111 infirmam
2904 2056 3141 2112 animam
3170 2070 3225 2110 et
3253 2055 3611 2125 peccatricem

2018 2150 2303 2206 sublevare
2362 2151 2561 2217 solent,
2612 2149 2869 2220 respicio,
2920 2164 3151 2204 veneror
3199 2158 3254 2203 et
3294 2147 3611 2216 amplccmr.

2018 2242 2126 2298 Sed
2178 2244 2277 2297 heu
2328 2242 2526 2297 infelici
2575 2243 2771 2297 animae
2821 2257 2977 2303 meae,
3032 2241 3344 2311 dulcissime
3371 2248 3426 2294 et
3462 2239 3614 2299 benis

2017 2336 2283 2406 gnissime
2325 2334 2550 2389 Domine
2584 2335 2596 2387 !
2626 2334 2730 2389 lteu
2781 2343 2944 2389 tanta:
2988 2332 3282 2404 perditioni
3338 2330 3608 2387 infelicem

2016 2428 2255 2482 animam
2296 2437 2404 2481 tam
2466 2427 2704 2497 graviter
2754 2426 2992 2487 vexanti,
3024 2435 3079 2479 et
3140 2425 3243 2478 nisi
3297 2423 3609 2477 misericors

2016 2518 2240 2576 dissima
2269 2518 2473 2588 pietate
2494 2527 2583 2571 tua
2632 2516 2985 2579 sustineatur,
3017 2515 3069 2569 in
3101 2523 3303 2584 puncto
3326 2513 3395 2566 ad
3436 2510 3611 2565 infer-

2016 2628 2145 2667 nutn
2191 2610 2537 2666 descendenti
2571 2609 2584 2662 l
2620 2608 2759 2664 Ecce
2797 2607 2943 2662 enim
2975 2606 3104 2661 dum
3155 2604 3337 2659 cordis
3386 2604 3489 2658 mei
3522 2616 3609 2659 se:

2014 2714 2225 2760 cretum
2275 2703 2560 2773 diligenter
2617 2700 2866 2771 inspicio,
2918 2699 3088 2769 ipsam
3142 2696 3437 2761 infelicem,
3485 2694 3611 2750 ani-t

2015 2810 2159 2848 mam
2188 2809 2387 2860 meam,
2418 2808 2580 2862 quam
2623 2800 2750 2845 ante
2781 2788 3018 2845 divinam
3067 2787 3407 2857 maiestatem
3458 2793 3611 2841 tuam

2016 2885 2273 2940 mundam
2306 2894 2359 2939 et
2386 2881 2786 2937 immaculatam
2839 2888 2985 2934 stare
3027 2888 3367 2947 putaveram,
3398 2889 3610 2947 veneno

2016 2977 2238 3033 malitiae
2275 2974 2656 3045 etiniqnitatis
2685 2988 2791 3027 non
2827 2986 3019 3041 parum
3064 2968 3320 3023 infectam
3367 2966 3604 3022 invenio.

2022 3068 2231 3137 Saepius
2255 3081 2383 3121 vero
2405 3066 2529 3121 dum
2561 3064 2725 3119 etiam
2751 3077 2912 3117 causa
2940 3060 3169 3128 alicujus
3198 3058 3451 3114 utilitatis
3480 3073 3607 3113 cum

2020 3161 2201 3230 aliquo
2223 3160 2368 3228 loqui
2394 3158 2614 3228 incipio,
2637 3157 2843 3223 statim,
2862 3155 2944 3209 vel
2976 3164 3097 3222 post
3126 3168 3348 3222 parvam
3374 3166 3610 3214 moram,

2018 3249 2072 3303 in
2102 3250 2489 3303 detractionem
2515 3249 2756 3309 incurro,
2783 3245 2864 3298 vel
2897 3260 2993 3313 pro
3024 3243 3201 3312 aliqua
3236 3256 3296 3299 re
3323 3241 3606 3309 impuden-

2018 3350 2100 3397 ter
2120 3356 2419 3404 murmuro,
2443 3340 2522 3393 vel
2549 3340 2678 3391 vitio
2708 3337 3041 3391 curiositatis
3070 3336 3265 3403 inepta:
3282 3333 3602 3398 succumbo,

2016 3434 2100 3488 vel
2132 3433 2395 3487 malarum
2463 3431 2855 3500 cogitationum
2908 3427 3272 3496 turpitudines
3318 3433 3609 3493 motusque.

2018 3528 2238 3582 illicitos
2268 3535 2322 3581 et
2352 3524 2652 3594 impudicos
2677 3523 2729 3576 in
2762 3522 2893 3591 ipsis
2920 3518 3269 3575 interioribus
3293 3517 3427 3573 meis
3442 3516 3605 3572 susti-

2014 3634 2137 3673 neo.
2168 3618 2365 3673 lterum
2420 3624 2581 3685 atque
2642 3615 2839 3669 iterum
2890 3612 2995 3667 heu
3046 3618 3212 3670 tanta:
3267 3607 3609 3679 infelicitati,

2015 3719 2290 3779 tantaeque
2349 3705 2675 3776 perditioni!
2728 3704 2946 3768 Fateor,
3004 3701 3318 3757 dulcissime
3375 3697 3611 3769 Jesu,et.

2012 3801 2261 3871 expando
2286 3814 2470 3853 coram
2532 3806 2583 3852 te
2631 3796 2947 3865 iniquitates
2998 3808 3168 3855 meas,
3242 3806 3378 3860 quas
3456 3789 3602 3847 intus

2011 3892 2213 3961 patitur
2240 3889 2432 3943 misera
2458 3888 2633 3941 anima
2661 3901 2803 3940 mea.
2840 3885 2980 3938 Dum
3029 3882 3173 3935 enim
3206 3895 3270 3935 ea
3297 3896 3418 3949 qua:
3450 3889 3605 3935 retro

2011 3990 2138 4034 sunt
2161 3979 2487 4034 obliviscens
2510 3977 2577 4030 ad
2607 3992 2669 4029 ea
2693 3990 2811 4044 qua:
2837 3983 2964 4027 ante
3016 3980 3143 4026 sunt
3191 3986 3277 4025 me
3307 3969 3601 4025 extendere

2012 4070 2153 4136 volo,
2182 4077 2345 4137 atque
2371 4067 2422 4121 in
2462 4066 2547 4120 his
2572 4063 2900 4118 dulcissimis
2928 4060 3419 4126 recordationibus,
3463 4048 3601 4129 quas

2010 4161 2260 4231 superius
2286 4165 2741 4214 commemoratus
2772 4170 2914 4218 sum,
2943 4153 3145 4206 diutius
3172 4150 3217 4205 si
3246 4164 3464 4220 possem
3498 4147 3595 4220 |al.

2010 4250 2254 4323 possum]
2282 4249 2538 4305 delectari
2564 4248 2746 4318 cupio,
2777 4255 2942 4315 atque
2988 4260 3180 4300 onmes
3228 4243 3607 4313 cogitationes.

2011 4360 2161 4400 meas
2203 4343 2355 4413 quasi
2387 4342 2439 4395 in
2472 4339 2793 4395 fasciculum
2822 4337 3107 4409 colligens,
3140 4336 3286 4390 omni
3314 4333 3605 4405 perturba-t

304 4446 480 4499 quens
513 4427 577 4480 de
604 4445 757 4497 regno
818 4428 935 4496 Dei,
994 4444 1197 4500 eosque
1237 4430 1620 4513 confortanset
1659 4428 1907 4485 refovens
1936 4437 2155 4520 Diione
2217 4435 2383 4489 animi
2442 4442 2670 4492 remota,
2724 4432 3005 4485 adhaerere
3056 4429 3166 4482 Deo
3221 4424 3607 4498 perseveranti

303 4529 359 4573 et
400 4534 525 4573 cum
554 4518 633 4573 eis
656 4519 860 4590 s.rpins
902 4536 1206 4575 convescens
1254 4522 1391 4590 (Act.
1420 4537 1463 4587 ι,
1492 4521 1570 4591 5),
1603 4522 1904 4591 permissis

304 4610 743 4666 evidentissimis
773 4612 940 4687 signis
966 4623 1018 4667 et
1048 4613 1279 4671 veritate
1322 4622 1426 4671 tuo:
1479 4614 1679 4681 carnis,
1721 4615 1772 4668 in
1801 4630 1906 4679 qua

306 4702 553 4757 mortem
601 4717 792 4779 passus
853 4719 933 4769 cs,
982 4702 1235 4758 auferens
1288 4703 1356 4759 ab
1415 4720 1602 4758 eorum
1655 4706 1911 4763 (ordibus

302 4808 535 4847 omnem
594 4794 1008 4859 dubitationem,
1035 4796 1100 4848 ad
1135 4795 1291 4849 fidem
1318 4804 1371 4849 et
1398 4795 1774 4850 credulitatem
1807 4805 1909 4851 tua:

307 4884 742 4939 resurrectionis
796 4885 1061 4941 solidasti.
1120 4885 1377 4941 Miserere
1428 4886 1554 4951 mei,
1599 4887 1909 4942 dulcissime

306 4975 550 5029 Domine
579 4974 727 5040 .lesu,
760 4992 856 5045 per
896 4978 1269 5031 admirabilem
1322 4979 1689 5032 ascensionem
1741 4990 1910 5043 tuam,

302 5085 425 5137 qua
460 5066 737 5137 discipulis
789 5068 891 5123 tuis
915 5078 969 5124 et
999 5081 1172 5123 matre
1224 5079 1309 5123 tua
1344 5067 1559 5139 Virgine
1606 5068 1914 5139 a-pitienti-

306 5161 443 5225 bus,
476 5159 645 5216 t'telos
664 5170 878 5230 petens,
904 5160 1195 5215 humanam
1242 5170 1511 5226 naturam,
1546 5177 1704 5230 quam
1753 5161 1913 5217 mise-

304 5250 611 5305 ricorditer
663 5265 763 5320 pro
806 5254 1180 5320 peccatoribus
1234 5266 1576 5320 susceperas.
1606 5261 1659 5305 et
1712 5251 1762 5305 in
1804 5268 1910 5321 qua

304 5350 553 5395 mortem
594 5357 785 5411 passus
835 5353 1061 5397 mortem
1111 5344 1478 5406 destruxeras,
1528 5340 1593 5396 ad
1632 5343 1909 5398 dexteram

302 5430 502 5485 Patris
530 5432 830 5492 collocasti.
864 5432 1120 5489 Miserere
1172 5433 1299 5497 mei,
1324 5425 1653 5489 dulcissime
1682 5434 1909 5490 Domine

297 5519 471 5587 ἔθευ,
509 5538 604 5591 per
638 5524 924 5579 adventum
950 5524 1124 5579 sancti
1150 5523 1405 5593 Spiritus,
1434 5538 1594 5593 quem
1618 5524 1755 5578 sicut
1783 5540 1907 5594 pro«

299 5614 551 5670 miseras
591 5615 865 5686 discipulis
898 5617 1002 5671 tttis
1043 5607 1132 5671 die
1157 5615 1503 5672 Pentecostes
1534 5616 1726 5671 misisti
1756 5632 1769 5673 :
1799 5631 1905 5685 quo

300 5704 1103 5775 impletictvcbcmcntissime
1146 5706 1455 5776 confortati,
1510 5708 1656 5764 omni
1712 5709 1903 5764 timore

2012 4527 2415 4583 centinuatione
2466 4524 2731 4587 desidero,
2766 4522 2943 4577 subito
2998 4523 3181 4577 nescio
3217 4536 3323 4590 qna
3377 4517 3611 4574 miseria

2016 4634 2103 4673 me
2125 4618 2289 4671 relaln
2316 4618 2381 4670 ad
2420 4614 2600 4669 inania
2630 4624 2684 4668 et
2713 4614 2870 4668 noxia
2908 4613 3185 4682 conspicio
3218 4621 3311 4667 :et
3344 4621 3599 4679 tanquam

2016 4727 2162 4766 mors
2193 4712 2367 4766 subito
2397 4710 2489 4783 [αι.
2525 4708 2726 4783 subita]
2753 4710 3107 4775 interficiens,
3129 4708 3213 4763 vel
3240 4707 3609 4776 quemadmo-A

2016 4806 2141 4858 dttm
2196 4804 2348 4857 canis
2399 4802 2643 4865 rabidus,
2673 4802 2764 4869 qui
2817 4817 2917 4855 nec
2963 4800 3310 4870 percussione
3356 4795 3611 4867 repulsus,

2018 4913 2045 4951 a
2080 4896 2407 4950 laceratione
2432 4894 2665 4949 hominis
2698 4909 2757 4948 se
2798 4902 3079 4963 temperat,
3106 4889 3341 4944 carnalis
3365 4889 3601 4941 delecta-

2018 4989 2091 5042 tio
2119 5002 2334 5042 omncm
2365 4985 2807 5055 tranquillitatem
2846 4984 3035 5045 animi,
3077 4994 3401 5049 omnemque
3443 4979 3602 5033 recti-

2017 5080 2257 5135 tudinem
2278 5079 2525 5147 justitiae,
2555 5094 2714 5148 quam
2746 5094 2831 5131 me
2857 5075 3146 5129 credebam
3204 5073 3425 5136 habere,
3480 5086 3601 5141 pero

2016 5171 2196 5245 turbat
2225 5184 2287 5225 ac
2312 5169 2566 5224 destruit.
2597 5168 2662 5221 Et
2690 5166 2780 5237 qui
2814 5166 3065 5235 putabam
3105 5180 3189 5221 me
3216 5172 3363 5219 stare
3391 5163 3441 5217 in
3476 5176 3605 5229 arce

2017 5259 2279 5313 virtutum
2305 5273 2403 5328 pro
2424 5256 2573 5311 suavi
2608 5256 2773 5310 odore
2794 5270 3007 5318 earnm,
3059 5255 3233 5309 sentio
3287 5249 3613 5329 intolerabi‘)

2014 5350 2116 5406 lem
2140 5368 2202 5405 ac
2227 5350 2560 5406 teterrimum
2584 5348 2810 5402 fetorem
2842 5350 3115 5401 vitiorum.

2052 5441 2221 5508 ’Quid
2276 5456 2406 5509 ergo
2472 5438 2703 5504 faciam,
2783 5438 3092 5493 dulcissime
3159 5436 3385 5492 Domine
3447 5433 3599 5501 Iesu,

2012 5541 2224 5586 amator
2289 5531 2566 5585 hominum
2625 5540 2680 5586 et
2730 5540 2961 5592 creator,
3017 5529 3341 5585 reformator
3386 5539 3441 5585 et
3491 5528 3598 5585 Re~

2008 5622 2257 5693 demptor
2318 5622 2711 5693 peccatormn?
2762 5622 2880 5690 Quo
2935 5638 3019 5678 me
3074 5631 3390 5679 convertam
3434 5622 3599 5676 tantis

2009 5712 2371 5769 circumdatus
2448 5713 2623 5791 malis,
2687 5715 2851 5770 tantis
2911 5713 3180 5775 intolutus
3240 5714 3613 5785 pessimarum.
