4048 6288
530 318 630 380 89!

873 323 932 380 S.
972 324 1268 382 ANSELMI
1311 325 1659 382 CANTUAR.
1701 329 2019 385 ARCHIEP.
2059 330 2112 386 OT

2255 332 2431 389 PARS
2459 332 2520 388 ll.
2549 363 2620 372 —
2657 330 3028 395 ΡΑΜΕΝΕΤ.
3061 331 3149 386 ΕΤ
3180 332 3427 419 ASCET.

3687 338 3794 394 892

533 437 948 494 delectationem
1005 441 1238 495 tenebris
1265 443 1290 494 ?
1340 441 1539 507 Infelix
1597 461 1688 514 ego
1748 447 1901 498 homo
1925 487 1940 510 ,
1995 447 2108 515 quis
2141 455 2185 503 Α
2215 424 2281 502 tis
2311 457 2413 502 tua:
2439 448 2493 502 in
2537 464 2642 511 me,
2667 458 2718 502 ct
2758 446 2881 501 tolle
2911 447 2976 502 de
3020 463 3104 502 me
3130 432 3388 524 quidquid
3418 447 3644 504 ollendit
3668 465 3800 507 ocu-

533 545 615 583 me
662 529 900 584 liberabit
953 531 1018 584 de
1057 547 1271 602 corpore
1306 535 1489 586 mortis
1525 533 1705 604 hujus.
1747 535 1879 602 Quis
1904 546 2108 602 autem,

530 619 636 674 nisi
659 619 829 690 gratia
862 621 1075 675 Domini
1107 622 1209 676 mei
1238 615 1360 676 Iesu
1382 621 1628 678 Christi?
1651 623 1831 695 (Rom.
1862 641 1956 690 vu,
1985 627 2105 691 9.4.)

533 709 790 764 Miserere
817 724 963 780 ergo,
993 705 1305 767 dulcissime
1361 714 1586 769 Domine
1636 714 1784 782 Jesu,
1847 719 2110 771 miserere

533 809 802 878 creatura:
825 814 948 871 tute,
971 805 1232 860 miserere
1258 807 1579 875 peccatrieis
1605 808 1800 863 animae
1829 824 1981 863 mem.
2017 809 2111 863 ln-

530 891 702 958 tende,
719 891 1033 950 dulcissime
1055 895 1282 950 Domine
1305 896 1456 959 Jesu,
1484 897 1693 951 intende
1718 899 1949 954 miseriae
1971 900 2108 968 ejus,

531 991 578 1034 et
607 979 774 1035 libera
800 999 916 1037 eam
939 999 958 1049 ;
987 996 1197 1055 propter
1214 986 1453 1042 inimicos
1485 989 1602 1060 ejus
1624 989 1762 1057 eripe
1788 1005 1906 1044 eam
1933 989 2106 1061 (Psal.

540 1077 731 1154 exvul,
760 1073 868 1144 i9).
902 1075 1156 1130 Illunn’ua
1209 1078 1387 1133 oculos
1410 1079 1548 1148 ejus,
1577 1097 1640 1135 ne
1664 1098 1890 1151 unquam
1915 1083 2112 1136 obdor-

529 1162 664 1216 miat
688 1165 741 1217 in
774 1175 964 1229 morte,
989 1183 1052 1219 ne
1099 1169 1308 1237 quando
1340 1171 1480 1223 dicat
1513 1171 1758 1225 inimicus
1806 1171 1956 1240 ejus:
1994 1169 2112 1227 Prw

527 1253 672 1307 valui
721 1256 970 1310 adversus
1009 1273 1127 1312 eaut
1157 1258 1329 1330 (l’sul.
1365 1279 1462 1327 xu,
1491 1263 1564 1332 l).
1596 1263 1812 1327 Judica,
1871 1264 2107 1331 Domine,

535 1345 780 1400 ttocetttes
834 1363 976 1414 eaut,
1026 1365 1266 1419 expugna
1314 1352 1676 1423 impuguuutt‘s
1725 1369 1865 1407 eam.
1914 1355 2113 1422 Appre-

527 1437 694 1491 hemle
720 1451 948 1493 arma-et
983 1452 1208 1506 scutum,
1243 1453 1287 1496 et
1315 1459 1507 1513 exurge
1544 1445 1596 1496 in
1638 1445 1961 1514 udquo-riun.
1997 1446 2111 1516 ejus

528 1525 704 1596 (Paul.
750 1547 900 1595 xxxi,
951 1531 1046 1602 1).
1081 1532 1272 1598 Credo,
1326 1535 1634 1592 dulcissime
1694 1539 1917 1595 Domine
1962 1539 2110 1608 Jcsu,

527 1616 693 1675 credo
722 1623 976 1690 quoniam
1000 1623 1044 1677 si
1085 1640 1232 1681 arma
1271 1637 1359 1680 tua
1385 1628 1450 1680 ad
1481 1627 1848 1684 defensionem
1880 1631 1996 1700 ejus
2028 1649 2114 1687 ar-

527 1711 717 1781 ripias,
764 1724 813 1769 et
861 1726 1006 1771 scuto
1051 1717 1199 1771 bona?
1256 1720 1533 1774 roluututis
1585 1733 1689 1777 tua:
1731 1722 1904 1794 (Psal.
1937 1742 1990 1791 v,
2027 1729 2110 1798 15)

2217 537 2294 593 los
2323 540 2540 608 pietatis
2570 549 2672 594 tuae
2706 541 2756 593 in
2787 553 2890 593 me.
2927 537 3121 593 Coram
3150 549 3221 605 te,
3261 539 3509 604 Domine,
3543 549 3627 594 est
3655 542 3801 594 sani.

2217 639 2296 684 tas
2325 639 2378 684 et
2407 630 2696 686 inﬁrmitas
2742 646 2878 685 mea.
2927 629 3101 696 Illum,
3155 639 3367 702 precor,
3416 648 3594 694 serva,
3639 629 3802 687 istam

2214 720 2547 776 sana.'Suua
2579 737 2680 786 me,
2715 718 2949 788 Domine,
2978 733 3025 775 et
3048 722 3304 785 sunabor;
3332 721 3534 776 salvum
3573 739 3654 776 me
3691 723 3799 790 fac,

2212 823 2260 866 et
2290 812 2462 867 salvus
2496 831 2584 867 ero
2621 813 2756 884 (εἶεν.
2792 830 2924 879 xvn,
2963 804 3086 884 ﬂ);
3125 822 3176 868 ιιι
3217 815 3307 883 qui
3335 813 3574 867 ~inﬁrma
3616 829 3802 880 sanas,

2211 911 2266 958 et
2294 914 2483 970 sanata
2509 919 2816 969 conservas,
2845 914 2899 958 tu
2945 906 3036 974 qni
3084 904 3199 965 solo
3231 914 3359 976 nutu
3401 915 3492 957 tuo
3524 915 3804 960 restauras

2211 997 2388 1051 diruta
2433 1003 2489 1050 et
2534 996 2789 1066 collapsa.
2843 995 2898 1052 Si
2952 998 3096 1051 enim
3152 995 3406 1067 dignaris
3435 997 3486 1050 in
3537 1013 3670 1068 agro
3713 1005 3803 1052 tuo

2212 1087 2373 1142 corde
2427 1100 2548 1140 meo
2600 1101 2784 1159 serere
2830 1086 3031 1142 bonum
3087 1071 3292 1148 semen,
3335 1088 3572 1140 necesse"
3610 1093 3691 1140 est
3746 1091 3806 1138 ut

2214 1195 2377 1234 manu
2425 1181 2644 1250 pietatis
2703 1187 2807 1233 tua:
2852 1179 3037 1248 spinas
3082 1176 3232 1247 priris
3293 1176 3492 1248 evellas
3544 1177 3802 1231 vitiorum

2213 1259 2454 1325 meorum
2465 1311 2477 1324 .
2771 1263 2778 1270 ’
2795 1267 2818 1322 ““ζ
3404 1328 3406 1330 ,

2285 1361 2626 1426 Dulcissime,
2653 1361 3063 1431 benignissime,
3114 1360 3506 1422 amantissime,
3541 1360 3805 1415 charissi-

2215 1469 2330 1518 me,
2388 1441 2879 1517 desiderantissime,
2934 1444 3351 1516 amabilissime,
3407 1451 3807 1519 pulcherrime,

2215 1543 2454 1610 infunde,
2512 1545 2760 1612 obsecro,
2808 1543 3205 1608 multitudinem
3247 1542 3547 1598 dulcedinis
3594 1551 3703 1596 tua:
3755 1551 3809 1596 et

2214 1638 2498 1693 charitalis
2531 1647 2634 1692 tua:
2661 1637 2866 1708 pectori
2905 1653 3056 1702 meo,
3085 1645 3144 1691 ut
3174 1635 3306 1690 nihil
3334 1643 3637 1700 terrenum,
3671 1633 3808 1688 nihil

2217 1727 2434 1785 carnale
2460 1712 2753 1782 desiderem
2783 1727 2866 1781 vel
2908 1727 3162 1798 cogitem,
3193 1726 3285 1780 sed
3313 1733 3365 1778 te
3391 1723 3566 1779 solum
3599 1739 3805 1788 amem,

529 1802 769 1857 animam
793 1819 953 1873 quam
981 1808 1176 1862 creasti
1218 1809 1496 1869 defendas.
1532 1813 1655 1880 quia
1699 1815 1876 1870 nullus
1916 1817 2106 1882 hostis,
2144 1813 2186 1866 Β
2215 1827 2266 1874 te
2293 1819 2465 1875 solum
2491 1819 2720 1874 habeam
2751 1821 2803 1872 in
2831 1819 2992 1874 'corde
3027 1827 3082 1873 et
3117 1819 3168 1872 in
3196 1833 3291 1872 ore
3325 1833 3466 1872 meo.
3500 1817 3697 1871 Scribe
3724 1817 3804 1870 di-

528 1885 729 1941 nullius
771 1889 948 1958 jacula
1011 1892 1237 1956 inimici,
1291 1897 1390 1949 etsi
1464 1896 1595 1953 foris
1648 1912 1977 1970 expugnent,
2031 1905 2111 1957 vel

521 1977 688 2030 etiam
715 1978 862 2034 intus
882 1983 1075 2038 sarrire'
1101 1988 1448 2052 tentaverint,
1481 1990 1717 2044 animam
1741 2008 1901 2061 quam
1928 1995 2112 2049 delen-

523 2072 610 2126 dis
653 2072 761 2127 ullo
833 2074 993 2130 modo
1056 2087 1306 2146 poterunt
1368 2095 1648 2150 superare.
1714 2085 2030 2145 Dulcissimo
2061 2100 2116 2145 et

525 2162 1036 2222 misericOrdissime
1086 2171 1309 2227 Domine
1371 2173 1516 2236 Jesu,
1567 2192 1699 2231 sana
1764 2194 1882 2234 eam
1931 2183 2114 2240 multis

525 2256 684 2311 malis
705 2257 974 2324 obrutam,
1004 2261 1186 2317 multis
1215 2264 1596 2334 iniquitatibus
1620 2283 1960 2341 superatam,
1984 2276 2117 2330 mul-

527 2348 600 2403 tis
630 2348 960 2408 facinoribus
1009 2357 1356 2412 maculatam.
1409 2361 1634 2431 Adjutor
1679 2380 1996 2435 pauperum,
2024 2369 2115 2422 de-

526 2437 714 2492 fensor
747 2439 1092 2512 pupillorum,
1147 2461 1282 2500 sana
1329 2459 1382 2503 et
1431 2450 1625 2519 adjuva
1659 2471 1778 2509 eam
1813 2471 1842 2509 a
1885 2465 1936 2511 te
1962 2473 2116 2512 crea-

523 2536 662 2594 tam,
712 2548 740 2584 a
773 2541 822 2587 te
869 2535 1221 2606 redemptam,
1258 2543 1354 2609 per
1407 2552 1456 2598 te
1507 2547 1844 2602 mundatam.
1898 2549 2116 2604 Sustine

521 2630 778 2678 conatum
808 2626 946 2695 ejus,
973 2630 1217 2686 conferta
1251 2634 1575 2692 desiderium
1606 2639 1744 2707 ejus,
1783 2655 1837 2696 et
1879 2647 2116 2700 concede

523 2714 578 2768 ei
617 2715 721 2770 hcc
749 2719 981 2786 spatium
1022 2723 1164 2789 vitm,
1202 2726 1256 2779 in
1292 2744 1399 2798 quo
1422 2729 1481 2783 in
1517 2732 1617 2785 hoc
1650 2736 1849 2789 mundo
1893 2753 2118 2792 conver-

523 2805 690 2858 sanda
737 2817 839 2874 est,
883 2810 960 2864 sic
1007 2827 1344 2881 percurrere,
1392 2829 1449 2873 et
1504 2832 1732 2878 cunctas
1803 2826 2117 2896 iniquitates

523 2911 649 2951 suas
683 2899 1124 2966 perineﬁ'abilem
1165 2908 1594 2966 misericordiam
1638 2925 1782 2968 tuam
1821 2917 1901 2972 sic
1932 2933 2118 2973 emen-

523 2988 673 3054 dare,
707 2999 760 3044 et
792 3007 888 3062 per
944 3011 1128 3051 veram
1174 3001 1551 3069 pmniteutiam
1592 3017 1647 3060 et
1679 3023 1860 3062 veram
1908 3011 2118 3064 confes-

523 3079 730 3137 sionem
763 3098 1014 3154 purgare,
1047 3091 1339 3162 corrigere,
1368 3097 1629 3151 mundare
1681 3107 1736 3152 et
1785 3101 2112 3172 abstergerc,

523 3177 607 3257 ut,
645 3183 736 3229 tua
766 3175 1030 3247 largiente
1061 3181 1524 3254 indulgentissimo
1581 3189 1802 3257 pietate,
1853 3192 1922 3246 ab
1967 3193 2110 3246 omni

520 3255 644 3318 labe
664 3267 918 3323 vitiorum
944 3284 1189 3344 purgata,
1215 3277 1494 3343 mundata,
1513 3255 1759 3335 correcta
1791 3291 1841 3337 et
1866 3283 2112 3340 absmrsa

522 3365 646 3426 post
675 3370 904 3418 mortem
953 3367 1155 3430 carnis,
1191 3371 1258 3423 ad
1290 3379 1341 3424 te
1380 3370 1750 3429 dulcissimum
1801 3373 2114 3432 Creatorem

519 3462 702 3512 suum,
730 3453 1032 3533 piissimum
1080 3458 1364 3515 Dominum
1397 3478 1553 3519 suum
1596 3467 1880 3534 pervenire
1911 3467 2112 3536 valeat,

525 3547 784 3610 tuamque
828 3545 1248 3605 inenarrabilem
1280 3551 1502 3622 gloriam
1539 3572 1660 3610 cum
1704 3559 1956 3613 omnibus
1982 3575 2114 3614 san-

524 3630 628 3683 ctis
671 3633 775 3720 tuis
805 3635 859 3690 in
908 3641 1107 3694 aeterna
1160 3642 1416 3700 felicitate
1446 3648 1724 3716 possidere
1776 3664 1874 3720 per
1909 3658 2111 3706 mterna

525 3719 741 3775 siccata.
771 3722 968 3782 Amen.

948 3817 1109 3890 257
1137 3820 1392 3879 ORATIO
1419 3824 1535 3880 XVl
1567 3827 1673 3882 ηδ’).

1126 3929 1194 3967 ΔΙ)
1223 3932 1510 3974 CHRISTUM.

525 4008 634 4066 Pro
663 4017 837 4084 gratia
870 4018 1224 4091 lacrymarum
1255 4029 1533 4103 obtinenda
1564 4049 1628 4102 ea:
1664 4047 1992 4103 peccatorum
2032 4056 2110 4094 re-

1158 4101 1477 4152 conlatione.

593 4176 811 4233 Christe
858 4180 1101 4248 Domine,
1153 4185 1390 4242 Verbum
1430 4189 1630 4257 l’atris,
1679 4195 1768 4265 qui
1818 4199 2008 4253 venisti
2056 4202 2109 4256 in

523 4262 668 4361 hunc
708 4271 966 4325 mundum
999 4287 1313 4343 peceatores
1343 4281 1518 4338 sal-vos
1548 4262 1746 4350 facere,
1776 4303 1904 4358 rogo
1935 4299 1987 4345 te
2013 4287 2113 4361 per

519 4356 989 4428 imlnlgentissima
1035 4369 1419 4427 misericordiae
1462 4383 1564 4430 tum
1602 4356 1858 4444 viscera;
1883 4356 2108 4439 emenda

2215 1911 2323 1980 gito
2353 1919 2442 1967 tuo
2485 1911 2535 1964 in
2563 1918 2780 1981 pectore
2821 1925 2940 1964 meo
2965 1908 3174 1964 dulcem
3205 1908 3522 1962 memoriam
3558 1908 3634 1960 tui
3677 1907 3807 1961 mel-

2215 2001 2340 2056 liﬂui
2394 2001 2654 2065 nominis,
2704 2003 2849 2056 nulla
2895 2016 3132 2071 unquam
3173 1999 3439 2054 oblivione
3495 1999 3805 2053 delendam.

2217 2095 2404 2149 Scribe
2440 2095 2492 2149 in
2528 2093 2723 2149 tabulis
2771 2093 2953 2149 cordis
2996 2092 3098 2147 mei
3147 2092 3478 2146 voluntatem
3534 2099 3701 2153 tuam,
3751 2078 3807 2144 et

2211 2186 2626 2256 iustiﬁcationes
2661 2196 2800 2249 tuas,
2826 2195 2883 2240 ut
2916 2195 2966 2239 te
2999 2185 3274 2248 immensa)
3295 2182 3600 2236 dulcedinis
3627 2182 3777 2241 Domi

2216 2297 2371 2343 uum,‘
2401 2287 2456 2334 et
2479 2290 2748 2348 praecepta
2775 2289 2864 2331 tua
2890 2292 3105 2351 semper
3127 2285 3180 2330 et
3204 2275 3403 2352 ultique
3436 2274 3672 2338 habeam
3699 2290 3808 2342 pra:

2215 2368 2385 2425 Oculis
2429 2372 2581 2424 meis.
2631 2370 2909 2431 Suecende
2953 2353 3186 2429 ruentem
3218 2382 3388 2437 meam
3421 2361 3547 2437 igne
3587 2366 3683 2419 illo
3722 2375 3810 2419 tuo

2216 2477 2376 2531 quem
2409 2460 2599 2516 misisti
2632 2460 2684 2514 in
2730 2470 2950 2521 terram,
3000 2468 3054 2512 et
3082 2457 3296 2511 voluisti
3333 2458 3684 2511 vehementer
3717 2472 3808 2526 ac-

2217 2553 2395 2619 ccudi,
2431 2559 2487 2605 ut
2518 2551 2843 2606 sacriﬁcium
2878 2550 3102 2620 spiritus
3139 2547 3510 2613 contribulati,
3544 2558 3600 2601 et
3630 2548 3810 2601 cordis

2217 2644 2448 2698 contriti
2470 2642 2642 2716 (l’sal.
2695 2660 2745 2708 ι,
2780 2642 2890 2715 19),
2929 2642 3135 2698 obortis
3176 2641 3430 2713 lacrymis
3458 2641 3702 2711 quotidie
3731 2640 3792 2694 of

2218 2733 2388 2791 feram
2415 2736 2534 2792 tibi.
3245 2715 3260 2726 ’

2287 2825 2471 2883 Dulcis
2514 2826 2749 2893 Christe,
2801 2825 2941 2880 bone
2986 2824 3136 2891 .lcsu,
3183 2822 3324 2878 sicut
3362 2821 3637 2896 desidero,
3671 2821 3813 2876 sicut

2218 2929 2326 2976 tota
2358 2928 2539 2974 mente
2588 2933 2706 2974 mea
2748 2926 2891 2987 peto,
2941 2916 3008 2972 da
3054 2916 3186 2976 mibi
3217 2931 3458 2970 amorem
3491 2923 3644 2970 tuum
3688 2931 3815 2974 san-

2217 3022 2361 3068 ctmn
2395 3019 2448 3066 et
2494 3020 2724 3074 castum,
2761 3011 2855 3081 qui
2886 3024 2972 3068 me
3017 3009 3238 3081 repleat,
3273 3016 3476 3073 teneat,
3528 3017 3814 3076 totumque

2219 3103 2510 3174 possideat.
2548 3101 2614 3156 Et
2643 3103 2707 3156 da
2759 3101 2890 3155 mihi
2935 3101 3159 3156 evidens
3211 3099 3422 3167 signum
3455 3099 3664 3152 amoris
3709 3099 3810 3160 tui,

2222 3193 2481 3263 irriguum
2512 3192 2876 3262 lacrymarum
2907 3189 3110 3245 fontem
3147 3187 3352 3259 jugiter
3382 3197 3722 3252 manantem,
3754 3189 3814 3242 ut

2216 3286 2346 3356 ipsa:
2378 3299 2590 3355 quoque
2617 3283 2869 3354 lacryma:
2899 3282 2972 3336 tui
3010 3282 3063 3335 in
3110 3296 3195 3336 me
3225 3281 3494 3336 testentur
3539 3294 3807 3344 amorem,

2217 3378 2345 3447 ipsa:
2374 3375 2624 3447 prodant,
2656 3374 2785 3444 ipsa:
2812 3373 3098 3442 loquantur
3123 3380 3383 3442 quantum
3417 3378 3468 3424 te
3499 3371 3674 3440 diligit
3710 3371 3806 3408 "ei

2214 3468 2393 3521 anima
2440 3482 2580 3528 mea,
2632 3465 2758 3520 dum
2804 3479 2918 3533 pra:
2948 3463 3111 3517 nimia
3162 3463 3449 3517 dulcedine
3488 3463 3694 3516 amoris
3730 3462 3805 3515 tui

2214 3558 2400 3628 nequit
2429 3573 2487 3613 se
2516 3574 2547 3612 a
2572 3557 2831 3628 lacrymis
2855 3557 3156 3611 continere.
3185 3553 3547 3618 lierniuiscor,
3577 3553 3668 3630 pie
3697 3553 3804 3606 Do-

2215 3648 2378 3712 mine,
2420 3647 2564 3702 illius
2604 3646 2758 3702 boum
2803 3645 3046 3700 mulieris
3076 3646 3261 3710 Amne,
3297 3660 3418 3715 qua:
3447 3645 3516 3700 ad
3547 3645 3804 3700 taberna-

2213 3739 2393 3793 culum
2433 3749 2682 3809 rogatura
2738 3753 2836 3807 pro
2870 3737 2979 3792 ﬁlio
3024 3738 3196 3804 venit,
3245 3737 3311 3793 de
3359 3753 3464 3806 qua
3514 3735 3801 3806 Scriptura

2215 3830 2380 3887 refert
2405 3832 2549 3902 quod
2582 3831 2758 3885 vultus
2786 3831 2902 3902 ejus
2929 3841 3052 3904 post
3079 3831 3346 3903 lacrymas
3385 3839 3441 3884 et
3469 3846 3661 3901 preces
3690 3846 3802 3886 non

2213 3935 2339 3979 sunt
2383 3924 2712 3994 ampiius‘in
2745 3925 2956 3979 diversa
3002 3925 3188 3978 mutati
3227 3923 3277 3995 (Ι
3307 3923 3436 3994 Reg.
3469 3939 3508 3991 ι,
3547 3923 3661 3992 18).
3689 3923 3804 3978 Sed

2214 4031 2422 4070 memor
2465 4023 2628 4069 tanta}
2675 4015 2890 4068 virtutis
2923 4023 3192 4083 tantaeque
3230 4014 3566 4080 constantiae,
3615 4012 3808 4067 dolore

2215 4118 2492 4179 torqueor,
2535 4117 2588 4161 et
2627 4107 2951 4161 verecundia
2978 4104 3314 4167 confundor;
3353 4105 3478 4174 quia
3529 4121 3614 4160 mc
3641 4104 3810 4159 «nise.

2215 4213 2332 4255 rum
2365 4197 2526 4252 nimis
2554 4203 2804 4254 deorsum
2823 4195 3004 4268 jacere
3030 4197 3260 4252 intueor.
3289 4196 3345 4251 Si
3367 4197 3512 4250 enim
3537 4196 3609 4250 ita
3634 4195 3809 4263 ﬂevit,

2213 4300 2261 4345 et
2292 4290 2344 4347 in
2374 4297 2513 4344 stetu
2538 4289 2900 4359 perseveravit
2925 4288 3133 4355 mulier.
3163 4305 3282 4358 qua:
3306 4288 3583 4359 qumrcbat
3607 4289 3807 4358 ﬁlium,

2213 4381 2484 4452 quomodo
2522 4380 2797 4452 plangere,
2845 4389 2898 4434 et
2949 4380 3000 4434 in
3049 4381 3268 4452 planctu
3323 4381 3615 4450 persistere
3646 4382 3811 4436 debet

519 4455 688 4554 quam
739 4465 936 4554 meam,
970 4456 1191 4554 meliora
1235 4469 1411 4528 actus,
1455 4479 1716 4536 compone
1747 4487 1944 4536 mores,
1989 4475 2111 4529 tolle
2144 4497 2188 4554 ο
2216 4473 2392 4526 anima
2427 4486 2568 4536 mea,
2600 4487 2718 4541 qum
2753 4472 2941 4543 quierit
2990 4481 3045 4527 et
3073 4481 3218 4525 amat
3267 4471 3455 4538 Deum,
3503 4473 3650 4527 et'ail
3679 4490 3810 4528 eum

522 4533 592 4588 de
629 4541 881 4632 mequod
923 4545 1052 4598 mihi
1082 4558 1312 4603 noeetet
1343 4551 1436 4605 tibi
1484 4533 1747 4624 displicet,
1792 4568 1846 4612 et
1871 4533 1940 4614 dav
1967 4565 2108 4632 quod

523 4630 666 4683 nosti
696 4631 789 4686 tibi
814 4633 1027 4702 placere
1047 4648 1103 4692 et
1128 4642 1258 4696 mihi
1283 4644 1558 4711 prodesse.
1595 4647 1724 4714 Quis
1747 4662 1908 4720 potest
1935 4630 2110 4724 facere

519 4721 775 4776 mundum
810 4725 874 4779 de
901 4726 1170 4784 immundo
1207 4744 1505 4814 conceptum
1533 4739 1746 4803 semine,
1788 4742 1890 4796 nisi
1923 4721 1976 4798 tu
2018 4766 2109 4800 so-

520 4812 646 4867 lits?
673 4814 795 4886 (Job
841 4834 952 4887 xw,
984 4820 1065 4889 4.)
1112 4822 1190 4877 Τιι
1234 4839 1294 4879 es
1325 4812 1467 4880 Deus
1506 4829 1844 4896 omnipotens
1885 4835 2110 4893 inﬁnita:

520 4905 759 4973 pietatis,
790 4912 882 4980 qui
919 4910 1199 4979 justificas.
1238 4919 1453 4987 impios,
1494 4929 1548 4975 et
1584 4923 1822 4980 viriticas
1869 4937 2112 4984 mortuos

512 5013 744 5073 propter
799 5019 1101 5076 peccaturo,
1156 5014 1245 5083 qui
1294 5027 1472 5072 mutas
1525 5029 1861 5088 peccatores,
1909 5030 1963 5075 ct
2007 5037 2111 5076 non

519 5105 665 5152 sunt.
699 5099 847 5156 Tolle
877 5116 1006 5171 ergo
1030 5105 1096 5160 de
1124 5122 1208 5162 me
1233 5109 1494 5179 quidquid
1528 5112 1620 5166 tibi
1653 5111 1901 5181 displicet
1924 5113 1977 5166 in
2003 5127 2111 5167 me.

513 5187 836 5258 lmperlecta
910 5193 1056 5248 enim
1149 5212 1268 5252 mea
1361 5200 1589 5269 plurima
1689 5203 1876 5257 vident
1969 5203 2110 5256 oculi

513 5285 594 5338 tui
634 5281 808 5355 (Psal.
830 5303 1091 5354 cxxrvtu,
1126 5291 1234 5356 16).
1268 5291 1437 5360 Mitte,
1467 5311 1667 5366 qumso,
1697 5312 1913 5350 mamun
1942 5295 2115 5366 pieta-

2219 4563 2504 4631 pervcnirc
2573 4561 2880 4616 desiderat?
2949 4561 3227 4629 Quomodo
3274 4577 3492 4632 gemere
3545 4579 3610 4616 ac
3676 4563 3811 4618 ﬁere

2220 4651 2379 4705 debet
2425 4650 2546 4704 talis
2572 4651 2771 4713 anima,
2819 4666 2938 4720 qum
2965 4651 3157 4720 quaerit
3197 4649 3360 4702 Deum
3402 4651 3489 4705 die
3519 4667 3584 4704 ac
3628 4664 3810 4722 nocte,

2218 4759 2338 4816 qua:
2402 4754 2597 4813 pt‘a‘ter
2649 4741 2922 4798 Christum
2970 4743 3102 4797 nihil
3161 4741 3271 4796 vult
3325 4745 3555 4798 amare?
3615 4743 3811 4800 Minun

2219 4835 2416 4906 quippe
2444 4843 2546 4901 est,
2591 4835 2636 4890 si
2675 4835 2786 4902 jam
2833 4851 2935 4888 non
2968 4835 3120 4888 facta:
3148 4841 3272 4888 sunt
3315 4834 3364 4888 ei
3407 4834 3660 4905 laci-gmw
3694 4852 3811 4889 aut:

2217 4947 2378 5000 puues
2417 4929 2499 4982 die
2537 4945 2598 4981 ac
2638 4939 2784 4981 nocte
2834 4924 3006 4997 (Psal.
3039 4942 3146 4991 xu,
3194 4926 3271 4994 4).
3335 4924 3548 4995 Respice
3575 4942 3725 4996 ergo,
3761 4937 3812 4980 et

2218 5022 2461 5077 miserere
2504 5024 2604 5074 mei
2643 5019 2815 5091 (Psal.
2855 5035 3004 5084 xxiv,
3035 5019 3145 5087 16),
3183 5020 3310 5090 quia
3361 5019 3577 5072 dolores
3627 5017 3814 5072 cordis

2219 5115 2321 5168 tnei
2357 5111 2701 5182 multiplicati
2737 5121 2881 5166 sunt.
2921 5112 2995 5164 Da
3027 5110 3157 5164 mihi
3190 5109 3624 5164 consolationem
3658 5120 3813 5164 tuam

2219 5205 2516 5265 cmlcstem,
2573 5213 2626 5258 et
2661 5203 2769 5257 uoli
2823 5217 3079 5273 spernere
3126 5201 3487 5272 peccatricem
3538 5201 3812 5262 animam,

2221 5312 2320 5367 pro
2355 5312 2459 5365 qua
2509 5305 2752 5350 mortuus
2787 5309 2863 5349 es.
2906 5293 2979 5347 Da
3008 5292 3158 5358 mihi,
3203 5307 3408 5362 qua-so,
3439 5292 3704 5362 lacrymas
3737 5305 3809 5345 es

1796 5452 2028 5508 VARIAZ
2066 5449 2482 5510 LECTIONES.

593 5575 684 5607 ‘m
721 5577 927 5657 Cplluta
963 5590 1038 5634 est
1073 5599 1190 5636 eum
1221 5582 1499 5657 sommalii
1525 5602 1637 5653 cup.
1671 5585 1760 5638 '56.
1791 5596 1836 5639 et
1865 5585 2014 5640 Edit.
2057 5588 2192 5657 Aug.
2227 5587 2285 5640 in
2309 5585 2399 5638 lib.
2435 5583 2616 5657 M_cdil.
2646 5598 2761 5657 cup.
2787 5580 2874 5657 ξϋ.
2900 5596 3020 5657 pag.
3204 5576 3284 5630 Au
3312 5574 3496 5657 {esurit
3519 5576 3809 5657 G|I_l'is_llmt

514 5660 620 5724 pro
645 5648 811 5724 gratia
844 5650 1200 5724 lacrymarum
1243 5653 1530 5724 obtinenda
1569 5646 1632 5707 ex
1667 5666 2006 5724 peccatorum
2057 5646 2434 5712 recordatione
2472 5653 2615 5707 Som.
2665 5646 2848 5717 Oratio
2883 5646 3225 5705 devotissima
3269 5647 3335 5702 ad
3373 5646 3558 5702 laudes
3593 5647 3811 5712 baben-

513 5717 638 5781 dits.

721 5717 808 5748 ""'
850 5718 1116 5785 Quantum
1147 5731 1198 5778 te
1228 5722 1401 5791 diligit
1425 5723 1567 5778 Som.
1602 5717 1858 5793 quantum
1888 5735 1938 5781 te
1963 5726 2149 5798 diligat
