4048 6288
320 334 423 390 893

1774 335 1912 394 ORA
1921 333 2185 392 ’ΠοΝΕᾶ

3479 338 3583 394 θυι

321 457 432 502 ιοιο
457 446 650 500 affectu
680 447 943 512 internas,
963 465 1095 518 qua:
1121 461 1465 519 peccatorum
1495 466 1740 506 meorum
1769 467 1908 520 post
1925 458 1968 514 Α
2002 458 2116 504 tum
2143 447 2475 518 compungit.
2515 448 2589 502 Da
2617 448 2746 504 mihi
2775 448 3005 518 gratimt
3035 449 3422 524 lacrymartuu.
3445 449 3586 504 sicut

318 541 424 594 sint
459 539 670 596 solvere
707 542 942 607 vincula,
981 552 1036 597 et
1063 545 1271 601 cmlesti
1315 545 1654 616 iucunditate
1681 559 1899 613 semper

318 630 562 701 repleant
607 632 843 687 animam
873 650 1081 701 meam;
1123 639 1168 691 si
1196 651 1300 691 non
1351 651 1475 692 cum
1519 636 1665 691 veris
1691 645 1745 691 et
1773 649 1898 705 per-

319 723 474 778 fectis
507 725 810 790 monachis,
858 742 1090 796 quorum
1143 729 1370 799 vestigia
1421 743 1630 798 nequeo
1669 727 1893 791 imitari,

312 813 503 868 saltem
554 830 676 870 cum
734 816 945 872 devotis
1003 819 1320 875 mulieribus
1371 819 1898 890 quantulumcunque

312 905 614 973 portionem
652 907 703 960 in
735 923 902 978 regno
934 918 1026 962 tuo
1056 923 1270 966 merear
1295 906 1543 981 adipisci.

381 997 546 1052 Venit
575 1013 792 1068 quoque
830 998 962 1054 mihi
997 1002 1048 1054 in
1103 1011 1338 1057 mentem
1383 1002 1607 1058 alterius
1653 1002 1896 1057 mulieris

309 1088 524 1144 devotio
571 1090 732 1155 mira,
788 1107 911 1162 qua:
964 1101 1017 1148 te
1063 1093 1116 1148 in
1177 1093 1426 1163 sepulcro
1470 1095 1746 1165 jacentem
1804 1096 1896 1165 pio

321 1192 507 1232 amore
534 1180 834 1249 quaerebat,
866 1196 986 1251 qua:
1013 1183 1394 1238 recedentibus
1415 1184 1690 1253 discipulis
1715 1185 1781 1239 de
1807 1201 1894 1239 sc-

309 1267 496 1336 pulcro
555 1283 663 1324 non
704 1271 1019 1337 recedebat,
1073 1287 1195 1341 quae
1240 1272 1465 1328 sedebat
1509 1273 1583 1328 ibi
1630 1273 1800 1328 tristis
1841 1284 1894 1328 et

308 1372 573 1424 mmrens,
615 1371 671 1416 et
717 1361 808 1416 diu
864 1363 1202 1435 multumque
1258 1363 1456 1430 ﬂebat;
1501 1374 1558 1419 et
1606 1379 1895 1434 resurgens

310 1452 498 1508 multis
528 1452 782 1524 lacrymis
810 1456 1005 1510 iterum
1034 1455 1341 1525 iterumque
1369 1465 1524 1510 antra
1579 1457 1776 1511 deserti
1805 1472 1894 1510 se-

301 1543 481 1612 pulcri
527 1544 880 1615 vigilantibus
919 1547 1093 1602 oculis
1141 1547 1485 1617 explorabat,
1516 1548 1562 1602 si
1619 1547 1758 1603 forte
1795 1547 1904 1600 ali--

306 1634 435 1688 eubi
467 1643 519 1690 te
545 1635 728 1693 videre
752 1645 960 1707 posset,
991 1651 1156 1706 quem
1187 1638 1419 1694 ferventi
1447 1638 1716 1694 desiderio
1747 1655 1890 1708 qua:-

308 1725 485 1778 rebat.
516 1725 632 1778 .lam
677 1737 824 1781 certe
866 1729 1031 1783 semel
1069 1737 1124 1784 et
1169 1728 1364 1783 iterum
1419 1729 1660 1798 ingressa
1709 1731 1889 1799 sepul-

2003 540 2197 596 tledisti
2261 541 2508 610 patribus
2568 543 2792 608 nostris,
2855 558 3110 612 quorum.
3138 542 3362 614 vestigia
3412 541 3584 603 debet)

2003 631 2225 697 imitari,
2259 640 2315 686 ut
2338 631 2588 703 plangam
2619 647 2706 698 me
2733 633 2784 688 in
2811 622 2964 688 onmi
2986 635 3091 689 vita
3123 649 3261 704 mea,
3303 634 3448 690 sicut
3479 634 3582 703 ipsi

1999 737 2059 777 se
2080 723 2406 793 planxerunt
2431 734 2606 780 nocte
2629 741 2696 780 ac.
2729 725 2848 790 die,
2871 725 3096 796 Propter
3141 726 3332 796 merita
3376 735 3429 780 et
3455 741 3584 796 ora-

2001 816 2387 870 tiones-eorum
2423 817 2514 886 qui
2542 816 2639 871 tibi
2662 816 2980 886 placuerunt
3009 828 3063 874 et
3097 818 3442 874 devotissime
3469 834 3585 873 ser-

1999 908 2227 972 vierunt,
2259 908 2520 966 miserere
2543 909 2648 962 mei
2680 908 2970 965 miserrimi
3001 919 3055 964 et
3083 910 3286 980 indigni
3318 910 3457 966 servi
3484 910 3608 981 tui,

1997 1008 2050 1054 et
2089 998 2154 1052 da
2188 998 2318 1054 mihi
2358 999 2589 1068 gratiam
2624 998 3013 1070 lacrymarum.
3046 999 3122 1054 Da
3151 1000 3282 1054 mihi
3323 999 3583 1070 irriguum

1997 1090 2267 1161 superius,
2295 1099 2351 1146 et
2379 1091 2640 1161 irriguum
2677 1090 2924 1154 inferius,
2954 1100 3012 1145 ut
3032 1091 3160 1147 sint
3187 1093 3314 1146 milii
3337 1091 3590 1162 lucrynttu.

1998 1195 2124 1234 metu
2147 1195 2309 1249 panes
2329 1181 2414 1233 die
2443 1196 2504 1234 ac
2535 1191 2705 1246 nocte,
2730 1180 3040 1250 eﬂiciarque
3066 1182 3116 1236 in
3149 1191 3437 1250 conspectu
3471 1190 3580 1244 tuo,

1999 1271 2140 1328 Deus
2181 1286 2353 1337 meus,
2379 1287 2474 1341 per
2515 1272 2690 1342 ignem
2723 1273 3174 1347 compunctionis,
3208 1272 3596 1334 holocaustum,

1997 1362 2191 1432 pingue
2234 1372 2290 1417 et
2316 1362 2701 1430 medullatum;
2749 1373 2954 1420 macter
2980 1373 3126 1419 totus
3171 1365 3223 1420 in
3264 1379 3358 1418 ara
3405 1364 3594 1432 cordis,

1997 1451 2119 1515 mei,
2161 1462 2416 1521 tanquam
2466 1453 2876 1523 pinguissimum
2907 1453 3283 1512 holocaustum
3333 1469 3592 1519 assumar.

1998 1541 2159 1598 tibiin
2178 1545 2400 1604 odorem
2427 1543 2822 1613 suavitatisiba
2844 1545 2997 1608 mihi,
3013 1544 3349 1608 dulcissime,
3378 1544 3582 1598 fontem

1996 1633 2282 1702 irrigutnn
2311 1633 2626 1704 fontemque
2677 1634 3042 1705 perspicuum,
3102 1636 3155 1688 in
3215 1650 3326 1702 quo
3371 1633 3591 1690 lavetur.

1993 1727 2213 1782 assidue
2255 1726 2398 1782 istud
2439 1726 2778 1796 inquinatum
2824 1726 3219 1780 holocaustum.
3262 1725 3412 1784 Licet
3439 1727 3582 1780 enim

298 1827 457 1866 crmn
514 1815 746 1881 viderat,
776 1819 868 1872 sed
906 1818 1132 1873 nimium
1179 1819 1382 1873 amanti
1414 1833 1519 1873 non
1563 1821 1701 1876 satis
1746 1831 1888 1884 erat,
1925 1799 1968 1852 Β
1995 1832 2079 1870 me
2123 1824 2292 1886 totum
2328 1815 2423 1870 tibi
2471 1815 2760 1876 obtulerim
2795 1815 3094 1885 opitulante
3141 1818 3315 1887 gratia
3367 1825 3478 1879 tua,
3529 1818 3590 1870 in.

296 1903 480 1957 Virtus
513 1905 658 1959 enim
691 1907 814 1961 boni
864 1910 1046 1978 operis
1077 1909 1481 1979 perseverantia
1509 1919 1613 1966 est.
1661 1911 1726 1965 Et
1765 1913 1890 1982 quia

295 2007 414 2060 pra:
445 1996 660 2051 etuteris
710 1997 916 2064 dilexit,
966 2008 1022 2055 et
1068 1999 1342 2070 diligendo
1392 1999 1563 2066 ﬂevit,
1615 2009 1670 2056 et
1717 2001 1892 2058 ﬂendo

291 2086 570 2153 quaasivit,
625 2096 682 2143 et
741 2091 1032 2158 quaerendo
1087 2093 1473 2162 perseveravit,
1543 2093 1666 2148 idco
1714 2095 1904 2164 prima

289 2174 539 2231 omnium
593 2188 646 2233 le
678 2180 946 2245 invenire,
1006 2194 1056 2237 te
1092 2185 1273 2239 videre
1306 2184 1418 2248 “",
1457 2192 1510 2239 te
1548 2185 1747 2253 alloqui
1779 2199 1889 2238 mc-

289 2268 426 2323 ruit.
465 2269 528 2324 Et
579 2285 688 2325 non
717 2273 890 2326 solum
924 2275 1056 2340 lucc,
1106 2278 1200 2332 sed
1231 2276 1396 2331 etiam
1448 2277 1578 2344 ipsis
1608 2278 1889 2346 discipulis

285 2361 547 2430 gloriosae
592 2366 1008 2421 resurrectionis
1056 2376 1158 2422 tua:
1207 2369 1508 2437 praenuntia
1559 2370 1784 2431 exstitit,
1838 2379 1888 2424 te

287 2453 670 2522 praecipiente,
696 2466 752 2511 et
789 2457 1084 2514 clementer
1107 2471 1359 2516 mouente
1394 2478 1406 2513 :
1467 2459 1626 2524 Vade,
1670 2463 1753 2514 dic
1776 2461 1888 2529 frn-

283 2543 460 2597 tribus
506 2547 635 2600 meis
687 2558 738 2600 ut
777 2559 896 2604 cant
939 2551 994 2604 in
1056 2549 1354 2616 Gaiilwam,
1400 2552 1472 2606 ibi
1517 2569 1599 2606 me
1643 2551 1885 2606 ridebunt

282 2635 512 2704 (Matth.
550 2652 741 2701 xxrtn.
780 2641 888 2710 l0).
920 2641 976 2696 Si
1005 2657 1136 2714 ergo
1162 2644 1234 2697 ita
1257 2642 1422 2708 ﬂevit,
1447 2652 1503 2698 et
1531 2644 1583 2698 in
1617 2642 1742 2699 ﬂetu
1764 2658 1887 2712 per-

281 2726 567 2781 severavit
610 2728 822 2795 mulier,
872 2747 991 2799 qua:
1020 2733 1289 2788 viventem
1322 2749 1442 2789 cum
1480 2732 1710 2788 mortuis
1738 2749 1894 2803 quae:

283 2814 451 2874 rebat
479 2813 633 2886 (Luc.
668 2833 816 2883 xxiv,
854 2820 932 2889 5),
963 2836 1083 2890 qua:
1132 2830 1185 2878 te
1232 2838 1396 2878 manu
1433 2823 1555 2879 fidei
1607 2824 1879 2890 tangebat,

279 2913 567 2977 quomodo
617 2912 871 2982 plangere
917 2924 972 2969 et
1003 2917 1055 2969 in
1099 2916 1315 2985 planctu
1376 2918 1668 2987 persistere
1720 2918 1881 2974 debet

279 2998 496 3064 anima,
527 3015 648 3070 quae
676 3009 726 3056 te
764 3002 1178 3074 ltedcmptorem
1207 3021 1364 3061 suum
1387 3005 1499 3075 jam
1527 3008 1668 3063 coelo
1692 3009 1881 3078 ιιι-ωεξ-

279 3092 508 3145 dentem
547 3103 602 3147 et
631 3094 830 3162 ubique
855 3104 1170 3166 regnantem
1201 3097 1366 3153 corde
1391 3099 1588 3162 credit,
1616 3116 1713 3154 ore
1745 3115 1878 3154 con~

281 3182 510 3237 litetur?
539 3182 714 3252 (Rom.
747 3200 800 3251 ιι,
833 3185 944 3256 l0.)
970 3186 1250 3253 Quomodo
1278 3203 1408 3257 ergo
1435 3202 1649 3255 gemere
1671 3199 1725 3243 ct
1751 3187 1880 3244 ﬂere

279 3273 451 3328 debet
479 3274 602 3329 talis
632 3278 832 3342 anima,
882 3293 1004 3347 quae
1051 3287 1104 3332 te
1147 3288 1258 3333 toto
1287 3280 1450 3334 corde
1498 3279 1674 3349 diligit
1721 3289 1879 3349 teque

280 3373 406 3421 toto
442 3366 711 3422 desiderio
737 3369 922 3424 videre
951 3371 1331 3440 concupiscit?

360 3455 551 3511 Solum
581 3458 914 3527 confugium,
965 3472 1020 3515 et
1047 3462 1205 3516 unica
1235 3476 1359 3530 spes
1388 3461 1735 3528 miscrorum,
1769 3463 1879 3516 Do-

280 3548 458 3613 mine,
485 3550 571 3603 cui
602 3567 875 3619 nunquam
906 3553 1026 3608 sine
1053 3569 1148 3624 spe
1181 3555 1567 3609 misericordiae
1603 3556 1876 3626 supplica-

281 3648 399 3702 tur,
431 3650 626 3709 prmsta
655 3643 784 3696 mihi
813 3643 952 3698 hane
973 3644 1208 3714 gratiam
1232 3654 1454 3716 propter
1481 3653 1553 3711 te,
1576 3655 1631 3700 et
1658 3656 1873 3717 propter

280 3745 485 3784 nomen
526 3742 773 3786 sanetum
821 3741 992 3800 tuum,
1026 3745 1085 3790 ut
1131 3736 1343 3805 quoties
1371 3737 1439 3792 de
1488 3745 1540 3792 te
1570 3737 1768 3806 cogito,
1809 3739 1875 3792 dc

280 3830 336 3873 te
369 3818 582 3889 loquor,
625 3822 692 3877 de
719 3831 770 3877 te
813 3825 1014 3890 scribo,
1061 3826 1129 3880 de
1161 3835 1213 3880 te
1251 3826 1392 3895 lego,
1449 3827 1516 3880 de
1549 3838 1599 3880 te
1627 3828 1870 3892 confero,

276 3913 499 3979 quoties
536 3923 590 3966 tu
633 3916 972 3983 reminiscor,
1016 3917 1110 3972 tibi
1148 3919 1370 3982 assisto,
1424 3919 1631 3984 laudes,
1661 3935 1869 3988 preces,

274 4010 334 4053 ot
366 4001 695 4056 sacriﬁcium
721 4004 912 4071 olfero,
943 4006 1101 4061 toties
1123 4007 1331 4061 obortis
1379 4007 1631 4076 lacrymis
1661 4008 1711 4061 in
1741 4024 1873 4064 con-

275 4099 471 4159 spectu
515 4100 608 4147 tuo
639 4095 854 4163 copiose
881 4105 936 4150 ct
963 4097 1194 4154 dulciter
1216 4097 1397 4162 ﬂeam,
1438 4098 1509 4152 ita
1547 4108 1602 4152 ut
1629 4099 1866 4154 eﬂician-

279 4192 374 4232 ιιιι·
395 4183 522 4235 mihi
543 4183 790 4254 lacrymw
813 4202 941 4241 mea:
959 4203 1120 4257 partes
1132 4189 1217 4242 die
1231 4207 1293 4242 ac
1308 4199 1455 4243 nocte
1475 4187 1649 4258 (I’sal.
1665 4207 1772 4258 xu,
1789 4194 1863 4262 ὁ).

279 4273 365 4328 Tu
409 4275 649 4356 quidem,
697 4277 808 4332 Rex
839 4278 1022 4347 gloria:
1061 4289 1117 4336 et
1137 4281 1378 4338 omnium
1412 4284 1667 4338 virtutum
1703 4287 1869 4356 magi-

275 4373 423 4427 ster,
452 4365 679 4419 docuisti
711 4383 808 4422 nos
839 4369 1002 4425 verbo
1029 4380 1086 4426 et
1113 4371 1358 4440 exemplo
1381 4387 1596 4442 gemere
1624 4385 1673 4428 ct
1716 4373 1866 4439 ﬂere,

1995 1907 2177 1962 multis
2201 1909 2368 1980 258
2397 1916 2576 1964 tamen
2600 1909 2842 1978 quotidie
2866 1907 3080 1964 offendo
3108 1919 3326 1979 propter
3354 1909 3591 1976 nimiam,

1993 1999 2340 2068 fragilitatem
2368 2015 2564 2056 meam.
2607 1999 2682 2054 Da
2715 2014 2843 2069 ergo
2890 1999 3019 2052 mihi
3048 1999 3276 2069 gratiam
3310 1999 3581 2070 lacryma-

1995 2105 2134 2154 rtun,
2157 2090 2439 2146 benediete
2468 2101 2526 2155 et
2551 2090 2801 2145 amabilis
2831 2091 2995 2156 Deus,
3022 2090 3292 2160 praecipue
3317 2106 3383 2146 ex
3415 2092 3589 2160 multa

1991 2179 2276 2236 dulcedine
2301 2181 2502 2236 amoris
2551 2182 2650 2248 tui,
2685 2189 2740 2235 et
2789 2181 3309 2236 commemoratione
3361 2181 3588 2238 miseri-.

1989 2272 2298 2326 cor-diarum
2346 2280 2580 2338 tuarum,
2626 2288 2872 2344 prtepara
2918 2272 3060 2328 hanc
3089 2287 3333 2342 mensam
3383 2274 3589 2346 famtdoi

1992 2371 2082 2416 tuo
2113 2363 2164 2417 in
2215 2373 2506 2432 conspectu
2539 2373 2665 2426 tuo;
2715 2373 2772 2419 et
2811 2365 2879 2418 da
2908 2362 3040 2439 mihi
3083 2378 3204 2420 eam
3234 2362 3309 2435 in,
3337 2372 3584 2436 potestas

1991 2462 2098 2508 tem
2134 2454 2244 2520 ωδ,
2277 2464 2334 2508 ιιι
2357 2455 2570 2524 quoties
2596 2455 2715 2510 volo
2735 2455 2903 2510 satior
2930 2470 2994 2512 ex
3025 2471 3124 2526 ea,
3142 2455 3318 2514 tribue
3343 2471 3442 2526 pro
3463 2455 3585 2526 pica

1989 2556 2101 2603 tate
2125 2556 2182 2602 ct
2210 2547 2454 2604 bonitate
2489 2557 2600 2615 tua,
2631 2557 2707 2602 'ut
2733 2550 2840 2604 iste
2865 2547 3006 2602 calix
3053 2557 3174 2602 tuus
3209 2535 3488 2604 inebrians
3526 2555 3587 2612 ει,

1987 2638 2280 2706 praeclarus
2301 2638 2464 2693 saliet
2489 2637 2637 2693 sitim
2669 2651 2844 2690 meam
2863 2635 3034 2706 (Psal.
3060 2651 3193 2702 xxn,
3217 2635 3296 2706 5),
3327 2645 3384 2689 ιιι
3408 2635 3584 2697 inhiet

1988 2731 2084 2784 tibi
2107 2730 2331 2801 spiritus
2380 2744 2555 2795 meus,
2589 2737 2656 2784 et.
2685 2728 2877 2784 ardeat
2923 2741 3076 2782 mens
3126 2743 3246 2784 mea
3298 2727 3352 2782 in
3387 2742 3588 2788 amore.

1988 2825 2084 2891 tui,
2121 2825 2320 2880 oblitus
2363 2823 2622 2879 vanitatis
2652 2832 2709 2880 et
2751 2823 3004 2878 miseriae.
3039 2821 3197 2886 Audi,
3233 2821 3372 2876 Deus
3402 2834 3582 2883 meus.

1984 2918 2132 2985 audi,
2181 2917 2362 2983 lumen
2407 2917 2685 2974 oculorum
2714 2931 2984 2984 meorum,
3015 2915 3138 2971 audi
3185 2931 3305 2985 quae
3352 2923 3500 2984 peto,
3524 2921 3585 2976 et,

1983 3013 2052 3068 da
2089 3021 2150 3067 ut
2177 3021 2355 3084 petam
2380 3013 2524 3081 quod
2549 3011 2755 3066 audias.
2789 3009 2885 3066 Pie
2911 3020 2966 3065 et
3003 3009 3297 3066 exorabilis
3328 3007 3582 3072 Domine.

1983 3117 2053 3158 ne
2081 3101 2334 3158 eﬂiciaris
2371 3102 2504 3157 mihi
2550 3101 2897 3156 inexorabilis
2921 3106 3145 3170 propter
3171 3105 3392 3169 peccata
3432 3112 3578 3161 mea,

1983 3193 2075 3248 sed
2129 3201 2350 3262 propter
2398 3191 2692 3247 bonitatem
2747 3200 2894 3247 tuam
2941 3191 3156 3260 suscipe
3203 3204 3392 3258 preces
3431 3189 3580 3252 servi

1985 3280 2082 3347 tui,
2129 3289 2185 3335 et
2225 3281 2291 3333 da
2322 3279 2454 3333 mihi
2483 3278 2734 3334 eﬂ'ectum
2765 3277 3048 3348 petitionis
3079 3293 3211 3331 mea:
3233 3285 3287 3330 et
3317 3274 3574 3330 desiderii

1982 3371 2108 3434 mei,
2163 3370 2418 3440 precibus
2464 3378 2519 3423 et
2561 3368 2767 3422 meritis
2818 3368 3066 3436 gloriosa:
3101 3366 3342 3437 Virginis
3390 3365 3578 3420 Marias

1980 3458 2212 3515 domina-
2239 3473 2373 3513 mea:
2400 3466 2456 3513 et
2487 3457 2729 3512 omnium
2767 3465 3101 3510 sanctorum.
3138 3456 3335 3511 Amen.

2484 3545 2739 3603 ORATIO
2768 3545 2910 3602 XV.“
2942 3545 3055 3598 ωδ.

2579 3654 2648 3692 ΔΙ)
2681 3652 2978 3694 CHRISTI)“.

2067 3733 2197 3788 Cum
2225 3733 2432 3786 ardenti
2462 3733 2720 3786 desiderio
2743 3731 2913 3786 solum
2944 3729 3210 3784 Christum
3238 3727 3476 3782 amandi.
3566 3772 3577 3784 .

2045 3822 2171 3877 .lesu
2201 3832 2386 3892 nostra
2422 3821 2740 3890 redemptio,
2772 3835 2927 3892 arnor
2964 3829 3018 3874 et
3047 3819 3394 3882 desiderium,
3426 3817 3568 3874 Deus

1976 3914 2042 3966 de
2077 3912 2205 3976 Deo,
2237 3912 2424 3966 adesto
2469 3911 2598 3964 mihi
2632 3910 2833 3964 famulo
2862 3920 2972 3964 tuo.
3027 3910 3103 3965 Te
3151 3911 3365 3974 invoco,
3414 3909 3480 3962 ad
3514 3918 3565 3963 te

1976 4004 2150 4060 clamo
2175 4003 2412 4058 clamore
2453 4017 2651 4076 magno
2679 4003 2731 4056 in
2764 4011 2874 4056 toto
2901 4001 3066 4068 corde
3093 4016 3233 4056 meo.
3267 4001 3342 4055 Te
3373 4001 3574 4073 invoco,

1975 4096 2030 4151 in
2060 4095 2295 4149 animam
2336 4111 2534 4157 meam,
2561 4096 2702 4149 intra
2743 4093 2796 4148 in
2818 4109 2960 4159 eam,
2993 4102 3048 4148 et
3078 4101 3270 4163 coapta
3294 4106 3414 4148 eam
3440 4091 3561 4157 tibi,

1973 4196 2034 4241 ut
2059 4186 2338 4258 possideas
2357 4202 2474 4242 eam
2499 4186 2619 4241 sine
2649 4200 2777 4256 ruga
2809 4193 2866 4239 et
2908 4184 3023 4239 sine
3061 4183 3294 4240 macula.
3324 4182 3562 4237 Mundis-

1972 4279 2110 4334 siuto
2137 4294 2370 4349 namque
2390 4278 2618 4334 Domino
2639 4277 2835 4332 munda
2860 4276 3088 4332 debetur
3112 4275 3398 4332 habitatio.
3424 4273 3576 4350 Sun-3

1973 4372 2150 4428 ctiftca
2181 4386 2311 4442 ergo
2341 4386 2427 4426 me
2456 4387 2552 4426 vas
2606 4379 2756 4424 tuum
2808 4369 2954 4440 quod
2983 4367 3184 4434 fecisti,
3234 4368 3302 4421 de
3354 4365 3559 4421 malitia

272 4457 469 4510 dicens
499 4470 515 4509 :
542 4455 694 4511 Beati
723 4461 812 4528 qui
838 4461 1034 4531 lugent,
1058 4464 1304 4533 quoniam
1333 4465 1433 4535 ipsi
1457 4465 1870 4520 consolabuntur
1901 4492 1946 4547 υ
1971 4479 2196 4528 evacua,
2229 4463 2392 4533 imple
2421 4463 2488 4518 de
2521 4463 2714 4534 gratia,
2750 4472 2806 4516 et
2835 4461 3052 4531 plenum
3078 4475 3360 4525 conserva,
3402 4459 3474 4514 ita
3502 4466 3560 4516 ut
3609 4521 3612 4524 ,

274 4546 497 4618 (Matth.
531 4566 580 4614 v,
618 4551 694 4618 5).
720 4550 797 4606 Tu
840 4551 1030 4609 ﬂevisti
1059 4556 1370 4611 defunctum
1407 4560 1669 4625 amicmn,
1696 4569 1752 4614 et
1784 4560 1864 4613 la-

271 4647 556 4709 crymatus
583 4653 642 4693 es
687 4641 840 4696 valde
867 4657 1031 4712 super
1056 4645 1352 4712 perituram
1382 4647 1677 4702 civitatem.
1709 4648 1862 4716 Rogo

275 4742 355 4794 te,
405 4731 547 4787 bone
593 4733 742 4798 Jcsu,
797 4748 894 4803 per
950 4736 1066 4789 illas
1123 4737 1543 4805 pretiosissimas
1593 4738 1862 4809 lat-rytuas

273 4829 422 4883 tuas,
449 4831 504 4874 et
529 4837 623 4890 per
653 4839 845 4878 omnes
885 4824 1263 4881 miserationes
1290 4836 1440 4892 tuas,
1469 4828 1665 4897 quibus
1695 4829 1860 4884 mira-

275 4908 464 4964 biliter
510 4912 666 4967 nobis
716 4914 942 4982 perditis
1009 4916 1298 4972 subvenire
1353 4918 1603 4988 dignatus
1657 4934 1738 4985 es,
1789 4921 1855 4973 da

275 4999 409 5053 mihi
448 5003 678 5068 gratiam
711 5003 1096 5075 lacrymarum,
1126 5024 1288 5078 quam
1322 5009 1547 5064 multum
1585 5011 1872 5066 desiderat.

271 5101 328 5143 ct
354 5093 562 5160 appetit
599 5096 776 5149 anima
829 5112 974 5162 mea,
1005 5100 1130 5167 quia
1161 5102 1280 5154 sine
1305 5103 1446 5156 dono
1489 5112 1578 5157 tuo
1611 5101 1705 5133 “‘3
1747 5118 1853 5157 non

273 5203 496 5254 possum
553 5191 755 5246 habere
797 5208 940 5259 eam,
992 5193 1086 5248 sed
1143 5210 1239 5263 per
1287 5196 1550 5265 Spiritum
1605 5209 1854 5252 sanctum

273 5289 449 5342 tuum,
480 5282 568 5349 qui
598 5284 729 5336 dura
759 5285 921 5339 corda
956 5294 1296 5355 peccatorum
1329 5289 1518 5354 mollit,
1552 5301 1608 5344 ct
1645 5295 1712 5344 ad
1761 5290 1855 5344 ﬂc-

1973 4556 2194 4626 dignum
2241 4555 2595 4610 habitationis
2628 4563 2730 4608 tute
2773 4553 2977 4609 eﬂiciar
3008 4551 3267 4623 templum
3297 4551 3386 4606 hic
3416 4559 3472 4605 et
3503 4550 3558 4604 in

1970 4656 2308 4717 perpetuum.
2344 4645 3126 4718 Dulcissime,benignissime,
3160 4641 3572 4712 amantissime,

1968 4737 2310 4803 charissime,
2339 4736 2736 4807 potentissime,
2765 4734 3243 4794 desideratissime,
3276 4730 3556 4801 pretiosis-

1968 4829 2126 4894 sime,
2173 4825 2579 4890 amabilissime,
2632 4825 3012 4896 pulcherrime,
3051 4833 3105 4878 tu
3139 4820 3295 4876 melle
3324 4819 3554 4884 dulcior,

1969 4920 2109 4975 lacte
2136 4927 2194 4973 et
2219 4917 2344 4972 nive
2371 4917 2674 4982 candidior,
2712 4923 2936 4969 nectare
2965 4912 3202 4978 suavior,
3244 4908 3473 4979 gemmis
3502 4917 3567 4970 et,

1965 5028 2097 5066 auro
2123 5010 2437 5082 pretiosior,
2466 5008 2785 5074 cunctisque
2819 5015 3087 5060 terrarum
3126 5001 3329 5058 divitiis
3359 5009 3415 5057 et
3452 5001 3553 5056 ho-

1965 5103 2189 5160 noribus
2230 5101 2361 5156 mihi
2391 5101 2632 5156 charior.
2673 5096 2810 5162 Quid
2857 5095 2998 5156 dico.
3054 5095 3193 5149 Deus
3221 5107 3396 5157 meus,
3444 5107 3552 5146 una

1964 5209 2088 5266 spes
2117 5209 2237 5250 mea
2280 5201 2387 5247 tam
2415 5187 2636 5261 grandis
2673 5185 3045 5241 misericordia
3077 5184 3206 5240 tua?
3234 5183 3375 5263 Quid
3407 5183 3548 5245 dico,

1965 5287 2191 5342 dulcedo
2216 5285 2342 5340 felix
2376 5291 2431 5337 et
2475 5277 2703 5336 secura?
2733 5276 2870 5344 Quid
2898 5277 3040 5341 dico,
3067 5277 3192 5330 dum
3221 5274 3346 5328 talia
3391 5271 3550 5328 dico?

1565 5425 1797 5479 VAlilxii
1845 5421 2248 5478 LI'jflTIONES.

345 5524 531 5602 ruite
559 5529 741 5584 videre
768 5530 903 5602 Aug.
933 5534 1099 5586 omitt.

1179 5534 1273 5568 ¹²²⁸
1290 5533 1436 5588 Dono
1462 5545 1554 5606 tuo
1579 5541 1712 5606 Aug.
1743 5541 1912 5592 omitt.
1942 5549 2034 5592 tuo
2090 5535 2182 5567 ““
2199 5534 2321 5588 Mihi
2343 5540 2664 5606 potestatem
2682 5529 2819 5606 Ling.
2847 5529 2975 5584 mihi
3003 5544 3120 5606 eam
3141 5529 3192 5582 in
3211 5538 3539 5606 potestatem

397 5597 618 5676 getiam
650 5610 722 5653 est
746 5594 879 5676 cuiu:
901 5602 1175 5676 Sommagli‘i
1201 5606 1368 5676 capite
1387 5606 1439 5658 8.
1466 5605 1603 5658 inter
1639 5594 1823 5660 ᾒῖειιὶι.
1854 5607 1911 5661 S.
1941 5606 2246 5676 Augustini,
2275 5616 2322 5676 et
2343 5594 2470 5656 'cum
2499 5600 2736 5676 Edit._S.
2759 5594 2982 5676 August.
3011 5594 3450 5676 _li'.rs_taiur__en_im
3485 5603 3541 5654 iu
3561 5646 3578 5654 ,,

269 5664 362 5718 lib.
387 5667 626 5743 Mettum.
655 5680 776 5743 toni.
797 5670 900 5726 IX.
922 5691 1042 5740 pag.
1066 5674 1187 5728 546.
1218 5664 1338 5726 Non
1358 5685 1522 5727 exstat
1551 5678 1602 5728 in
1628 5693 1753 5730 mss.
1783 5679 1842 5729 S.
1870 5664 2122 5731 Anselini.
2145 5664 2398 5743 Ejusdem
2424 5671 2780 5743 eumardenti
2792 5664 3060 5743 desiderio
3076 5669 3537 5728 solumChristum

276 5739 510 5807 amandi,
543 5749 595 5795 et
625 5741 738 5812 ejus
761 5739 1024 5799 desiderio
1053 5744 1264 5800 fruendi
1298 5744 1443 5800 Sam.
1475 5746 1660 5801 Oratio
1695 5747 1916 5803 multum
1951 5739 2280 5803 movens'ad
2310 5744 2645 5802 devotionem
2669 5750 2723 5798 et
2752 5741 2989 5804 divinum
3018 5755 3256 5798 amorem
