4048 6288
495 334 617 410 8,95,

858 350 916 407 S.
961 348 1261 406 ANSELMI
1295 346 1646 406 CANTUAR.
1674 343 1999 402 ARCHIEP.
2035 344 2067 403 0

2172 382 2187 400 .
2224 343 2408 400 PARS
2446 342 2507 398 ll.
2542 374 2612 385 —
2638 339 3010 397 ΡᾹΒᾸΞΝΕΤ.
3048 342 3136 398 ΕΤ
3163 343 3404 400 ASCET.

3658 349 3767 413 806

496 470 628 524 Dico
650 468 790 538 quod
822 468 995 529 Valeo.
1036 470 1128 524 sed
1161 484 1265 523 non
1307 469 1430 521 dico
1459 466 1602 535 quod
1631 465 1826 520 debeo.
1860 463 2075 520 Utinam
2107 464 2153 521 Α
2178 471 2237 517 ιιι
2272 465 2338 519 de
2366 462 2752 533 temporalibus
2795 478 2897 518 nec
2936 462 3170 532 lugeam,
3205 477 3303 517 nec
3333 467 3621 532 gaudeam,
3666 483 3765 524 nec

495 574 709 630 possem
736 559 861 614 talia
892 560 1092 622 dicere,
1127 560 1301 630 qualia
1333 560 1406 614 illi
1440 558 1735 630 hymnidici
1762 558 2075 628 angelorum

496 653 686 707 chori!
738 651 970 720 Oquam
1019 652 1252 707 libenter
1302 668 1387 707 me
1428 652 1482 707 in
1537 652 1644 706 tuis
1680 650 1933 704 laudibus
1987 650 2078 682 ’⁸⁵⁸

496 753 667 798 totum
698 743 1064 799 effunderem!
1097 743 1142 800 0
1165 761 1325 815 quam
1357 745 1703 799 devotissime
1720 743 1812 797 illa
1842 743 2079 798 catastis

496 832 741 887 melodim
768 834 979 889 cantica
1010 836 1077 889 ad
1114 835 1323 889 laudum
1356 844 1410 889 et
1457 835 1679 900 gloriam
1732 834 1965 889 nominis
2000 834 2077 887 tui

493 924 548 978 iu
578 924 756 978 medio
782 924 1036 979 Ecclesiae
1063 925 1408 997 infatigabilis
1431 927 1521 958 ηδ’
1550 941 1857 996 perorarent
1886 927 1900 980 !

564 1013 670 1068 Sed
702 1017 827 1084 quia
858 1015 984 1071 talia
1020 1033 1122 1070 non
1152 1032 1391 1085 possum,
1437 1016 1675 1087 nunquid
1720 1017 1946 1071 tacebo?
1986 1015 2079 1071 Va:

495 1104 795 1159 tacentibus
840 1104 906 1160 de
939 1114 1011 1168 te,
1044 1107 1131 1175 qui
1160 1122 1255 1160 ora
1289 1118 1557 1161 nmtorum
1612 1109 1854 1176 resolvis,
1899 1119 1950 1163 et
1979 1109 2079 1162 lin-

493 1208 628 1263 gnas
660 1193 944 1248 infantium
987 1194 1122 1250 facis
1155 1197 1385 1251 disertos
1414 1198 1567 1269 (Sep.
1617 1215 1671 1265 x,
1721 1200 1835 1269 2|).
1875 1201 1961 1254 Vze
1994 1206 2077 1254 ta-

491 1284 740 1338 centibus
772 1286 836 1339 de
885 1295 956 1352 te,
1008 1289 1262 1355 quoniam
1313 1290 1410 1359 ipsi
1460 1291 1711 1360 loquaces
1764 1293 1897 1346 muti
1930 1302 2073 1357 sunt,

491 1386 615 1428 cum
653 1392 757 1429 non
789 1387 908 1432 tuas
951 1379 1136 1434 laudes
1160 1382 1364 1435 dicunt.
1395 1382 1529 1449 Quis
1571 1384 1729 1453 digne
1778 1394 1829 1439 te
1859 1385 2077 1439 laudare

491 1475 691 1533 potest,
740 1483 773 1523 ο
820 1469 1103 1525 ineffabilis
1150 1473 1321 1526 virtus
1366 1484 1420 1528 et
1468 1475 1732 1544 sapientia
1766 1474 1980 1530 Patris?
2012 1478 2077 1531 Et

492 1556 750 1624 quoniam
793 1559 937 1612 nulla
972 1561 1184 1614 invenio
1223 1562 1384 1615 verba
1416 1563 1612 1632 quibus
1653 1574 1705 1618 te
1743 1564 2077 1620 sufficienter

490 1647 697 1700 valeam
723 1650 1016 1718 explicare,
1047 1654 1425 1723 cunctipotens
1469 1663 1524 1709 et
1576 1657 1894 1711 omniscium
1944 1659 2078 1712 Ver-

486 1737 641 1804 bum,
671 1738 849 1796 dicant
903 1743 1116 1796 interim
1165 1746 1306 1812 quod
1353 1745 1525 1812 valeo,
1559 1748 1730 1803 donec
1770 1749 1958 1818 jubeas
1988 1766 2074 1804 me

489 1834 676 1886 venire
701 1834 765 1885 ad
791 1843 860 1896 te,
896 1835 983 1888 nhi
1014 1836 1213 1903 possim
1239 1838 1418 1892 dicere
1448 1845 1590 1908 quod
1624 1848 1675 1893 te
1705 1839 1880 1905 decet,
1905 1853 1956 1895 et
1989 1859 2074 1898 me

481 1931 721 1989 oportet.
780 1925 845 1977 Et
880 1925 1000 1981 ideo
1048 1927 1359 1997 suppliciter
1400 1945 1530 2000 rogo
1565 1940 1623 1985 ιιι
1657 1948 1764 1986 non
1816 1935 2075 2003 respicias

489 2019 696 2064 tantum
722 2014 786 2067 ad
825 2014 874 2067 id
897 2017 1039 2084 quod
1071 2018 1229 2072 modo
1252 2019 1393 2086 dico,
1420 2023 1513 2075 sed
1543 2023 1609 2075 ad
1649 2023 1701 2076 id
1727 2026 1868 2093 quod
1893 2026 2073 2081 dicere

479 2112 636 2171 apto.
669 2104 838 2174 Cupio
864 2108 1007 2161 enim
1039 2109 1308 2165 desiderio
1340 2128 1536 2184 magno
1560 2116 1623 2169 de
1651 2125 1700 2170 te
1726 2117 1901 2187 eloqui
1927 2119 2070 2188 quod

482 2204 704 2263 Oportet
732 2207 786 2251 et
829 2199 1003 2265 det-et,
1035 2202 1160 2271 quia
1197 2212 1247 2257 te
1297 2205 1452 2260 decet
1494 2206 1627 2269 laus,
1670 2219 1718 2261 te
1747 2210 1887 2264 decet
1919 2213 2071 2282 Itym~

483 2301 586 2337 nus
613 2283 786 2353 (Psal.
838 2304 981 2354 thv,
1026 2289 1104 2355 2),
1140 2293 1342 2363 tibique
1383 2296 1608 2351 debetur
1653 2298 1830 2353 omnis
1880 2301 2065 2359 honor.

489 2377 612 2432 Scis
637 2394 785 2447 ergo,
824 2376 1160 2439 occultorum
1192 2392 1437 2458 cognitor
1469 2390 1631 2455 Deus,
1671 2394 1925 2462 quoniam
1964 2410 2069 2449 non

487 2470 663 2525 s'olum
694 2481 860 2540 terra,
915 2485 967 2530 et
1019 2480 1269 2535 omnibus
1299 2492 1419 2551 quae
1464 2480 1521 2535 in
1553 2497 1614 2535 ea
1662 2492 1809 2547 sunt,
1843 2494 1895 2538 tu
1938 2485 2079 2539 mihi

486 2559 705 2615 charior
746 2578 805 2617 es
839 2564 961 2632 “";
992 2568 1085 2621 sed
1114 2570 1274 2623 etiam
1309 2571 1424 2641 ipso
1453 2573 1589 2627 coelo
1622 2572 1710 2605 m’
1743 2583 1795 2629 et
1823 2577 2073 2631 omnibus

484 2662 605 2716 quae
638 2651 689 2703 in
723 2666 789 2706 co
818 2664 943 2708 sunt
971 2665 1023 2709 tu
1060 2658 1188 2712 mihi
1220 2662 1607 2731 acceptabilior
1629 2681 1687 2718 es
1714 2665 1806 2697 ¹²⁵⁰
1842 2682 1855 2719 :
1904 2666 2068 2736 diligo

480 2740 626 2794 enim
673 2751 727 2796 te
751 2759 914 2814 super
939 2746 1133 2802 malum
1166 2759 1220 2804 et
1264 2760 1481 2819 terram,
1536 2763 1593 2808 et
1650 2764 1843 2811 cmtera
1884 2760 2067 2813 omnia

479 2848 604 2902 quae
639 2836 690 2889 in
744 2838 824 2892 eis
864 2851 1026 2906 sunt;
1071 2843 1178 2897 imo
1202 2845 1301 2899 nisi
1347 2862 1533 2902 amore
1579 2849 1669 2883 ¹¹⁸⁸
1712 2851 1945 2906 nmninis
1992 2853 2065 2906 tui

482 2940 605 2995 qua:
657 2931 972 2986 transitoria
1037 2945 1179 2999 sunt,
1222 2938 1413 3006 procul
1470 2939 1633 2995 dubio
1682 2945 1909 2997 amanda
1961 2960 2066 2997 non

482 3024 628 3068 sunt.
665 3016 803 3070 Amo
830 3028 899 3083 te,
945 3021 1085 3075 Dens
1114 3039 1287 3089 meus,
1315 3040 1500 3081 amore
1541 3043 1752 3099 magno,
1793 3034 2070 3101 magisque

486 3110 542 3157 te
579 3119 765 3160 amare
786 3109 963 3178 cupio.
1001 3110 1073 3165 Da
1102 3113 1236 3167 mihi
1266 3123 1323 3169 ιιι
1354 3131 1528 3172 amem
1562 3128 1613 3174 te
1644 3136 1857 3191 semper
1889 3141 2059 3192 quan-

484 3203 598 3247 tum
623 3196 763 3262 volo,
794 3207 846 3253 et
871 3210 1130 3270 quantum
1160 3205 1327 3261 debeo
1358 3208 1484 3273 m’;
1516 3218 1572 3263 ιιι
1605 3219 1656 3264 ιιι
1683 3212 1829 3266 solus
1853 3214 1927 3268 sis
1955 3225 2063 3271 tcta

481 3284 712 3341 intentio
741 3304 883 3356 mea,
922 3302 976 3347 et
1019 3296 1197 3350 omnis
1227 3298 1505 3354 meditatio
1536 3317 1675 3356 mea.
1726 3302 1801 3358 Te
1841 3308 2068 3363 mediter

396 3426 402 3431 ,
480 3388 579 3443 per
626 3376 742 3432 dies
786 3379 903 3437 sine
952 3386 1276 3448 cessatione,
1318 3399 1368 3443 te
1415 3392 1641 3446 sentiam
1675 3409 1773 3463 per
1817 3411 2064 3466 soporem

480 3468 534 3521 in
564 3480 742 3537 nocte;
776 3482 829 3527 te
855 3475 1161 3545 alloquatnr
1183 3482 1404 3549 spiritus
1439 3499 1612 3549 meus,
1642 3495 1817 3543 tecum
1856 3488 2060 3547 fabule-

482 3566 573 3611 ιιιι⁸
599 3576 749 3615 tuens
793 3579 932 3618 mea.
962 3567 1189 3625 Lumine
1215 3580 1416 3628 sancta:
1445 3575 1666 3633 visionis
1698 3587 1801 3632 ture
1828 3580 2062 3637 illustre-

483 3660 571 3701 tur
594 3666 690 3703 cor
731 3668 932 3717 meum,
966 3666 1044 3721 ιιι,
1090 3667 1144 3714 te
1171 3670 1399 3723 rectore,
1444 3674 1492 3719 te
1522 3666 1658 3731 duce
1702 3669 1970 3724 ambulem
2000 3672 2066 3725 de

478 3739 682 3796 virtute
734 3743 789 3797 in
840 3746 1114 3814 virtutem,
1171 3754 1495 3824 tandemque
1538 3757 1749 3811 videam
1796 3769 1847 3814 te
1897 3758 2063 3816 Demn

479 3832 703 3888 deorum
732 3835 783 3889 in
810 3835 960 3903 Sion,
996 3856 1138 3897 nunc
1181 3845 1396 3912 quidem
1425 3864 1519 3915 per
1554 3851 1817 3919 speculum
1852 3854 1908 3907 in
1937 3856 2067 3908 crni-

474 3936 667 3995 gutate,
708 3938 833 3984 tunc
875 3943 1047 3986 autem
1090 3934 1225 4003 facie
1264 3939 1333 3990 ad
1375 3937 1584 4006 faciem,
1629 3941 1717 3996 ubi
1759 3960 2063 4013 cognoscam

477 4024 551 4079 te,
580 4018 714 4070 sicut
755 4024 1087 4092 etcoguitus
1135 4042 1250 4079 sum
1282 4026 1330 4096 (1
1384 4027 1503 4083 Cor.
1562 4046 1682 4096 xm,
1746 4033 1855 4101 19.).
1915 4034 2064 4090 Beati

476 4107 673 4161 mundo
700 4110 872 4171 rordr,
899 4115 1144 4180 quoniam
1170 4117 1269 4183 ipsi
1301 4116 1465 4170 Deum
1495 4120 1737 4172 videbunt
1765 4121 1980 4190 (Matth.
2008 4140 2073 4191 v,

472 4197 551 4264 8).
581 4198 731 4253 Beati
758 4204 847 4271 qui
876 4204 1112 4259 habitant
1154 4210 1206 4259 in
1254 4208 1408 4263 domo
1444 4221 1557 4274 tua,
1592 4211 1831 4276 Domine,
1878 4216 1932 4270 iu
1963 4233 2064 4270 sa:—

470 4293 593 4355 pula
626 4297 937 4352 surculorum
964 4299 1256 4357 laudabunt
1279 4315 1327 4359 te
1359 4303 1530 4376 (Psal.
1564 4325 1796 4375 Lxxxnt,
1820 4310 1898 4383 5).

548 4383 697 4451 Rogo
731 4388 911 4458 itaque
944 4400 1014 4454 te,
1058 4393 1305 4460 Domine,
1342 4412 1438 4467 per
1466 4414 1657 4455 omnes
1687 4402 2063 4461 miserationes

2183 562 2417 607 metuam
2444 552 2644 622 aliquid
2680 552 2978 623 temporale
3013 566 3115 606 nec
3134 551 3378 622 diligam,
3414 570 3515 610 nec
3556 556 3768 615 blandis

2179 658 2521 713 corrumpor,
2538 660 2641 699 nec
2662 644 2905 699 adversis
2924 641 3229 700 concutiar.
3257 645 3459 715 thnia
3484 656 3577 702 tua
3592 650 3766 704 valida

2178 746 2253 789 est
2284 745 2339 788 ut
2361 752 2503 789 mors
2529 736 2739 790 ditectio
2766 733 3079 806 (Cant.vm,
3110 739 3187 807 ὃ),
3219 740 3527 807 absorbent,
3560 758 3766 811 qumso,

2178 835 2414 880 mentem
2468 841 2640 880 meam
2695 827 2765 881 ab
2816 826 3067 882 omnibus
3123 844 3245 898 quae
3293 831 3393 884 sub
3442 831 3585 886 ctelo
3615 844 3768 896 sunt,

2180 918 2346 990 ignita
2380 917 2473 950 "“
2510 927 2566 974 et
2605 918 2853 975 mellillua
2900 920 2985 974 vis
3031 921 3236 976 amoris
3286 922 3482 986 tui,nt
3514 923 3611 977 tibi
3667 926 3765 978 soli

2180 1013 2492 1075 inbzeream,
2532 1012 2752 1081 solaque
2780 1022 2883 1066 tute
2927 1012 3212 1066 suavitatis
3240 1014 3499 1068 memoria
3550 1030 3765 1083 pascar.

2181 1104 2499 1168 Descendat,
2532 1105 2775 1169 Domine,
2804 1105 3115 1169 descendat,
3144 1120 3357 1175 precor.
3384 1106 3681 1161 descendat
3708 1106 3767 1161 in

2177 1211 2274 1251 cor
2310 1211 2486 1250 meum
2508 1197 2645 1251 odor
2682 1204 2803 1250 tuus
2829 1197 3208 1259 suavissimus,
3247 1198 3586 1269 ingrediatur
3614 1214 3771 1254 amor

2180 1296 2305 1341 tuus
2336 1285 2642 1341 melliﬂuus.
2669 1287 2859 1341 Veniat
2896 1288 3027 1342 mihi
3074 1288 3146 1342 tui
3181 1289 3392 1357 saporis
3424 1290 3561 1344 mira
3592 1294 3655 1344 et
3688 1291 3775 1343 in-

2178 1379 2499 1433 enarrabilis
2516 1377 2835 1450 fragrantia,
2855 1393 2974 1447 qum
2989 1379 3349 1448 sempiternas
3364 1380 3526 1435 inme
3543 1381 3773 1436 suscitet

2179 1467 2670 1536 concupiscendos,
2719 1476 2774 1521 et
2802 1482 2869 1521 ex
2919 1467 3083 1522 corde
3117 1482 3236 1521 meo
3279 1469 3547 1537 producat
3601 1485 3771 1525 venas

2176 1557 2409 1612 salientis
2436 1573 2587 1627 aqua?
2616 1558 2671 1611 in
2699 1558 2857 1611 vitam
2893 1568 3144 1611 a-teruam
3172 1557 3353 1626 (Joan.
3390 1575 3466 1623 tv,
3507 1559 3621 1627 Η).

2248 1647 2545 1701 lmmensus
2573 1662 2653 1713 es,
2699 1648 2947 1713 Domine,
2975 1656 3034 1701 et
3059 1647 3179 1723 ideo
3219 1649 3338 1702 sine
3376 1664 3631 1704 mcusma
3673 1650 3772 1705 de-

2178 1739 2274 1792 bes
2322 1738 2492 1791 amari
2519 1747 2574 1791 et
2609 1737 2910 1793 laudari-ab
2957 1738 3023 1793 iis
3072 1755 3209 1809 quos
3248 1751 3340 1794 tuo
3373 1740 3614 1809 pretioso
3639 1756 3777 1794 san-

2179 1829 2337 1896 guine
2390 1828 2680 1883 redemisti.
2738 1829 2963 1885 Amator
3008 1829 3283 1885 hominum
3347 1831 3765 1899 benignissime,

2176 1919 2593 1974 clementissime
2656 1919 2918 1984 Domine,
2962 1928 3018 1974 et
3066 1923 3372 1990 :equissime
3417 1922 3629 1990 jndex,
3680 1923 3767 1976 cui

2175 2028 2325 2065 onme
2344 2012 2605 2079 judicium
2646 2012 2788 2064 dedit
2819 2011 2978 2067 Pater
3024 2014 3203 2083 (.Ioan.
3232 2030 3284 2078 v,
3329 2014 3445 2084 22),
3475 2014 3770 2083 sapientis-

2173 2103 2311 2157 simo
2342 2112 2445 2156 tua:
2480 2104 2756 2173 mquitatis
2788 2102 2993 2172 judicio
3022 2106 3288 2159 discernis
3332 2106 3433 2159 hoc
3463 2114 3672 2160 rectum
3714 2115 3771 2160 et

2171 2193 2375 2264 justum
2404 2208 2546 2257 esse,
2578 2201 2638 2251 ut
2683 2194 2773 2247 lilii
2806 2194 3200 2262 hujussaecnli,
3226 2197 3399 2250 noerzis
3429 2206 3486 2251 et
3515 2196 3763 2252 tenebrso

2174 2302 2325 2351 rum,
2371 2286 2731 2356 prteslantiori
2776 2288 3080 2357 desiderio,
3146 2289 3343 2343 virtute
3390 2299 3558 2360 atque
3586 2293 3776 2346 studio

2173 2378 2400 2447 diligant
2447 2388 2501 2431 et
2556 2386 2804 2448 quaerant
2844 2381 3115 2449 perituras
3147 2381 3367 2436 divitias
3411 2393 3468 2437 et
3509 2383 3770 2454 fugitivos

2173 2473 2406 2527 honores
2430 2486 2591 2541 quam
2624 2485 2721 2525 nos
2746 2472 2888 2524 servi
2927 2472 3001 2525 ιιιί
3028 2471 3317 2542 diligamus
3352 2484 3404 2529 te
3453 2475 3623 2529 Deum
3668 2493 3769 2529 no-

2172 2573 2365 2625 strum,
2409 2578 2505 2630 per
2545 2576 2703 2632 quem
2730 2562 2857 2617 facti
2902 2571 2958 2617 et
3000 2563 3261 2632 redempti
3288 2580 3493 2620 sumus.
3530 2566 3586 2619 Si
3617 2568 3765 2621 enim

2173 2653 2336 2707 homo
2364 2653 2635 2707 hominem
2660 2661 2806 2707 tanta
2840 2652 3012 2721 diligit
3032 2652 3348 2719 dilectione,
3380 2662 3439 2707 ιιι
3460 2653 3601 2709 alter
3630 2656 3769 2708 alte-

2172 2758 2293 2797 rum
2326 2743 2414 2797 vix
2471 2744 2729 2813 patiatur)
2758 2744 2981 2806 abesse;
3036 2742 3082 2795 si
3120 2758 3316 2811 sponsa
3363 2759 3566 2813 sponso
3614 2755 3769 2799 tanto

2130 2830 2577 2901 .conglntinatur
2632 2832 2828 2887 metatis
2881 2830 3076 2887 ardore
3126 2842 3183 2885 ut
3230 2848 3341 2902 prro
3389 2835 3767 2904 magnitudine

2173 2924 2376 2977 amoris
2418 2923 2560 2978 nulla
2588 2924 2793 2995 perfrui
2823 2922 3001 2977 valeat
3038 2924 3241 2990 requie,
3271 2924 3423 2978 chari
3449 2926 3533 2978 sui
3564 2926 3767 2980 absen-

2174 3016 2304 3070 tiam
2351 3032 2455 3070 non
2483 3016 2599 3069 sine
2629 3032 2825 3087 magno
2868 3033 3103 3072 maerore
3132 3015 3332 3082 ferens,
3364 3030 3472 3086 qua
3522 3032 3655 3087 ergo
3681 3018 3767 3070 di-

2172 3110 2423 3171 lectione,
2457 3126 2563 3179 quo
2605 3109 2805 3174 studio,
2838 3126 2943 3180 quo
2981 3111 3193 3166 fervore
3225 3111 3426 3175 anima,
3464 3124 3629 3177 quam
3668 3111 3765 3164 de-

2171 3202 2439 3272 sponsasti
2486 3202 2579 3255 tibi
2613 3201 2717 3256 tide
2740 3209 2795 3255 et
2822 3200 3288 3267 miserationibus,
3328 3198 3489 3252 debet
3533 3198 3765 3270 diligere

2171 3303 2224 3348 te
2254 3308 2437 3351 verum
2464 3292 2652 3357 Deum,
2683 3302 2740 3347 et
2768 3293 3190 3361 pulcherrimum
3218 3306 3499 3362 sponsum,
3533 3293 3625 3360 qui
3664 3308 3765 3349 nos

2168 3383 2243 3438 sic
2270 3384 2462 3437 amasti
2494 3392 2549 3437 et
2603 3383 2848 3447 salvasti,
2893 3384 2985 3452 qui
3035 3399 3133 3453 pro
3185 3383 3339 3436 nobis
3365 3391 3464 3445 tot,
3512 3391 3660 3435 tanta
3708 3392 3775 3439 ct.

2170 3474 2296 3527 talia
2357 3474 2571 3528 fecisti?
2636 3474 2957 3543 Quanquam
3016 3483 3197 3527 autem
3253 3472 3368 3530 hare
3424 3472 3642 3528 infirma
3675 3475 3766 3529 ha-

2167 3566 2332 3619 beant
2371 3564 2464 3596 ¹²⁸⁹
2490 3580 2617 3619 suas
2647 3566 3052 3629 delectationes,
3091 3580 3326 3633 suosque
3368 3579 3607 3632 amores,
3654 3582 3759 3623 non

2170 3664 2350 3711 tamen
2393 3655 2482 3709 tali
2516 3657 2675 3710 modo
2722 3656 3021 3723 delectant,
3070 3658 3211 3711 sient
3251 3666 3328 3722 tu,
3373 3654 3518 3711 Deus
3550 3667 3757 3712 noster.

2166 3745 2224 3801 In
2265 3755 2316 3802 te
2362 3747 2507 3801 enim
2540 3746 2840 3802 delectatur
2867 3748 3065 3817 justus,
3102 3748 3231 3815 quia
3275 3761 3430 3800 amor
3461 3747 3539 3799 ιιιί
3577 3749 3760 3802 suavis

2166 3848 2250 3893 est
2277 3847 2333 3892 et
2363 3838 2614 3907 quietus;
2653 3854 2775 3893 nam
2805 3849 3027 3907 pectora
3046 3852 3165 3906 qua:
3188 3835 3453 3907 possides,
3472 3834 3758 3890 dulcedine

2165 3939 2222 3985 et
2260 3932 2529 3986 suavitate
2567 3940 2621 3986 et
2658 3930 3049 4001 tranquillitate
3094 3930 3289 4000 reples.
3333 3929 3577 3985 Ecoutra
3609 3945 3758 3984 amor

2166 4022 2349 4077 smculi
2389 4031 2444 4076 et
2474 4022 2656 4076 carnis
2702 4022 2897 4076 anxius
2926 4029 3011 4075 est
3054 4029 3110 4073 et
3136 4020 3508 4088 perturbatus,
3547 4021 3757 4074 animas

2166 4124 2314 4169 certe
2350 4130 2488 4184 quas
2517 4114 2839 4184 ingreditur,
2868 4114 3086 4183 quietas
3126 4127 3230 4166 non
3270 4112 3505 4182 patitur;
3541 4128 3755 4180 semper

2164 4207 2310 4261 enim
2361 4206 2763 4276 suspicionibus
2806 4216 2860 4259 et
2898 4205 3423 4275 perturbationibus,
3480 4205 3752 4273 variisque

2166 4300 2454 4354 timoribus
2482 4298 2734 4353 sollicitat
2769 4310 2885 4359 eas,
2928 4298 3007 4351 Τιι
3038 4298 3223 4366 itaque
3252 4312 3313 4352 es
3342 4298 3637 4353 delectatio
3672 4312 3751 4349 re-

2165 4402 2398 4456 ctornm,
2437 4401 2491 4447 et
2528 4390 2754 4455 merito;
2784 4391 2940 4459 quies
2964 4391 3109 4444 enim
3132 4391 3311 4444 valida
3341 4400 3428 4445 est
3456 4390 3601 4457 apud
3629 4398 3679 4443 te
3697 4397 3751 4440 et

436 4504 443 4509 -
472 4481 616 4535 tuas,
650 4476 844 4543 quibus
876 4480 940 4533 de
964 4494 1140 4535 morte
1168 4494 1366 4538 mterna
1402 4486 1611 4543 liberati
1644 4506 1849 4557 smnus,
1882 4493 2058 4549 molli-
2089 4500 2136 4558 ι)
2165 4476 2622 4547 imperturbabilis
2650 4477 2783 4531 vita.
2823 4477 2923 4543 Qui
2948 4477 3191 4531 intratin
3225 4486 3297 4539 te.
3332 4477 3471 4531 bone
3502 4475 3744 4535 Domine,

470 4561 571 4617 flca
588 4579 680 4618 cor
702 4582 876 4622 meum
897 4571 963 4624 du
975 4585 1147 4627 rumet
1173 4575 1459 4646 lapideum,
1484 4595 1702 4635 saxeum
1726 4592 1780 4637 ct
1800 4582 2054 4652 ferreum,

470 4663 561 4709 tua
595 4659 961 4715 sacratissima
1005 4673 1057 4717 et
1086 4670 1289 4734 potenti
1325 4672 1602 4736 unctione,
1633 4682 1685 4728 et
1717 4673 1801 4729 fac
1844 4691 1930 4730 me
1958 4692 2058 4746 per

470 4745 649 4815 ignem
691 4755 1127 4821 compunctionis
1164 4772 1346 4813 coram
1385 4768 1437 4815 te
1464 4763 1610 4817 muni
1655 4764 1787 4820 hora
1818 4745 2053 4822 hostiam

469 4839 648 4896 vivam
696 4840 832 4899 fieri.
866 4844 975 4900 Fac.
1006 4863 1090 4903 me
1118 4850 1168 4903 in
1198 4860 1287 4905 tuo
1308 4865 1595 4922 conspectu
1628 4871 1723 4911 cor
1756 4858 2051 4914 contritum

462 4937 525 4992 et
581 4932 926 4990 bumiliatnm
985 4952 1199 5009 semper
1245 4941 1463 5009 habere,
1518 4960 1639 4999 cum
1692 4946 2051 5018 lacrymarum

465 5021 820 5088 abundantia.
847 5028 953 5089 Fac
976 5045 1060 5087 nte
1085 5047 1149 5091 cx
1181 5042 1271 5086 tuo
1293 5033 1386 5065 m'
1411 5034 1681 5091 desiderio
1707 5038 1832 5092 huic
1856 5041 2054 5095 mmqu

470 5113 714 5185 funditus
748 5123 1051 5193 exstingui,
1074 5135 1128 5179 et
1152 5128 1546 5182 transeuntium
1593 5144 1773 5183 rerum
1809 5132 2052 5187 oblivisci

467 5219 583 5275 prae
609 5210 981 5278 magnitudine
1012 5214 1226 5270 timoris
1264 5224 1319 5270 et
1349 5218 1550 5273 amoris
1591 5219 1687 5281 tui,
1722 5235 1892 5288 usque
1918 5221 2055 5274 adeo

2162 4569 2329 4624 intrat
2379 4570 2428 4623 in
2472 4568 2722 4637 gaudium
2769 4568 2977 4623 Domini
3007 4568 3089 4623 sui
3122 4568 3335 4639 (Matth.
3384 4583 3519 4633 xxv,
3546 4567 3660 4633 2|),
3693 4575 3744 4620 et

2162 4678 2268 4717 non
2324 4663 2535 4718 timebit
2589 4665 2840 4734 amplius,
2908 4661 3001 4716 sed
3055 4661 3275 4716 habebit
3321 4675 3381 4715 se
3430 4661 3635 4727 optime
3693 4659 3739 4711 in

2158 4753 2363 4815 Optimo
2404 4754 2541 4817 loco,
2577 4754 2808 4809 dicens:
2849 4752 2979 4809 Han:
3028 4752 3229 4821 requies
3255 4768 3371 4805 mea
3411 4751 3466 4804 in
3496 4749 3740 4804 swculum

2157 4845 2337 4899 steculi
2366 4862 2385 4900 :
2412 4846 2495 4899 hic
2524 4846 2787 4906 habitabo,
2808 4845 3057 4916 quoniam
3079 4844 3210 4914 elegi
3223 4860 3339 4897 eam
3358 4839 3536 4912 (Psal.
3559 4856 3739 4899 exul.

2161 4938 2271 5006 N).
2310 4937 2378 4991 Et
2405 4938 2531 4992 illud
2567 4955 2580 4991 :
2618 4938 2870 4992 Dominus
2899 4937 3023 5005 regit
3054 4953 3135 4990 me
3157 4948 3205 4990 et
3235 4935 3366 4989 nihil
3386 4936 3520 4987 mihi
3540 4935 3696 4988 deerit
3718 4946 3736 4982 :

2158 5030 2210 5083 in
2235 5029 2347 5082 loco
2385 5045 2595 5098 pascua:
2620 5029 2694 5082 ibi
2716 5045 2798 5081 me
2823 5026 3097 5081 collocavit
3130 5024 3303 5095 (Psal.
3332 5042 3471 5088 xxn,
3503 5028 3577 5092 l).

2232 5121 2411 5175 Dulcis
2424 5120 2660 5183 Christe,
2676 5118 2970 5181 boueJesn,
2991 5117 3136 5185 reple
3176 5132 3410 5185 semper,
3429 5130 3734 5187 quaeso,cor

2158 5214 2324 5291 259
2369 5229 2544 5268 memn
2575 5210 3000 5281 inesstinguibili
3025 5210 3317 5270 dilectione
3344 5219 3460 5276 tua,
3487 5211 3730 5275 continua

1774 5353 2005 5409 VARLE
2051 5348 2453 5410 LECTIONES.

538 5457 631 5489 ¹²⁵⁶
660 5457 742 5540 ξιθ
769 5462 875 5518 tuis
902 5462 1150 5540 laudibus
1199 5464 1351 5540 Sam”
1374 5474 1422 5540 et
1463 5466 1611 5540 Aug.
1644 5482 1729 5522 me
1757 5468 1808 5520 in
1835 5468 1948 5540 tuis
1981 5467 2228 5540 laudibus
2309 5464 2784 5540 ""’_7l_ufa_tigabi_lis
2824 5458 3395 5540 Son_t.___infrangibilis_
3462 5457 3556 5540 ξδ’
3591 5453 3725 5537 CQ."

464 5533 609 5606 terra
655 5528 789 5600 Aug.
838 5535 1006 5606 omitt.
1052 5534 1190 5587 coelo
1265 5536 1355 5568 “"9
1395 5528 1682 5606 Acceptior
1720 5553 1781 5593 es
1809 5539 1948 5606 Aug.
2001 5538 2222 5593 cbarior
2257 5553 2315 5591 es
2392 5537 2482 5569 ¹²⁸⁰
2524 5528 2618 5589 Τιῖ
2644 5536 2775 5606 mihi
2801 5533 3088 5606 amabilior
3116 5528 3261 5606 ΔΑιιξιε
3300 5531 3395 5585 sed
3431 5528 3598 5606 etiam
3625 5528 3725 5594 ipso

420 5666 427 5673 ἡ
463 5595 605 5682 ξωιιι
626 5607 689 5682 ιιι
713 5592 961 5682 mamlius
992 5620 1117 5672 quae
1140 5607 1191 5657 in
1229 5619 1293 5657 eo
1315 5615 1441 5660 sunt
1464 5616 1518 5658 tu
1544 5592 1676 5682 inibi
1706 5592 2093 5682 acceptabilior
2170 5608 2259 5639 ¹²¹⁵¹
2302 5609 2679 5682 Immoampre
2710 5605 2844 5682 Aug:
2881 5604 2988 5658 imo
3027 5602 3128 5682 nisi
3168 5592 3400 5682 afuerat
3429 5592 3722 5682 ""__Q"5}"‘

464 5671 579 5748 ξηηι
607 5665 776 5748 ειεξιηξο
810 5671 953 5748 Sam;
984 5665 1038 5727 et
1073 5686 1340 5748 quantum
1359 5678 1528 5730 debeo
1603 5678 1694 5709 "5’
1736 5678 1809 5731 lix
1837 5665 1949 5733 into
1990 5680 2122 5747 Aug.
2155 5692 2219 5733 cx
2266 5687 2356 5735 tuo
2433 5678 2525 5711 ⁸³⁸⁵
2570 5677 2760 5748 lgnitia
2792 5665 2941 5731 30m.
2993 5683 3041 5729 et
3084 5673 3215 5739 Aug.
3273 5669 3440 5741 ignita
3521 5668 3606 5699 "’5
3644 5667 3718 5718 lu-

464 5732 619 5801 ftt'ma
655 5737 886 5806 habeant
914 5742 1054 5797 Sam.
1086 5732 1133 5797 ct
1170 5747 1303 5816 Aug.
1332 5746 1511 5800 intima
1542 5748 1773 5811 habeant
