4048 6288
270 343 369 399 897
1713 338 2121 405 OBA'I‘IONES.
3190 390 3195 393 _
3438 348 3552 406 εδδ

270 450 645 510 recordatione
668 461 789 519 tua;
827 454 963 511 adeo
980 452 1860 516 utsmutllammaurenstotusar-
1885 457 1934 516 Α
1966 454 2236 517 deﬁciam,
2269 463 2320 508 te
2344 454 2613 519 trahente,
2639 462 2691 510 te
2716 453 2947 510 ducente
2972 469 3059 511 me
3083 465 3391 514 currentem
3424 461 3540 528 ηδ’,

272 546 427 599 deam
479 545 532 599 in
576 545 651 599 tui
695 543 899 599 amoris
940 544 1241 606 dulcedine,
1284 559 1443 613 quem
1482 552 1536 597 et
1567 543 1659 573 “5“
1698 558 1854 611 aquae

271 635 455 691 multa
482 635 535 690 in
560 650 646 689 me
673 650 949 705 nunquam
972 636 1180 704 possint
1206 635 1575 705 exstinguere.
1607 634 1712 688 Fac
1742 649 1850 699 me,

268 726 582 782 dulcissime
627 726 892 791 Domine,
953 740 1140 780 amare
1205 734 1289 789 te,
1340 734 1397 780 et
1442 723 1715 780 desiderio
1761 732 1852 779 tuo

265 818 541 888 deponere
578 819 788 887 pondus
826 818 1069 872 onmium
1114 816 1415 872 carnalium
1458 816 1849 871 desideriorum

264 918 319 962 et
345 918 687 964 terrenarum
726 907 1291 977 concupiscentiarum
1319 907 1698 978 gravissimam
1734 923 1850 962 sar-

265 1000 465 1063 cinam,
496 1015 616 1069 quae
661 999 979 1068 impugnant
1020 1008 1075 1056 et
1104 1008 1399 1070 aggravant
1440 1000 1694 1054 miseram
1723 999 1847 1053 ani-

264 1106 408 1145 mam
448 1107 624 1145 meant
669 1108 682 1145 :
720 1100 779 1145 ut
829 1100 950 1160 post
1001 1098 1052 1143 te
1094 1091 1347 1159 expedite
1393 1091 1447 1144 in
1496 1091 1706 1144 odorem
1757 1090 1846 1121 ¹³³⁷

272 1191 657 1249 unguentorum
698 1191 908 1235 tuorum
940 1196 1171 1236 currens
1200 1180 1375 1251 (Cant.
1410 1197 1450 1246 ι,
1476 1182 1551 1249 5),
1584 1194 1753 1248 usque
1782 1180 1848 1235 ad

265 1276 371 1323 tua:
420 1269 836 1339 pulchritudinis
886 1272 1150 1326 visionem
1199 1269 1497 1329 efticaciter
1546 1270 1846 1334 satiandus,

261 1360 588 1426 quantocius
627 1371 679 1416 te
708 1376 927 1431 quoque
967 1362 1105 1416 duce
1144 1376 1358 1415 merear
1386 1361 1687 1428 pervenire.
1734 1361 1848 1416 Duo

258 1451 404 1506 enim
436 1468 671 1518 amores,
704 1453 841 1505 alter
867 1453 1063 1515 bonus,
1096 1450 1235 1506 alter
1256 1450 1465 1517 malus;
1491 1450 1627 1506 alter
1648 1445 1844 1517 dulcis,

258 1540 400 1595 alter
431 1557 670 1606 amarus,
704 1557 810 1596 non
841 1557 900 1597 se
930 1540 1091 1596 simul
1128 1540 1181 1595 in
1214 1555 1322 1594 uno
1352 1540 1574 1610 capiunt
1603 1552 1843 1609 pectore.

256 1630 324 1686 Et
356 1633 477 1687 ideo
505 1632 549 1688 si
584 1633 707 1702 quis
733 1643 928 1702 prteter
957 1640 1010 1687 te
1037 1631 1180 1685 aliud
1209 1630 1407 1702 diligit,
1435 1647 1541 1687 non
1563 1642 1647 1687 est
1668 1632 1845 1686 chario

257 1732 343 1777 tas
386 1734 500 1788 tua,
532 1723 695 1787 Deus,
738 1724 908 1787 ineo,
954 1736 1109 1777 amor
1141 1720 1472 1787 dulcedinis,
1521 1731 1575 1777 et
1618 1722 1844 1777 dulcedo

1959 545 2115 599 trahe
2127 559 2190 599 os
2206 544 2442 599 sitientis
2460 555 2509 599 te
2538 545 2732 601 anima:
2760 546 2813 601 in
2843 561 3076 617 superna
3103 547 3301 604 ﬂuenta
3326 560 3542 608 asternte

1956 634 2234 689 satietatis
2285 652 2300 687 :
2345 634 2453 689 imo
2499 636 2653 691 trahe
2697 652 2782 690 me
2818 638 2883 693 ad
2919 647 2969 691 te
3012 636 3217 693 fontem
3250 640 3447 707 vivum,
3482 652 3542 698 ut

1957 726 2080 782 inde
2114 726 2202 758 ¹¹⁶¹
2242 742 2339 797 pro
2366 738 2525 798 captu
2553 743 2673 782 meo
2702 729 2881 784 bibam
2915 731 3055 787 unde
3086 748 3300 801 semper
3335 734 3535 801 vivam,

1955 818 2096 872 Deus
2125 833 2299 881 meus,
2334 818 2442 871 vita
2468 824 2606 872 m'ea.
2633 817 2710 873 Tu
2736 820 2881 874 enim
2903 822 3084 876 dixisti
3108 838 3204 878 ore
3236 834 3328 881 tuo
3349 810 3540 881 Sancto

1952 917 2009 962 et
2038 907 2322 963 benedicta
2360 925 2375 962 :
2428 908 2489 973 Si
2531 911 2646 980 quis
2693 912 2824 976 sitit,
2874 915 3041 966 ueniat
3074 914 3145 967 ad
3178 932 3258 969 me
3300 927 3346 970 et
3397 917 3538 971 bibat

1954 997 2135 1068 (Joan.
2162 1014 2258 1063 vn,
2284 998 2396 1071 57).
2430 999 2574 1054 Fons
2599 1002 2742 1065 vita),
2772 1004 2835 1056 da
2870 1005 3073 1059 sitienti
3103 1007 3297 1063 animm
3322 1024 3538 1079 semper

1955 1092 2139 1146 bibere
2187 1107 2253 1146 ex
2304 1100 2375 1159 te,
2427 1101 2487 1146 ut
2532 1095 2828 1148 secundum
2874 1107 3119 1153 sanctam
3154 1109 3209 1153 et
3243 1102 3534 1157 veridicam

1951 1184 2365 1253 promissionem
2429 1196 2594 1246 tuam,
2649 1186 2714 1240 de
2770 1196 2959 1242 ventre
3001 1206 3121 1243 meo
3166 1191 3336 1245 ﬂuant
3383 1210 3537 1263 aqua:

1952 1275 2094 1328 vita}.
2129 1274 2271 1329 Fons
2316 1274 2458 1339 vitm,
2513 1274 2656 1344 reple
2701 1285 2934 1331 mentem
2983 1294 3154 1332 meam
3189 1291 3418 1335 torrente
3449 1299 3538 1337 co-

1948 1363 2165 1434 luptatis
2215 1376 2319 1418 tua:
2367 1363 2542 1433 (Psal.
2588 1382 2751 1429 xxxv,
2794 1368 2871 1438 9),
2904 1377 2959 1422 et
2994 1368 3201 1423 inebria
3232 1382 3329 1426 cor
3357 1388 3535 1427 meum

1949 1456 2132 1511 sobria
2162 1456 2434 1513 ebrietate
2461 1458 2665 1511 amoris
2699 1458 2774 1512 tui
2802 1475 2816 1523 ;
2849 1468 2902 1513 ut
2933 1460 3224 1515 obliviscar
3250 1472 3371 1531 qua:
3398 1477 3537 1517 vana

1947 1552 2075 1598 sunt
2117 1553 2171 1598 et
2215 1554 2452 1610 terrena,
2519 1554 2575 1600 et
2622 1554 2673 1600 te
2723 1546 2895 1601 solum
2938 1546 3142 1618 jugiter
3189 1550 3417 1604 habeant
3479 1550 3535 1605 in

1949 1634 2211 1689 memoria
2241 1649 2377 1696 mea,
2413 1635 2553 1689 sicut
2583 1638 2846 1706 scriptum
2892 1647 2976 1691 est
3005 1656 3018 1690 :
3057 1637 3259 1692 Mentor
3288 1639 3368 1707 fui
3412 1639 3533 1706 Dei,

1946 1735 1993 1779 et
2015 1724 2302 1780 delectatus
2336 1744 2451 1782 sum
2480 1727 2652 1797 (Psal.
2688 1738 2865 1789 Lxxw,
2901 1729 2978 1800 4).

254 1814 488 1877 amoris,
521 1829 675 1867 amor
712 1830 817 1868 non
862 1814 1138 1879 crucians,
1184 1815 1278 1871 sed
1328 1814 1634 1873 delectans;
1687 1828 1842 1867 amor
1876 1798 1916 1856 Β
2017 1818 2094 1872 Da
2124 1800 2256 1873 mihi
2292 1817 2554 1887 Spiritum
2584 1830 2833 1875 sanctum
2867 1798 3041 1887 tuum,
3071 1838 3230 1891 quem
3256 1823 3532 1894 signiﬁca-

250 1902 472 1956 sincere
500 1914 554 1957 et
582 1912 730 1957 caste
761 1917 1089 1971 permanens
1115 1905 1207 1936 ¹²⁸⁸
1240 1904 1292 1959 in
1323 1904 1581 1959 saeculum
1623 1904 1839 1971 saeculi;

250 2005 413 2043 amor
440 1990 530 2059 qui
558 2006 773 2061 semper
795 1993 973 2057 ardes,
1004 2008 1277 2064 nunquam
1301 1994 1691 2063 exstingueris.
1720 1995 1843 2049 Dul-

246 2081 331 2135 cis
357 2080 595 2147 Christe,
627 2086 768 2139 bone
783 2082 1210 2149 Jesu,chari.tas,
1240 2084 1379 2152 Deus
1402 2100 1575 2157 meus,
1604 2087 1844 2142 accende

250 2188 341 2227 nte
374 2182 550 2228 totum
581 2175 705 2245 igne
750 2185 863 2239 tuo,
897 2191 1087 2237 amore
1123 2162 1236 2243 tuo,
1272 2178 1539 2234 suavitate
1572 2179 1843 2236 et-dulce-

245 2267 380 2321 dine
413 2277 530 2333 tua,
565 2268 905 2338 jucunditate
927 2278 984 2324 et
1029 2270 1389 2327 exsultatione
1419 2281 1533 2340 tua,
1568 2272 1843 2343 voluptate

242 2367 299 2412 et
326 2360 771 2428 concupiscentia
796 2370 902 2421 tua.
941 2376 1062 2431 quae
1091 2371 1278 2423 saneta
1311 2373 1394 2418 est
1422 2373 1476 2418 et
1504 2364 1669 2431 bona,
1692 2376 1840 2427 easta

243 2459 298 2504 et
337 2453 565 2517 munda,
600 2453 889 2523 tranquilla
925 2463 1009 2509 est
1046 2464 1101 2508 et
1131 2470 1355 2520 secura;
1392 2464 1451 2510 ut
1482 2464 1626 2513 totus
1656 2458 1842 2514 dulce-

242 2546 378 2601 dine
402 2551 605 2601 amoris
632 2547 704 2601 tui
739 2547 949 2617 plenus,
987 2557 1131 2602 totus
1172 2546 1388 2603 ﬂamma
1420 2550 1707 2605 eharitatis
1738 2562 1842 2607 tua:

240 2651 546 2693 succensus
567 2637 784 2708 diligam
814 2648 863 2692 te
889 2638 1057 2693 Deum
1084 2653 1262 2715 meum
1280 2654 1346 2694 ex
1372 2650 1482 2695 toto
1508 2642 1672 2695 corde
1695 2656 1837 2707 meo,

241 2730 485 2798 totisque
512 2729 760 2785 medullis
786 2730 1213 2797 praecordiorum
1246 2747 1513 2796 meorum,
1548 2732 1757 2786 habens
1787 2742 1839 2787 te

242 2816 296 2870 in
324 2819 512 2883 corde,
545 2818 599 2872 in
627 2834 741 2883 ore,
774 2828 828 2872 et
852 2835 961 2888 prae
1002 2821 1178 2877 oculis
1218 2822 1358 2876 meis
1386 2835 1606 2891 semper
1634 2829 1693 2876 et
1720 2822 1839 2875 ubi-

241 2924 379 2978 que,
424 2911 499 2963 ita
542 2919 601 2963 ut
640 2910 819 2965 nullus
860 2920 1043 2982 pateat
1080 2913 1134 2967 iu
1179 2929 1266 2969 me
1308 2914 1460 2969 locus
1515 2913 1839 2975 adulterinis

240 3002 547 3058 amoribus.
577 3003 742 3069 Audi,
771 3004 910 3059 Deus
944 3022 1118 3071 meus,
1166 3006 1314 3073 audi,
1345 3006 1520 3060 (auten
1562 3006 1837 3061 oculorum

239 3109 482 3147 meorum
499 3091 671 3163 (Psal.
690 3112 899 3161 xxxv",
934 3098 1045 3169 II),
1075 3099 1200 3153 audi
1225 3116 1346 3169 quae
1371 3110 1526 3170 peto;
1551 3109 1605 3155 et
1627 3102 1694 3156 da
1716 3115 1837 3170 qute

241 3194 457 3253 petant,
495 3194 555 3239 ut
599 3187 789 3241 audias
826 3203 932 3243 me.
971 3188 1067 3244 Pie
1096 3198 1151 3244 et
1193 3190 1700 3245 misericordissime
1730 3190 1833 3244 Do-

242 3275 417 3340 mine,
449 3290 518 3329 ne
551 3274 804 3332 elIiciaris
828 3277 956 3334 mihi
984 3278 1339 3333 inexorabilis
1367 3290 1590 3348 propter
1609 3288 1834 3349 peccata

241 3378 393 3428 mea,
434 3365 530 3420 sed
569 3379 790 3436 pr0pter
834 3368 1135 3423 bonitatem
1185 3379 1331 3422 tuam
1384 3370 1601 3440 suscipe
1644 3385 1837 3440 preces

240 3454 391 3511 servi
418 3456 519 3522 tui,
542 3466 599 3513 et
619 3457 686 3512 da
720 3459 850 3513 mihi
888 3457 1141 3514 ell‘ectum
1169 3460 1447 3529 petitionis
1473 3474 1608 3515 meae
1649 3470 1704 3514 et
1744 3460 1838 3515 dea

242 3544 439 3603 siderii
480 3548 591 3603 mei
633 3549 1020 3615 intercedente,
1053 3561 1112 3606 et
1155 3560 1370 3616 orante,
1416 3560 1473 3607 et
1511 3551 1836 3620 impetrante

241 3637 486 3706 gloriosa
526 3640 736 3711 virgine
791 3640 1055 3712 genitriee
1091 3653 1179 3697 tua
1215 3642 1407 3707 Maria,
1437 3643 1659 3698 domina
1689 3658 1832 3711 mea,

241 3745 373 3784 cum
395 3732 649 3789 omnibus
676 3735 881 3788 sanctis
912 3734 1036 3789 tuis.
1070 3735 1265 3789 Amen.

740 3824 996 3881 ORATIO
1034 3826 1197 3881 XVIII
1240 3828 1356 3880 "‘9.

840 3932 911 3969 AD
942 3932 1232 3972 ιἰιιιιδτωι.

377 4004 542 4071 Quem
566 4021 732 4060 unum
762 4008 926 4060 esurit
956 4018 1003 4060 et
1022 4008 1131 4061 sitit
1163 4010 1342 4062 anima
1377 4006 1701 4063 Christiana.

314 4096 446 4152 Jesu
474 4097 722 4163 Domine,
749 4095 877 4153 Jesu
907 4099 1014 4168 pie,
1046 4099 1139 4168 qui
1173 4099 1311 4154 tnori
1341 4100 1597 4170 dignatus
1613 4114 1673 4153 es
1711 4115 1838 4169 pro-

242 4197 373 4258 pter
420 4198 642 4257 peccata
687 4198 899 4254 nostra,
936 4202 991 4244 et
1022 4189 1369 4244 resurrexisti
1396 4198 1615 4259 propter
1636 4188 1834 4256 justiti-

238 4278 519 4331 cationem
550 4278 745 4343 thstt’i,
775 4294 906 4348 rogo
943 4289 994 4334 te
1023 4294 1121 4349 per
1152 4278 1443 4350 gloriosam
1484 4276 1834 4333 resurrectio-

241 4383 371 4422 nem
417 4378 583 4434 tuam,
630 4373 893 4427 resuscita
940 4388 1025 4427 me
1067 4372 1133 4427 de
1184 4370 1435 4442 sepulcro
1483 4371 1743 4426 vitiorum
1781 4380 1837 4426 et

1949 1912 2081 1966 bant
2109 1912 2214 1968 illae
2247 1928 2417 1983 aquas,
2454 1929 2591 1982 quas
2625 1914 2935 1970 sitientibus
2965 1916 3219 1970 daturum
3247 1925 3297 1969 te
3329 1918 3535 1986 promi-

1946 2017 2116 2057 seras.
2169 2002 2269 2069 Da,
2319 2019 2526 2074 qnzeso,
2582 2014 2693 2059 toto
2736 2006 3009 2061 desiderio
3052 2017 3106 2061 et
3157 2008 3303 2060 omni
3353 2010 3534 2063 studio

1949 2097 2171 2151 tendere
2205 2112 2314 2166 quo
2354 2107 2406 2152 te
2440 2097 2754 2153 ascendisse
2795 2106 2919 2167 post
2962 2098 3419 2153 resurrectionem
3449 2099 3534 2154 die

1946 2185 2363 2255 quadragesimo
2393 2186 2690 2251 credimus,
2736 2195 2795 2240 ut
2822 2187 2875 2242 in
2907 2188 3159 2257 prresenti
3187 2186 3404 2256 quidem
3435 2188 3535 2242 ιιιί-

1948 2277 2091 2330 seria
2124 2276 2241 2331 solo
2273 2285 2460 2331 tenear
2489 2291 2741 2347 corpore,
2782 2286 2960 2333 tecum
2992 2288 3174 2334 autent
3200 2278 3302 2333 sim
3324 2279 3535 2349 cegita-

1948 2369 2090 2423 tione
2110 2383 2325 2438 semper
2343 2378 2398 2423 et
2426 2369 2714 2435 aviditate;
2749 2380 2809 2423 ttt
2838 2371 2907 2423 ibi
2928 2372 2993 2424 sit
3021 2388 3111 2425 cor
3139 2388 3333 2437 meum,
3367 2371 3454 2424 ubi
3475 2382 3535 2424 tu

1945 2476 2003 2516 es
2046 2461 2325 2515 thesaurus
2362 2459 2579 2531 (Matth.
2622 2477 2698 2527 vr,
2742 2461 2835 2532 ﬁt)
2870 2478 3022 2518 meus
3069 2448 3535 2518 desiderabiliset

1955 2552 2418 2622 incomparabilis,
2452 2552 2790 2622 multumque
2831 2554 3100 2608 amabilis.
3145 2553 3201 2608 In
3241 2556 3341 2608 hoc
3383 2556 3531 2609 enim

1946 2658 2143 2715 magno
2168 2641 2327 2711 hujus
2357 2644 2479 2697 vita:
2515 2641 2738 2708 diluvio,
2774 2644 2862 2698 ubi
2894 2644 3377 2699 circumstantibus
3418 2644 3533 2714 agi-

1947 2744 2127 2789 tantur
2168 2735 2445 2806 procellis,
2496 2746 2551 2791 et
2604 2750 2710 2791 non
2756 2735 3067 2790 invenietur
3110 2734 3216 2788 ﬁda
3263 2735 3448 2801 statio,
3475 2743 3533 2789 et

1945 2825 2095 2881 locus
2131 2826 2474 2890 eminentior,
2507 2825 2597 2880 ubi
2631 2841 2725 2896 pes
2755 2825 3020 2881 Columba:
3051 2825 3227 2880 valeat
3263 2824 3532 2896 aliquate-

1944 2927 2046 2971 nus
2066 2911 2441 2986 requiescere:
2470 2932 2735 2986 nusquam
2761 2925 2876 2989 tnta
2899 2932 3030 2986 pax,
3053 2932 3314 2986 nusquam
3335 2931 3529 2973 secura

1941 3006 2131 3076 quies;
2180 3008 2379 3076 ubique
2433 3007 2572 3063 bella
2619 3016 2673 3062 et
2715 3008 2860 3071 lites,
2903 3008 3102 3079 ubique
3142 3007 3352 3071 hostes,
3396 3007 3529 3077 {oris

1940 3114 2153 3168 pugnw,
2181 3100 2324 3153 intus
2361 3099 2573 3153 timores
2603 3099 2685 3170 (II
2714 3099 2839 3153 Cor.
2871 3115 2962 3164 vu,
2988 3095 3065 3170 5).
3101 3097 3166 3154 Et
3188 3100 3312 3169 quia
3355 3100 3539 3162 altera,

1939 3206 2064 3260 pars
2092 3205 2279 3244 sumus
2305 3188 2451 3255 caeli,
2482 3189 2653 3244 altera
2681 3198 2869 3255 terrae;
2904 3206 3091 3259 corpus
3120 3192 3261 3258 quod
3288 3206 3529 3243 corrum-

1936 3281 2100 3348 pitur,
2128 3288 2381 3348 aggravat
2420 3278 2653 3331 animum
2684 3277 2840 3346 (Sap.
2877 3292 2954 3341 rx,
3004 3277 3113 3345 I5).
3162 3277 3369 3331 Idcirco
3411 3278 3529 3331 ani-

1938 3387 2060 3426 mus
2088 3385 2259 3433 meus,
2288 3370 2468 3425 socius
2501 3368 2563 3423 et
2592 3368 2801 3422 amicus
2845 3382 3023 3430 meus,
3058 3367 3318 3437 fatigatus
3343 3369 3410 3422 de
3438 3368 3524 3425 via

1938 3462 2163 3517 veniens
2211 3460 2453 3531 languet,
2500 3468 2557 3514 et
2596 3458 2742 3529 jacet
2768 3457 3029 3533 discissus
3055 3467 3218 3528 atque
3249 3458 3527 3512 laceratus

1936 3553 2005 3608 ab
2029 3552 2119 3617 iis,
2139 3568 2279 3624 quas
2305 3551 2722 3622 pertransierat,
2741 3551 3075 3606 vanitatibus
3101 3569 3114 3605 :
3139 3552 3309 3607 esurit
3332 3559 3385 3604 et
3408 3550 3527 3606 sitit

1936 3645 2111 3711 valde,
2141 3654 2197 3702 et
2226 3660 2334 3709 non
2379 3643 2552 3700 habeo
2599 3642 2727 3712 quid
2779 3657 2976 3713 ponam
3022 3651 3147 3697 ante
3199 3641 3367 3705 illum,
3397 3641 3526 3711 quia

1935 3752 2136 3807 uauper
2165 3752 2284 3790 sum
2328 3744 2377 3788 et
2406 3735 2679 3793 mendicus
2706 3729 2880 3801 (Psat.
2908 3746 3102 3795 xxxu,
3134 3730 3244 3791 I8).
3277 3729 3379 3793 Tu,
3412 3729 3520 3784 Do-

1938 3827 2084 3882 mine
2108 3827 2249 3890 Deus
2284 3840 2465 3889 meus,
2493 3824 2644 3895 dives
2677 3823 2920 3881 omnium
2948 3822 3215 3877 bonorum
3238 3831 3294 3876 et
3322 3822 3523 3890 dapmn

1936 3930 2189 3985 superna:
2229 3913 2501 3969 satietatis
2537 3912 2948 3983 opulentissime
2996 3911 3242 3982 largitor,
3288 3912 3353 3966 da
3379 3911 3527 3968 lasso

1934 4005 2137 4069 cibum,
2188 4002 2379 4071 collige
2425 4001 2754 4071 dispersum,
2808 3998 3115 4070 redintegra
3155 3999 3405 4053 scissum.
3441 3997 3523 4053 Eu

1935 4104 2044 4151 stat
2090 4094 2159 4147 ad
2209 4093 2424 4156 ostium,
2476 4102 2522 4145 et
2574 4089 2751 4160 pulsat
2801 4087 2985 4163 (Apoc.
3018 4087 3223 4157 nt,20)
3250 4101 3264 4140 ε
3296 4086 3522 4145 obsecro

1935 4204 2029 4257 per
2074 4188 2273 4241 viscera
2312 4184 2690 4239 misericordia:
2737 4194 2865 4248 tute,
2910 4183 3100 4253 quibus
3152 4182 3375 4243 visitain
3428 4198 3522 4239 uos

1937 4278 2108 4332 oriens
2153 4291 2218 4331 ea:
2270 4275 2378 4331 atto
2424 4274 2580 4347 (Luc.
2610 4291 2650 4342 t,
2684 4274 2797 4345 78),
2843 4273 2993 4345 aperi
3038 4273 3279 4344 pulsanti
3321 4272 3529 4329 misero

1939 4386 2158 4425 manum
2192 4370 2414 4440 pietatis
2445 4378 2570 4433 tuae,
2612 4377 2669 4421 et
2689 4365 2821 4437 jube
2853 4364 3187 4437 propitiabili
3213 4365 3526 4436 dignatione

238 4469 598 4531 peccatorum
629 4478 875 4518 meorum
909 4465 1173 4529 ontnium,
1216 4474 1273 4518 et
1317 4464 1383 4517 da
1426 4462 1561 4517 mihi
1594 4462 1835 4532 quatidie
1871 4501 1913 4553 Β
1940 4472 1999 4517 ιιι
2026 4461 2366 4531 ingrediatur
2395 4459 2466 4514 ad
2507 4467 2581 4523 te,
2620 4457 2927 4525 requiescat
2957 4456 3009 4509 in
3042 4464 3113 4519 te,
3146 4457 3426 4512 reliciatur
3457 4458 3528 4512 de

236 4562 462 4623 partem
495 4554 551 4608 in
580 4557 984 4611 resurrectione
1021 4558 1222 4626 prima,
1260 4568 1314 4611 ttt
1346 4560 1398 4613 in
1434 4557 1832 4613 resurrectione

241 4657 339 4699 tua
384 4661 600 4701 merear
641 4650 909 4703 veraciter
948 4650 1229 4718 percipere
1264 4652 1588 4720 portionem.
1624 4649 1831 4704 Dulcis-

238 4735 426 4799 sime,‘
450 4735 859 4805 benignissime,
898 4738 1292 4805 amantissime,
1321 4740 1662 4805 cltat-issime,
1702 4755 1827 4811 pre-

240 4826 564 4892 tiosissime,
610 4827 1089 4894 desideratissime,
1137 4831 1548 4896 amabilissime,
1586 4832 1831 4903 pulcher-

239 4919 404 4983 rime,
432 4918 725 4975 ascendisti
747 4920 800 4974 in
828 4921 1026 4975 callum
1048 4938 1170 4976 cum
1202 4922 1473 4991 triumpho
1494 4922 1677 4994 glorise
1703 4933 1829 4992 tute,

237 5024 300 5069 et
349 5014 508 5068 sedes
563 5014 630 5068 ad
682 5014 969 5070 dexteram
1011 5015 1223 5082 Patris;
1280 5031 1372 5070 res
1432 5018 1826 5085 potentissime,

240 5107 406 5159 trahe
439 5121 525 5160 nte
549 5121 763 5162 sursum
795 5108 862 5161 ad
892 5118 962 5175 te,
995 5118 1053 5162 nt
1076 5125 1291 5164 curram
1327 5123 1439 5181 post
1469 5111 1589 5165 tein
1617 5110 1831 5164 odorem

238 5207 633 5265 unguentorum
676 5207 886 5253 tuorum
929 5200 1105 5269 (Cant.
1152 5218 1188 5263 I,
1234 5202 1314 5271 5),
1368 5217 1586 5257 curram
1624 5210 1681 5256 et
1722 5217 1832 5256 non

1942 4561 1994 4607 te
2016 4553 2138 4607 vivo
2161 4550 2480 4619 cmleszique
2507 4563 2645 4619 pane
2671 4564 2684 4600 :
2714 4562 2823 4625 quo
2844 4547 3097 4611 satiatus,
3124 4546 3526 4621 resnmptisque

1939 4646 2150 4701 viribus
2195 4644 2263 4700 ad
2307 4644 2586 4715 superiora
2616 4640 2973 4706 conscendat,
3013 4647 3070 4695 et
3118 4639 3186 4695 de
3231 4639 3336 4694 hac
3384 4634 3527 4692 valle

1938 4737 2309 4807 lacrymarum
2343 4750 2522 4805 penna
2560 4734 2732 4791 sancti
2772 4730 3033 4795 desiderii
3076 4738 3287 4799 raptus,
3317 4727 3385 4782 ad
3413 4741 3524 4782 cte-

1939 4831 2094 4886 lcstia
2126 4846 2289 4899 regna
2323 4832 2530 4887 volitet.

1972 4968 1975 4969 ν
2012 4926 2289 4989 Assuntat,
2333 4923 2581 4989 nomine,
2620 4932 2887 4987 assumat,
2918 4932 3072 4989 rogo,
3114 4915 3339 4987 spiritus
3368 4928 3532 4968 meus

1938 5033 2168 5089 pennas.
2197 5027 2255 5072 ut
2277 5017 2495 5087 aquilae,
2515 5026 2572 5071 et
2601 5014 2785 5069 volitet
2813 5023 2868 5070 et
2892 5027 2998 5069 non
3030 5008 3273 5073 deﬁciat;
3300 5005 3445 5062 volet
3466 5012 3523 5059 et

1940 5112 2222 5184 perveniat
2253 5125 2427 5180 usque
2460 5109 2527 5163 ad
2566 5108 2804 5161 decorem
2851 5105 3043 5175 domus
3093 5111 3220 5164 tum,
3258 5111 3305 5157 et
3344 5097 3522 5150 locum

1944 5204 2286 5259 habitationis
2309 5204 2490 5256 OIOI‘ItB
2538 5210 2646 5252 tua:
2678 5194 2859 5264 (Psal.
2890 5210 3017 5261 xxv,
3049 5194 3126 5265 8),
3155 5201 3211 5249 ιιι
3238 5190 3315 5251 ibi
3355 5201 3528 5259 super

1545 5344 1776 5409 VARle
1818 5344 2217 5409 LECTIONES.

324 5452 417 5483 ““
457 5453 626 5525 Quem
654 5462 708 5507 et
735 5452 872 5522 Aug.
912 5469 1071 5521 quam
1110 5463 1177 5525 et
1240 5455 1331 5525 9""
1373 5455 1667 5525 Expeditus
1692 5459 1743 5511 in
1766 5457 1931 5510 odore
1959 5454 2104 5511 Sam.
2135 5456 2382 5523 expedite
2429 5455 2481 5508 in
2525 5453 2745 5525 odorem
2784 5451 2916 5525 7}”?
2953 5448 3132 5525 Caste,
3193 5452 3521 5525 permanens

240 5521 704 5593 SomaCasteque
742 5521 1066 5592 permanens

1167 5524 1258 5556 m’
1288 5509 1765 5581 calathis-(“cuiu
1811 5509 2167 5590 Sionlacapite
2205 5509 2293 5577 37.
2341 5535 2387 5577 et
2432 5541 2551 5577 cum
2592 5523 2737 5576 Edit.
2774 5522 2833 5576 S.
2862 5521 3085 5590 August.
3112 5509 3293 5590 ἱιιἹίὺ.
3323 5509 3513 5590 dludit.

238 5591 529 5672 111192248.
561 5580 631 5648 Ui
664 5580 873 5675 tempus
911 5592 1406 5675 indultumgralize,
1447 5598 1652 5675 utiliter
1678 5611 1938 5675 peragere
1955 5580 2142 5675 queas,
2175 5604 2228 5647 et
2252 5602 2318 5648 ad
2354 5608 2769 5675 v'erattt_paeent.
2802 5580 3105 5675 pervenias.
3144 5580 3517 5675 ﬂend-utﬁt:

238 5662 497 5739 {aratione
544 5679 699 5739 ruens
736 5664 966 5739 humana
995 5662 1266 5739 copiosius
1288 5662 1693 5736 unnpungitnr,
1716 5667 1761 5723 si
1791 5662 1845 5720 in
1878 5666 2059 5738 quiete
2094 5666 2325 5719 dicatur.

242 5726 346 5761 ""
387 5731 452 5785 Et
482 5733 603 5787 inde
628 5734 763 5803 Aug.
793 5750 850 5786 nt
878 5734 1002 5787 inde

1780 5882 1805 5893 ρ

2406 5665 2497 5695 ""°
2537 5657 2619 5720 He
2643 5657 2951 5719 currentem
2976 5658 3113 5728 Aug.
3145 5669 3233 5710 me
3261 5657 3527 5709 currente
