4048 6288
515 373 620 430 899

872 370 930 428 s.
967 371 1262 427 ANSELMI
1301 367 1646 427 CANTUAR.
1687 365 2003 421 ARCIIIEP.
2045 363 2196 421 ore.
2230 364 2975 420 estisnl.--—1~.-ut.mar.
3020 367 3105 422 ET
3144 369 3388 426 ASCET.

3681 373 3801 433 900.

513 479 755 544 mensam
776 476 1103 540 ‘rel'ectionis
1135 484 1332 538 civium
1365 486 1720 552 supernort‘nu
1751 487 2002 548 pascatur
2030 478 2095 530 de
2125 483 2167 537 Α
2201 477 2318 530 est?
2351 476 2686 542 Dulcissime,
2718 480 3113 542 amantissime,
3137 481 3546 553 benignissime,
3580 489 3789 548 charis-

513 578 737 636 occultis
767 578 873 632 tuis
898 579 952 630 in
977 578 1089 641 loco
1111 592 1320 645 pascuw
1343 584 1448 626 tute
1473 571 1647 641 (l’sal.
1677 587 1810 633 χλιι,
1833 569 1914 639 2),
1935 569 2087 636 juxta

514 673 714 725 ﬂuenta
742 669 1053 740 plenissima
1088 686 1101 721 :
1134 669 1439 736 requiescat
1469 669 1520 719 in
1548 675 1617 728 te,
1640 665 1778 718 Deus
1803 679 1972 726 meus,
2000 679 2095 714 cor

516 775 715 823 meum,
745 773 840 811 cor
876 773 1024 810 mare
1051 764 1326 826 magnum,
1353 765 1567 809 tumens
1594 753 1863 807 lluctihus.
1894 746 1972 805 Tu
2003 753 2091 820 qui

517 849 795 918 imperasti
839 849 1001 902 ventis
1058 858 1104 900 et
1145 847 1301 911 mari,
1351 857 1396 899 et
1435 831 1576 914 facta
1607 855 1680 898 est
1736 843 2093 913 tranquillitas

513 956 704 1009 magna
752 937 968 1009 (Matth.
1006 931 1121 1002 vtlt,
1148 939 1264 1007 2‘5),
1297 939 1420 992 veni
1454 947 1510 991 ct.
1533 939 1762 1006 gradere
1791 952 1953 1006 super
1996 934 2089 988 llu-

514 1025 636 1084 ctus
664 1032 845 1085 cordis
871 1032 1004 1095 mei;
1043 1039 1101 1084 ut
1129 1029 1419 1098 tranquilla
1452 1039 1505 1082 et
1535 1043 1728 1083 serena
1758 1027 1887 1082 liaut
1912 1028 2092 1080 omnia

517 1137 656 1183 mea,
684 1126 953 1191 quatenhs
980 1121 1146 1174 u’nmn
1175 1122 1374 1176 bonum
1408 1136 1586 1175 meum
1616 1120 1911 1189 amplectar
1941 1129 2011 1183 te,
2040 1128 2094 1172 et

513 1211 669 1268 dulce
717 1212 893 1266 lumen
945 1212 1216 1266 oculorum
1260 1226 1488 1265 meorum
1537 1211 1708 1279 (Psal.
1757 1226 1963 1271 xxxv",
2003 1211 2090 1278 ll)

514 1303 850 1372 cautempler
873 1313 923 1357 te
945 1304 1060 1356 sine
1088 1303 1525 1356 tmuulluautium
1545 1303 1930 1373 cogitationum
1953 1317 2092 1358 etcca

519 1393 768 1463 caligine.
819 1392 1126 1463 Conl'ugiat,
1163 1395 1409 1454 Domine,
1446 1407 1599 1447 meus
1626 1409 1747 1448 mea
1788 1393 1881 1446 sub
1906 1395 2092 1446 umbra

515 1481 722 1536 alanna
759 1493 972 1537 tuarum
1022 1483 1193 1554 (Psal.
1247 1497 1358 1547 xvi,
1388 1485 1441 1552 8)
1469 1484 1537 1537 ab
1567 1483 1787 1537 testibus
1813 1483 2094 1553 cogitatio-

519 1589 644 1628 r.um
676 1575 836 1645 hujus
863 1576 1064 1639 szeeuli,
1097 1585 1154 1629 ut
1183 1576 1236 1630 ln
1264 1577 1342 1630 tui
1377 1577 1641 1646 refrigerii
1669 1583 2094 1646 temperamento

516 1667 799 1732 absconsa,
854 1667 1157 1721 lzt‘labuutla
1208 1676 1393 1721 cantet
1443 1679 1497 1722 et
1547 1668 1739 1722 dicat:
1778 1665 1842 1720 In
1887 1667 2092 1736 pacein

511 1759 734 1827 idipsum
762 1760 1021 1812 dormiam
1053 1770 1100 1813 et
1130 1762 1446 1828 requiescam
1486 1758 1657 1830 (l’sal.
1691 1771 1770 1824 tv,
1796 1759 1876 1832 2).

589 1850 851 1915 Dormiat,
885 1852 1133 1915 obsecro,
1177 1851 1402 1906 Domine
1454 1851 1597 1907 Deus
1642 1869 1816 1918 meus,
1860 1852 2092 1907 dormiat

514 1943 776 1998 memoria
817 1957 935 1997 mea
977 1943 1042 1996 ab
1081 1943 1334 1998 omnibus
1377 1939 1472 1974 ¹¹ί¹
1499 1959 1619 2014 quze
1648 1945 1747 1998 sub
1779 1945 1917 1998 coelo
1946 1953 2088 2007 sunt,

518 2032 746 2103 vigilans
789 2041 859 2096 te,
892 2033 1033 2086 sicut
1062 2032 1322 2101 scriptum
1374 2041 1491 2098 est;
1530 2033 1639 2102 Ego
1669 2033 1896 2097 dormio,
1930 2041 1978 2087 et
2005 2041 2093 2086 cor

513 2139 684 2176 meum
709 2119 888 2192 vigilat
923 2120 1095 2192 (Cant.
1134 2139 1186 2188 ι’,
1214 2123 1294 2194 ‘2).
1336 2123 1418 2178 Sit
1453 2132 1588 2190 tuta,
1631 2125 1699 2178 sit
1747 2140 1960 2195 semper
2008 2142 2090 2180 se-

515 2217 647 2266 iura
678 2212 777 2267 sub
814 2213 1008 2282 pennis
1039 2213 1390 2282 protectiouis
1421 2222 1525 2268 tuae
1551 2213 1730 2267 anima
1775 2230 1916 2276 mea,
1950 2213 2090 2270 Deus

517 2317 692 2356 meus.
723 2301 936 2357 Maneat
971 2303 1023 2356 iu
1059 2314 1129 2366 te,
1161 2312 1212 2358 et
1255 2303 1504 2359 foveatur
1545 2312 1760 2374 semper
1790 2321 1818 2358 a
1848 2314 1918 2360 te.
1949 2305 2091 2360 Cons

515 2393 802 2464 templetur
834 2403 884 2447 te
937 2393 989 2446 iu
1029 2393 1227 2448 mentls
1280 2409 1527 2460 excessu,
1573 2403 1631 2449 et
1675 2402 1855 2450 cantet
1903 2396 2089 2449 laudes

515 2493 636 2538 tuas
675 2484 726 2538 in
751 2483 1112 2555 -jubilalione;
1154 2494 1209 2538 et
1241 2485 1355 2540 lure
1382 2486 1554 2540 dulcia
1587 2486 1725 2540 bona
1760 2496 1846 2540 tua
1875 2487 1982 2541 sint
2012 2489 2088 2540 iu-

511 2585 592 2630 ter
617 2576 714 2630 hos
749 2576 993 2632 turbines
1033 2577 1331 2632 Consolatio
1360 2593 1476 2631 mea
1515 2577 1754 2641 interim,
1791 2579 1964 2632 donec
1996 2593 2085 2632 ve-

510 2666 654 2720 niam
685 2668 750 2720 ad
779 2677 828 2721 te
855 2684 1040 2737 pacem
1066 2685 1274 2738 veram,
1301 2673 1388 2724 ubi
1422 2688 1525 2724 non
1549 2680 1629 2724 est
1653 2679 2083 2736 arCus,scutur.n,

507 2757 715 2827 gladius
743 2768 796 2812 et
823 2759 1043 2826 bellum,
1071 2762 1164 2816 sed
1190 2771 1272 2818 est
1294 2777 1501 2817 summa
1534 2772 1584 2816 et
1621 2769 1766 2816 recta
1793 2763 2082 2828 securitas,

507 2856 563 2900 et
615 2863 805 2902 secura
865 2851 1249 2919 tranquillitas,
1312 2853 1595 2922 tranquilla
1644 2853 1976 2922 jucunditas,
2033 2862 2084 2907 ct

503 2938 740 3006 jucunda
773 2939 1027 3004 felicitas,
1062 2951 1116 2995 et
1151 2941 1276 2996 felix
1318 2945 1614 3006 :cternitas,
1645 2954 1699 2998 et
1729 2953 1934 2998 aeterna
1961 2944 2087 3000 bea-

511 3026 708 3092 titudo,
739 3035 794 3081 et
823 3029 980 3082 beata
1018 3031 1092 3083 tui
1126 3031 1284 3094 visio,
1315 3042 1369 3086 et
1404 3032 1644 3088 laudatio
1679 3033 1733 3087 in
1765 3033 1960 3088 saecula
1986 3049 2088 3089 ειη-ι

482 3113 484 3116 ’
510 3117 775 3173 culorum.
810 3121 1004 3175 Amen.

979 3229 1143 3307 260
1181 3229 1440 3294 ORATIO
1477 3234 1618 3292 xxx.

1104 3343 1169 3380 AD
1207 3342 1494 3382 εωιιδτωι.

512 3411 737 3498 Quando
762 3416 978 3474 dissolvi
1012 3420 1157 3543 «πφδ
1183 3431 1230 3473 et
1271 3434 1381 3541 ease
1412 3437 1532 3540 cum
1555 3417 1760 3474 Christo
1799 3423 2084 3475 secundum

1095 3500 1250 3543 ictum
1347 3500 1490 3543 nosto
1515 3506 1551 3543 ι.

1095 3500 1250 3544 iclum
1299 3500 1551 3558 Apostoti.

577 3567 797 3630 Christe
849 3577 1095 3643 Domine,
1145 3579 1320 3632 virtus
1375 3589 1430 3632 et
1464 3578 1732 3648 sapientia
1760 3579 1964 3646 Patris,
1996 3583 2086 3652 qui

508 3664 659 3728 ponis
685 3665 872 3719 nubem
897 3683 1172 3721 ascensum
1204 3678 1377 3734 tuum,
1403 3669 1493 3734 qui
1515 3670 1759 3724 ambulas
1784 3687 1943 3740 super
1967 3677 2100 3740 pem

512 3769 608 3806 nas
646 3764 932 3818 ventorum,
955 3757 1046 3825 qui
1071 3757 1207 3826 facis
1237 3757 1448 3827 angelos
1485 3767 1600 3812 tuos
1631 3761 1866 3829 spiritus,
1908 3771 1959 3815 et
1986 3764 2088 3816 mi-

510 3845 704 3898 nistros
730 3855 845 3900 tuos
873 3847 1043 3915 ignem
1071 3855 1304 3902 urentem
1329 3847 1502 3919 (Psal.
1536 3865 1648 3913 cm,
1668 3851 1747 3920 4),
1776 3851 2007 3909 obsecro
2031 3865 2088 3909 et

511 3933 787 3990 humiliter
829 3951 980 4007 rogo,
1013 3939 1078 3992 da
1116 3946 1386 4009 praepetes
1420 3953 1625 4010 pennas
1669 3940 1817 4008 fidei,
1845 3943 1913 3998 da
1943 3945 2083 4000 cele-

511 4035 597 4081 res
625 4027 738 4084 alas
770 4031 1049 4097 virtutum,
1083 4032 1281 4102 quibus
1315 4044 1536 4088 evectus
1585 4044 1782 4090 aeterna
1827 4047 1882 4090 et
1917 4040 2100 4094 ctele-'

503 4113 605 4168 stia
639 4116 814 4172 valam
858 4119 1237 4190 contemplari.
1286 4121 1596 4186 Atlhtereat,
1657 4139 1862 4191 qua-so,
1900 4130 2080 4183 anima

502 4218 616 4258 mea
636 4217 749 4274 post
775 4215 843 4273 te,
864 4209 1191 4280 etsuscipiat
1211 4210 1518 4265 medea-tera
1542 4222 1632 4265 tua
1655 4211 1825 4284 (Psal.
1851 4231 1980 4280 Lxu,
2003 4219 2078 4283 9).

503 4291 762 4350 Sustollat
805 4312 891 4351 me
939 4313 1102 4368 super
1147 4298 1489 4354 altitudinem
1530 4312 1709 4368 teme,
1741 4313 1795 4358 et
1821 4305 1964 4361 cibet
1997 4324 2082 4362 me

503 4383 590 4438 illa
641 4387 854 4444 caelesti
901 4390 1242 4456 hrcreditate,
1290 4393 1377 4447 cui
1409 4391 1672 4462 suspirat
1714 4399 2080 4468 peregrinatio

2195 568 2346 629 sime,
2389 568 2802 637 pretiosissime,
2839 569 3319 638 desideratissime,
3363 578 3783 647 amabili‘ssime;

2196 658 2580 726 pulcherrime,
2622 661 2842 727 quando
2879 671 2930 716 te
2977 663 3202 718 videbo?
3243 664 3477 731 Quando
3506 675 3789 740 apparebo

2194 761 2320 803 ante
2350 749 2544 804 faciem
2571 752 2760 805 tuam?
2787 751 3012 819 Quando
3035 756 3277 810 satiabor
3291 759 3357 810 de
3381 759 3792 828 pulchritudine

2198 843 2320 895 tua?
2348 843 2576 910 Quando
2616 843 2818 898 educes
2854 859 2940 900 me
2974 847 3038 900 de
3075 848 3175 902 hoe
3207 831 3431 906 carcere
3470 857 3786 922 tenebroso,

2196 945 2254 988 ut
2279 935 2544 990 conﬁtear
2587 937 2792 991 nomini
2834 945 2951 1000 tuo,
2985 939 3057 992 ita
3093 949 3150 994 ut
3185 941 3448 1013 deinceps
3489 960 3599 1000 non
3633 963 3791 1002 com-

2196 1025 2440 1096 pungar?
2478 1025 2708 1092 Quando
2739 1029 2983 1082 transibo
3026 1028 3078 1082 in
3126 1029 3271 1084 illam
3319 1034 3700 1092 admirabilem
3730 1048 3788 1092 ct

2197 1115 2618 1184 pulcherrimam
2650 1118 2868 1172 domum
2909 1129 3080 1186 tuam,
3112 1123 3202 1176 ubi
3236 1131 3491 1191 personat
3520 1143 3624 1181 rom
3651 1130 3790 1184 laeti-

2199 1204 2284 1258 tize
2325 1214 2380 1259 et
2417 1205 2784 1261 exsultationis
2814 1207 2865 1262 in
2895 1211 3248 1266 tabernaculis
3266 1214 3534 1282 fastorum
3561 1219 3587 1271 ?
3608 1220 3786 1290 (Psal.

2194 1311 2362 1361 cxvu,
2396 1297 2509 1367 l5.)
2545 1296 2691 1351 Beati
2726 1299 2816 1368 qui
2851 1299 3086 1354 habitant
3126 1303 3180 1355 in
3210 1304 3364 1357 domo
3390 1315 3503 1370 tua,
3539 1307 3786 1374 Domine,

2197 1388 2250 1439 in
2278 1387 2476 1440 sa’cnla
2505 1388 2819 1441 strculornm
2845 1389 3138 1444 laudabant
3163 1403 3212 1444 te
3233 1392 3408 1461 (Psal.
3441 1412 3673 1461 um",
3705 1400 3788 1456 5).

2199 1477 2368 1543 Beati,
2415 1488 2470 1531 et
2510 1493 2636 1533 vere
2666 1479 2830 1542 beati,
2861 1493 3000 1549 quos
3025 1481 3226 1550 elegiin
3268 1495 3317 1536 et
3361 1488 3698 1556 assmnpsisti
3731 1490 3788 1542 in

2199 1565 2344 1620 illam
2378 1567 2651 1621 caelestem
2677 1567 3046 1623 htcreditatem
3079 1570 3248 1634 (Psal.
3279 1589 3424 1640 wa,
3458 1576 3540 1645 5).

2267 1657 2407 1712 Ecce
2451 1658 2626 1712 sancti
2675 1660 2775 1722 tui,
2810 1661 3057 1725 Domine,
3106 1660 3301 1718 ﬂorent
3342 1675 3471 1720 ante
3519 1677 3596 1729 te,
3642 1669 3790 1723 sicut

2198 1747 2392 1802 lilitun.
2440 1748 2734 1817 Repleutur
2779 1751 2924 1804 enim
2957 1753 3023 1804 ab
3063 1753 3298 1808 ubertate
3337 1756 3526 1810 domus
3563 1767 3694 1822 tute,
3735 1772 3790 1813 et

2127 1829 2166 1886 li
2198 1847 2424 1894 torrente
2447 1840 2723 1910 voluptatis
2765 1853 2869 1895 tua:
2905 1852 3061 1912 potas
3087 1861 3194 1910 eos,
3222 1847 3471 1914 quoniam
3501 1857 3555 1902 tu
3581 1865 3635 1902 es
3665 1849 3790 1918 fons

2196 1932 2329 1995 rita',
2363 1942 2412 1986 et
2439 1933 2492 1987 in
2523 1932 2721 1988 lumine
2744 1944 2834 1988 tuo
2874 1936 3054 1990 rident
3084 1936 3260 1992 lumen
3298 1938 3470 2009 (l’sal.
3503 1957 3673 2005 xxxv,
3701 1943 3787 2012 9),

2197 2038 2367 2092 ttsque
2393 2025 2528 2078 adeo
2557 2035 2616 2078 ut
2644 2025 2770 2095 ipsi,
2804 2026 3052 2081 videlicet
3079 2028 3259 2082 lumen
3293 2029 3664 2085 illuminatum
3687 2047 3792 2102 per

2197 2124 2247 2168 te
2283 2114 2447 2169 Deum
2479 2115 2899 2182 illuminantem,
2936 2118 3077 2173 sicut
3107 2119 3208 2183 sol,
3243 2119 3538 2193 emilgeant
3568 2124 3622 2176 in
3655 2139 3792 2178 con-

2193 2211 2379 2272 specta
2410 2212 2520 2258 tuo.
2552 2204 2598 2260 Ο
2623 2220 2787 2275 quam
2821 2207 2979 2272 mira,
3015 2221 3176 2276 quam
3209 2209 3458 2279 pulchra,
3487 2226 3654 2282 quam
3688 2228 3786 2266 ac-

2193 2295 2482 2365 eeptabilia
2518 2306 2645 2352 sunt
2678 2297 2872 2352 domus
2912 2307 3017 2352 tua:
3051 2299 3381 2363 habitacula,
3416 2301 3648 2357 Domine
3674 2305 3789 2357 virs

2195 2395 2366 2440 tutum
2385 2390 2398 2442 !
2417 2389 2754 2458 concupiscit
2775 2390 2979 2446 intrare
3000 2391 3053 2444 in
3074 2405 3136 2446 ea
3157 2393 3272 2446 lucc
3300 2394 3575 2462 peccatrix
3597 2396 3786 2449 anima

2194 2494 2333 2532 mea.
2380 2479 2623 2546 Domine,
2671 2480 2836 2535 dilexi
2871 2484 3110 2536 decorem
3147 2483 3335 2536 domus
3369 2495 3494 2551 tua,
3527 2495 3578 2538 et
3609 2486 3788 2540 locum

2189 2570 2525 2625 habitationis
2550 2571 2734 2641 gloria!
2760 2582 2866 2625 true
2896 2571 3068 2640 (Psal.
3103 2589 3230 2639 xxv,
3270 2575 3348 2642 8).
3385 2573 3430 2628 ι]
3437 2591 3559 2628 nam
3589 2579 3717 2644 petii
3747 2595 3782 2630 a

2192 2662 2436 2727 Domino,
2487 2673 2534 2716 et
2587 2665 2724 2717 hanc
2771 2667 3068 2734 requiram,
3114 2676 3168 2718 nt
3213 2667 3500 2720 inhabilem
3539 2669 3594 2722 in
3625 2669 3786 2722 domo

2196 2754 2404 2808 Domini
2445 2756 2686 2808 omnibus
2728 2756 2910 2809 diebus
2948 2759 3068 2809 vita:
3108 2772 3238 2810 metu
3281 2754 3454 2828 (Psal.
3500 2775 3654 2824 xm,
3697 2761 3781 2828 ι).

2193 2846 2646 2910 Quemadmodum
2673 2847 2936 2900 desiderat
2965 2863 3149 2901 cervus
3187 2849 3256 2900 ad
3296 2849 3466 2917 fontes
3490 2867 3780 2921 aquarum,-

2191 2941 2262 2992 ita
2297 2938 2556 2992 desidera:
2577 2939 2754 2992 anima
2784 2953 2897 2991 mea
2921 2938 2990 2992 ad
3017 2949 3088 3003 te,
3112 2937 3268 2993 Dens.
3294 2937 3521 3004 Quando
3550 2944 3782 3006 veniam,

2189 3039 2234 3082 et
2282 3028 2542 3098 apparebo
2590 3037 2711 3082 ante
2760 3027 2949 3096 facirm
2997 3028 3196 3081 tuam?
3224 3027 3396 3096 (Psnl.
3459 3044 3571 3092 xu,
3610 3029 3667 3094 ἓ,
3696 3030 3782 3097 5.)

2133 3165 2158 3183 ,
2191 3116 2421 3183 Quando
2448 3116 2642 3170 videbo
2665 3116 2829 3171 Deum
2855 3132 3056 3182 meum,
3082 3131 3241 3186 quem
3273 3117 3389 3173 sitit
3418 3117 3604 3172 anima
3625 3122 3784 3174 mea?

2193 3206 2418 3272 Quando
2453 3205 2643 3260 videbo
2671 3221 2796 3260 cum
2825 3206 2876 3259 in
2904 3214 3047 3260 terra
3077 3205 3482 3261 viventium?lu
3507 3207 3612 3262 ista
3629 3209 3801 3264 enim

2195 3307 2338 3352 terra
2372 3295 2715 3351 morientium
2746 3296 2914 3350 videri
2950 3311 3055 3350 non
3088 3305 3269 3366 potest
3299 3297 3623 3353 mortalibus
3649 3315 3783 3354 ocn-

2193 3389 2282 3440 lis.
2310 3386 2451 3453 Quid
2486 3387 2684 3441 faciam
2713 3389 2877 3441 miser
2897 3402 2999 3458 ego
3020 3389 3313 3456 gravedine
3327 3391 3610 3459 compedis
3633 3405 3786 3444 moro

2195 3480 2416 3534 talitatis
2445 3494 2577 3534 mete
2600 3479 2964 3534 constrictus?
2993 3479 3131 3547 Quid
3168 3479 3401 3534 faciam?
3431 3479 3574 3534 Dum
3593 3497 3780 3536 suum

2189 3571 2246 3624 in
2274 3587 2507 3639 corpore,
2550 3572 2948 3640 peregrinamnr
2985 3587 3016 3624 a
3066 3570 3290 3625 Domino
3323 3570 3412 3641 (II
3449 3569 3575 3625 Cor.
3605 3588 3664 3636 ν,
3685 3573 3778 3642 6);

2190 3677 2293 3714 non
2328 3662 2576 3715 habemus
2618 3661 2702 3714 hic
2748 3671 3038 3714 manentem
3087 3661 3373 3727 ciuitatem,
3405 3663 3496 3716 sed
3529 3662 3773 3729 futuram

2188 3749 2504 3819 inquirimus
2545 3747 2732 3819 (Ilebr.
2777 3765 2895 3813 xm,
2942 3748 3048 3815 l4).
3086 3747 3282 3804 Noster
3315 3760 3499 3804 autem
3531 3751 3773 3805 Ittunici-

2187 3842 2424 3911 patusin
2453 3841 2609 3897 caelis
2651 3851 2752 3896 est.
2807 3841 2921 3895 Heu
2963 3842 3112 3907 mihi,
3155 3842 3281 3912 quia
3318 3841 3585 3896 incolatus
3630 3859 3773 3896 meus

2185 3931 2523 4002 prolongatus
2566 3941 2690 3986 est:
2724 3932 2954 3984 habitari
2999 3948 3118 3985 cum
3163 3931 3524 3986 habitantibus
3578 3932 3772 3995 Cedar,

2185 4023 2407 4076 multant
2438 4024 2611 4078 incola
2649 4025 2747 4091 fuit
2787 4024 2964 4077 anima
2996 4041 3109 4079 mea
3143 4022 3322 4096 (Psal.
3349 4040 3500 4091 cxtx,
3531 4025 3613 4096 5).
3643 4025 3771 4092 Quis

2184 4113 2324 4166 dabit
2353 4114 2480 4165 mihi
2497 4129 2694 4180 pennas
2729 4115 2863 4167 sicut
2887 4113 3167 4179 columbae,
3195 4126 3244 4170 et
3265 4116 3540 4179 rolabo,et
3569 4119 3768 4187 requie-

2183 4206 2371 4258 scam?
2418 4201 2592 4271 (Psal.
2644 4219 2753 4267 Liv,
2803 4204 2882 4274 7.)
2927 4204 3070 4259 Nihil
3114 4205 3244 4260 mihi
3277 4215 3385 4262 tam
3417 4208 3582 4264 dulce
3607 4226 3766 4278 quam

2183 4312 2306 4350 cum
2351 4295 2578 4349 Domino
2619 4312 2738 4348 meo
2778 4310 2918 4350 esse.
2967 4295 3100 4349 Mihi
3137 4306 3312 4351 autent
3350 4299 3629 4354 adhwrere
3658 4299 3764 4353 Deo

2183 4387 2375 4438 bonum
2401 4393 2476 4438 est
2513 4381 2690 4452 (Psal.
2725 4399 2894 4448 usu,
2936 4383 3050 4452 28).
3083 4384 3156 4438 Da
3191 4385 3349 4449 mihi,
3389 4384 3644 4449 Domine,
3675 4387 3764 4440 do—

505 4489 624 4528 mea
655 4477 742 4531 die
770 4492 835 4532 ac
871 4489 1052 4535 nocte,
1087 4481 1154 4534 Et
1193 4482 1318 4551 quia
1368 4484 1688 4540 moribunda
1730 4489 1970 4544 membra
2000 4491 2081 4545 γε-
2109 4500 2156 4560 D
2185 4492 2285 4531 nec
2331 4477 2416 4530 his
2463 4475 2744 4546 fragilihus
2792 4477 2987 4531 ‘dSSlSlO
3026 4476 3307 4540 membris,
3341 4475 3436 4531 ιὶιιί
3465 4478 3760 4536 adlucrerei

498 4579 684 4634 gorem
715 4569 909 4623 animae
937 4571 1220 4637 hebetant,

570 4652 770 4724 Disjice
793 4665 1014 4712 terretur
1040 4659 1254 4712 nebulas
1291 4669 1339 4714 et
1361 4661 1592 4730 pondera
1615 4663 1787 4729 molis,

564 4743 708 4799 'Siste
744 4763 930 4816 vagam
955 4758 1200 4813 mentem,
1233 4767 1325 4818 per
1351 4751 1500 4805 devia
1529 4752 1696 4807 multa
1720 4765 1968 4818 mentem,

569 4834 636 4889 Et
665 4837 734 4891 da
761 4837 1013 4893 caelestem
1049 4851 1268 4895 mentem
1299 4843 1640 4897 conscendere
1658 4846 1854 4910 sedem,

492 4936 554 4980 ιιι
579 4942 834 4998 supremo
862 4930 1068 4988 lumine
1109 4933 1388 5002 irradiata,
1427 4945 1626 4991 terram
1653 4938 1934 5009 despiciat,
1959 4956 2070 4996 cte-

2182 4569 2324 4624 sicut
2350 4567 2612 4636 scriptum
2643 4577 2768 4622 est:
2805 4568 2910 4632 Qui
2931 4567 3166 4622 adlucret
3202 4565 3452 4632 Domino,-
3487 4583 3627 4622 unus
3664 4567 3760 4636 mu

2185 4660 2314 4712 ritus
2335 4666 2412 4714 est
2437 4674 2554 4712 cum
2576 4655 2704 4728 eo(l
2734 4654 2857 4710 Cor.
2889 4671 2963 4721 γι,
2998 4656 3105 4726 l7).

2252 4750 2440 4806 Praebe
2465 4749 2618 4814 mihi,
2645 4764 2796 4818 rogo,
2818 4747 3290 4817 contemplationis
3312 4762 3546 4818 pennas,
3571 4747 3758 4819 quibus

2184 4841 2406 4897 indutus
2444 4839 2510 4894 ad
2555 4847 2608 4893 te
2641 4837 2862 4893 volitent
2906 4843 3144 4892 sursum.
3173 4837 3245 4891 Et
3282 4838 3410 4906 quia
3439 4852 3605 4892 ornue
3633 4837 3756 4891 siui-

2181 4943 2353 4989 strum
2397 4932 2650 4988 deorsum
2689 4929 2860 4998 jacet,
2910 4937 3033 4984 tene
3080 4938 3318 4985 mentem
3351 4945 3555 4997 meam,
3599 4945 3664 4984 ne
3693 4928 3753 4988 ad

2180 5027 2286 5080 ima
2313 5023 2612 5078 tenebrosa:
2644 5020 2799 5077 vallis
2830 5027 3076 5084 corruat,
3115 5035 3184 5074 ne
3221 5019 3620 5074 interveniente
3647 5034 3752 5072 um-

2179 5117 2276 5170 bra
2335 5124 2493 5172 terra:
2545 5129 2576 5167 a
2631 5123 2684 5167 te
2730 5129 2860 5168 vero
2898 5111 3122 5179 justi'izc
3179 5110 3307 5164 Sole
3344 5121 3650 5179 separetur,
3700 5118 3750 5162 et

2175 5210 2407 5264 obducta
2453 5206 2796 5262 tenebrarum
2841 5204 2962 5277 [al.,
2989 5204 3224 5258 adducta
3260 5202 3634 5275 tenebrarum]
3667 5217 3748 5255 nr-

493 5017 601 5072 lum
624 5020 873 5090 aspiciat,
902 5033 1122 5090 peccata
1149 5027 1353 5093 oderit,
1383 5026 1658 5097 justitiam
1699 5030 1908 5102 diligat.
1932 5033 2072 5099 Quid

493 5108 636 5161 enim
661 5109 955 5178 pulchrius,
983 5114 1182 5183 quidve
1206 5116 1438 5182 dulcius,
1467 5132 1628 5187 quam
1655 5118 1794 5173 inter
1819 5122 2073 5175 tenebras

495 5197 653 5266 hujus
682 5201 806 5257 vita}
833 5204 1138 5274 multasque
1162 5209 1555 5264 amaritudincs
1577 5209 1774 5264 divina:
1801 5209 2070 5268 dulcedini

494 5287 724 5356 inhiare,
759 5301 812 5348 et
860 5304 1078 5350 :cterna:
1124 5297 1448 5353 beatitudini
1500 5299 1800 5370 suspirare,
1834 5299 2069 5371 .illicque
2179 5301 2301 5356 bula
2355 5300 2711 5370 prohibeatur
2763 5299 2873 5354 alta
2939 5295 3232 5364 respicere.
3289 5295 3497 5350 Idcirco
3549 5310 3746 5350 sursum

493 5383 666 5436 teneri
717 5394 898 5440 mente
940 5387 1028 5440 ubi
1075 5403 1202 5444 vera
1244 5391 1432 5446 haberi
1473 5391 1667 5462 gaudia
1707 5391 2068 5448 certissimum
2169 5393 2342 5448 tendo
2373 5393 2438 5447 ad
2462 5391 2610 5459 pacis
2633 5391 2847 5460 gaudia,
2874 5388 3115 5456 lucisque
3137 5383 3515 5440 delectabilem
3538 5395 3638 5440 ets
3673 5400 3746 5438 re-

1772 5505 2004 5563 VARUE
2042 5507 2448 5564 LECTIONES.

563 5605 654 5694 ’γ’
683 5611 933 5694 Dormiat
955 5617 1214 5694 memoria
1242 5633 1358 5694 mea
1390 5621 1456 5675 ab
1483 5621 1730 5694 omnibus
1753 5629 1858 5694 etc.
1889 5637 2051 5694 usque
2077 5623 2146 5676 ad
2166 5623 2432 5694 justitiam
2459 5621 2685 5694 diligat:
2718 5621 2902 5694 desunt
2927 5621 2983 5694 in
3010 5617 3157 5694 So_n_t_.
3185 5613 3461 5694 etintluq.
3489 5612 3742 5694 inquibus

493 5674 824 5763 δίεγίσθθιιξνε
856 5686 1090 5763 dormiat
1119 5690 1378 5763 memoria
1407 5674 1525 5746 mea
1554 5692 1620 5746 ab
1649 5674 1902 5748 omnibus
1930 5674 2102 5747 malis
2129 5674 2142 5746 ξ
2166 5674 2526 5763 iniquitatem
2556 5674 2737 5758 ‘odiat,
2764 5689 3033 5760 justitiam
3062 5688 3270 5749 diligat.
3301 5674 3441 5749 Quid
3470 5674 3614 5738 enim
3645 5691 3738 5736 etc.

491 5761 603 5813 qua:
631 5759 751 5804 sunt
775 5756 827 5805 in
850 5756 1083 5809 oratione
1107 5760 1360 5827 sequenti.
