4048 6288
229 331 322 404 sei
348 379 352 386 .

1649 319 2060 380 ORATIONES.
2111 380 2116 384 ,

3384 325 3492 380 902

229 442 506 498 aissimum
543 450 763 498 statum.
803 439 951 496 Tene
981 455 1096 497 eor,
1119 455 1297 495 meum
1329 453 1489 493 manu
1529 447 1642 502 tua,
1673 436 1802 507 quia
1834 443 1876 502 Α
1907 433 2111 503 potenti
2159 433 2378 495 virtute,
2429 442 2482 488 et
2521 433 2600 489 sic
2636 432 2704 490 de
2730 437 2906 505 capite
2938 450 3058 491 meo
3107 436 3243 492 educ
3285 451 3480 507 aquam

231 539 343 589 sine
391 544 442 587 te
474 535 542 588 ad
589 534 784 588 altiora
831 548 937 586 non
995 533 1226 600 rapitur.
1276 531 1407 586 llluc
1453 529 1673 595 festino,
1715 528 1806 582 ubi

232 640 444 680 summa
487 633 850 693 paxtreguat,
885 631 939 676 et
987 623 1134 693 iugis
1185 621 1554 690 tranquillitas
1604 621 1805 676 rutilat.

240 714 372 769 l‘ene
415 723 472 771 et
517 730 642 785 rege
691 715 942 784 Spiritum
1001 729 1206 775 meum,
1237 721 1288 766 et
1317 729 1536 766 assume
1563 711 1715 765 illum
1753 721 1807 764 tu

229 807 522 881 secundum
560 806 914 872 voluntatem,
949 817 1006 860 ut
1039 815 1092 860 te
1128 805 1262 860 duce
1294 804 1552 859 ascendat
1580 805 1631 858 in
1663 802 1806 856 illam

231 880 502 968 regionem
555 897 854 973 ubertatis,
900 898 987 950 ubi
1039 896 1218 968 pascis
1262 895 1428 970 Israel
1465 896 1515 950 io
1545 902 1809 958 aeternum

229 989 420 1060 pabulo
441 989 706 1060 veritatis,
723 996 782 1041 ιιι
810 988 880 1042 ibi
905 988 990 1042 vel
1014 987 1198 1057 rapida
1223 986 1555 1056 cogitatione
1577 985 1812 1054 attingat

230 1088 279 1132 te
325 1092 596 1131 summam
655 1075 978 1145 sapientiam
1027 1091 1192 1146 super
1236 1074 1420 1130 omnia
1462 1079 1806 1142 manentem,

228 1174 422 1238 cuneta
479 1175 876 1230 transeuntem,
914 1176 970 1220 et
1017 1167 1202 1220 omnia
1254 1166 1668 1235 gubernantem.
1700 1161 1812 1232 Sed.

228 1257 476 1312 volitanti
509 1257 576 1312 ad
608 1267 662 1330 te
707 1258 910 1320 animae
949 1257 1113 1325 multa
1159 1265 1285 1310 sunt
1317 1270 1436 1323 quae
1466 1256 1807 1326 obstrepunt.

226 1339 384 1402 iussu
443 1356 558 1412 tuo,
607 1347 852 1412 Domine,
883 1347 1413 1406 couticescantmihi
1451 1331 1654 1400 omnia.
1688 1344 1807 1415 lpsa

225 1437 328 1496 sibi
361 1439 564 1502 ,ani‘ma
620 1454 739 1504 mea
793 1438 971 1502 sileat,
1016 1436 1197 1504 omnia
1231 1443 1600 1506 pertranseat,
1627 1434 1808 1504 omnia

225 1541 348 1596 qua:
376 1536 561 1594 creata
594 1511 720 1589 sunt
747 1519 1092 1590 transcendat
1122 1543 1152 1582 ιι
1184 1544 1241 1582 se
1262 1537 1315 1582 et
1335 1527 1615 1596 perveniat
1641 1527 1708 1580 ad
1728 1536 1807 1591 te,

224 1630 389 1690 atque
415 1621 468 1675 in
500 1629 551 1674 te
580 1622 697 1682 solo
724 1621 982 1678 Creatore
1011 1621 1260 1676 omnium.
1283 1620 1470 1674 oculos
1494 1619 1621 1674 ﬁdei
1657 1620 1808 1690 ligat,

223 1712 317 1766 tibi
349 1713 540 1777 inhiet,
565 1715 657 1778 tibi
682 1715 946 1780 intendat,
972 1722 1022 1768 te
1050 1713 1360 1778 meditetur,
1388 1720 1440 1769 te
1465 1711 1799 1782 contemple-

1910 525 2249 588 immcnsam,
2280 533 2336 579 et
2369 526 2434 579 de
2475 526 2644 580 oculis
2689 528 2824 582 meis
2860 542 3046 581 verum
3085 527 3288 582 fontem
3321 522 3522 600 lacry?

1912 611 2123 668 marum
2146 614 2352 685 iugiter
2388 626 2722 678 manantem,
2748 633 2812 670 ex
2846 618 3012 671 nimio
3043 619 3236 673 allecto
3269 628 3324 674 et
3347 620 3493 674 desi-
3520 667 3522 674 .

1909 707 2063 761 derio
2099 707 2324 762 visionis
2353 707 2770 774 pulcln'itndiuis
2809 719 2930 775 tum,
2966 720 3024 764 ιιι
3072 710 3280 784 lugeam
3315 712 3402 768 die
3432 699 3525 767 ae.

1909 806 2088 862 nocte,
2124 797 2324 852 nullam
2363 799 2414 852 in
2448 801 2701 867 praesenti
2737 803 2842 854 vita
2875 801 3141 872 recipiens
3172 804 3494 859 consolati-3-

1911 903 2057 954 ncm,
2091 888 2265 947 donec
2313 896 2365 942 te
2417 889 2467 941 in
2518 889 2723 948 cmlcsti
2777 891 3014 947 thalamo
3061 909 3273 948 merear
3316 896 3523 954 videre.

1911 977 2164 1032 dilectum
2212 986 2267 1032 et
2317 979 2741 1048 pulcherrin'mm
2793 982 3058 1051 Sponsum
3091 1000 3294 1049 meum,
3327 981 3533 1060 Demn'

1909 1079 1962 1123 et
1994 1069 2281 1124 Dominum
2314 1086 2516 1138 meum,
2549 1082 2606 1126 ιιι
2636 1072 2708 1127 ibi
2743 1074 2928 1128 videns
2968 1075 3296 1144 gloriosam,
3315 1078 3494 1130 admi-

1873 1202 1876 1204 η
1912 1159 2138 1214 rabilcm
2168 1169 2221 1214 ct
2249 1161 2676 1230 pulcherrimam
2709 1163 2901 1218 faciem
2939 1175 3107 1230 tuam,
3142 1167 3288 1222 oumi
3319 1168 3526 1236 dulccg

1910 1251 2035 1323 dine
2090 1251 2325 1322 plenam,
2381 1269 2504 1308 cum
2555 1254 2622 1309 iis
2681 1270 2816 1324 quos
2871 1252 3102 1324 clegisti,
3159 1259 3498 1327 maiestatem

1913 1350 2056 1394 tuam
2107 1341 2330 1411 supplex
2384 1345 2634 1410 adorem,
2678 1354 2732 1399 et
2777 1346 2885 1401 illic
2926 1348 3142 1402 tandem
3185 1348 3392 1403 cwlesti
3442 1360 3498 1401 et

1914 1432 2175 1487 inell‘abili
2261 1434 2500 1504 repletus
2574 1434 2748 1504 iubilo
2833 1447 3051 1496 :eteruaa
3113 1438 3498 1494 exsultationis

1911 1523 2210 1582 exclamem
2242 1540 2363 1578 cum
2407 1525 2756 1598 diligentibus
2803 1536 2878 1592 te,
2929 1529 3115 1584 dicens
3143 1548 3154 1582 :
3187 1511 3327 1584 Ecce
3354 1529 3496 1599 quod

1911 1614 2195 1682 concupivi
2229 1614 2340 1696 iam
2366 1616 2544 1680 video,
2574 1617 2716 1686 quod
2747 1620 2956 1687 speravi
2978 1619 3269 1686 iamteneo
3290 1660 3306 1686 ,
3347 1620 3526 1690 quod.

1913 1703 2217 1758 desideravi
2267 1702 2378 1772 iam
2409 1705 2605 1762 habeo.
2641 1708 2717 1762 Illi
2753 1725 2988 1784 namque
3017 1711 3068 1763 in
3097 1710 3250 1765 eazlis
3275 1709 3499 1778 iunctus

224 1809 335 1869 tur,
363 1799 414 1860 te
445 1805 552 1874 sibi
578 1815 702 1866 ante
731 1805 934 1876 oculos?
957 1812 1143 1875 ponat,
1174 1814 1224 1861 te
1253 1805 1353 1860 sub
1383 1806 1546 1860 corde
1567 1799 1884 1885 revolvat
1913 1810 2031 1850 sum
2061 1811 2218 1864 quem
2248 1797 2301 1851 in
2337 1798 2496 1864 terris
2527 1799 2733 1868 positus
2771 1809 2881 1856 tota
2923 1791 3125 1864 virtute
3171 1801 3353 1866 dilexi,
3387 1810 3497 1882 tota

223 1910 413 1953 verum
468 1907 523 1954 et
567 1914 838 1960 summum
893 1899 1114 1964 bonum,
1161 1907 1215 1954 et
1263 1898 1520 1967 gaudium
1547 1898 1672 1966 sine
1702 1898 1808 1953 line

221 1991 560 2041 mansurum.
595 2035 597 2037 ,
715 1970 718 1973 ’
1493 2043 1495 2047 ,
1529 2012 1532 2013 ν

291 2076 478 2139 Multae
506 2079 737 2154 denique
764 2087 892 2136 sunt
916 2079 1424 2149 contemplationes,
1462 2079 1658 2150 quibus
1683 2081 1802 2134 ani-

222 2175 312 2222 ma
351 2169 545 2226 deVota
580 2156 675 2224 tibi
733 2170 1057 2225 mirabiliter
1102 2171 1367 2240 pascitur,
1415 2170 1508 2225 sed
1560 2170 1612 2240 in
1662 2171 1806 2226 nulla

221 2271 418 2313 earum
453 2257 525 2312 ita
569 2258 868 2314 delectatur
897 2267 951 2313 et
979 2260 1274 2328 requiescit
1303 2261 1486 2315 anima
1523 2274 1642 2317 mea
1667 2259 1806 2314 sicut

220 2350 270 2402 iu
309 2359 389 2414 te,
417 2357 476 2404 et
509 2350 728 2419 quando
769 2359 822 2405 te
852 2349 1025 2406 solum
1057 2350 1262 2420 cogitat
1289 2361 1342 2406 et
1388 2349 1804 2419 contemplatur.

218 2439 396 2506 Quam
435 2453 629 2508 magna
676 2439 968 2494 multitudo
1022 2440 1326 2496 dulcedinis
1377 2451 1504 2504 tum,
1558 2439 1802 2503 Domine,

217 2544 389 2599 quam
441 2512 769 2585 mirabiliter
799 2530 1037 2600 inspiras
1074 2531 1329 2584 cordibus
1355 2539 1658 2584 amatorum
1689 2537 1806 2582 tuo-

222 2640 344 2680 rum
375 2625 388 2677 !
413 2639 573 2692 quam
601 2625 734 2678 mira
763 2625 1007 2678 suavitas
1035 2623 1238 2678 amoris
1270 2623 1365 2683 tui,
1389 2636 1497 2691 quo
1521 2620 1806 2690 perfruune

223 2723 314 2770 tur
350 2715 428 2769 illi
479 2715 570 2784 qui
622 2714 754 2768 nihil
806 2726 998 2783 praeter
1022 2723 1071 2768 te
1097 2712 1346 2783 diligunt,
1374 2711 1509 2766 nihil
1532 2718 1802 2782 quaerunt,

219 2806 364 2862 nihil
391 2805 837 2876 etiamcogitare
861 2804 1278 2875 concupiscunt!
1321 2803 1530 2859 Felices
1558 2801 1656 2869 illi,
1685 2802 1804 2872 qui-

217 2896 322 2952 bus
380 2904 435 2950 tu
465 2896 613 2952 solus
651 2911 774 2967 spes
816 2911 895 2962 es,
924 2905 978 2950 et
1008 2911 1169 2951 omne
1197 2911 1333 2965 epos
1377 2909 1565 2949 eorum
1605 2895 1800 2948 oratio.

217 2989 431 3046 Beatus
459 2990 551 3058 qui
596 2990 752 3045 sedet
793 2990 1072 3045 solitarius
1113 2998 1168 3044 et
1213 2997 1380 3054 tacet,
1413 2997 1470 3042 et
1502 2996 1613 3042 stat
1640 3003 1806 3058 super

216 3081 532 3136 custodiam
576 3096 732 3136 suam
756 3080 961 3150 iugiter
996 3080 1084 3135 die
1115 3095 1182 3135 ac
1224 3090 1408 3144 nocte,
1441 3089 1498 3132 ut
1543 3080 1722 3133 adhuc
1753 3079 1804 3132 in

219 3172 328 3228 hoc
388 3171 566 3242 fragili
624 3172 951 3242 corpusculo
1015 3173 1225 3241 positus
1283 3171 1570 3241 prtelibare
1630 3169 1880 3226 valeat“

219 3262 573 3332 aliquatenus
617 3262 958 3318 dulcedinem
1024 3269 1194 3316 tuam.
1253 3261 1405 3331 Rogo
1467 3270 1519 3316 te
1569 3275 1668 3330 per
1718 3261 1808 3315 illa

219 3353 506 3412 salutifera
538 3354 760 3410 vulnera
794 3362 906 3419 tua,
953 3369 1072 3424 qua:
1103 3369 1296 3424 passus
1333 3369 1394 3409 es
1427 3353 1478 3408 in
1511 3369 1673 3409 cruce
1710 3369 1808 3423 pro

219 3446 402 3502 salute
433 3455 639 3512 nostra,
661 3461 692 3500 e
733 3446 929 3517 quibus
957 3446 1234 3501 emanavit
1261 3445 1350 3500 illo
1379 3444 1657 3515 pretiosus
1683 3461 1810 3500 san-

219 3538 347 3608 guis
389 3553 498 3607 quo
543 3553 732 3592 sumus
781 3538 1064 3608 redempti,
1111 3537 1334 3592 vulnera
1383 3539 1524 3596 hanc
1565 3539 1806 3594 animam

221 3641 405 3682 meam
433 3628 818 3697 peccatricem,
840 3642 940 3698 pro
961 3643 1066 3698 qua
1094 3629 1258 3684 etiam
1289 3630 1425 3685 mori
1451 3630 1703 3700 dignatus
1725 3643 1807 3696 es,

221 3720 453 3774 vulnera
487 3738 606 3777 eam
646 3722 802 3792 igneo
845 3731 902 3776 et
941 3723 1332 3792 potentissimae
1360 3724 1464 3777 telo
1497 3733 1601 3778 tua:
1627 3723 1810 3778 nimia:

221 3814 540 3868 charitatis.
598 3813 755 3869 Vivus
801 3814 876 3869 est
918 3817 1055 3870 enim
1103 3833 1273 3871 sermo
1297 3816 1395 3871 Dei
1434 3827 1481 3870 et
1511 3818 1711 3886 elﬁcax,
1759 3827 1807 3870 et

221 3907 604 3971 penetrabilior
633 3909 777 3963 omni
805 3907 982 3978 gladio
1011 3909 1224 3978 ancipiti
1254 3907 1443 3978 (Hebr.
1479 3923 1557 3974 tv,
1592 3908 1700 3977 12).
1727 3908 1808 3962 Τιι

220 3999 425 4066 sagitta
472 3998 672 4063 electa,
725 4011 782 4055 et
832 4001 1042 4069 gladius
1079 4000 1426 4056 acutissimus
1471 4000 1563 4071 qui
1613 4000 1806 4054 durum

222 4097 444 4142 scutum
475 4088 696 4143 humani
725 4089 906 4144 cordis
928 4098 1214 4158 penetrare
1250 4098 1339 4143 tua
1367 4089 1607 4158 potentia
1638 4089 1806 4152 vales,

224 4176 444 4246 conlige
473 4192 570 4232 cor
609 4193 790 4232 meum
833 4176 1019 4245 iaculo
1076 4177 1174 4232 tui
1200 4178 1422 4238 amoris,
1450 4187 1511 4232 ut
1535 4177 1682 4232 dicat
1713 4178 1806 4230 tibi

223 4267 413 4322 anima
444 4283 561 4324 mea
589 4287 603 4322 :
635 4269 920 4324 Cbaritate
948 4278 1036 4324 tua
1063 4267 1346 4324 vulnerata
1378 4285 1521 4333 sum,
1553 4269 1624 4325 ita
1655 4277 1714 4322 ιιι
1741 4284 1806 4324 ex
1831 4313 1835 4318 .

221 4359 346 4427 ipso
379 4359 602 4418 vulnere
645 4362 847 4416 amoris
894 4362 970 4416 tui
1023 4363 1312 4418 uberrimae
1353 4360 1521 4415 ﬂuant
1557 4360 1809 4431 lacrymm

1909 1885 2179 1939 charitatc
2234 1887 2518 1956 amplexus
2564 1904 2710 1954 sum,
2751 1891 2838 1944 cui
2885 1899 2996 1945 toto
3047 1907 3232 1962 amore
3282 1893 3495 1959 inlaesi,

1909 1973 2082 2041 ipsum
2117 1972 2296 2038 laudo,
2340 1967 2602 2029 benedice
2646 1987 2808 2047 atque
2856 1979 3050 2034 adoro.
3103 1979 3204 2046 Qui
3261 1981 3394 2034 vivit
3441 1991 3495 2034 et

1909 2075 2099 2134 regnat
2127 2066 2265 2120 Deus
2293 2065 2345 2134 in
2383 2059 2579 2121 sax-uia
2609 2069 2956 2124 saeculorum.
2987 2065 3180 2123 Amen.

2324 2181 2492 2251 :26]
2537 2182 2930 2239 onanoxx
2969 2183 3078 2236 ηαδ.
3125 2244 3128 2246 γ

2014 2319 2017 2321 .
2245 2308 2247 2312 -
2504 2288 2572 2324 Αἰ)
2599 2288 2905 2332 CHRISTUM.
3513 2317 3516 2331 ε

1908 2361 1990 2414 Ad
2000 2362 2384 2429 accendendum
2396 2364 2448 2416 in
2461 2381 2514 2416 se
2524 2381 2643 2417 aruo
2651 2382 2753 2417 rem
2770 2365 2886 2429 Dei,
2900 2375 2947 2418 et
2960 2365 3155 2420 Christi
3162 2365 3498 2420 desiderium.
3517 2396 3530 2419 ρ.

1980 2454 2204 2509 Domine
2218 2453 2344 2509 Jesu
2370 2454 2607 2518 Christe,
2631 2457 2929 2525 redemptio
2956 2473 3095 2522 mea,
3130 2457 3497 2514 misericordia

1908 2556 2050 2606 mea,
2088 2541 2235 2596 salus
2269 2556 2412 2605 mea,
2441 2551 2490 2596 te
2528 2542 2706 2608 laudo,
2738 2545 2830 2598 tibi
2865 2546 3070 2614 gratias
3101 2563 3221 2614 ago,
3247 2547 3500 2614 quamvis
3529 2587 3534 2592 .

1907 2629 2062 2686 valde
2110 2631 2340 2700 impares
2369 2632 2475 2686 tuis
2521 2633 2816 2698 beneliciis,
2845 2634 3094 2702 quamvis
3137 2633 3360 2688 inultum
3396 2651 3495 2692 ex,-

1907 2732 2089 2790 partes
2102 2721 2276 2790 dignae
2289 2722 2591 2779 devotionis
2609 2724 2720 2789 "‘5,
2741 2725 2987 2794 quamvis
3001 2726 3162 2781 nimis
3177 2742 3388 2782 macras
3404 2729 3494 2758 "5“
3511 2759 3530 2784 ης

1909 2828 1938 2865 a
1965 2812 2268 2867 desiderata
2297 2814 2628 2884 pinguedine
2665 2815 2960 2871 dulcbsimi
3013 2817 3086 2872 tui
3119 2816 3365 2880 allectus,
3420 2827 3524 2871 ta-.

1911 2920 2033 2958 men
2057 2906 2458 2975 qualescunque
2486 2906 2694 2972 laudes,
2715 2907 3122 2976 qualescunque
3151 2908 3355 2978 gratias
3381 2909 3496 2971 ωδ,
3524 2978 3526 2981 ι

1911 3013 2020 3051 non
2049 2997 2236 3066 quales
2261 2999 2375 3053 seio
2401 3013 2489 3054 me
2513 2999 2742 3064 debere;
2776 2999 2870 3057 sed
2901 2999 3042 3054 sicut
3068 3008 3247 3068 potest
3276 3000 3492 3063 conari,
3525 3033 3529 3038 .

1916 3087 2011 3142 tibi
2062 3087 2317 3158 persolvit
2368 3089 2548 3142 anima
2601 3104 2738 3144 mea.
2787 3088 2926 3158 Spes
2955 3088 3106 3146 cordi
3155 3088 3284 3152 nui,
3327 3089 3530 3144 virtus-

1914 3179 2109 3234 animm
2140 3194 2291 3242 mer,
2317 3179 2578 3232 auxilium
2611 3178 2949 3234 inﬁrmitatis
2977 3194 3097 3244 ma),
3124 3178 3495 3248 compleat"e7
3523 3233 3529 3240 ,

1915 3281 2004 3324 tua
2046 3269 2416 3338 potentissima
2454 3268 2754 3338 benignitas
2786 3339 2790 3344 '
2822 3268 2966 3337 quod
2998 3268 3091 3316 ¹³⁶⁸
3117 3278 3346 3322 conatur
3371 3283 3492 3322 mea

1913 3358 2244 3428 lepidissima
2278 3356 2634 3412 imbecillitas.
2654 3357 2772 3412 Vita
2799 3373 2940 3422 mea,
2968 3357 3090 3412 linis
3122 3356 3211 3388 “‘9
3237 3355 3496 3412 intentio-
3527 3390 3529 3392 -

1911 3454 1994 3507 nis
2018 3467 2171 3517 metr,
2193 3461 2248 3506 et
2268 3451 2311 3504 si
2329 3450 2564 3505 nomium
2589 3450 2760 3505 merui
2795 3460 2844 3506 te
2875 3458 3082 3504 tantum
3110 3451 3497 3519 “7°,quantum

1911 3545 2120 3600 debitor
2173 3559 2321 3605 sum,
2370 3556 2582 3606 amare;
2635 3542 2825 3612 utique
2895 3540 3088 3596 saltem
3145 3541 3394 3597 desidero
3445 3550 3498 3594 te

1913 3643 2121 3690 tantmn
2182 3649 2368 3688 amare
2429 3641 2690 3701 quantum
2762 3632 2934 3687 drhco
2995 3631 3107 3684 “7‘.
3167 3629 3529 3684 Illuminatio-

1911 3745 2025 3782 mea
2057 3727 2230 3796 (Psal.
2273 3741 2422 3790 xxvi,
2453 3724 2530 3790 l),
2581 3733 2634 3778 tu
2670 3723 2820 3778 vides
2857 3721 3246 3778 conscientiam
3287 3734 3496 3782 meam;

1911 3820 2056 3888 quin,
2083 3818 2324 3880 Domine,
2355 3827 2475 3870 mue
2497 3827 2546 3870 te
2577 3833 2730 3870 omne
2773 3815 3093 3869 desiderium
3131 3827 3323 3876 meum,
3355 3819 3410 3864 et
3441 3820 3494 3863 ιιι

1911 3910 2102 3970 donas,
2129 3908 2171 3961 si
2203 3907 2330 3975 quid
2379 3908 2515 3960 bene
2547 3906 2658 3959 vult
2691 3905 2871 3960 anima
2905 3919 3020 3958 mea
3059 3903 3170 3954 'm.
3204 3901 3260 3955 Si
3295 3900 3495 3955 bonum

1911 4008 2016 4064 est,
2045 3998 2294 4061 Domine,
2323 3996 2467 4065 quod
2513 3996 2748 4065 inspiras
2767 4035 2783 4059 ,
2809 3994 2918 4047 imo
2948 3992 3076 4061 quia
3108 3991 3304 4044 houmn
3331 3997 3416 4057 est
3441 3998 3502 4043 ut

1913 4098 1965 4144 te
1995 4088 2154 4142 velim
2178 4101 2386 4147 amare,
2418 4085 2482 4140 da
2509 4084 2654 4154 quod
2683 4098 2768 4138 me
2790 4083 2929 4140 lacis
2951 4081 3105 4136 velle.
3136 4080 3209 4134 Da
3246 4089 3306 4134 ut
3326 4094 3499 4148 qnan-
3518 4116 3529 4122 -.

1905 4187 2026 4233 tum
2057 4177 2239 4248 iubes,
2274 4184 2478 4229 tantum
2509 4184 2560 4228 te
2589 4190 2800 4229 merear
2829 4190 3032 4230 amare.
3059 4171 3273 4227 Laudes
3297 4180 3352 4227 et
3374 4184 3499 4238 gra-

1915 4271 2018 4324 tias
2062 4268 2158 4323 tibi
2188 4281 2290 4338 ago
2322 4281 2418 4338 pro
2459 4266 2730 4320 desiderio
2757 4269 2901 4335 quod
2952 4263 3248 4336 inspirasti.
3280 4260 3494 4317 Laudes

1913 4371 1968 4414 et
1993 4374 2180 4430 preces
2208 4358 2396 4422 offero,
2421 4374 2486 4413 ne
2511 4359 2604 4391 ¹⁹⁷³
2624 4360 2694 4413 sit
2724 4359 2852 4412 mihi
2880 4358 3078 4412 donum
3131 4367 3278 4410 lnttm
3329 4354 3502 4408 infra-

220 4450 314 4503 die
343 4463 413 4503 ac
441 4459 618 4505 nocte.
665 4451 918 4519 Percute,
972 4453 1219 4520 Domine,
1263 4461 1504 4522 percute,
1558 4453 1807 4515 obsecro,
1842 4475 1886 4529 Ι)
1911 4463 2178 4517 ctuosum,
2213 4452 2354 4521 quod
2388 4461 2473 4506 tua
2511 4462 2703 4522 sponte
2745 4453 2938 4507 dedisti
2977 4452 3088 4503 “7‘.
3117 4449 3325 4504 Perllce
3354 4445 3499 4526 quod

224 4539 374 4593 hanc
403 4538 748 4595 durissimam
781 4553 1018 4598 mentem
1051 4559 1227 4598 meam
1267 4545 1350 4614 pia
1374 4542 1447 4597 et
1483 4542 1655 4597 valida
1683 4557 1804 4596 cus-

220 4628 354 4698 pide
405 4629 714 4689 dilectionis
763 4641 894 4701 tua},
931 4643 983 4692 et
1033 4635 1195 4691 altius
1249 4635 1315 4689 ad
1357 4635 1549 4690 intima
1579 4644 1804 4705 pcnetra

1917 4544 2220 4614 inempisti,
2255 4552 2310 4598 et
2352 4542 2492 4598 dona
2540 4543 2681 4614 quod
2715 4559 2800 4597 me
2853 4543 3084 4613 benigne
3127 4535 3504 4616 praeveniendo

1916 4635 2244 4690 immeritum
2257 4633 2753 4690 desiderarelccisli
2789 4628 3501 4702 Converte,benignissime,

1547 4765 1780 4822 VARIIE
1817 4763 2220 4822 LECTlONES.

299 4875 395 4908 ⁸⁸⁸³
433 4875 639 4930 Collata
684 4887 757 4931 est
796 4895 913 4931 cum
972 4895 1098 4932 mss.
1161 4877 1297 4931 Tim.
1360 4877 1486 4933 267.
1561 4875 1697 4931 Vict.
1760 4876 1875 4931 RR.
1935 4876 1987 4929 5.
2043 4887 2089 4930 et
2148 4875 2273 4929 ΚΚ.
2332 4875 2418 4930 16.
2491 4875 2648 4931 Corb.
2723 4878 2843 4931 160.
2919 4877 3043 4930 Hec.
3113 4876 3180 4930 0.
3261 4874 3494 4932 Val-(ur.

220 4945 384 5000 Flor.
455 4945 748 5001 Carthasim
811 4948 1095 5001 Portarum
1145 4961 1164 4999 .'
1239 4964 1356 5000 cum
1419 4947 1561 5001 Edit.
1607 4946 1753 5001 Sam.
1805 4965 1923 5017 cap.
1988 4948 2077 5000 41.
2150 4949 2289 5000 inter
2350 4947 2631 5017 Augustini
2699 4947 3090 5017 Meditationes.
3176 4947 3256 5000 Ad
3317 4945 3530 5017 {csum

220 5017 526 5079 Christum,
568 5033 689 5071 cum
741 5019 1086 5072 meditatione
1110 5017 1384 5071 Passionis
1411 5017 1647 5085 eiusdem
1671 5030 1724 5072 et
1767 5015 2200 5072 Res'urrectioois
2229 5033 2294 5071 ac
2316 5015 2680 5072 Ascensionis.
2741 5033 2839 5069 ms.
2889 5016 3022 5069 Tim.
3080 5016 3269 5082 Incipit
3309 5015 3527 5070 Oratio

221 5088 345 5141 sive
372 5085 644 5141 Meditatio
671 5088 736 5140 ad
768 5089 1164 5142 accendendum
1197 5088 1285 5142 Dei
1319 5101 1558 5141 amorem
1587 5088 1638 5140 in
1670 5104 1750 5143 se.
1774 5103 1899 5141 mss.
1939 5087 2071 5139 Vict.
2104 5086 2188 5140 16.
2239 5087 2393 5141 Corb.
2423 5098 2470 5141 et
2499 5085 2648 5139 Flor.
2683 5086 2959 5140 Meditatio
2989 5085 3055 5139 ad
3093 5085 3494 5139 accendendum

223 5157 281 5211 in
316 5171 377 5209 se
394 5170 642 5226 amorem
675 5156 768 5210 Dei
813 5174 911 5210 ms.
939 5157 1078 5210 Vict.
1107 5157 1159 5212 5.
1191 5157 1378 5212 Oratio
1403 5159 1468 5209 ad
1506 5158 1800 5226 Christum.
1828 5156 1976 5211 Sam.
2014 5159 2188 5212 oratio
2213 5157 2404 5212 devota
2441 5159 2508 5210 de
2560 5156 2932 5211 recordatione
2980 5156 3244 5226 passionis
3298 5155 3500 5226 Christi

225 5227 327 5258 ³³⁸⁵
368 5225 626 5294 Expertes
669 5227 966 5280 devotionis
1010 5243 1138 5280 mss.
1185 5227 1319 5279 Vict.
1351 5227 1599 5280 Cari/ms.
1639 5225 1867 5280 Val-tuo.
1899 5227 2048 5282 Flor.
2082 5228 2339 5296 Expertes
2369 5229 2543 5296 digna:
2584 5227 2885 5281 devotionis
2961 5225 3052 5257 "‘5
3094 5225 3348 5290 Quamvis
3381 5242 3499 5277 tua-

219 5311 354 5367 cras
375 5311 500 5348 mss.
529 5296 775 5365 quamvis
797 5299 956 5350 uinus
980 5312 1191 5352 macrus
1265 5297 1357 5327 ³⁸⁸⁸
1396 5297 1598 5350 Tamen
1637 5299 2044 5367 qualescunque
2077 5297 2280 5367 gratias
2303 5313 2429 5349 mss.
2472 5306 2651 5349 tamen
2675 5297 3077 5367 qualescunque
3113 5297 3318 5360 laudes,
3359 5309 3495 5367 quav-

221 5366 530 5437 leiscunque
551 5367 755 5435 gratias
780 5382 876 5418 ms.
905 5367 1038 5420 ’l'lm.
1071 5369 1182 5420 lucc
1203 5369 1350 5420 omit.
1429 5367 1518 5437 3’"
1562 5365 1688 5437 Mea:
1709 5365 1972 5437 compleat
2001 5365 2126 5422 mss.
2172 5383 2325 5431 ine-.e,
2372 5367 2629 5419 auxilium
2680 5365 3016 5420 inﬁrmitatis
3055 5381 3186 5420 mea:
3231 5366 3500 5433 compleat

223 5436 329 5468 ¹³⁶³
369 5435 626 5503 Dignitas,
655 5452 764 5504 quo
789 5451 913 5489 mss.
943 5438 1263 5504 benignitas,
1300 5436 1441 5504 quod
1479 5454 1576 5491 ms.
1609 5435 1790 5491 Cartli.
1825 5435 2037 5492 bonitas
2069 5448 2122 5490 et
2150 5437 2475 5504 benignitas,
2508 5437 2650 5504 quod
2727 5437 2822 5468 “"
2861 5437 2939 5491 Tu
2977 5438 3083 5491 vita
3113 5453 3253 5500 mea,
3285 5446 3337 5490 tu
3371 5437 3498 5489 linis

220 5521 362 5560 mss.
399 5507 507 5557 vita
541 5520 682 5569 mea,
715 5505 837 5558 linis
913 5506 1006 5537 "7°
1045 5506 1211 5560 Merui
1241 5517 1418 5559 tamen
1442 5522 1568 5560 mss.
1601 5509 1773 5561 merui
1815 5517 1866 5562 te
1891 5518 2096 5561 tantum
2175 5507 2264 5537 ⁸³⁷³
2307 5505 2383 5558 Te
2405 5520 2591 5560 amare
2621 5515 2882 5575 quantum
2913 5509 3087 5561 debeo
3120 5523 3246 5559 mss.
3293 5517 3343 5560 te
3384 5515 3499 5558 tan-

222 5585 371 5637 tum,
404 5584 664 5644 quantum
694 5576 885 5638 debeo,
917 5589 1100 5629 amare
1176 5575 1264 5606 ¹²⁷³
1311 5575 1430 5628 Vult
1455 5578 1788 5631 conscientia
1815 5594 1930 5632 mea
1966 5593 2090 5628 mss.
2121 5576 2230 5628 vult
2253 5577 2434 5629 anima
2463 5589 2580 5628 mea
2661 5577 2753 5608 ’³⁷³
2793 5578 3008 5631 Gratias
3031 5576 3219 5636 olfero.
3265 5591 3330 5629 ne
3364 5591 3492 5629 mss.

220 5645 440 5715 gratias
477 5646 570 5699 tibi
597 5661 696 5714 ago
718 5659 814 5714 pro
837 5646 1104 5766 dc'sitIlci-io
1131 5647 1272 5716 quod
1305 5647 1604 5716 inspirasti,
1638 5647 1821 5700 laudes
1841 5658 1892 5701 et
1919 5662 2105 5714 preces
2132 5645 2318 5711 oll'ero,
2355 5660 2420 5697 ne
2496 5646 2587 5677 “7"
2628 5648 2737 5700 'l‘ua
2763 5658 3054 5717 spontanea
3082 5647 3275 5702 dedisti
3305 5645 3494 5701 volun-

225 5726 350 5766 tate
389 5733 508 5766 mss.
543 5726 628 5766 tua
659 5726 846 5766 suottte
876 5735 892 5766 ι
913 5732 959 5766 et
985 5727 1068 5766 lSlt

225 5726 350 5770 tute
389 5733 508 5769 mss.
543 5726 628 5769 tua
659 5726 846 5784 sponte
876 5726 1068 5768 dedisti
