4048 6288
284 322 385 380 905

1702 336 2117 397 ORATIONES.

3433 349 3540 404 906

280 456 390 493 mea
438 436 615 509 (Psal.
653 452 837 507 LXXVI,
874 440 930 512 5)
962 441 1063 497 nisi
1097 444 1161 498 de
1191 454 1244 499 te
1285 446 1510 502 dulcedo
1542 463 1680 503 mea.
1716 449 1819 515 Qui

1930 509 1933 514 _
1957 451 2122 506 vitam
2142 465 2338 519 meam,
2354 462 2411 508 ut
2434 454 2485 508 in
2506 470 2633 524 pace
2661 454 3004 521 dormiam,et
3033 460 3538 532 ueqmescamﬂ'sal.

275 529 408 583 enim
439 529 569 582 milii
587 540 662 583 est
693 531 746 584 in
772 530 918 596 cwlo,
943 541 990 587 el
1017 551 1048 586 a
1070 544 1118 587 te
1147 535 1273 603 quid
1296 536 1433 590 volui
1455 554 1610 609 super
1627 541 1850 594 terram?

274 616 425 682 (Psal
472 635 641 684 usu,
683 621 796 692 25.)
837 622 913 677 Te
943 623 1079 687 volo,
1128 632 1181 680 te
1221 641 1400 695 spero,
1434 637 1484 682 te
1518 644 1724 699 quacro,
1756 630 1848 685 tibi

271 709 401 762 dixit
440 726 531 763 cor
553 726 723 765 meum
748 725 766 762 :
789 710 1019 779 Quaesivi
1055 715 1278 781 vultum,
1307 717 1511 772 vultum
1535 728 1707 785 tuum,
1741 720 1848 774 Do-

269 800 403 855 mine
430 800 546 867 ¹³⁶⁹,
588 803 883 873 requiram;
915 821 982 861 ue
1031 815 1235 861 avertas
1287 808 1472 877 faciem
1512 818 1654 863 tuam
1686 828 1719 864 a
1768 828 1847 865 me

269 892 442 963 (Psal.
468 904 615 958 xxvi,
639 896 714 960 8).
812 907 816 911 ‘

334 984 563 1041 Amator
598 988 875 1042 hominum
905 990 1312 1063 benignissime,
1347 994 1441 1048 tibi
1469 995 1746 1049 derelictus
1767 1006 1842 1049 est

261 1094 482 1149 pauper,
513 1081 747 1149 orphano
794 1090 850 1134 tu
885 1083 987 1135 eris
1034 1083 1442 1155 adjutor(Psal.
1500 1102 1555 1153 κ,
1610 1087 1719 1155 14).
1773 1087 1842 1142 Mi

262 1168 526 1223 advocate
558 1169 850 1236 tutissime,
889 1172 1148 1227 miserere
1174 1174 1277 1228 mei
1306 1175 1534 1243 orphani
1566 1176 1656 1207 ¹³¹⁰
1689 1177 1845 1232 dere-

258 1257 404 1325 Iicti;
435 1260 668 1329 pupillus
688 1259 861 1317 factus
887 1278 1004 1317 sum
1035 1262 1228 1334 absque
1262 1274 1409 1335 patre
1442 1264 1658 1335 (Thren.
1686 1281 1738 1333 v,
1758 1266 1835 1335 3);

256 1350 442 1403 anima
471 1366 585 1405 mea
620 1352 772 1422 quasi
816 1353 998 1407 vidua.
1044 1353 1275 1417 Respice
1305 1355 1556 1410 orbitatis
1585 1363 1642 1410 et
1668 1356 1842 1410 vidui-

257 1442 387 1496 tatis
430 1458 562 1498 mea:
589 1443 884 1515 lacrymas;
914 1461 1049 1516 quas
1079 1447 1172 1502 tibi
1200 1444 1394 1512 uﬂcro,
1419 1448 1596 1503 donec
1624 1448 1836 1503 redeas.

251 1527 350 1581 Eia
377 1528 510 1597 jam,
539 1528 786 1593 Domine,
806 1531 888 1585 eia
909 1546 1109 1600 appare
1130 1532 1285 1597 mihi,
1307 1540 1362 1587 et
1383 1531 1695 1587 consolatus
1720 1547 1834 1599 ero;

248 1620 466 1673 ostende
489 1619 578 1660 ¹⁸¹¹
611 1620 742 1675 mihi
790 1621 980 1688 faciem
1030 1632 1199 1688 tuam,
1243 1631 1293 1677 et
1329 1622 1503 1677 salvus
1532 1638 1620 1691 ero
1658 1621 1834 1695 (Psal.

247 1723 439 1774 uxix,
471 1708 548 1779 4).
582 1708 790 1767 Exhibe
825 1712 1167 1783 prmsentiam
1217 1721 1384 1779 tuam,
1415 1723 1469 1767 et
1512 1724 1835 1769 consecutus

1952 558 2029 607 iv,
2062 542 2117 614 9)
2146 543 2203 598 in
2232 553 2301 600 te.
2331 544 2532 600 Praesta
2557 547 2710 611 mihi,
2739 547 2984 613 Domine,
3007 559 3067 603 ut
3093 550 3145 605 in
3180 550 3286 607 line
3316 554 3541 624 recipiat

1950 630 2128 686 anima
2160 648 2277 687 mea
2305 648 2551 687 somnum
2573 651 2694 689 cum
2722 637 2933 705 requie,
2967 639 3204 708 requiem
3235 655 3358 695 cum
3391 651 3541 697 satu-

1952 719 2135 784 ritate,
2165 722 2504 776 saturitatem
2527 739 2648 778 cum
2681 725 3003 789 aeternitate,
3030 743 3123 798 per
3141 728 3325 783 Jesunt
3380 730 3541 787 Chri-

1948 818 2087 865 stum
2105 811 2387 867 Dominum
2408 822 2677 869 nostrum.
2710 816 2881 870 Amen
2914 817 3028 871 "4’.

2519 901 2777 959 ORATIO
2840 904 3004 960 XXII.

2543 1008 2610 1047 ΔΙ)
2634 1008 2922 1050 (ζειιιιδτωῐ.

1947 1075 2095 1132 Orat.
2108 1080 2642 1148 paenitentisdiainum
2656 1084 2913 1138 auxilium
2924 1086 3191 1141 humiliter
3199 1090 3534 1156 postulantis.

2014 1168 2239 1226 Domine
2249 1169 2373 1227 Jesn
2388 1170 2603 1229 Christe
2621 1172 2948 1245 Redemptor
2962 1176 3141 1244 metis,
3162 1180 3533 1238 misericordia

1945 1274 2088 1326 mea,
2119 1260 2267 1317 salus
2303 1277 2442 1328 mea,
2477 1264 2779 1321 consolatio
2809 1281 2948 1334 mea,
2972 1267 3080 1322 vita
3104 1285 3243 1335 mea,
3270 1279 3321 1327 te
3345 1272 3526 1336 laudo.

1943 1348 2039 1402 tibi
2083 1351 2286 1419 gratias
2318 1369 2448 1423 ago;
2496 1364 2584 1408 tua
2627 1355 2837 1411 bonitas
2866 1372 2951 1412 me
2981 1361 3207 1426 creavit,
3246 1371 3335 1415 tua
3368 1364 3534 1420 mise-

1941 1439 2174 1495 ricordia
2202 1456 2289 1497 me
2313 1442 2382 1496 ab
2404 1444 2651 1515 originali
2676 1454 2901 1515 peccatu
2931 1448 3242 1515 inundavit;
3268 1459 3361 1505 tua
3393 1468 3533 1521 prae-

1938 1533 2112 1587 sentia
2145 1547 2265 1603 pOSI.
2302 1534 2447 1589 illam
2474 1537 2915 1592 emundationem
2941 1553 3025 1592 me
3054 1539 3105 1593 in
3130 1540 3252 1595 aliis
3278 1542 3532 1599 sordibus

1938 1620 2273 1690 voluptatum
2313 1623 2576 1679 hactenus
2606 1625 2873 1696 toleravit,
2903 1629 3132 1684 nutrivit
3163 1639 3219 1685 et
3244 1641 3533 1702 exspecta-

1938 1710 2037 1764 vit.
2074 1712 2298 1767 Domine
2352 1714 2512 1780 Deus,
2554 1715 2785 1773 Creator
2828 1734 3005 1786 meus,
3053 1720 3313 1778 toleratur
3350 1739 3526 1790 mens,

245 1814 343 1853 ero
377 1801 709 1857 desiderium
740 1821 937 1859 meum.
972 1805 1169 1860 Revela
1198 1804 1425 1876 gloriam
1458 1814 1627 1868 tuam,
1651 1816 1706 1860 et
1731 1806 1823 1860 erit

1938 1801 2172 1857 nutritor
2198 1817 2371 1869 meus,
2403 1813 2459 1860 et
2497 1804 2713 1874 adjutur
2741 1823 2915 1874 mens,
2951 1818 3002 1865 te
3048 1811 3194 1877 sitio,
3226 1821 3281 1869 te
3320 1816 3523 1879 esurio,

244 1893 551 1962 perfectum
596 1899 850 1965 gaudium
880 1915 1080 1956 meum.
1114 1898 1288 1955 Sitivit
1314 1900 1369 1954 in
1395 1909 1443 1954 te
1485 1901 1664 1954 anima
1693 1918 1830 1966 mea,

241 1999 406 2051 quant
438 1985 793 2055 multipliciter
821 1989 915 2042 tibi
948 2005 1071 2043 caro
1098 2005 1213 2042 mea
1240 1988 1408 2061 (Psal.
1436 2005 1569 2055 LXII,
1595 1990 1673 2061 2).
1705 1988 1832 2044 Siti-

239 2075 311 2127 vit
339 2075 523 2129 anima
562 2093 676 2131 mea
704 2079 773 2131 ad
812 2079 996 2147 Deum,
1030 2078 1223 2148 fontem
1268 2081 1472 2144 vivum;
1500 2080 1710 2150 quando
1743 2096 1830 2134 ve-

239 2165 412 2231 niam,
456 2175 505 2220 et
554 2169 811 2238 apparebo
863 2180 982 2224 ante
1025 2170 1212 2239 {aciem
1252 2169 1620 2224 Domini“"?
1652 2168 1824 2241 (Psal.

240 2272 356 2321 xu,
407 2258 486 2328 5.)
528 2258 753 2325 Quando
807 2261 1012 2323 venies,
1068 2261 1377 2316 consolator
1437 2276 1612 2327 meus,
1665 2276 1825 2331 quem

236 2358 504 2419 exspecto
535 2350 664 2404 'm?
691 2350 734 2406 0
768 2352 812 2406 si
841 2354 1057 2422 quando
1096 2353 1292 2409 videbo
1316 2353 1574 2422 gaudium
1620 2369 1820 2416 meum,

233 2440 385 2509 quod
438 2441 709 2498 desidero.
746 2441 790 2497 0
820 2445 1119 2500 sisatiabor
1146 2462 1263 2499 cum
1304 2446 1609 2515 apparuerit
1653 2446 1823 2515 gloria

232 2543 326 2585 tua
368 2531 656 2604 "“(PsaL
690 2551 801 2602 xvr,
833 2537 943 2609 I5),
968 2553 1128 2606 quam
1163 2536 1344 2592 esurio
1388 2537 1500 2591 ‘3".
1534 2536 1579 2592 0
1614 2537 1659 2591 si
1707 2536 1822 2592 ine-

229 2621 459 2677 briabor
494 2625 558 2677 ab
605 2626 837 2680 ubertate
880 2626 1067 2681 domus
1114 2639 1218 2682 tua:
1249 2624 1420 2697 (Psal.
1458 2644 1627 2693 xxxv,
1672 2626 1727 2696 9)
1752 2627 1819 2681 ad

229 2728 401 2783 quam
432 2715 646 2785 suspiro
682 2733 696 2769 :
731 2718 774 2771 si
802 2718 1006 2787 potabis
1038 2732 1122 2772 me
1151 2727 1377 2771 torrente
1408 2718 1687 2789 voluptatis
1714 2728 1820 2773 tute

228 2806 417 2877 (ibid.)
467 2821 627 2878 quam
676 2808 819 2863 sitio.
862 2809 984 2864 Sint
1020 2810 1168 2876 milii,
1214 2811 1458 2875 Domine,
1492 2810 1707 2866 interim
1736 2810 1818 2864 la-

224 2914 430 2968 rryma:
454 2915 579 2953 mete
604 2917 761 2964 panes
789 2899 872 2954 die
911 2916 972 2953 ac
1010 2910 1177 2967 nocte,
1206 2899 1378 2955 donec
1401 2899 1618 2956 dicatur
1644 2902 1774 2956 mihi
1792 2917 1815 2956 :

226 2987 376 3043 Ecce
405 2987 549 3043 Deus
576 2991 736 3062 262
765 2999 886 3046 tuus
907 2990 1078 3061 (Psal.
1111 3007 1219 3055 xu,
1249 2991 1329 3062 4);
1362 2992 1533 3049 donec
1555 2994 1770 3049 audiam
1794 3008 1813 3047 :

223 3078 431 3134 Anima
460 3080 569 3145 ⁸³³⁸,
598 3096 712 3135 ecce
738 3097 956 3151 sponsus
982 3091 1102 3135 tuus
1125 3080 1338 3152 (Matth.
1372 3099 1497 3149 xxv,
1536 3084 1613 3156 6).
1642 3085 1813 3141 Pasce

1934 1900 1989 1948 te
2003 1891 2282 1963 desidero,
2311 1894 2379 1949 ad
2418 1904 2470 1951 te
2501 1898 2732 1968 suspiro,
2770 1908 2821 1953 te
2864 1901 3214 1971 concupisco.
3241 1903 3527 1976 Beuignis-

1933 1981 2091 2048 sime,
2122 1984 2465 2053 suavissime,
2504 1988 2878 2051 scrc-nissime.
2902 2001 2960 2044 te
2987 1991 3129 2058 volo,
3155 2002 3209 2048 te
3235 2008 3435 2063 qumro,
3473 2004 3526 2050 te

1930 2087 2091 2143 spero
2137 2074 2342 2131 videre.
2392 2075 2586 2132 Renuit
2636 2080 2900 2134 consolari
2952 2084 3132 2137 anima
3180 2100 3295 2138 mea
3340 2086 3519 2156 (Psal.

1931 2176 2099 2228 Lxxu,
2127 2163 2243 2229 26),
2288 2165 2391 2220 nisi
2416 2167 2482 2222 de
2514 2167 2830 2232 w,dulccdo
2860 2183 3001 2224 mea.

1996 2254 2214 2311 Accede
2241 2256 2310 2310 ad
2334 2271 2439 2327 me,
2461 2258 2721 2326 Domine;
2743 2276 2947 2331 appare
2972 2261 3184 2327 mibi,et
3206 2264 3519 2319 consulatum

1924 2361 2053 2413 ero;
2090 2350 2300 2404 ostende
2326 2351 2458 2403 milii
2499 2352 2686 2420 [aciem
2728 2362 2900 2419 tuam,
2938 2362 2985 2406 et
3017 2352 3193 2408 salvus
3220 2371 3309 2409 ero
3340 2354 3517 2425 (Psal.

1926 2453 2111 2502 Lxxtx,
2145 2438 2221 2509 4);
2273 2440 2471 2494 exhibe
2510 2443 2852 2510 praesentiam
2903 2449 3071 2507 tuam,
3111 2452 3167 2497 et
3206 2445 3523 2514 implebitur

1924 2530 2253 2585 desiderium
2301 2546 2501 2585 meum.
2531 2531 2727 2587 Revela
2757 2532 2982 2601 gloriam
3014 2541 3183 2598 tuam,
3216 2545 3271 2589 et
3321 2536 3523 2605 perfew

1923 2633 2067 2680 ctum
2088 2626 2192 2679 erit
2212 2625 2462 2697 gaudium
2480 2641 2678 2682 meum.
2696 2626 2863 2682 Sitfuit
2882 2630 2935 2682 in
2950 2638 2998 2683 te
3018 2629 3194 2682 anima
3209 2645 3518 2701 mea,quam

1921 2714 2280 2785 multipliciter
2321 2716 2413 2771 tibi
2461 2733 2586 2770 caro
2627 2732 2741 2770 mea
2775 2715 2948 2788 (Psul.
2990 2734 3125 2784 uti,
3161 2718 3219 2789 2)
3252 2735 3266 2772 :
3302 2720 3516 2788 quando

1919 2805 2105 2860 venies
2134 2806 2204 2860 ad
2235 2820 2345 2871 me,
2372 2807 2689 2863 consolator
2716 2809 2903 2863 meus?
2928 2808 2972 2863 0
2999 2810 3044 2862 si
3078 2810 3292 2878 quando
3321 2810 3517 2867 videbo

1917 2895 2172 2965 gaudium
2203 2910 2413 2962 meum,
2439 2897 2583 2966 quod
2615 2897 2898 2952 desidero!
2929 2896 2973 2952 Ο
3015 2898 3059 2951 si
3095 2902 3312 2966 quando
3352 2901 3516 2953 satia-

1917 2982 2031 3045 bar,
2054 2984 2511 3053 cumrapparuerit
2538 2983 2708 3053 gloria
2736 2982 2914 3052 (l’sal.
2944 2999 3057 3049 xw,
3085 2984 3172 3054 15)
3201 2984 3320 3053 ejus
3348 3000 3515 3055 quem

1916 3071 2127 3127 esurio!
2148 3068 2193 3126 0
2220 3073 2263 3127 si
2278 3072 2595 3127 inebriaber
2610 3071 2675 3125 ab
2690 3072 2922 3127 ubertate
2947 3072 3134 3127 domus
3152 3070 3325 3142 (Psal.
3344 3089 3514 3141 xxxv,

555 3136 568 3145 .
764 3136 775 3151 .
1129 3136 1143 3152 ι
1414 3136 1437 3137 re
1486 3136 1497 3149 .
1544 3136 1611 3156 τι*
1642 3136 1811 3141 wn-

226 3167 450 3223 interim
485 3185 570 3224 me
610 3170 932 3241 singultibus
958 3173 1112 3237 meis,
1145 3181 1267 3242 pota
1310 3188 1397 3227 me
1432 3175 1648 3231 interim
1676 3175 1814 3231 ﬂeti-

1930 3164 1970 3234 ))
1993 3165 2131 3236 ejus,
2150 3165 2217 3219 ad
2230 3179 2389 3235 quem
2409 3164 2642 3234 suspiro!
2665 3164 2710 3220 0
2731 3165 2774 3219 si
2786 3165 3100 3235 potabiszmc
3121 3136 3347 3220 torrente
3367 3136 3515 3219 uola;

225 3259 331 3315 bus
356 3260 515 3327 meis,
561 3260 804 3317 rcfocilla
853 3263 942 3295 ¹³¹⁷
983 3279 1066 3318 me
1110 3263 1385 3321 doloribus
1439 3266 1593 3322 meis.
1625 3268 1815 3324 Veniet

222 3350 439 3405 interea
465 3349 696 3408 fortasse
721 3352 811 3385 "'°
830 3353 1158 3424 Redemptor
1180 3355 1349 3419 meus,
1367 3356 1491 3425 quia
1515 3356 1686 3412 bonus
1706 3367 1808 3424 est;

224 3456 328 3497 nec
360 3442 619 3510 tardabit,
666 3444 793 3515 quia
839 3442 961 3514 pius
1003 3453 1086 3500 est
1118 3462 1131 3500 :
1162 3445 1261 3517 ipsi
1320 3446 1487 3518 gloria
1533 3448 1586 3503 in
1616 3450 1810 3505 smcula

222 3532 570 3590 mulorum.
598 3535 794 3590 Amen.

730 3626 992 3684 ORATIO
1040 3628 1161 3685 XXI
1202 3630 1312 3686 ¹³”.

776 3724 777 3727 “
824 3734 893 3771 λι)
922 3733 1209 3775 cunts'rust.

405 3805 591 3861 Oratio
613 3808 749 3862 servi
783 3808 876 3862 Dei
904 3810 967 3863 de
987 3826 1040 3864 se
1069 3811 1334 3864 humiliter
1358 3813 1642 3866 sentientis.

290 3898 446 3967 Scio,
474 3899 694 3956 Domine
720 3900 844 3956 Jcsu
873 3901 1089 3957 Christe
1113 3902 1224 3969 ¹³²⁰,
1245 3904 1379 3969 scio,
1400 3912 1455 3958 et
1478 3902 1648 3959 fateor
1664 3905 1804 3974 quod

215 3994 331 4044 non
366 4005 483 4044 sum
520 3991 713 4062 dignus
743 4005 904 4062 quem
940 4002 996 4048 tu
1033 3993 1252 4065 diligas;
1289 3993 1381 4049 sed
1411 4003 1560 4050 certe
1610 4003 1664 4049 tu
1696 4012 1801 4051 non

216 4098 278 4138 es
316 4083 604 4154 indignus,
644 4100 803 4155 quem
853 4101 953 4157 ego
998 4085 1238 4157 diligam.
1289 4086 1542 4158 Indignus
1587 4088 1803 4158 quidem

215 4190 338 4230 sum
394 4176 492 4229 tibi
538 4177 773 4244 servire,
801 4178 894 4233 sed
948 4193 1056 4233 non
1106 4193 1166 4233 es
1200 4186 1253 4232 tu
1307 4179 1553 4249 indignus
1580 4179 1803 4235 servitio

213 4274 485 4319 creatura:
530 4274 652 4320 tum.
685 4267 759 4321 Da
811 4267 943 4322 mihi
982 4282 1133 4339 ergo,
1183 4267 1432 4335 Domine,
1476 4269 1620 4325 unde
1661 4278 1716 4325 tu
1741 4284 1801 4325 es

208 4355 430 4424 dignus,
457 4365 511 4411 et
537 4371 631 4411 ero
652 4357 845 4428 dignus
871 4357 1012 4413 unde
1033 4373 1150 4413 sum
1181 4358 1448 4428 indignus.
1467 4358 1576 4414 Fac
1607 4374 1692 4414 me
1711 4360 1798 4391 ¹³³¹

1914 3258 2189 3327 ριαιὶειιιω
2211 3256 2404 3328 (ibid.),
2420 3271 2582 3326 quam
2600 3257 2751 3311 sitio!
2776 3258 2849 3311 Da
2878 3256 3030 3320 mihi,
3054 3255 3300 3321 Domine,
3324 3255 3378 3310 in
3405 3255 3510 3311 hoc

1914 3348 2104 3403 exsilio
2131 3361 2325 3418 panem
2354 3346 2557 3402 doloris
2582 3355 2637 3400 et
2678 3346 3065 3417 lacrymarum,
3100 3360 3262 3414 quem
3319 3345 3507 3400 esurio

1913 3451 2075 3506 supra
2117 3449 2334 3491 onmem
2381 3434 2595 3503 cupiam
2656 3433 3001 3489 deliciarum.
3056 3433 3178 3489 Sint
3232 3434 3507 3488 interdum

1912 3531 2065 3598 mihi,
2089 3530 2339 3595 Domine,
2361 3527 2613 3599 lacrymc
2640 3542 2769 3582 mea:
2794 3542 2953 3591 panes
2989 3526 3075 3580 die
3095 3542 3158 3579 ac
3183 3533 3330 3579 nocte
3356 3563 3372 3590 ,
3407 3526 3507 3578 do-

1907 3634 2013 3677 nec
2054 3620 2270 3675 dicatur
2301 3618 2475 3672 mihi:
2505 3617 2648 3674 Ecce
2694 3617 2835 3673 Deus
2872 3624 2995 3672 tuus
3040 3614 3215 3687 (Psal.
3256 3630 3370 3680 xu,
3412 3613 3509 3682 4);

1910 3712 2084 3767 donec
2116 3710 2333 3765 audiam
2366 3727 2381 3765 :
2413 3709 2555 3765 Ecce
2603 3723 2838 3780 sponsus
2868 3716 3012 3764 tuus.
3045 3707 3213 3763 Pasce
3242 3722 3330 3762 me
3365 3705 3506 3762 inte-

1912 3804 2038 3869 rim,
2070 3804 2319 3868 Domine,
2350 3801 2680 3873 singultibus
2710 3801 2866 3866 meis,
2896 3799 3139 3856 refocilla
3177 3814 3263 3855 me
3295 3797 3510 3857 (ιοῐοιιίο.

1908 3898 2010 3952 bus
2033 3897 2189 3951 meis.
2219 3900 2413 3949 Amen.

2401 3983 2660 4040 ORATIO
2701 3981 2865 4036 XXIII
2896 3981 3012 4033 ¹³²³.

2500 4091 2569 4130 an
2595 4076 2897 4146 :cunts'ruu.

2535 4164 2646 4220 Pro
2660 4164 2867 4219 amicis.

1976 4259 2157 4315 Dulcis
2198 4268 2254 4314 et
2294 4257 2530 4328 benigne
2559 4256 2655 4289 ³³⁸⁸
2675 4255 2933 4318 Domine,
2960 4253 3087 4309 Jesu
3125 4250 3363 4319 Christe,
3399 4250 3493 4321 qui

1902 4351 2191 4407 exhibuisti
2230 4349 2575 4414 charitatem,
2606 4363 2711 4420 qua
2749 4347 3013 4418 majorem
3041 4360 3200 4402 nemo
3223 4345 3406 4411 habet,
3437 4353 3496 4398 et

208 4461 324 4516 quo
364 4448 521 4503 modo
551 4448 653 4514 vis,
682 4466 711 4504 a
753 4451 990 4520 peccatis
1025 4466 1267 4517 cessare,
1290 4460 1348 4505 ut
1374 4466 1481 4521 quo
1511 4452 1671 4507 modo
1707 4453 1802 4507 de-
1828 4441 1989 4530 θεοί
2042 4455 2225 4512 Parem
2269 4454 2430 4494 nemo
2459 4439 2661 4494 habere
2686 4446 2897 4508 Ροῐεεῑὲ
2935 4436 3025 4506 qui
3070 4435 3204 4492 nihil
3253 4434 3490 4530 debebas

208 4533 337 4602 beo,
365 4539 563 4605 possim
590 4538 683 4593 tibi
712 4540 935 4594 servire.
959 4539 1206 4596 Cmtcede
1229 4541 1357 4595 mihi
1382 4556 1480 4610 per
1504 4550 1645 4596 tuam
1667 4542 1796 4613 piis-

209 4626 406 4684 simam
439 4629 865 4687 misericordiam
901 4633 982 4688 sic
1021 4634 1314 4700 custodire,
1344 4648 1530 4705 regere
1558 4634 1797 4689 etiinire

1903 4532 2089 4596 morti,
2111 4540 2166 4587 et
2198 4539 2377 4585 tamen
2406 4530 2552 4600 piam
2585 4530 2824 4586 animam
2864 4537 3009 4585 tuam
3044 4543 3144 4599 pro
3164 4527 3341 4585 servis
3376 4526 3487 4581 tuis

1906 4639 1963 4685 et
1998 4627 2090 4658 ‘m
2118 4623 2495 4697 peccatoribus
2521 4623 2771 4694 posuisti.
2804 4633 2859 4680 et
2886 4638 2984 4695 pro
3012 4622 3144 4694 ipsis
3168 4620 3487 4679 interfecto-

1545 4809 1778 4866 VARIAE
1800 4808 2225 4882 .LEC'noues.

284 4976 382 5058 ‘f"
407 4972 639 5057 Quaesivi
669 4975 873 5057 vultum
904 4985 1075 5058 tuum,
1104 4979 1479 5058 Dominum“.
1502 4980 1722 5058 quaesivi
1752 4978 1956 5034 vultum
1988 4987 2135 5058 tuum
2160 4995 2173 5029 :
2205 4976 2409 5058 vultum
2434 4983 2619 5058 tuum,
2645 4972 3067 5058 Domineuli’ff
3093 4972 3403 5058 Miseret-en

1212 5050 1301 5081 ¹³¹¹
1344 5051 1471 5105 Ero.
1519 5040 1732 5105 Exhibe
1758 5065 1883 5102 mss.
1925 5045 2150 5103 ostende
2189 5047 2319 5101 mihi
2360 5046 2550 5100 faciem
2591 5040 2736 5098 tuam
2781 5050 2836 5096 et
2885 5040 3069 5095 salvus
3107 5054 3222 5095 cro.
3267 5040 3480 5099 Exhibe

204 5045 439 5117 orphani
470 5046 880 5117 mssrmiserere
910 5048 1133 5117 urphani

2976 4968 3067 5002 ¹³¹⁰
3093 4969 3347 5026 Miserere
3373 4974 3476 5029 mei

209 5110 302 5147 ⁸³⁸³
341 5116 483 5171 Ante
512 5112 702 5187 faciem
735 5110 1088 5187 Dominijnss.
1115 5128 1241 5174 ante
1275 5119 1465 5173 faciem
1495 5118 1587 5174 Dei
1618 5119 1724 5173 mei
1798 5119 1890 5150 ¹³¹³
1925 5118 2094 5185 Quem
2124 5115 2450 5187 exspectabo
2476 5130 2600 5167 mss.
2630 5127 2789 5181 quem
2821 5119 3077 5187 exspecto
3148 5110 3246 5187 f“_‘
3285 5110 3467 5167 Gloria

204 5199 326 5238 mea
348 5194 474 5239 tius.
493 5183 660 5253 gloria
691 5193 779 5239 tua

880 5185 973 5219 ¹³¹⁸
987 5186 1155 5255 Quem
1187 5188 1312 5244 sitio
1327 5205 1449 5243 mss.
1473 5205 1633 5259 quam
1665 5189 1788 5245 sitio
1864 5179 2165 5259 “""Attdial
2189 5179 2531 5259 ᾳὶιὶιηξυῐιςβς
2559 5179 2690 5259 {3°69
2715 5197 2839 5233 ³⁷⁸³⁸·
2870 5181 3109 5234 θυίίίθηιο
3134 5179 3325 5259 Apin.”
3348 5196 3478 5238 cccc

207 5253 299 5332 '3'"
329 5252 482 5322 MeTs,
506 5250 902 5332 refocillamss.
928 5250 1223 5332 meis,'p«_na
1253 5250 1581 5332 meinterim
1607 5258 1829 5332 fletibus
1844 5261 1997 5332 meis,
2028 5256 2264 5332 refecilla
2338 5255 2433 5332 ηιξ
2456 5253 2643 5332 \{eniet
2662 5251 2894 5332 fortasse
2913 5266 3037 5332 mss.
3066 5251 3246 5332 Veniet
3266 5250 3483 5332 intereat

202 5320 441 5405 fortasse
468 5319 476 5322 ⁷
510 5325 603 5405 ¹ξ¹⁹
642 5323 849 5405 collata
873 5336 947 5405 est
968 5319 1376 5405 cum'Sommal.
1402 5328 1532 5405 Cap.
1564 5330 1653 5384 l0.
1688 5319 2087 5405 Meditatioiiuut
2214 5321 2733 5405 AugustinanOratio
2753 5321 2893 5405 servi
2932 5319 3139 5405 Dei.,._s_e
3163 5320 3481 5405 humili-aus

206 5395 279 5448 tis
306 5394 566 5473 Somniat.
600 5396 779 5473 oratiu
805 5397 947 5473 servi
971 5395 1086 5461 Dei,
1115 5396 1182 5452 de
1211 5412 1268 5453 se
1298 5388 1576 5473 hinniliter
1600 5398 1906 5473 sentientis.
1982 5397 2073 5428 ⁸⁸⁸⁸
2113 5388 2338 5473 Domine
2362 5391 2734 5473 Jesuﬁhriste
2759 5390 2914 5473 δοίηἶ
2935 5390 3125 5443 omittit
3153 5388 3282 5445 Jrsu
3310 5391 3481 5446 ειη-ξι

202 5475 289 5519 sle
363 5463 451 5533 8'“
492 5463 602 5521 Fac
633 5481 719 5521 me
747 5467 971 5521 Domine
1001 5482 1217 5535 quoquo
1247 5468 1405 5523 modo
1426 5469 1515 5545 vis
1538 5461 1686 5525 Sam.
1727 5468 1814 5523 fac
1841 5480 1929 5522 me
1960 5465 2233 5545 quomodo
2263 5464 2370 5545 vis.
2416 5461 2798 5545 ‘1“.‘Re‘eipi‘al.
2825 5461 3006 5545 anima
3040 5474 3167 5513 mea
3192 5476 3467 5545 summum

200 5549 329 5588 cum
371 5530 577 5607 requie,
610 5538 852 5605 requiem
876 5528 1330 5602 cuin'sahiritate,
1361 5538 1695 5594 saluritatem
1726 5554 1850 5594 cum
1875 5528 2320 5607 mte'rnitate,_per
2342 5530 2393 5588 J.
2423 5532 2486 5607 β.
2525 5531 2588 5586 D.
2620 5528 3088 5607 N.1§men.__Som.
3120 5546 3206 5583 me
3226 5543 3293 5585 ex

204 5617 428 5675 somnus
449 5602 581 5675 cum
614 5602 819 5675 requie,
868 5608 1083 5674 requies
1115 5623 1236 5662 cum
1276 5608 1585 5673 securitate,
1623 5609 1885 5664 securitas
1930 5608 1984 5661 in
2032 5604 2357 5659 aeternitate.
2412 5602 2582 5675 Amen

3297 5532 3472 5587 cipiat

2715 5547 2906 5587 nmen.
2943 5547 3088 5585 nam.
3120 5547 3206 5583 me
3226 5547 3345 5586 exet
3393 5547 3464 5587 ial

2693 5601 2783 5633 m'
2818 5598 3026 5654 Collata
3062 5610 3137 5653 est
3176 5616 3293 5655 cum
3327 5547 3464 5657 by“.

204 5670 331 5752 Bec.
352 5673 519 5752 ραι.
548 5670 730 5752 CorbI_
758 5673 888 5731 Vict.
936 5670 1094 5752 Ἤρᾳ.Δ
1132 5676 1368 5752 Val-lac;
1403 5670 1729 5752 lor‘iacens.
1762 5688 1808 5732 et
1839 5675 2087 5752 Cartlms.
2120 5690 2279 5752 supra
2306 5672 2754 5752 notat_i_s._Peti_tiu
2780 5670 3082 5734 charitatis.
3105 5679 3327 5752 .etrvuta
3363 5686 3467 5739 pro

204 5743 416 5798 anicis.
442 5758 569 5798 mss.
595 5748 770 5802 oratio
799 5761 898 5816 pro
934 5746 1125 5801 amicis
1198 5747 1290 5779 "'5
1330 5746 1393 5801 Et
1420 5745 1651 5816 benigne
1688 5763 1811 5802 mss.
1853 5755 1907 5803 et
1935 5744 2318 5816 benignissime
2393 5742 2485 5775 ¹³²⁸
2525 5743 2712 5799 Servis
2740 5755 2795 5800 et
2824 5758 2946 5795 mss.
2973 5744 3147 5794 servis
3179 5742 3285 5797 tuis
3314 5753 3370 5796 et

527 5833 800 5896 Parant.
848 5834 1102 5896 CLVIII.

3144 5833 3226 5893 29
