  <div class='ocr_page' id='page_1' title='image "/cluster/home/n/w/nwhite01/storage/ocr_20150623/158/hvd.32044024236689/510.png"; bbox 0 0 4048 6288; ppageno 0'>
   <div class='ocr_carea' id='block_1_1' title="bbox 245 366 345 426">
    <p class='ocr_par' dir='ltr' id='par_1_1' title="bbox 245 366 345 426">
     <span class='ocr_line' id='line_1_1' title="bbox 245 366 345 426; baseline 0.02 -2"><span class='ocrx_word' id='word_1_1' title='bbox 245 366 345 426; x_wconf 75' lang='lat'><strong>913</strong></span> 
     </span>
    </p>
   </div>
   <div class='ocr_carea' id='block_1_2' title="bbox 1622 371 2044 431">
    <p class='ocr_par' dir='ltr' id='par_1_2' title="bbox 1622 371 2044 431">
     <span class='ocr_line' id='line_1_2' title="bbox 1622 371 2044 431; baseline -0.005 -1"><span class='ocrx_word' id='word_1_2' title='bbox 1622 371 2014 431; x_wconf 78' lang='lat' dir='ltr'><strong>ORATIONES</strong></span> <span class='ocrx_word' id='word_1_3' title='bbox 2027 410 2044 428; x_wconf 91' lang='lat'><strong>.</strong></span> 
     </span>
    </p>
   </div>
   <div class='ocr_carea' id='block_1_3' title="bbox 3392 380 3504 438">
    <p class='ocr_par' dir='ltr' id='par_1_3' title="bbox 3392 380 3504 438">
     <span class='ocr_line' id='line_1_3' title="bbox 3392 380 3504 438; baseline -0.027 0"><span class='ocrx_word' id='word_1_4' title='bbox 3392 380 3504 438; x_wconf 77' lang='lat' dir='ltr'><strong>9H</strong></span> 
     </span>
    </p>
   </div>
   <div class='ocr_carea' id='block_1_4' title="bbox 206 481 3503 558">
    <p class='ocr_par' dir='ltr' id='par_1_4' title="bbox 206 481 3503 558">
     <span class='ocr_line' id='line_1_4' title="bbox 206 481 3503 558; baseline 0.003 -20"><span class='ocrx_word' id='word_1_5' title='bbox 206 520 212 525; x_wconf 90' lang='lat'><strong><em>-</em></strong></span> <span class='ocrx_word' id='word_1_6' title='bbox 241 496 336 538; x_wconf 81' lang='lat' dir='ltr'><strong>eea</strong></span> <span class='ocrx_word' id='word_1_7' title='bbox 365 481 553 544; x_wconf 87' lang='lat' dir='ltr'><strong>militis</strong></span> <span class='ocrx_word' id='word_1_8' title='bbox 579 491 764 554; x_wconf 89' lang='lat' dir='ltr'><strong>aperto</strong></span> <span class='ocrx_word' id='word_1_9' title='bbox 795 500 915 540; x_wconf 90' lang='lat' dir='ltr'><strong>cum</strong></span> <span class='ocrx_word' id='word_1_10' title='bbox 950 493 1088 556; x_wconf 81' lang='lat' dir='ltr'><strong>aqua</strong></span> <span class='ocrx_word' id='word_1_11' title='bbox 1119 484 1309 550; x_wconf 83' lang='lat' dir='ltr'><strong>exivit</strong></span> <span class='ocrx_word' id='word_1_12' title='bbox 1343 484 1524 557; x_wconf 86' lang='lat' dir='ltr'><strong>(Joan.</strong></span> <span class='ocrx_word' id='word_1_13' title='bbox 1554 502 1670 556; x_wconf 47' lang='lat' dir='ltr'><strong>six.</strong></span> <span class='ocrx_word' id='word_1_14' title='bbox 1701 487 1813 558; x_wconf 64' lang='grc'><strong>54),</strong></span> <span class='ocrx_word' id='word_1_15' title='bbox 1844 493 1892 551; x_wconf 71' lang='grc' dir='ltr'><strong>Α</strong></span> <span class='ocrx_word' id='word_1_16' title='bbox 1924 485 2124 541; x_wconf 89' lang='lat' dir='ltr'><strong>habere</strong></span> <span class='ocrx_word' id='word_1_17' title='bbox 2174 484 2460 554; x_wconf 73' lang='lat' dir='ltr'><strong>virtutem,</strong></span> <span class='ocrx_word' id='word_1_18' title='bbox 2509 495 2575 541; x_wconf 80' lang='lat' dir='ltr'><strong>ut’</strong></span> <span class='ocrx_word' id='word_1_19' title='bbox 2625 502 2725 558; x_wconf 90' lang='lat' dir='ltr'><strong>per</strong></span> <span class='ocrx_word' id='word_1_20' title='bbox 2778 502 3027 558; x_wconf 87' lang='lat' dir='ltr'><strong>magnam</strong></span> <span class='ocrx_word' id='word_1_21' title='bbox 3075 489 3503 548; x_wconf 83' lang='lat' dir='ltr'><strong>misericordiam</strong></span> 
     </span>
    </p>
   </div>
   <div class='ocr_carea' id='block_1_5' title="bbox 249 570 1818 646">
    <p class='ocr_par' dir='ltr' id='par_1_5' title="bbox 249 570 1818 646">
     <span class='ocr_line' id='line_1_5' title="bbox 249 570 1818 646; baseline 0 -18"><span class='ocrx_word' id='word_1_22' title='bbox 249 570 305 628; x_wconf 86' lang='lat' dir='ltr'><strong>Si</strong></span> <span class='ocrx_word' id='word_1_23' title='bbox 328 570 579 642; x_wconf 89' lang='lat' dir='ltr'><strong>indignus</strong></span> <span class='ocrx_word' id='word_1_24' title='bbox 605 588 748 640; x_wconf 90' lang='lat' dir='ltr'><strong>sum,</strong></span> <span class='ocrx_word' id='word_1_25' title='bbox 779 575 937 630; x_wconf 90' lang='lat' dir='ltr'><strong>sicuti</strong></span> <span class='ocrx_word' id='word_1_26' title='bbox 969 591 1114 641; x_wconf 91' lang='lat' dir='ltr'><strong>sum,</strong></span> <span class='ocrx_word' id='word_1_27' title='bbox 1139 582 1196 630; x_wconf 91' lang='lat' dir='ltr'><strong>et</strong></span> <span class='ocrx_word' id='word_1_28' title='bbox 1234 591 1333 646; x_wconf 81' lang='lat' dir='ltr'><strong>ego</strong></span> <span class='ocrx_word' id='word_1_29' title='bbox 1356 575 1550 642; x_wconf 84' lang='lat' dir='ltr'><strong>fateor,</strong></span> <span class='ocrx_word' id='word_1_30' title='bbox 1593 577 1818 630; x_wconf 83' lang='lat' dir='ltr'><strong>verbera</strong></span> 
     </span>
    </p>
   </div>
   <div class='ocr_carea' id='block_1_6' title="bbox 241 663 1816 736">
    <p class='ocr_par' dir='ltr' id='par_1_6' title="bbox 241 663 1816 736">
     <span class='ocr_line' id='line_1_6' title="bbox 241 663 1816 736; baseline 0.001 -19"><span class='ocrx_word' id='word_1_31' title='bbox 241 675 346 725; x_wconf 91' lang='lat' dir='ltr'><strong>me,</strong></span> <span class='ocrx_word' id='word_1_32' title='bbox 373 663 602 717; x_wconf 86' lang='lat' dir='ltr'><strong>emenda</strong></span> <span class='ocrx_word' id='word_1_33' title='bbox 630 670 686 717; x_wconf 90' lang='lat' dir='ltr'><strong>et</strong></span> <span class='ocrx_word' id='word_1_34' title='bbox 713 666 942 735; x_wconf 76' lang='lat' dir='ltr'><strong>corripe,</strong></span> <span class='ocrx_word' id='word_1_35' title='bbox 971 675 1025 720; x_wconf 90' lang='lat' dir='ltr'><strong>et</strong></span> <span class='ocrx_word' id='word_1_36' title='bbox 1054 665 1237 720; x_wconf 88' lang='lat' dir='ltr'><strong>tandiu</strong></span> <span class='ocrx_word' id='word_1_37' title='bbox 1285 665 1488 736; x_wconf 88' lang='lat' dir='ltr'><strong>castiga</strong></span> <span class='ocrx_word' id='word_1_38' title='bbox 1543 673 1691 719; x_wconf 92' lang='lat' dir='ltr'><strong>tuum</strong></span> <span class='ocrx_word' id='word_1_39' title='bbox 1729 679 1816 718; x_wconf 91' lang='lat' dir='ltr'><strong>sa-</strong></span> 
     </span>
    </p>
   </div>
   <div class='ocr_carea' id='block_1_7' title="bbox 241 755 1821 827">
    <p class='ocr_par' dir='ltr' id='par_1_7' title="bbox 241 755 1821 827">
     <span class='ocr_line' id='line_1_7' title="bbox 241 755 1821 827; baseline 0 -18"><span class='ocrx_word' id='word_1_40' title='bbox 241 755 544 823; x_wconf 85' lang='lat' dir='ltr'><strong>cerdotem,</strong></span> <span class='ocrx_word' id='word_1_41' title='bbox 585 755 692 812; x_wconf 92' lang='lat' dir='ltr'><strong>imo</strong></span> <span class='ocrx_word' id='word_1_42' title='bbox 727 766 874 812; x_wconf 91' lang='lat' dir='ltr'><strong>tuum</strong></span> <span class='ocrx_word' id='word_1_43' title='bbox 915 764 1255 827; x_wconf 88' lang='lat' dir='ltr'><strong>peccatorem</strong></span> <span class='ocrx_word' id='word_1_44' title='bbox 1275 796 1292 823; x_wconf 93' lang='lat'><strong>,</strong></span> <span class='ocrx_word' id='word_1_45' title='bbox 1325 757 1498 812; x_wconf 92' lang='lat' dir='ltr'><strong>donec</strong></span> <span class='ocrx_word' id='word_1_46' title='bbox 1531 756 1708 812; x_wconf 88' lang='lat' dir='ltr'><strong>omnis</strong></span> <span class='ocrx_word' id='word_1_47' title='bbox 1731 772 1821 810; x_wconf 89' lang='lat' dir='ltr'><strong>ru-</strong></span> 
     </span>
    </p>
   </div>
   <div class='ocr_carea' id='block_1_8' title="bbox 240 843 1817 918">
    <p class='ocr_par' dir='ltr' id='par_1_8' title="bbox 240 843 1817 918">
     <span class='ocr_line' id='line_1_8' title="bbox 240 843 1817 918; baseline 0.001 -19"><span class='ocrx_word' id='word_1_48' title='bbox 240 843 362 914; x_wconf 88' lang='lat' dir='ltr'><strong>bigo</strong></span> <span class='ocrx_word' id='word_1_49' title='bbox 387 845 593 915; x_wconf 89' lang='lat' dir='ltr'><strong>peccati</strong></span> <span class='ocrx_word' id='word_1_50' title='bbox 641 848 856 901; x_wconf 83' lang='lat' dir='ltr'><strong>recedat</strong></span> <span class='ocrx_word' id='word_1_51' title='bbox 891 862 920 901; x_wconf 92' lang='lat' dir='ltr'><strong>a</strong></span> <span class='ocrx_word' id='word_1_52' title='bbox 965 861 1074 912; x_wconf 90' lang='lat' dir='ltr'><strong>me,</strong></span> <span class='ocrx_word' id='word_1_53' title='bbox 1122 861 1243 917; x_wconf 69' lang='lat' dir='ltr'><strong>quae</strong></span> <span class='ocrx_word' id='word_1_54' title='bbox 1291 861 1392 918; x_wconf 88' lang='lat' dir='ltr'><strong>per</strong></span> <span class='ocrx_word' id='word_1_55' title='bbox 1440 857 1547 902; x_wconf 87' lang='lat' dir='ltr'><strong>tam</strong></span> <span class='ocrx_word' id='word_1_56' title='bbox 1597 846 1817 916; x_wconf 87' lang='lat' dir='ltr'><strong>longum</strong></span> 
     </span>
    </p>
   </div>
   <div class='ocr_carea' id='block_1_9' title="bbox 238 935 1818 1005">
    <p class='ocr_par' dir='ltr' id='par_1_9' title="bbox 238 935 1818 1005">
     <span class='ocr_line' id='line_1_9' title="bbox 238 935 1818 1005; baseline 0.004 -19"><span class='ocrx_word' id='word_1_57' title='bbox 238 941 451 1003; x_wconf 89' lang='lat' dir='ltr'><strong>tempus</strong></span> <span class='ocrx_word' id='word_1_58' title='bbox 482 947 550 989; x_wconf 78' lang='lat' dir='ltr'><strong>ex</strong></span> <span class='ocrx_word' id='word_1_59' title='bbox 573 949 765 1005; x_wconf 88' lang='lat' dir='ltr'><strong>magna</strong></span> <span class='ocrx_word' id='word_1_60' title='bbox 787 935 993 992; x_wconf 90' lang='lat' dir='ltr'><strong>incuria</strong></span> <span class='ocrx_word' id='word_1_61' title='bbox 1025 937 1270 993; x_wconf 87' lang='lat' dir='ltr'><strong>indurata</strong></span> <span class='ocrx_word' id='word_1_62' title='bbox 1322 947 1405 994; x_wconf 87' lang='lat' dir='ltr'><strong>est</strong></span> <span class='ocrx_word' id='word_1_63' title='bbox 1453 938 1510 994; x_wconf 90' lang='lat' dir='ltr'><strong>in</strong></span> <span class='ocrx_word' id='word_1_64' title='bbox 1557 937 1818 993; x_wconf 86' lang='lat' dir='ltr'><strong>lateribus</strong></span> 
     </span>
    </p>
   </div>
   <div class='ocr_carea' id='block_1_10' title="bbox 236 1023 1818 1099">
    <p class='ocr_par' dir='ltr' id='par_1_10' title="bbox 236 1023 1818 1099">
     <span class='ocr_line' id='line_1_10' title="bbox 236 1023 1818 1099; baseline 0.004 -23"><span class='ocrx_word' id='word_1_65' title='bbox 236 1023 432 1078; x_wconf 69' lang='lat' dir='ltr'><strong>anima:</strong></span> <span class='ocrx_word' id='word_1_66' title='bbox 455 1038 610 1079; x_wconf 65' lang='lat' dir='ltr'><strong>meae.</strong></span> <span class='ocrx_word' id='word_1_67' title='bbox 639 1025 859 1092; x_wconf 91' lang='lat' dir='ltr'><strong>Fateor,</strong></span> <span class='ocrx_word' id='word_1_68' title='bbox 892 1026 1085 1095; x_wconf 87' lang='lat' dir='ltr'><strong>fateor,</strong></span> <span class='ocrx_word' id='word_1_69' title='bbox 1117 1037 1370 1099; x_wconf 85' lang='lat' dir='ltr'><strong>peccator</strong></span> <span class='ocrx_word' id='word_1_70' title='bbox 1397 1043 1539 1095; x_wconf 92' lang='lat' dir='ltr'><strong>sum,</strong></span> <span class='ocrx_word' id='word_1_71' title='bbox 1589 1029 1818 1082; x_wconf 91' lang='lat' dir='ltr'><strong>immun-</strong></span> 
     </span>
    </p>
   </div>
   <div class='ocr_carea' id='block_1_11' title="bbox 236 1115 1813 1188">
    <p class='ocr_par' dir='ltr' id='par_1_11' title="bbox 236 1115 1813 1188">
     <span class='ocr_line' id='line_1_11' title="bbox 236 1115 1813 1188; baseline 0.004 -19"><span class='ocrx_word' id='word_1_72' title='bbox 236 1115 335 1169; x_wconf 84' lang='lat' dir='ltr'><strong>dus</strong></span> <span class='ocrx_word' id='word_1_73' title='bbox 361 1130 503 1182; x_wconf 90' lang='lat' dir='ltr'><strong>sum,</strong></span> <span class='ocrx_word' id='word_1_74' title='bbox 535 1115 787 1188; x_wconf 88' lang='lat' dir='ltr'><strong>indignus</strong></span> <span class='ocrx_word' id='word_1_75' title='bbox 816 1133 956 1184; x_wconf 91' lang='lat' dir='ltr'><strong>sum,</strong></span> <span class='ocrx_word' id='word_1_76' title='bbox 987 1127 1042 1174; x_wconf 88' lang='lat' dir='ltr'><strong>et</strong></span> <span class='ocrx_word' id='word_1_77' title='bbox 1071 1129 1250 1176; x_wconf 87' lang='lat' dir='ltr'><strong>tamen</strong></span> <span class='ocrx_word' id='word_1_78' title='bbox 1282 1134 1390 1176; x_wconf 88' lang='lat' dir='ltr'><strong>non</strong></span> <span class='ocrx_word' id='word_1_79' title='bbox 1420 1120 1615 1177; x_wconf 85' lang='lat' dir='ltr'><strong>recedo</strong></span> <span class='ocrx_word' id='word_1_80' title='bbox 1661 1136 1688 1175; x_wconf 91' lang='lat' dir='ltr'><strong>a</strong></span> <span class='ocrx_word' id='word_1_81' title='bbox 1740 1129 1813 1185; x_wconf 88' lang='lat' dir='ltr'><strong>te,</strong></span> 
     </span>
    </p>
   </div>
   <div class='ocr_carea' id='block_1_12' title="bbox 234 1206 1818 1281">
    <p class='ocr_par' dir='ltr' id='par_1_12' title="bbox 234 1206 1818 1281">
     <span class='ocr_line' id='line_1_12' title="bbox 234 1206 1818 1281; baseline 0.001 -19"><span class='ocrx_word' id='word_1_82' title='bbox 234 1206 547 1264; x_wconf 83' lang='lat' dir='ltr'><strong>dulcissime</strong></span> <span class='ocrx_word' id='word_1_83' title='bbox 579 1207 705 1264; x_wconf 68' lang='lat' dir='ltr'><strong>Iesu</strong></span> <span class='ocrx_word' id='word_1_84' title='bbox 733 1208 981 1277; x_wconf 87' lang='lat' dir='ltr'><strong>Christe;</strong></span> <span class='ocrx_word' id='word_1_85' title='bbox 1025 1211 1161 1268; x_wconf 85' lang='lat' dir='ltr'><strong>velis</strong></span> <span class='ocrx_word' id='word_1_86' title='bbox 1210 1209 1339 1281; x_wconf 89' lang='lat' dir='ltr'><strong>quid</strong></span> <span class='ocrx_word' id='word_1_87' title='bbox 1387 1211 1545 1275; x_wconf 85' lang='lat' dir='ltr'><strong>velis,</strong></span> <span class='ocrx_word' id='word_1_88' title='bbox 1597 1226 1703 1266; x_wconf 91' lang='lat' dir='ltr'><strong>non</strong></span> <span class='ocrx_word' id='word_1_89' title='bbox 1735 1210 1818 1266; x_wconf 89' lang='lat' dir='ltr'><strong>di-</strong></span> 
     </span>
    </p>
   </div>
   <div class='ocr_carea' id='block_1_13' title="bbox 234 1297 1814 1370">
    <p class='ocr_par' dir='ltr' id='par_1_13' title="bbox 234 1297 1814 1370">
     <span class='ocr_line' id='line_1_13' title="bbox 234 1297 1814 1370; baseline 0.003 -20"><span class='ocrx_word' id='word_1_90' title='bbox 234 1297 392 1352; x_wconf 90' lang='lat' dir='ltr'><strong>mitto</strong></span> <span class='ocrx_word' id='word_1_91' title='bbox 417 1306 490 1362; x_wconf 91' lang='lat' dir='ltr'><strong>te,</strong></span> <span class='ocrx_word' id='word_1_92' title='bbox 514 1298 614 1353; x_wconf 89' lang='lat' dir='ltr'><strong>etsi</strong></span> <span class='ocrx_word' id='word_1_93' title='bbox 641 1298 852 1354; x_wconf 85' lang='lat' dir='ltr'><strong>infirma</strong></span> <span class='ocrx_word' id='word_1_94' title='bbox 893 1316 1080 1370; x_wconf 90' lang='lat' dir='ltr'><strong>manu,</strong></span> <span class='ocrx_word' id='word_1_95' title='bbox 1111 1303 1308 1358; x_wconf 85' lang='lat' dir='ltr'><strong>tenebo</strong></span> <span class='ocrx_word' id='word_1_96' title='bbox 1361 1311 1431 1358; x_wconf 92' lang='lat' dir='ltr'><strong>te.</strong></span> <span class='ocrx_word' id='word_1_97' title='bbox 1486 1300 1603 1355; x_wconf 82' lang='lat' dir='ltr'><strong>Non</strong></span> <span class='ocrx_word' id='word_1_98' title='bbox 1662 1315 1814 1357; x_wconf 88' lang='lat' dir='ltr'><strong>rece-</strong></span> 
     </span>
    </p>
   </div>
   <div class='ocr_carea' id='block_1_14' title="bbox 231 1389 1816 1466">
    <p class='ocr_par' dir='ltr' id='par_1_14' title="bbox 231 1389 1816 1466">
     <span class='ocr_line' id='line_1_14' title="bbox 231 1389 1816 1466; baseline 0.001 -23"><span class='ocrx_word' id='word_1_99' title='bbox 231 1389 330 1444; x_wconf 88' lang='lat' dir='ltr'><strong>des</strong></span> <span class='ocrx_word' id='word_1_100' title='bbox 350 1405 380 1443; x_wconf 91' lang='lat' dir='ltr'><strong>a</strong></span> <span class='ocrx_word' id='word_1_101' title='bbox 405 1403 511 1456; x_wconf 89' lang='lat' dir='ltr'><strong>me,</strong></span> <span class='ocrx_word' id='word_1_102' title='bbox 537 1390 708 1447; x_wconf 90' lang='lat' dir='ltr'><strong>donec</strong></span> <span class='ocrx_word' id='word_1_103' title='bbox 755 1391 823 1448; x_wconf 90' lang='lat' dir='ltr'><strong>ab</strong></span> <span class='ocrx_word' id='word_1_104' title='bbox 850 1393 997 1466; x_wconf 85' lang='lat' dir='ltr'><strong>omni</strong></span> <span class='ocrx_word' id='word_1_105' title='bbox 1043 1393 1364 1465; x_wconf 71' lang='lat' dir='ltr'><strong>contagione</strong></span> <span class='ocrx_word' id='word_1_106' title='bbox 1401 1393 1606 1462; x_wconf 84' lang='lat' dir='ltr'><strong>peccati</strong></span> <span class='ocrx_word' id='word_1_107' title='bbox 1638 1391 1816 1446; x_wconf 88' lang='lat' dir='ltr'><strong>absol-</strong></span> 
     </span>
    </p>
   </div>
   <div class='ocr_carea' id='block_1_15' title="bbox 231 1481 1817 1554">
    <p class='ocr_par' dir='ltr' id='par_1_15' title="bbox 231 1481 1817 1554">
     <span class='ocr_line' id='line_1_15' title="bbox 231 1481 1817 1554; baseline 0.004 -22"><span class='ocrx_word' id='word_1_108' title='bbox 231 1493 362 1545; x_wconf 92' lang='lat' dir='ltr'><strong>vas;</strong></span> <span class='ocrx_word' id='word_1_109' title='bbox 395 1489 450 1536; x_wconf 90' lang='lat' dir='ltr'><strong>et</strong></span> <span class='ocrx_word' id='word_1_110' title='bbox 480 1481 558 1537; x_wconf 91' lang='lat' dir='ltr'><strong>sic</strong></span> <span class='ocrx_word' id='word_1_111' title='bbox 581 1496 804 1538; x_wconf 87' lang='lat' dir='ltr'><strong>carnem</strong></span> <span class='ocrx_word' id='word_1_112' title='bbox 825 1491 974 1538; x_wconf 88' lang='lat' dir='ltr'><strong>tuam</strong></span> <span class='ocrx_word' id='word_1_113' title='bbox 1004 1483 1246 1554; x_wconf 87' lang='lat' dir='ltr'><strong>quotidie</strong></span> <span class='ocrx_word' id='word_1_114' title='bbox 1291 1485 1732 1548; x_wconf 87' lang='lat' dir='ltr'><strong>manducantem,</strong></span> <span class='ocrx_word' id='word_1_115' title='bbox 1761 1490 1817 1538; x_wconf 88' lang='lat' dir='ltr'><strong>et</strong></span> 
     </span>
    </p>
   </div>
   <div class='ocr_carea' id='block_1_16' title="bbox 228 1571 1816 1646">
    <p class='ocr_par' dir='ltr' id='par_1_16' title="bbox 228 1571 1816 1646">
     <span class='ocr_line' id='line_1_16' title="bbox 228 1571 1816 1646; baseline 0.001 -20"><span class='ocrx_word' id='word_1_116' title='bbox 228 1571 550 1641; x_wconf 87' lang='lat' dir='ltr'><strong>sanguinem</strong></span> <span class='ocrx_word' id='word_1_117' title='bbox 580 1582 728 1628; x_wconf 89' lang='lat' dir='ltr'><strong>tuum</strong></span> <span class='ocrx_word' id='word_1_118' title='bbox 775 1573 1071 1642; x_wconf 86' lang='lat' dir='ltr'><strong>bibentem,</strong></span> <span class='ocrx_word' id='word_1_119' title='bbox 1113 1584 1324 1646; x_wconf 62' lang='lat' dir='ltr'><strong>tuaique</strong></span> <span class='ocrx_word' id='word_1_120' title='bbox 1367 1574 1629 1630; x_wconf 82' lang='lat' dir='ltr'><strong>voluntati</strong></span> <span class='ocrx_word' id='word_1_121' title='bbox 1673 1573 1816 1645; x_wconf 85' lang='lat' dir='ltr'><strong>jugi-</strong></span> 
     </span>
    </p>
   </div>
   <div class='ocr_carea' id='block_1_17' title="bbox 230 1662 1812 1738">
    <p class='ocr_par' dir='ltr' id='par_1_17' title="bbox 230 1662 1812 1738">
     <span class='ocr_line' id='line_1_17' title="bbox 230 1662 1812 1738; baseline 0.003 -23"><span class='ocrx_word' id='word_1_122' title='bbox 230 1670 318 1716; x_wconf 91' lang='lat' dir='ltr'><strong>ter</strong></span> <span class='ocrx_word' id='word_1_123' title='bbox 359 1662 738 1731; x_wconf 78' lang='lat' dir='ltr'><strong>inhznrentem,</strong></span> <span class='ocrx_word' id='word_1_124' title='bbox 784 1673 874 1720; x_wconf 87' lang='lat' dir='ltr'><strong>tua</strong></span> <span class='ocrx_word' id='word_1_125' title='bbox 918 1675 1187 1738; x_wconf 70' lang='lat' dir='ltr'><strong>praecepta</strong></span> <span class='ocrx_word' id='word_1_126' title='bbox 1238 1665 1456 1722; x_wconf 81' lang='lat' dir='ltr'><strong>assidue</strong></span> <span class='ocrx_word' id='word_1_127' title='bbox 1500 1665 1812 1731; x_wconf 80' lang='lat' dir='ltr'><strong>facientem,</strong></span> 
     </span>
    </p>
   </div>
   <div class='ocr_carea' id='block_1_18' title="bbox 227 1756 1810 1827">
    <p class='ocr_par' dir='ltr' id='par_1_18' title="bbox 227 1756 1810 1827">
     <span class='ocr_line' id='line_1_18' title="bbox 227 1756 1810 1827; baseline 0.004 -24"><span class='ocrx_word' id='word_1_128' title='bbox 227 1765 318 1805; x_wconf 88' lang='lat' dir='ltr'><strong>me</strong></span> <span class='ocrx_word' id='word_1_129' title='bbox 341 1760 462 1820; x_wconf 90' lang='lat' dir='ltr'><strong>post</strong></span> <span class='ocrx_word' id='word_1_130' title='bbox 483 1763 708 1808; x_wconf 89' lang='lat' dir='ltr'><strong>mortem</strong></span> <span class='ocrx_word' id='word_1_131' title='bbox 731 1756 912 1810; x_wconf 91' lang='lat' dir='ltr'><strong>carnis</strong></span> <span class='ocrx_word' id='word_1_132' title='bbox 934 1758 1201 1827; x_wconf 86' lang='lat' dir='ltr'><strong>perducas</strong></span> <span class='ocrx_word' id='word_1_133' title='bbox 1231 1757 1301 1812; x_wconf 88' lang='lat' dir='ltr'><strong>ad</strong></span> <span class='ocrx_word' id='word_1_134' title='bbox 1331 1772 1513 1811; x_wconf 83' lang='lat' dir='ltr'><strong>veram</strong></span> <span class='ocrx_word' id='word_1_135' title='bbox 1559 1756 1810 1822; x_wconf 83' lang='lat' dir='ltr'><strong>salutem,</strong></span> 
     </span>
    </p>
   </div>
   <div class='ocr_carea' id='block_1_19' title="bbox 1924 574 3503 648">
    <p class='ocr_par' dir='ltr' id='par_1_19' title="bbox 1924 574 3503 648">
     <span class='ocr_line' id='line_1_19' title="bbox 1924 574 3503 648; baseline 0.007 -21"><span class='ocrx_word' id='word_1_136' title='bbox 1924 583 2073 628; x_wconf 89' lang='lat' dir='ltr'><strong>tuam</strong></span> <span class='ocrx_word' id='word_1_137' title='bbox 2119 574 2354 630; x_wconf 84' lang='lat' dir='ltr'><strong>retineas</strong></span> <span class='ocrx_word' id='word_1_138' title='bbox 2408 575 2650 632; x_wconf 89' lang='lat' dir='ltr'><strong>furorem</strong></span> <span class='ocrx_word' id='word_1_139' title='bbox 2698 593 2910 641; x_wconf 88' lang='lat' dir='ltr'><strong>meum,</strong></span> <span class='ocrx_word' id='word_1_140' title='bbox 2967 577 3060 648; x_wconf 91' lang='lat' dir='ltr'><strong>qui</strong></span> <span class='ocrx_word' id='word_1_141' title='bbox 3105 593 3192 634; x_wconf 90' lang='lat' dir='ltr'><strong>me</strong></span> <span class='ocrx_word' id='word_1_142' title='bbox 3240 581 3406 636; x_wconf 89' lang='lat' dir='ltr'><strong>trahit</strong></span> <span class='ocrx_word' id='word_1_143' title='bbox 3435 585 3503 638; x_wconf 88' lang='lat' dir='ltr'><strong>ad</strong></span> 
     </span>
    </p>
   </div>
   <div class='ocr_carea' id='block_1_20' title="bbox 1909 667 3503 734">
    <p class='ocr_par' dir='ltr' id='par_1_20' title="bbox 1909 667 3503 734">
     <span class='ocr_line' id='line_1_20' title="bbox 1909 667 3503 734; baseline 0.006 -16"><span class='ocrx_word' id='word_1_144' title='bbox 1909 670 2225 734; x_wconf 84' lang='lat' dir='ltr'><strong>peceatum,</strong></span> <span class='ocrx_word' id='word_1_145' title='bbox 2274 676 2330 721; x_wconf 92' lang='lat' dir='ltr'><strong>et</strong></span> <span class='ocrx_word' id='word_1_146' title='bbox 2371 667 2671 722; x_wconf 80' lang='lat' dir='ltr'><strong>confundas</strong></span> <span class='ocrx_word' id='word_1_147' title='bbox 2709 677 2763 724; x_wconf 90' lang='lat' dir='ltr'><strong>et</strong></span> <span class='ocrx_word' id='word_1_148' title='bbox 2804 669 3055 724; x_wconf 89' lang='lat' dir='ltr'><strong>destruas</strong></span> <span class='ocrx_word' id='word_1_149' title='bbox 3099 684 3261 727; x_wconf 91' lang='lat' dir='ltr'><strong>omne</strong></span> <span class='ocrx_word' id='word_1_150' title='bbox 3300 672 3503 728; x_wconf 88' lang='lat' dir='ltr'><strong>malum</strong></span> 
     </span>
    </p>
   </div>
   <div class='ocr_carea' id='block_1_21' title="bbox 1921 754 3495 828">
    <p class='ocr_par' dir='ltr' id='par_1_21' title="bbox 1921 754 3495 828">
     <span class='ocr_line' id='line_1_21' title="bbox 1921 754 3495 828; baseline 0.007 -20"><span class='ocrx_word' id='word_1_151' title='bbox 1921 754 2271 821; x_wconf 84' lang='lat' dir='ltr'><strong>desiderium,</strong></span> <span class='ocrx_word' id='word_1_152' title='bbox 2303 757 2445 827; x_wconf 87' lang='lat' dir='ltr'><strong>quod</strong></span> <span class='ocrx_word' id='word_1_153' title='bbox 2470 759 2734 828; x_wconf 85' lang='lat' dir='ltr'><strong>pervertit</strong></span> <span class='ocrx_word' id='word_1_154' title='bbox 2767 758 2820 815; x_wconf 93' lang='lat' dir='ltr'><strong>in</strong></span> <span class='ocrx_word' id='word_1_155' title='bbox 2852 774 2938 815; x_wconf 90' lang='lat' dir='ltr'><strong>me</strong></span> <span class='ocrx_word' id='word_1_156' title='bbox 2975 759 3068 794; x_wconf 82' lang='grc'><strong>¹³¹¹⁹</strong></span> <span class='ocrx_word' id='word_1_157' title='bbox 3094 775 3309 818; x_wconf 91' lang='lat' dir='ltr'><strong>omnem</strong></span> <span class='ocrx_word' id='word_1_158' title='bbox 3341 764 3495 820; x_wconf 87' lang='lat' dir='ltr'><strong>recti-</strong></span> 
     </span>
    </p>
   </div>
   <div class='ocr_carea' id='block_1_22' title="bbox 1924 847 2388 902">
    <p class='ocr_par' dir='ltr' id='par_1_22' title="bbox 1924 847 2388 902">
     <span class='ocr_line' id='line_1_22' title="bbox 1924 847 2388 902; baseline 0.004 -2"><span class='ocrx_word' id='word_1_159' title='bbox 1924 847 2124 902; x_wconf 87' lang='lat' dir='ltr'><strong>tudinis</strong></span> <span class='ocrx_word' id='word_1_160' title='bbox 2148 862 2388 902; x_wconf 89' lang='lat' dir='ltr'><strong>sensum.</strong></span> 
     </span>
    </p>
   </div>
   <div class='ocr_carea' id='block_1_23' title="bbox 1989 935 3500 1012">
    <p class='ocr_par' dir='ltr' id='par_1_23' title="bbox 1989 935 3500 1012">
     <span class='ocr_line' id='line_1_23' title="bbox 1989 935 3500 1012; baseline 0.008 -23"><span class='ocrx_word' id='word_1_161' title='bbox 1989 935 2315 1007; x_wconf 82' lang='lat' dir='ltr'><strong>Aliquando,</strong></span> <span class='ocrx_word' id='word_1_162' title='bbox 2340 947 2552 996; x_wconf 88' lang='lat' dir='ltr'><strong>amator</strong></span> <span class='ocrx_word' id='word_1_163' title='bbox 2579 940 2858 998; x_wconf 87' lang='lat' dir='ltr'><strong>hominum</strong></span> <span class='ocrx_word' id='word_1_164' title='bbox 2903 944 2994 977; x_wconf 81' lang='grc'><strong>⁸³⁸⁸</strong></span> <span class='ocrx_word' id='word_1_165' title='bbox 3020 945 3183 1012; x_wconf 86' lang='lat' dir='ltr'><strong>Deus,</strong></span> <span class='ocrx_word' id='word_1_166' title='bbox 3212 961 3335 1002; x_wconf 89' lang='lat' dir='ltr'><strong>cum</strong></span> <span class='ocrx_word' id='word_1_167' title='bbox 3381 954 3500 1004; x_wconf 85' lang='lat' dir='ltr'><strong>stu-</strong></span> 
     </span>
    </p>
   </div>
   <div class='ocr_carea' id='block_1_24' title="bbox 1920 1025 3502 1102">
    <p class='ocr_par' dir='ltr' id='par_1_24' title="bbox 1920 1025 3502 1102">
     <span class='ocr_line' id='line_1_24' title="bbox 1920 1025 3502 1102; baseline 0.006 -22"><span class='ocrx_word' id='word_1_168' title='bbox 1920 1025 2236 1082; x_wconf 72' lang='lat' dir='ltr'><strong>diosiusm‘</strong></span> <span class='ocrx_word' id='word_1_169' title='bbox 2256 1028 2456 1098; x_wconf 87' lang='lat' dir='ltr'><strong>cogito.</strong></span> <span class='ocrx_word' id='word_1_170' title='bbox 2481 1037 2540 1083; x_wconf 90' lang='lat' dir='ltr'><strong>et</strong></span> <span class='ocrx_word' id='word_1_171' title='bbox 2568 1029 2709 1085; x_wconf 91' lang='lat' dir='ltr'><strong>male</strong></span> <span class='ocrx_word' id='word_1_172' title='bbox 2739 1031 2829 1064; x_wconf 79' lang='grc'>¹³⁸¹</span> <span class='ocrx_word' id='word_1_173' title='bbox 2856 1047 2976 1102; x_wconf 64' lang='lat' dir='ltr'><strong>qua:</strong></span> <span class='ocrx_word' id='word_1_174' title='bbox 3005 1033 3280 1090; x_wconf 89' lang='lat' dir='ltr'><strong>multoties</strong></span> <span class='ocrx_word' id='word_1_175' title='bbox 3313 1033 3416 1090; x_wconf 79' lang='lat' dir='ltr'><strong>feci</strong></span> <span class='ocrx_word' id='word_1_176' title='bbox 3446 1040 3502 1091; x_wconf 87' lang='lat' dir='ltr'><strong>et</strong></span> 
     </span>
    </p>
   </div>
   <div class='ocr_carea' id='block_1_25' title="bbox 1920 1113 3498 1186">
    <p class='ocr_par' dir='ltr' id='par_1_25' title="bbox 1920 1113 3498 1186">
     <span class='ocr_line' id='line_1_25' title="bbox 1920 1113 3498 1186; baseline 0.006 -18"><span class='ocrx_word' id='word_1_177' title='bbox 1920 1113 2097 1169; x_wconf 85' lang='lat' dir='ltr'><strong>adhuc</strong></span> <span class='ocrx_word' id='word_1_178' title='bbox 2121 1115 2288 1171; x_wconf 89' lang='lat' dir='ltr'><strong>miser</strong></span> <span class='ocrx_word' id='word_1_179' title='bbox 2315 1124 2369 1170; x_wconf 90' lang='lat' dir='ltr'><strong>et</strong></span> <span class='ocrx_word' id='word_1_180' title='bbox 2395 1125 2651 1186; x_wconf 85' lang='lat' dir='ltr'><strong>peccator</strong></span> <span class='ocrx_word' id='word_1_181' title='bbox 2678 1117 2857 1173; x_wconf 89' lang='lat' dir='ltr'><strong>facere</strong></span> <span class='ocrx_word' id='word_1_182' title='bbox 2886 1121 2996 1176; x_wconf 87' lang='lat' dir='ltr'><strong>non</strong></span> <span class='ocrx_word' id='word_1_183' title='bbox 3038 1121 3239 1178; x_wconf 89' lang='lat' dir='ltr'><strong>desisto</strong></span> <span class='ocrx_word' id='word_1_184' title='bbox 3273 1122 3342 1177; x_wconf 91' lang='lat' dir='ltr'><strong>ad</strong></span> <span class='ocrx_word' id='word_1_185' title='bbox 3381 1137 3498 1177; x_wconf 89' lang='lat' dir='ltr'><strong>me-</strong></span> 
     </span>
    </p>
   </div>
   <div class='ocr_carea' id='block_1_26' title="bbox 1919 1207 3499 1282">
    <p class='ocr_par' dir='ltr' id='par_1_26' title="bbox 1919 1207 3499 1282">
     <span class='ocr_line' id='line_1_26' title="bbox 1919 1207 3499 1282; baseline 0.005 -21"><span class='ocrx_word' id='word_1_186' title='bbox 1919 1207 2149 1262; x_wconf 88' lang='lat' dir='ltr'><strong>moriam</strong></span> <span class='ocrx_word' id='word_1_187' title='bbox 2193 1209 2416 1274; x_wconf 85' lang='lat' dir='ltr'><strong>reduco,</strong></span> <span class='ocrx_word' id='word_1_188' title='bbox 2463 1217 2518 1264; x_wconf 85' lang='lat' dir='ltr'><strong>et</strong></span> <span class='ocrx_word' id='word_1_189' title='bbox 2565 1209 2858 1280; x_wconf 89' lang='lat' dir='ltr'><strong>diligenter</strong></span> <span class='ocrx_word' id='word_1_190' title='bbox 2883 1211 3100 1268; x_wconf 91' lang='lat' dir='ltr'><strong>intueor</strong></span> <span class='ocrx_word' id='word_1_191' title='bbox 3139 1213 3380 1282; x_wconf 91' lang='lat' dir='ltr'><strong>qualiter</strong></span> <span class='ocrx_word' id='word_1_192' title='bbox 3408 1212 3499 1245; x_wconf 80' lang='grc'><strong>⁸⁸⁸³</strong></span> 
     </span>
    </p>
   </div>
   <div class='ocr_carea' id='block_1_27' title="bbox 1917 1295 3505 1369">
    <p class='ocr_par' dir='ltr' id='par_1_27' title="bbox 1917 1295 3505 1369">
     <span class='ocr_line' id='line_1_27' title="bbox 1917 1295 3505 1369; baseline 0.006 -22"><span class='ocrx_word' id='word_1_193' title='bbox 1917 1295 2119 1360; x_wconf 86' lang='lat' dir='ltr'><strong>vivam,</strong></span> <span class='ocrx_word' id='word_1_194' title='bbox 2147 1296 2383 1366; x_wconf 91' lang='lat' dir='ltr'><strong>qualiter</strong></span> <span class='ocrx_word' id='word_1_195' title='bbox 2428 1298 2541 1368; x_wconf 91' lang='lat' dir='ltr'><strong>ipsa</strong></span> <span class='ocrx_word' id='word_1_196' title='bbox 2575 1298 2714 1353; x_wconf 90' lang='lat' dir='ltr'><strong>mala</strong></span> <span class='ocrx_word' id='word_1_197' title='bbox 2760 1314 2881 1369; x_wconf 68' lang='lat' dir='ltr'><strong>quae</strong></span> <span class='ocrx_word' id='word_1_198' title='bbox 2905 1299 3007 1355; x_wconf 91' lang='lat' dir='ltr'><strong>feci</strong></span> <span class='ocrx_word' id='word_1_199' title='bbox 3054 1309 3110 1355; x_wconf 90' lang='lat' dir='ltr'><strong>et</strong></span> <span class='ocrx_word' id='word_1_200' title='bbox 3139 1302 3317 1357; x_wconf 90' lang='lat' dir='ltr'><strong>adhuc</strong></span> <span class='ocrx_word' id='word_1_201' title='bbox 3363 1302 3505 1357; x_wconf 87' lang='lat' dir='ltr'><strong>facio</strong></span> 
     </span>
    </p>
   </div>
   <div class='ocr_carea' id='block_1_28' title="bbox 1917 1387 3502 1464">
    <p class='ocr_par' dir='ltr' id='par_1_28' title="bbox 1917 1387 3502 1464">
     <span class='ocr_line' id='line_1_28' title="bbox 1917 1387 3502 1464; baseline 0.005 -24"><span class='ocrx_word' id='word_1_202' title='bbox 1917 1387 2192 1457; x_wconf 78' lang='lat' dir='ltr'><strong>plangant,</strong></span> <span class='ocrx_word' id='word_1_203' title='bbox 2222 1389 2366 1458; x_wconf 84' lang='lat' dir='ltr'><strong>quod</strong></span> <span class='ocrx_word' id='word_1_204' title='bbox 2404 1391 2659 1447; x_wconf 85' lang='lat' dir='ltr'><strong>sacerdos</strong></span> <span class='ocrx_word' id='word_1_205' title='bbox 2699 1391 2873 1456; x_wconf 90' lang='lat' dir='ltr'><strong>dicor,</strong></span> <span class='ocrx_word' id='word_1_206' title='bbox 2900 1392 2993 1447; x_wconf 92' lang='lat' dir='ltr'><strong>sed</strong></span> <span class='ocrx_word' id='word_1_207' title='bbox 3035 1392 3269 1464; x_wconf 71' lang='lat' dir='ltr'><strong>ofﬁcium</strong></span> <span class='ocrx_word' id='word_1_208' title='bbox 3318 1407 3502 1448; x_wconf 83' lang='lat' dir='ltr'><strong>sacer-</strong></span> 
     </span>
    </p>
   </div>
   <div class='ocr_carea' id='block_1_29' title="bbox 1917 1475 3503 1550">
    <p class='ocr_par' dir='ltr' id='par_1_29' title="bbox 1917 1475 3503 1550">
     <span class='ocr_line' id='line_1_29' title="bbox 1917 1475 3503 1550; baseline 0.005 -20"><span class='ocrx_word' id='word_1_209' title='bbox 1917 1475 2062 1530; x_wconf 91' lang='lat' dir='ltr'><strong>dotis</strong></span> <span class='ocrx_word' id='word_1_210' title='bbox 2107 1476 2361 1545; x_wconf 89' lang='lat' dir='ltr'><strong>operibus</strong></span> <span class='ocrx_word' id='word_1_211' title='bbox 2393 1477 2571 1548; x_wconf 82' lang='lat' dir='ltr'><strong>dignis</strong></span> <span class='ocrx_word' id='word_1_212' title='bbox 2619 1493 2724 1534; x_wconf 88' lang='lat' dir='ltr'><strong>non</strong></span> <span class='ocrx_word' id='word_1_213' title='bbox 2768 1479 2989 1550; x_wconf 89' lang='lat' dir='ltr'><strong>impleo,</strong></span> <span class='ocrx_word' id='word_1_214' title='bbox 3037 1481 3285 1550; x_wconf 90' lang='lat' dir='ltr'><strong>quamvis</strong></span> <span class='ocrx_word' id='word_1_215' title='bbox 3330 1489 3383 1536; x_wconf 89' lang='lat' dir='ltr'><strong>et</strong></span> <span class='ocrx_word' id='word_1_216' title='bbox 3435 1482 3503 1539; x_wconf 86' lang='lat' dir='ltr'><strong>de</strong></span> 
     </span>
    </p>
   </div>
   <div class='ocr_carea' id='block_1_30' title="bbox 1917 1565 3502 1641">
    <p class='ocr_par' dir='ltr' id='par_1_30' title="bbox 1917 1565 3502 1641">
     <span class='ocr_line' id='line_1_30' title="bbox 1917 1565 3502 1641; baseline 0.006 -22"><span class='ocrx_word' id='word_1_217' title='bbox 1917 1565 2103 1622; x_wconf 90' lang='lat' dir='ltr'><strong>multis</strong></span> <span class='ocrx_word' id='word_1_218' title='bbox 2142 1566 2263 1622; x_wconf 89' lang='lat' dir='ltr'><strong>aliis</strong></span> <span class='ocrx_word' id='word_1_219' title='bbox 2315 1583 2434 1638; x_wconf 84' lang='lat' dir='ltr'><strong>quae</strong></span> <span class='ocrx_word' id='word_1_220' title='bbox 2487 1567 2618 1635; x_wconf 81' lang='lat' dir='ltr'><strong>feci,</strong></span> <span class='ocrx_word' id='word_1_221' title='bbox 2674 1571 2900 1625; x_wconf 82' lang='lat' dir='ltr'><strong>multant</strong></span> <span class='ocrx_word' id='word_1_222' title='bbox 2959 1573 3374 1641; x_wconf 88' lang='lat' dir='ltr'><strong>pertimescam,</strong></span> <span class='ocrx_word' id='word_1_223' title='bbox 3434 1573 3502 1628; x_wconf 87' lang='lat' dir='ltr'><strong>de</strong></span> 
     </span>
    </p>
   </div>
   <div class='ocr_carea' id='block_1_31' title="bbox 1916 1654 3503 1733">
    <p class='ocr_par' dir='ltr' id='par_1_31' title="bbox 1916 1654 3503 1733">
     <span class='ocr_line' id='line_1_31' title="bbox 1916 1654 3503 1733; baseline 0.005 -22"><span class='ocrx_word' id='word_1_224' title='bbox 1916 1654 2078 1727; x_wconf 88' lang='lat' dir='ltr'><strong>hujus</strong></span> <span class='ocrx_word' id='word_1_225' title='bbox 2101 1656 2262 1712; x_wconf 74' lang='lat' dir='ltr'><strong>ofﬁcii</strong></span> <span class='ocrx_word' id='word_1_226' title='bbox 2293 1659 2590 1728; x_wconf 79' lang='lat' dir='ltr'><strong>dignitate,</strong></span> <span class='ocrx_word' id='word_1_227' title='bbox 2622 1675 2785 1730; x_wconf 87' lang='lat' dir='ltr'><strong>quam</strong></span> <span class='ocrx_word' id='word_1_228' title='bbox 2832 1661 3084 1733; x_wconf 91' lang='lat' dir='ltr'><strong>indignus</strong></span> <span class='ocrx_word' id='word_1_229' title='bbox 3116 1673 3301 1732; x_wconf 89' lang='lat' dir='ltr'><strong>porto,</strong></span> <span class='ocrx_word' id='word_1_230' title='bbox 3339 1679 3503 1733; x_wconf 87' lang='lat' dir='ltr'><strong>super</strong></span> 
     </span>
    </p>
   </div>
   <div class='ocr_carea' id='block_1_32' title="bbox 1914 1744 3502 1818">
    <p class='ocr_par' dir='ltr' id='par_1_32' title="bbox 1914 1744 3502 1818">
     <span class='ocr_line' id='line_1_32' title="bbox 1914 1744 3502 1818; baseline 0.003 -18"><span class='ocrx_word' id='word_1_231' title='bbox 1914 1744 2098 1800; x_wconf 90' lang='lat' dir='ltr'><strong>omnia</strong></span> <span class='ocrx_word' id='word_1_232' title='bbox 2129 1759 2249 1814; x_wconf 71' lang='lat' dir='ltr'><strong>qua:</strong></span> <span class='ocrx_word' id='word_1_233' title='bbox 2277 1745 2422 1800; x_wconf 43' lang='lat' dir='ltr'><strong>mihi.</strong></span> <span class='ocrx_word' id='word_1_234' title='bbox 2439 1748 2660 1803; x_wconf 82' lang='lat' dir='ltr'><strong>evenire</strong></span> <span class='ocrx_word' id='word_1_235' title='bbox 2706 1757 2931 1818; x_wconf 88' lang='lat' dir='ltr'><strong>possunt</strong></span> <span class='ocrx_word' id='word_1_236' title='bbox 2975 1749 3208 1805; x_wconf 89' lang='lat' dir='ltr'><strong>formido</strong></span> <span class='ocrx_word' id='word_1_237' title='bbox 3262 1751 3375 1804; x_wconf 59' lang='grc' dir='ltr'><strong>ωδ.</strong></span> <span class='ocrx_word' id='word_1_238' title='bbox 3409 1752 3502 1806; x_wconf 84' lang='lat' dir='ltr'><strong>Est</strong></span> 
     </span>
    </p>
   </div>
   <div class='ocr_carea' id='block_1_33' title="bbox 224 1832 1812 1911">
    <p class='ocr_par' dir='ltr' id='par_1_33' title="bbox 224 1839 1812 1911">
     <span class='ocr_line' id='line_1_33' title="bbox 224 1839 1812 1911; baseline 0.005 -18"><span class='ocrx_word' id='word_1_239' title='bbox 224 1839 443 1895; x_wconf 83' lang='lat' dir='ltr'><strong>scilicet</strong></span> <span class='ocrx_word' id='word_1_240' title='bbox 467 1841 534 1896; x_wconf 91' lang='lat' dir='ltr'><strong>ad</strong></span> <span class='ocrx_word' id='word_1_241' title='bbox 566 1851 618 1897; x_wconf 92' lang='lat' dir='ltr'><strong>te</strong></span> <span class='ocrx_word' id='word_1_242' title='bbox 639 1857 825 1899; x_wconf 86' lang='lat' dir='ltr'><strong>verum</strong></span> <span class='ocrx_word' id='word_1_243' title='bbox 857 1845 1229 1911; x_wconf 86' lang='lat' dir='ltr'><strong>Sacerdotem,</strong></span> <span class='ocrx_word' id='word_1_244' title='bbox 1252 1846 1343 1901; x_wconf 91' lang='lat' dir='ltr'><strong>ubi</strong></span> <span class='ocrx_word' id='word_1_245' title='bbox 1375 1861 1496 1901; x_wconf 92' lang='lat' dir='ltr'><strong>cum</strong></span> <span class='ocrx_word' id='word_1_246' title='bbox 1552 1845 1675 1901; x_wconf 89' lang='lat' dir='ltr'><strong>aliis</strong></span> <span class='ocrx_word' id='word_1_247' title='bbox 1726 1861 1812 1901; x_wconf 90' lang='lat' dir='ltr'><strong>sa-</strong></span> 
     </span>
    </p>
   </div>
   <div class='ocr_carea' id='block_1_34' title="bbox 1915 1832 3500 1911">
    <p class='ocr_par' dir='ltr' id='par_1_34' title="bbox 1915 1833 3500 1911">
     <span class='ocr_line' id='line_1_34' title="bbox 1915 1833 3500 1911; baseline 0.006 -24"><span class='ocrx_word' id='word_1_248' title='bbox 1915 1841 2097 1888; x_wconf 91' lang='lat' dir='ltr'><strong>autem</strong></span> <span class='ocrx_word' id='word_1_249' title='bbox 2146 1833 2304 1903; x_wconf 89' lang='lat' dir='ltr'><strong>hujus</strong></span> <span class='ocrx_word' id='word_1_250' title='bbox 2361 1835 2521 1892; x_wconf 79' lang='lat' dir='ltr'><strong>ofﬁcii</strong></span> <span class='ocrx_word' id='word_1_251' title='bbox 2569 1838 2840 1909; x_wconf 77' lang='lat' dir='ltr'><strong>dignitas,</strong></span> <span class='ocrx_word' id='word_1_252' title='bbox 2897 1840 3181 1911; x_wconf 86' lang='lat' dir='ltr'><strong>plusquam</strong></span> <span class='ocrx_word' id='word_1_253' title='bbox 3239 1841 3500 1896; x_wconf 65' lang='lat' dir='ltr'><strong>aestimari</strong></span> 
     </span>
    </p>
   </div>
   <div class='ocr_carea' id='block_1_35' title="bbox 223 1929 1814 2006">
    <p class='ocr_par' dir='ltr' id='par_1_35' title="bbox 223 1929 1814 2006">
     <span class='ocr_line' id='line_1_35' title="bbox 223 1929 1814 2006; baseline 0.004 -23"><span class='ocrx_word' id='word_1_254' title='bbox 223 1929 567 1997; x_wconf 83' lang='lat' dir='ltr'><strong>cerdotibus,</strong></span> <span class='ocrx_word' id='word_1_255' title='bbox 595 1933 701 1987; x_wconf 91' lang='lat' dir='ltr'><strong>tuis</strong></span> <span class='ocrx_word' id='word_1_256' title='bbox 730 1933 977 1989; x_wconf 88' lang='lat' dir='ltr'><strong>videlicet</strong></span> <span class='ocrx_word' id='word_1_257' title='bbox 1005 1935 1286 2000; x_wconf 88' lang='lat' dir='ltr'><strong>membris,</strong></span> <span class='ocrx_word' id='word_1_258' title='bbox 1310 1949 1410 2006; x_wconf 86' lang='lat' dir='ltr'><strong>ego</strong></span> <span class='ocrx_word' id='word_1_259' title='bbox 1439 1950 1656 2006; x_wconf 90' lang='lat' dir='ltr'><strong>quoque</strong></span> <span class='ocrx_word' id='word_1_260' title='bbox 1685 1944 1814 1990; x_wconf 91' lang='lat' dir='ltr'><strong>tunc</strong></span> 
     </span>
    </p>
   </div>
   <div class='ocr_carea' id='block_1_36' title="bbox 223 2023 1816 2098">
    <p class='ocr_par' dir='ltr' id='par_1_36' title="bbox 223 2023 1816 2098">
     <span class='ocr_line' id='line_1_36' title="bbox 223 2023 1816 2098; baseline 0.006 -26"><span class='ocrx_word' id='word_1_261' title='bbox 223 2034 336 2073; x_wconf 91' lang='lat' dir='ltr'><strong>non</strong></span> <span class='ocrx_word' id='word_1_262' title='bbox 359 2029 635 2090; x_wconf 86' lang='lat' dir='ltr'><strong>peccator,</strong></span> <span class='ocrx_word' id='word_1_263' title='bbox 673 2024 770 2080; x_wconf 91' lang='lat' dir='ltr'><strong>sed</strong></span> <span class='ocrx_word' id='word_1_264' title='bbox 794 2023 988 2091; x_wconf 82' lang='lat' dir='ltr'><strong>dignus</strong></span> <span class='ocrx_word' id='word_1_265' title='bbox 1008 2025 1260 2081; x_wconf 87' lang='lat' dir='ltr'><strong>sacerdos</strong></span> <span class='ocrx_word' id='word_1_266' title='bbox 1310 2035 1366 2081; x_wconf 92' lang='lat' dir='ltr'><strong>et</strong></span> <span class='ocrx_word' id='word_1_267' title='bbox 1397 2026 1616 2098; x_wconf 83' lang='lat' dir='ltr'><strong>dignum</strong></span> <span class='ocrx_word' id='word_1_268' title='bbox 1645 2041 1816 2082; x_wconf 90' lang='lat' dir='ltr'><strong>mem-</strong></span> 
     </span>
    </p>
   </div>
   <div class='ocr_carea' id='block_1_37' title="bbox 222 2107 1816 2187">
    <p class='ocr_par' dir='ltr' id='par_1_37' title="bbox 222 2107 1816 2187">
     <span class='ocr_line' id='line_1_37' title="bbox 222 2107 1816 2187; baseline 0.006 -25"><span class='ocrx_word' id='word_1_269' title='bbox 222 2107 388 2164; x_wconf 85' lang='lat' dir='ltr'><strong>brum</strong></span> <span class='ocrx_word' id='word_1_270' title='bbox 437 2115 685 2184; x_wconf 91' lang='lat' dir='ltr'><strong>corporis</strong></span> <span class='ocrx_word' id='word_1_271' title='bbox 729 2115 830 2180; x_wconf 85' lang='lat' dir='ltr'><strong>tui,</strong></span> <span class='ocrx_word' id='word_1_272' title='bbox 885 2123 936 2171; x_wconf 90' lang='lat' dir='ltr'><strong>te</strong></span> <span class='ocrx_word' id='word_1_273' title='bbox 984 2115 1220 2184; x_wconf 89' lang='lat' dir='ltr'><strong>laudem,</strong></span> <span class='ocrx_word' id='word_1_274' title='bbox 1269 2125 1320 2172; x_wconf 91' lang='lat' dir='ltr'><strong>te</strong></span> <span class='ocrx_word' id='word_1_275' title='bbox 1364 2115 1660 2186; x_wconf 78' lang='lat' dir='ltr'><strong>gloriﬁcem</strong></span> <span class='ocrx_word' id='word_1_276' title='bbox 1719 2131 1816 2187; x_wconf 91' lang='lat' dir='ltr'><strong>per</strong></span> 
     </span>
    </p>
   </div>
   <div class='ocr_carea' id='block_1_38' title="bbox 219 2205 908 2262">
    <p class='ocr_par' dir='ltr' id='par_1_38' title="bbox 219 2205 908 2262">
     <span class='ocr_line' id='line_1_38' title="bbox 219 2205 908 2262; baseline 0.012 -10"><span class='ocrx_word' id='word_1_277' title='bbox 219 2208 432 2257; x_wconf 73' lang='lat' dir='ltr'><strong>:eterna</strong></span> <span class='ocrx_word' id='word_1_278' title='bbox 460 2205 674 2261; x_wconf 68' lang='lat' dir='ltr'><strong>Saecula.</strong></span> <span class='ocrx_word' id='word_1_279' title='bbox 712 2207 908 2262; x_wconf 86' lang='lat' dir='ltr'><strong>Amen.</strong></span> 
     </span>
    </p>
   </div>
   <div class='ocr_carea' id='block_1_39' title="bbox 711 2316 1330 2377">
    <p class='ocr_par' dir='ltr' id='par_1_39' title="bbox 711 2316 1330 2377">
     <span class='ocr_line' id='line_1_39' title="bbox 711 2316 1330 2377; baseline 0.003 -4"><span class='ocrx_word' id='word_1_280' title='bbox 711 2316 968 2376; x_wconf 81' lang='lat' dir='ltr'><strong>ORATIO</strong></span> <span class='ocrx_word' id='word_1_281' title='bbox 1005 2319 1176 2377; x_wconf 81' lang='lat' dir='ltr'><strong>XXVI</strong></span> <span class='ocrx_word' id='word_1_282' title='bbox 1217 2321 1330 2375; x_wconf 65' lang='lat'><strong>‘3&quot;.</strong></span> 
     </span>
    </p>
   </div>
   <div class='ocr_carea' id='block_1_40' title="bbox 820 2426 1213 2468">
    <p class='ocr_par' dir='ltr' id='par_1_40' title="bbox 820 2426 1213 2468">
     <span class='ocr_line' id='line_1_40' title="bbox 820 2426 1213 2468; baseline 0.005 -4"><span class='ocrx_word' id='word_1_283' title='bbox 820 2426 889 2464; x_wconf 73' lang='lat' dir='ltr'><strong>AD</strong></span> <span class='ocrx_word' id='word_1_284' title='bbox 927 2426 1213 2468; x_wconf 62' lang='lat' dir='ltr'><strong>CBRISTUﬂ.</strong></span> 
     </span>
    </p>
   </div>
   <div class='ocr_carea' id='block_1_41' title="bbox 217 2518 1816 2596">
    <p class='ocr_par' dir='ltr' id='par_1_41' title="bbox 217 2518 1816 2596">
     <span class='ocr_line' id='line_1_41' title="bbox 217 2518 1816 2596; baseline 0.003 -23"><span class='ocrx_word' id='word_1_285' title='bbox 217 2518 361 2574; x_wconf 82' lang='lat' dir='ltr'><strong>Cum</strong></span> <span class='ocrx_word' id='word_1_286' title='bbox 402 2521 958 2596; x_wconf 68' lang='lat' dir='ltr'><strong>sacerd_os_diligenter</strong></span> <span class='ocrx_word' id='word_1_287' title='bbox 997 2524 1375 2594; x_wconf 63' lang='lat' dir='ltr'><strong>contemplatur</strong></span> <span class='ocrx_word' id='word_1_288' title='bbox 1401 2540 1560 2596; x_wconf 84' lang='lat' dir='ltr'><strong>quam</strong></span> <span class='ocrx_word' id='word_1_289' title='bbox 1600 2525 1816 2596; x_wconf 73' lang='lat' dir='ltr'><strong>miseri-</strong></span> 
     </span>
    </p>
   </div>
   <div class='ocr_carea' id='block_1_42' title="bbox 290 2590 1809 2665">
    <p class='ocr_par' dir='ltr' id='par_1_42' title="bbox 290 2590 1809 2665">
     <span class='ocr_line' id='line_1_42' title="bbox 290 2590 1809 2665; baseline 0.005 -23"><span class='ocrx_word' id='word_1_290' title='bbox 290 2590 527 2665; x_wconf 73' lang='lat' dir='ltr'><strong>corditer</strong></span> <span class='ocrx_word' id='word_1_291' title='bbox 566 2590 883 2665; x_wconf 56' lang='lat' dir='ltr'><strong>Redemptor</strong></span> <span class='ocrx_word' id='word_1_292' title='bbox 925 2603 1100 2665; x_wconf 79' lang='lat' dir='ltr'><strong>noster</strong></span> <span class='ocrx_word' id='word_1_293' title='bbox 1142 2590 1610 2665; x_wconf 47' lang='lat' dir='ltr'><strong>naturam&#39;nostri</strong></span> <span class='ocrx_word' id='word_1_294' title='bbox 1661 2594 1809 2665; x_wconf 89' lang='lat' dir='ltr'><strong>limi,</strong></span> 
     </span>
    </p>
   </div>
   <div class='ocr_carea' id='block_1_43' title="bbox 291 2659 1640 2733">
    <p class='ocr_par' dir='ltr' id='par_1_43' title="bbox 291 2659 1640 2733">
     <span class='ocr_line' id='line_1_43' title="bbox 291 2659 1640 2733; baseline 0.004 -21"><span class='ocrx_word' id='word_1_295' title='bbox 291 2659 438 2713; x_wconf 83' lang='lat' dir='ltr'><strong>unde</strong></span> <span class='ocrx_word' id='word_1_296' title='bbox 460 2677 554 2714; x_wconf 74' lang='lat' dir='ltr'><strong>nos</strong></span> <span class='ocrx_word' id='word_1_297' title='bbox 575 2660 718 2729; x_wconf 81' lang='lat' dir='ltr'><strong>fecit,</strong></span> <span class='ocrx_word' id='word_1_298' title='bbox 744 2659 838 2733; x_wconf 65' lang='lat' dir='ltr'><strong>pro</strong></span> <span class='ocrx_word' id='word_1_299' title='bbox 869 2663 1013 2717; x_wconf 79' lang='lat' dir='ltr'><strong>nobis</strong></span> <span class='ocrx_word' id='word_1_300' title='bbox 1042 2663 1285 2732; x_wconf 76' lang='lat' dir='ltr'><strong>suscepit.</strong></span> <span class='ocrx_word' id='word_1_301' title='bbox 1628 2721 1640 2729; x_wconf 93' lang='lat'>_</span> 
     </span>
    </p>
   </div>
   <div class='ocr_carea' id='block_1_44' title="bbox 293 2745 1814 2819">
    <p class='ocr_par' dir='ltr' id='par_1_44' title="bbox 293 2745 1814 2819">
     <span class='ocr_line' id='line_1_44' title="bbox 293 2745 1814 2819; baseline 0.004 -17"><span class='ocrx_word' id='word_1_302' title='bbox 293 2745 526 2802; x_wconf 90' lang='lat' dir='ltr'><strong>Summe</strong></span> <span class='ocrx_word' id='word_1_303' title='bbox 565 2747 852 2816; x_wconf 84' lang='lat' dir='ltr'><strong>Sacerdos,</strong></span> <span class='ocrx_word' id='word_1_304' title='bbox 875 2758 933 2806; x_wconf 89' lang='lat' dir='ltr'><strong>et</strong></span> <span class='ocrx_word' id='word_1_305' title='bbox 971 2749 1144 2819; x_wconf 82' lang='lat' dir='ltr'><strong>major</strong></span> <span class='ocrx_word' id='word_1_306' title='bbox 1177 2752 1392 2808; x_wconf 80' lang='lat' dir='ltr'><strong>caeteris</strong></span> <span class='ocrx_word' id='word_1_307' title='bbox 1437 2753 1814 2809; x_wconf 88' lang='lat' dir='ltr'><strong>sacerdotibus</strong></span> 
     </span>
    </p>
   </div>
   <div class='ocr_carea' id='block_1_45' title="bbox 217 2840 1808 2911">
    <p class='ocr_par' dir='ltr' id='par_1_45' title="bbox 217 2840 1808 2911">
     <span class='ocr_line' id='line_1_45' title="bbox 217 2840 1808 2911; baseline 0.003 -16"><span class='ocrx_word' id='word_1_308' title='bbox 217 2840 458 2896; x_wconf 84' lang='lat' dir='ltr'><strong>Domine</strong></span> <span class='ocrx_word' id='word_1_309' title='bbox 486 2841 612 2897; x_wconf 81' lang='lat' dir='ltr'><strong>Jesu</strong></span> <span class='ocrx_word' id='word_1_310' title='bbox 642 2841 876 2911; x_wconf 89' lang='lat' dir='ltr'><strong>Christe,</strong></span> <span class='ocrx_word' id='word_1_311' title='bbox 913 2844 998 2899; x_wconf 90' lang='lat' dir='ltr'><strong>cui</strong></span> <span class='ocrx_word' id='word_1_312' title='bbox 1039 2845 1282 2901; x_wconf 80' lang='lat' dir='ltr'><strong>adhaeret</strong></span> <span class='ocrx_word' id='word_1_313' title='bbox 1323 2845 1498 2900; x_wconf 88' lang='lat' dir='ltr'><strong>omnis</strong></span> <span class='ocrx_word' id='word_1_314' title='bbox 1531 2846 1808 2911; x_wconf 87' lang='lat' dir='ltr'><strong>sacerdos,</strong></span> 
     </span>
    </p>
   </div>
   <div class='ocr_carea' id='block_1_46' title="bbox 217 2933 1810 3004">
    <p class='ocr_par' dir='ltr' id='par_1_46' title="bbox 217 2933 1810 3004">
     <span class='ocr_line' id='line_1_46' title="bbox 217 2933 1810 3004; baseline 0.001 -16"><span class='ocrx_word' id='word_1_315' title='bbox 217 2933 338 2988; x_wconf 86' lang='lat' dir='ltr'><strong>imo</strong></span> <span class='ocrx_word' id='word_1_316' title='bbox 379 2933 556 2989; x_wconf 86' lang='lat' dir='ltr'><strong>omnis</strong></span> <span class='ocrx_word' id='word_1_317' title='bbox 600 2933 942 2990; x_wconf 87' lang='lat' dir='ltr'><strong>Christianus</strong></span> <span class='ocrx_word' id='word_1_318' title='bbox 990 2935 1078 3004; x_wconf 85' lang='lat' dir='ltr'><strong>qui</strong></span> <span class='ocrx_word' id='word_1_319' title='bbox 1117 2934 1361 2990; x_wconf 87' lang='lat' dir='ltr'><strong>ambulat</strong></span> <span class='ocrx_word' id='word_1_320' title='bbox 1407 2949 1592 2990; x_wconf 88' lang='lat' dir='ltr'><strong>coram</strong></span> <span class='ocrx_word' id='word_1_321' title='bbox 1642 2943 1695 2990; x_wconf 90' lang='lat' dir='ltr'><strong>te</strong></span> <span class='ocrx_word' id='word_1_322' title='bbox 1753 2934 1810 2990; x_wconf 73' lang='lat' dir='ltr'><strong>in</strong></span> 
     </span>
    </p>
   </div>
   <div class='ocr_carea' id='block_1_47' title="bbox 217 3023 1810 3096">
    <p class='ocr_par' dir='ltr' id='par_1_47' title="bbox 217 3023 1810 3096">
     <span class='ocr_line' id='line_1_47' title="bbox 217 3023 1810 3096; baseline 0.001 -16"><span class='ocrx_word' id='word_1_323' title='bbox 217 3023 483 3090; x_wconf 85' lang='lat' dir='ltr'><strong>veritate,</strong></span> <span class='ocrx_word' id='word_1_324' title='bbox 509 3025 734 3080; x_wconf 87' lang='lat' dir='ltr'><strong>auribus</strong></span> <span class='ocrx_word' id='word_1_325' title='bbox 760 3025 978 3096; x_wconf 89' lang='lat' dir='ltr'><strong>pietatis</strong></span> <span class='ocrx_word' id='word_1_326' title='bbox 1006 3034 1110 3081; x_wconf 86' lang='lat' dir='ltr'><strong>tuae</strong></span> <span class='ocrx_word' id='word_1_327' title='bbox 1134 3025 1258 3079; x_wconf 88' lang='lat' dir='ltr'><strong>audi</strong></span> <span class='ocrx_word' id='word_1_328' title='bbox 1293 3039 1477 3080; x_wconf 85' lang='lat' dir='ltr'><strong>vocem</strong></span> <span class='ocrx_word' id='word_1_329' title='bbox 1510 3039 1720 3094; x_wconf 84' lang='lat' dir='ltr'><strong>meam,</strong></span> <span class='ocrx_word' id='word_1_330' title='bbox 1754 3033 1810 3081; x_wconf 89' lang='lat' dir='ltr'><strong>et</strong></span> 
     </span>
    </p>
   </div>
   <div class='ocr_carea' id='block_1_48' title="bbox 215 3115 1806 3183">
    <p class='ocr_par' dir='ltr' id='par_1_48' title="bbox 215 3115 1806 3183">
     <span class='ocr_line' id='line_1_48' title="bbox 215 3115 1806 3183; baseline 0.001 -15"><span class='ocrx_word' id='word_1_331' title='bbox 215 3115 266 3168; x_wconf 64' lang='lat' dir='ltr'><strong>si.</strong></span> <span class='ocrx_word' id='word_1_332' title='bbox 293 3121 446 3169; x_wconf 88' lang='lat' dir='ltr'><strong>recte</strong></span> <span class='ocrx_word' id='word_1_333' title='bbox 466 3129 682 3183; x_wconf 89' lang='lat' dir='ltr'><strong>precor,</strong></span> <span class='ocrx_word' id='word_1_334' title='bbox 712 3115 908 3170; x_wconf 84' lang='lat' dir='ltr'><strong>exaudi</strong></span> <span class='ocrx_word' id='word_1_335' title='bbox 933 3116 1236 3170; x_wconf 89' lang='lat' dir='ltr'><strong>orationem</strong></span> <span class='ocrx_word' id='word_1_336' title='bbox 1269 3129 1480 3180; x_wconf 87' lang='lat' dir='ltr'><strong>meam;</strong></span> <span class='ocrx_word' id='word_1_337' title='bbox 1515 3131 1619 3170; x_wconf 91' lang='lat' dir='ltr'><strong>non</strong></span> <span class='ocrx_word' id='word_1_338' title='bbox 1661 3115 1806 3170; x_wconf 90' lang='lat' dir='ltr'><strong>enim</strong></span> 
     </span>
    </p>
   </div>
   <div class='ocr_carea' id='block_1_49' title="bbox 1914 1923 3504 1997">
    <p class='ocr_par' dir='ltr' id='par_1_49' title="bbox 1914 1923 3504 1997">
     <span class='ocr_line' id='line_1_49' title="bbox 1914 1923 3504 1997; baseline 0.006 -20"><span class='ocrx_word' id='word_1_339' title='bbox 1914 1923 2108 1992; x_wconf 85' lang='lat' dir='ltr'><strong>possit,</strong></span> <span class='ocrx_word' id='word_1_340' title='bbox 2155 1939 2348 1997; x_wconf 86' lang='lat' dir='ltr'><strong>magna</strong></span> <span class='ocrx_word' id='word_1_341' title='bbox 2374 1934 2429 1981; x_wconf 92' lang='lat' dir='ltr'><strong>et</strong></span> <span class='ocrx_word' id='word_1_342' title='bbox 2471 1927 2926 1984; x_wconf 58' lang='lat' dir='ltr'><strong>inmstimabiliter</strong></span> <span class='ocrx_word' id='word_1_343' title='bbox 2955 1931 3064 1985; x_wconf 89' lang='lat' dir='ltr'><strong>Deo</strong></span> <span class='ocrx_word' id='word_1_344' title='bbox 3093 1941 3148 1985; x_wconf 91' lang='lat' dir='ltr'><strong>et</strong></span> <span class='ocrx_word' id='word_1_345' title='bbox 3188 1931 3504 1986; x_wconf 87' lang='lat' dir='ltr'><strong>hominibus</strong></span> 
     </span>
    </p>
   </div>
   <div class='ocr_carea' id='block_1_50' title="bbox 1913 2014 3502 2082">
    <p class='ocr_par' dir='ltr' id='par_1_50' title="bbox 1913 2014 3502 2082">
     <span class='ocr_line' id='line_1_50' title="bbox 1913 2014 3502 2082; baseline 0.001 -12"><span class='ocrx_word' id='word_1_346' title='bbox 1913 2014 2117 2082; x_wconf 86' lang='lat' dir='ltr'><strong>chara,</strong></span> <span class='ocrx_word' id='word_1_347' title='bbox 2163 2014 2208 2070; x_wconf 90' lang='lat' dir='ltr'><strong>si</strong></span> <span class='ocrx_word' id='word_1_348' title='bbox 2251 2015 2508 2072; x_wconf 85' lang='lat' dir='ltr'><strong>sacerdos</strong></span> <span class='ocrx_word' id='word_1_349' title='bbox 2541 2017 2615 2070; x_wconf 90' lang='lat' dir='ltr'><strong>ita</strong></span> <span class='ocrx_word' id='word_1_350' title='bbox 2656 2017 2790 2072; x_wconf 90' lang='lat' dir='ltr'><strong>vivit</strong></span> <span class='ocrx_word' id='word_1_351' title='bbox 2829 2019 2972 2074; x_wconf 91' lang='lat' dir='ltr'><strong>sicut</strong></span> <span class='ocrx_word' id='word_1_352' title='bbox 3001 2019 3090 2074; x_wconf 90' lang='lat' dir='ltr'><strong>ille</strong></span> <span class='ocrx_word' id='word_1_353' title='bbox 3129 2019 3312 2074; x_wconf 80' lang='lat' dir='ltr'><strong>vivere</strong></span> <span class='ocrx_word' id='word_1_354' title='bbox 3341 2019 3502 2074; x_wconf 83' lang='lat' dir='ltr'><strong>debet</strong></span> 
     </span>
    </p>
   </div>
   <div class='ocr_carea' id='block_1_51' title="bbox 1917 2105 3499 2180">
    <p class='ocr_par' dir='ltr' id='par_1_51' title="bbox 1917 2105 3499 2180">
     <span class='ocr_line' id='line_1_51' title="bbox 1917 2105 3499 2180; baseline 0.002 -21"><span class='ocrx_word' id='word_1_355' title='bbox 1917 2105 2008 2176; x_wconf 94' lang='lat' dir='ltr'><strong>qui</strong></span> <span class='ocrx_word' id='word_1_356' title='bbox 2041 2105 2202 2176; x_wconf 88' lang='lat' dir='ltr'><strong>hujus</strong></span> <span class='ocrx_word' id='word_1_357' title='bbox 2229 2106 2393 2162; x_wconf 83' lang='lat' dir='ltr'><strong>ollicii</strong></span> <span class='ocrx_word' id='word_1_358' title='bbox 2426 2121 2613 2162; x_wconf 87' lang='lat' dir='ltr'><strong>curam</strong></span> <span class='ocrx_word' id='word_1_359' title='bbox 2659 2107 2818 2179; x_wconf 90' lang='lat' dir='ltr'><strong>gerit.</strong></span> <span class='ocrx_word' id='word_1_360' title='bbox 2848 2109 3014 2164; x_wconf 87' lang='lat' dir='ltr'><strong>Porto</strong></span> <span class='ocrx_word' id='word_1_361' title='bbox 3045 2119 3225 2164; x_wconf 81' lang='lat' dir='ltr'><strong>autem</strong></span> <span class='ocrx_word' id='word_1_362' title='bbox 3269 2125 3374 2180; x_wconf 86' lang='lat' dir='ltr'><strong>ego</strong></span> <span class='ocrx_word' id='word_1_363' title='bbox 3401 2126 3499 2163; x_wconf 88' lang='lat' dir='ltr'><strong>nu-</strong></span> 
     </span>
    </p>
   </div>
   <div class='ocr_carea' id='block_1_52' title="bbox 1917 2194 3501 2267">
    <p class='ocr_par' dir='ltr' id='par_1_52' title="bbox 1917 2194 3501 2267">
     <span class='ocr_line' id='line_1_52' title="bbox 1917 2194 3501 2267; baseline 0.003 -18"><span class='ocrx_word' id='word_1_364' title='bbox 1917 2210 2040 2250; x_wconf 92' lang='lat' dir='ltr'><strong>men</strong></span> <span class='ocrx_word' id='word_1_365' title='bbox 2057 2194 2228 2265; x_wconf 79' lang='lat' dir='ltr'><strong>~hujus</strong></span> <span class='ocrx_word' id='word_1_366' title='bbox 2273 2196 2573 2267; x_wconf 85' lang='lat' dir='ltr'><strong>dignitatis,</strong></span> <span class='ocrx_word' id='word_1_367' title='bbox 2617 2198 2709 2254; x_wconf 86' lang='lat' dir='ltr'><strong>sed</strong></span> <span class='ocrx_word' id='word_1_368' title='bbox 2755 2198 2934 2254; x_wconf 79' lang='lat' dir='ltr'><strong>infelix</strong></span> <span class='ocrx_word' id='word_1_369' title='bbox 2987 2200 3095 2254; x_wconf 88' lang='lat' dir='ltr'><strong>vita</strong></span> <span class='ocrx_word' id='word_1_370' title='bbox 3134 2214 3250 2255; x_wconf 91' lang='lat' dir='ltr'><strong>mea</strong></span> <span class='ocrx_word' id='word_1_371' title='bbox 3293 2200 3408 2254; x_wconf 76' lang='lat' dir='ltr'><strong>fere</strong></span> <span class='ocrx_word' id='word_1_372' title='bbox 3447 2200 3501 2254; x_wconf 90' lang='lat' dir='ltr'><strong>in</strong></span> 
     </span>
    </p>
   </div>
   <div class='ocr_carea' id='block_1_53' title="bbox 1916 2287 3500 2360">
    <p class='ocr_par' dir='ltr' id='par_1_53' title="bbox 1916 2287 3500 2360">
     <span class='ocr_line' id='line_1_53' title="bbox 1916 2287 3500 2360; baseline 0.003 -18"><span class='ocrx_word' id='word_1_373' title='bbox 1916 2287 2171 2343; x_wconf 89' lang='lat' dir='ltr'><strong>omnibus</strong></span> <span class='ocrx_word' id='word_1_374' title='bbox 2211 2289 2560 2355; x_wconf 88' lang='lat' dir='ltr'><strong>contradicit,</strong></span> <span class='ocrx_word' id='word_1_375' title='bbox 2591 2289 2732 2344; x_wconf 90' lang='lat' dir='ltr'><strong>male</strong></span> <span class='ocrx_word' id='word_1_376' title='bbox 2780 2292 3010 2360; x_wconf 86' lang='lat' dir='ltr'><strong>agendo,</strong></span> <span class='ocrx_word' id='word_1_377' title='bbox 3059 2291 3219 2360; x_wconf 87' lang='lat' dir='ltr'><strong>hujus</strong></span> <span class='ocrx_word' id='word_1_378' title='bbox 3263 2292 3500 2347; x_wconf 90' lang='lat' dir='ltr'><strong>nominis</strong></span> 
     </span>
    </p>
   </div>
   <div class='ocr_carea' id='block_1_54' title="bbox 1917 2378 3505 2450">
    <p class='ocr_par' dir='ltr' id='par_1_54' title="bbox 1917 2378 3505 2450">
     <span class='ocr_line' id='line_1_54' title="bbox 1917 2378 3505 2450; baseline 0.003 -17"><span class='ocrx_word' id='word_1_379' title='bbox 1917 2378 2189 2450; x_wconf 86' lang='lat' dir='ltr'><strong>dignitati.</strong></span> <span class='ocrx_word' id='word_1_380' title='bbox 2232 2379 2328 2435; x_wconf 88' lang='lat' dir='ltr'><strong>Est</strong></span> <span class='ocrx_word' id='word_1_381' title='bbox 2368 2380 2512 2434; x_wconf 92' lang='lat' dir='ltr'><strong>enim</strong></span> <span class='ocrx_word' id='word_1_382' title='bbox 2556 2393 2652 2435; x_wconf 89' lang='lat' dir='ltr'><strong>cor</strong></span> <span class='ocrx_word' id='word_1_383' title='bbox 2696 2395 2872 2436; x_wconf 91' lang='lat' dir='ltr'><strong>meum</strong></span> <span class='ocrx_word' id='word_1_384' title='bbox 2899 2382 3271 2448; x_wconf 85' lang='lat' dir='ltr'><strong>immundum,</strong></span> <span class='ocrx_word' id='word_1_385' title='bbox 3309 2397 3505 2438; x_wconf 85' lang='lat' dir='ltr'><strong>omnes</strong></span> 
     </span>
    </p>
   </div>
   <div class='ocr_carea' id='block_1_55' title="bbox 1918 2470 3500 2540">
    <p class='ocr_par' dir='ltr' id='par_1_55' title="bbox 1918 2470 3500 2540">
     <span class='ocr_line' id='line_1_55' title="bbox 1918 2470 3500 2540; baseline 0.001 -14"><span class='ocrx_word' id='word_1_386' title='bbox 1918 2485 2114 2526; x_wconf 90' lang='lat' dir='ltr'><strong>sensus</strong></span> <span class='ocrx_word' id='word_1_387' title='bbox 2141 2470 2391 2540; x_wconf 90' lang='lat' dir='ltr'><strong>corporis</strong></span> <span class='ocrx_word' id='word_1_388' title='bbox 2419 2472 2524 2526; x_wconf 89' lang='lat' dir='ltr'><strong>mei</strong></span> <span class='ocrx_word' id='word_1_389' title='bbox 2559 2471 2860 2539; x_wconf 90' lang='lat' dir='ltr'><strong>immundi,</strong></span> <span class='ocrx_word' id='word_1_390' title='bbox 2893 2483 2947 2528; x_wconf 91' lang='lat' dir='ltr'><strong>et</strong></span> <span class='ocrx_word' id='word_1_391' title='bbox 2979 2473 3060 2529; x_wconf 92' lang='lat' dir='ltr'><strong>sic</strong></span> <span class='ocrx_word' id='word_1_392' title='bbox 3095 2473 3244 2528; x_wconf 88' lang='lat' dir='ltr'><strong>intus</strong></span> <span class='ocrx_word' id='word_1_393' title='bbox 3281 2484 3336 2529; x_wconf 92' lang='lat' dir='ltr'><strong>et</strong></span> <span class='ocrx_word' id='word_1_394' title='bbox 3365 2474 3500 2528; x_wconf 82' lang='lat' dir='ltr'><strong>foris</strong></span> 
     </span>
    </p>
   </div>
   <div class='ocr_carea' id='block_1_56' title="bbox 1915 2560 3501 2633">
    <p class='ocr_par' dir='ltr' id='par_1_56' title="bbox 1915 2560 3501 2633">
     <span class='ocr_line' id='line_1_56' title="bbox 1915 2560 3501 2633; baseline 0.006 -24"><span class='ocrx_word' id='word_1_395' title='bbox 1915 2560 2014 2609; x_wconf 72' lang='grc'><strong>,⁸³⁸⁸</strong></span> <span class='ocrx_word' id='word_1_396' title='bbox 2046 2571 2188 2616; x_wconf 89' lang='lat' dir='ltr'><strong>totus</strong></span> <span class='ocrx_word' id='word_1_397' title='bbox 2215 2561 2524 2617; x_wconf 85' lang='lat' dir='ltr'><strong>immundus</strong></span> <span class='ocrx_word' id='word_1_398' title='bbox 2551 2574 2656 2615; x_wconf 92' lang='lat' dir='ltr'><strong>non</strong></span> <span class='ocrx_word' id='word_1_399' title='bbox 2685 2561 2903 2617; x_wconf 85' lang='lat' dir='ltr'><strong>invenio</strong></span> <span class='ocrx_word' id='word_1_400' title='bbox 2934 2563 2986 2616; x_wconf 94' lang='lat' dir='ltr'><strong>in</strong></span> <span class='ocrx_word' id='word_1_401' title='bbox 3031 2572 3145 2618; x_wconf 93' lang='lat' dir='ltr'><strong>toto</strong></span> <span class='ocrx_word' id='word_1_402' title='bbox 3185 2578 3272 2618; x_wconf 90' lang='lat' dir='ltr'><strong>me</strong></span> <span class='ocrx_word' id='word_1_403' title='bbox 3295 2563 3501 2633; x_wconf 89' lang='lat' dir='ltr'><strong>aliquid</strong></span> 
     </span>
    </p>
   </div>
   <div class='ocr_carea' id='block_1_57' title="bbox 1917 2649 3502 2722">
    <p class='ocr_par' dir='ltr' id='par_1_57' title="bbox 1917 2649 3502 2722">
     <span class='ocr_line' id='line_1_57' title="bbox 1917 2649 3502 2722; baseline 0.003 -19"><span class='ocrx_word' id='word_1_404' title='bbox 1917 2649 2198 2714; x_wconf 78' lang='lat' dir='ltr'><strong>mundum,</strong></span> <span class='ocrx_word' id='word_1_405' title='bbox 2230 2649 2323 2705; x_wconf 90' lang='lat' dir='ltr'><strong>ubi</strong></span> <span class='ocrx_word' id='word_1_406' title='bbox 2370 2649 2598 2710; x_wconf 88' lang='lat' dir='ltr'><strong>honeste</strong></span> <span class='ocrx_word' id='word_1_407' title='bbox 2623 2656 2678 2703; x_wconf 90' lang='lat' dir='ltr'><strong>et</strong></span> <span class='ocrx_word' id='word_1_408' title='bbox 2721 2649 2863 2705; x_wconf 87' lang='lat' dir='ltr'><strong>sicut</strong></span> <span class='ocrx_word' id='word_1_409' title='bbox 2901 2650 3056 2705; x_wconf 90' lang='lat' dir='ltr'><strong>decet</strong></span> <span class='ocrx_word' id='word_1_410' title='bbox 3101 2651 3304 2722; x_wconf 91' lang='lat' dir='ltr'><strong>possim</strong></span> <span class='ocrx_word' id='word_1_411' title='bbox 3345 2665 3502 2721; x_wconf 90' lang='lat' dir='ltr'><strong>repo-</strong></span> 
     </span>
    </p>
   </div>
   <div class='ocr_carea' id='block_1_58' title="bbox 1916 2739 3501 2813">
    <p class='ocr_par' dir='ltr' id='par_1_58' title="bbox 1916 2739 3501 2813">
     <span class='ocr_line' id='line_1_58' title="bbox 1916 2739 3501 2813; baseline 0.001 -18"><span class='ocrx_word' id='word_1_412' title='bbox 1916 2754 2047 2795; x_wconf 90' lang='lat' dir='ltr'><strong>nere</strong></span> <span class='ocrx_word' id='word_1_413' title='bbox 2069 2753 2266 2810; x_wconf 89' lang='lat' dir='ltr'><strong>corpus</strong></span> <span class='ocrx_word' id='word_1_414' title='bbox 2295 2739 2653 2795; x_wconf 89' lang='lat' dir='ltr'><strong>Dominicum.</strong></span> <span class='ocrx_word' id='word_1_415' title='bbox 2693 2739 2750 2795; x_wconf 89' lang='lat' dir='ltr'><strong>In</strong></span> <span class='ocrx_word' id='word_1_416' title='bbox 2783 2741 2994 2813; x_wconf 86' lang='lat' dir='ltr'><strong>magnis</strong></span> <span class='ocrx_word' id='word_1_417' title='bbox 3024 2741 3207 2812; x_wconf 87' lang='lat' dir='ltr'><strong>itaque</strong></span> <span class='ocrx_word' id='word_1_418' title='bbox 3234 2742 3501 2812; x_wconf 87' lang='lat' dir='ltr'><strong>angustiis</strong></span> 
     </span>
    </p>
   </div>
   <div class='ocr_carea' id='block_1_59' title="bbox 1916 2831 3500 2903">
    <p class='ocr_par' dir='ltr' id='par_1_59' title="bbox 1916 2831 3500 2903">
     <span class='ocr_line' id='line_1_59' title="bbox 1916 2831 3500 2903; baseline -0.002 -14"><span class='ocrx_word' id='word_1_419' title='bbox 1916 2832 2272 2899; x_wconf 87' lang='lat' dir='ltr'><strong>constitutus,</strong></span> <span class='ocrx_word' id='word_1_420' title='bbox 2301 2840 2358 2888; x_wconf 88' lang='lat' dir='ltr'><strong>et</strong></span> <span class='ocrx_word' id='word_1_421' title='bbox 2391 2831 2519 2903; x_wconf 91' lang='lat' dir='ltr'><strong>quid</strong></span> <span class='ocrx_word' id='word_1_422' title='bbox 2546 2831 2890 2902; x_wconf 89' lang='lat' dir='ltr'><strong>potissimum</strong></span> <span class='ocrx_word' id='word_1_423' title='bbox 2919 2833 3053 2889; x_wconf 91' lang='lat' dir='ltr'><strong>mihi</strong></span> <span class='ocrx_word' id='word_1_424' title='bbox 3093 2833 3165 2888; x_wconf 89' lang='lat' dir='ltr'><strong>sit</strong></span> <span class='ocrx_word' id='word_1_425' title='bbox 3192 2832 3500 2889; x_wconf 87' lang='lat' dir='ltr'><strong>faciendum</strong></span> 
     </span>
    </p>
   </div>
   <div class='ocr_carea' id='block_1_60' title="bbox 1915 2923 3496 2995">
    <p class='ocr_par' dir='ltr' id='par_1_60' title="bbox 1915 2923 3496 2995">
     <span class='ocr_line' id='line_1_60' title="bbox 1915 2923 3496 2995; baseline 0 -17"><span class='ocrx_word' id='word_1_426' title='bbox 1915 2924 2125 2990; x_wconf 85' lang='lat' dir='ltr'><strong>nescio,</strong></span> <span class='ocrx_word' id='word_1_427' title='bbox 2148 2925 2254 2980; x_wconf 92' lang='lat' dir='ltr'><strong>huc</strong></span> <span class='ocrx_word' id='word_1_428' title='bbox 2282 2923 2536 2994; x_wconf 87' lang='lat' dir='ltr'><strong>illucque,</strong></span> <span class='ocrx_word' id='word_1_429' title='bbox 2563 2923 2722 2980; x_wconf 87' lang='lat' dir='ltr'><strong>modo</strong></span> <span class='ocrx_word' id='word_1_430' title='bbox 2753 2924 2859 2981; x_wconf 88' lang='lat' dir='ltr'><strong>hoc</strong></span> <span class='ocrx_word' id='word_1_431' title='bbox 2885 2925 3044 2981; x_wconf 93' lang='lat' dir='ltr'><strong>modo</strong></span> <span class='ocrx_word' id='word_1_432' title='bbox 3071 2923 3198 2980; x_wconf 89' lang='lat' dir='ltr'><strong>illud</strong></span> <span class='ocrx_word' id='word_1_433' title='bbox 3230 2924 3496 2995; x_wconf 89' lang='lat' dir='ltr'><strong>cogitans,</strong></span> 
     </span>
    </p>
   </div>
   <div class='ocr_carea' id='block_1_61' title="bbox 1913 3014 3495 3088">
    <p class='ocr_par' dir='ltr' id='par_1_61' title="bbox 1913 3014 3495 3088">
     <span class='ocr_line' id='line_1_61' title="bbox 1913 3014 3495 3088; baseline -0.003 -16"><span class='ocrx_word' id='word_1_434' title='bbox 1913 3031 2004 3072; x_wconf 87' lang='lat' dir='ltr'><strong>me</strong></span> <span class='ocrx_word' id='word_1_435' title='bbox 2033 3017 2360 3074; x_wconf 90' lang='lat' dir='ltr'><strong>circumfero</strong></span> <span class='ocrx_word' id='word_1_436' title='bbox 2399 3017 2820 3088; x_wconf 90' lang='lat' dir='ltr'><strong>diligentiusque</strong></span> <span class='ocrx_word' id='word_1_437' title='bbox 2856 3031 3073 3071; x_wconf 90' lang='lat' dir='ltr'><strong>omnem</strong></span> <span class='ocrx_word' id='word_1_438' title='bbox 3104 3014 3495 3072; x_wconf 90' lang='lat' dir='ltr'><strong>conscientiam</strong></span> 
     </span>
    </p>
   </div>
   <div class='ocr_carea' id='block_1_62' title="bbox 1919 3103 3499 3176">
    <p class='ocr_par' dir='ltr' id='par_1_62' title="bbox 1919 3103 3499 3176">
     <span class='ocr_line' id='line_1_62' title="bbox 1919 3103 3499 3176; baseline -0.001 -16"><span class='ocrx_word' id='word_1_439' title='bbox 1919 3119 2096 3160; x_wconf 75' lang='lat' dir='ltr'><strong>meam</strong></span> <span class='ocrx_word' id='word_1_440' title='bbox 2129 3105 2374 3173; x_wconf 88' lang='lat' dir='ltr'><strong>revolvo,</strong></span> <span class='ocrx_word' id='word_1_441' title='bbox 2411 3105 2456 3160; x_wconf 90' lang='lat' dir='ltr'><strong>si</strong></span> <span class='ocrx_word' id='word_1_442' title='bbox 2498 3104 2643 3162; x_wconf 90' lang='lat' dir='ltr'><strong>forte</strong></span> <span class='ocrx_word' id='word_1_443' title='bbox 2687 3105 2904 3176; x_wconf 88' lang='lat' dir='ltr'><strong>aliquod</strong></span> <span class='ocrx_word' id='word_1_444' title='bbox 2951 3104 3237 3160; x_wconf 89' lang='lat' dir='ltr'><strong>consilium</strong></span> <span class='ocrx_word' id='word_1_445' title='bbox 3280 3103 3499 3160; x_wconf 87' lang='lat' dir='ltr'><strong>salubre</strong></span> 
     </span>
    </p>
   </div>
   <div class='ocr_carea' id='block_1_63' title="bbox 215 3164 3498 3276">
    <p class='ocr_par' dir='ltr' id='par_1_63' title="bbox 215 3164 3498 3276">
     <span class='ocr_line' id='line_1_63' title="bbox 215 3164 3498 3276; baseline -0.001 -27"><span class='ocrx_word' id='word_1_446' title='bbox 215 3203 370 3269; x_wconf 69' lang='lat' dir='ltr'><strong>volo,</strong></span> <span class='ocrx_word' id='word_1_447' title='bbox 415 3164 726 3260; x_wconf 41' lang='lat' dir='ltr'><strong>durlcissinyte</strong></span> <span class='ocrx_word' id='word_1_448' title='bbox 767 3203 950 3270; x_wconf 64' lang='lat' dir='ltr'><strong>Pater,</strong></span> <span class='ocrx_word' id='word_1_449' title='bbox 996 3205 1196 3275; x_wconf 77' lang='lat' dir='ltr'><strong>aliquid</strong></span> <span class='ocrx_word' id='word_1_450' title='bbox 1227 3215 1278 3260; x_wconf 74' lang='lat' dir='ltr'><strong>te</strong></span> <span class='ocrx_word' id='word_1_451' title='bbox 1323 3221 1546 3276; x_wconf 60' lang='lat' dir='ltr'><strong>rogare,</strong></span> <span class='ocrx_word' id='word_1_452' title='bbox 1579 3206 1720 3275; x_wconf 76' lang='lat' dir='ltr'><strong>quod</strong></span> <span class='ocrx_word' id='word_1_453' title='bbox 1751 3207 1807 3261; x_wconf 70' lang='lat' dir='ltr'><strong>in</strong></span> <span class='ocrx_word' id='word_1_454' title='bbox 1836 3164 1883 3228; x_wconf 80' lang='lat' dir='ltr'>c</span> <span class='ocrx_word' id='word_1_455' title='bbox 1917 3197 2218 3252; x_wconf 73' lang='lat' dir='ltr'><strong>invenirem</strong></span> <span class='ocrx_word' id='word_1_456' title='bbox 2247 3197 2390 3267; x_wconf 90' lang='lat' dir='ltr'><strong>quod</strong></span> <span class='ocrx_word' id='word_1_457' title='bbox 2419 3197 2486 3250; x_wconf 91' lang='lat' dir='ltr'><strong>ad</strong></span> <span class='ocrx_word' id='word_1_458' title='bbox 2517 3195 2752 3265; x_wconf 82' lang='lat' dir='ltr'><strong>aliquam</strong></span> <span class='ocrx_word' id='word_1_459' title='bbox 2776 3193 3004 3250; x_wconf 88' lang='lat' dir='ltr'><strong>salutem</strong></span> <span class='ocrx_word' id='word_1_460' title='bbox 3030 3194 3123 3227; x_wconf 64' lang='lat'><strong>“9°</strong></span> <span class='ocrx_word' id='word_1_461' title='bbox 3146 3193 3344 3248; x_wconf 74' lang='lat' dir='ltr'><strong>anima:</strong></span> <span class='ocrx_word' id='word_1_462' title='bbox 3365 3193 3498 3247; x_wconf 88' lang='lat' dir='ltr'><strong>mihi</strong></span> 
     </span>
    </p>
   </div>
   <div class='ocr_carea' id='block_1_64' title="bbox 218 3292 1808 3364">
    <p class='ocr_par' dir='ltr' id='par_1_64' title="bbox 218 3292 1808 3364">
     <span class='ocr_line' id='line_1_64' title="bbox 218 3292 1808 3364; baseline 0 -16"><span class='ocrx_word' id='word_1_463' title='bbox 218 3292 470 3364; x_wconf 86' lang='lat' dir='ltr'><strong>rogando</strong></span> <span class='ocrx_word' id='word_1_464' title='bbox 502 3301 556 3348; x_wconf 90' lang='lat' dir='ltr'><strong>te</strong></span> <span class='ocrx_word' id='word_1_465' title='bbox 573 3292 721 3363; x_wconf 90' lang='lat' dir='ltr'><strong>juste</strong></span> <span class='ocrx_word' id='word_1_466' title='bbox 745 3294 916 3364; x_wconf 89' lang='lat' dir='ltr'><strong>possit</strong></span> <span class='ocrx_word' id='word_1_467' title='bbox 939 3292 1232 3350; x_wconf 69' lang='lat' dir='ltr'><strong>offendere.</strong></span> <span class='ocrx_word' id='word_1_468' title='bbox 1260 3295 1328 3350; x_wconf 87' lang='lat' dir='ltr'><strong>Et</strong></span> <span class='ocrx_word' id='word_1_469' title='bbox 1354 3295 1400 3350; x_wconf 90' lang='lat' dir='ltr'><strong>si</strong></span> <span class='ocrx_word' id='word_1_470' title='bbox 1430 3294 1607 3364; x_wconf 91' lang='lat' dir='ltr'><strong>aliqua</strong></span> <span class='ocrx_word' id='word_1_471' title='bbox 1643 3295 1808 3350; x_wconf 80' lang='lat' dir='ltr'><strong>insci-</strong></span> 
     </span>
    </p>
   </div>
   <div class='ocr_carea' id='block_1_65' title="bbox 219 3380 1808 3454">
    <p class='ocr_par' dir='ltr' id='par_1_65' title="bbox 219 3380 1808 3454">
     <span class='ocr_line' id='line_1_65' title="bbox 219 3380 1808 3454; baseline 0.001 -17"><span class='ocrx_word' id='word_1_472' title='bbox 219 3381 302 3437; x_wconf 86' lang='lat' dir='ltr'><strong>tia</strong></span> <span class='ocrx_word' id='word_1_473' title='bbox 340 3380 455 3447; x_wconf 86' lang='grc'>¹³⁷³,</span> <span class='ocrx_word' id='word_1_474' title='bbox 485 3381 571 3437; x_wconf 89' lang='lat' dir='ltr'><strong>vel</strong></span> <span class='ocrx_word' id='word_1_475' title='bbox 605 3382 812 3438; x_wconf 87' lang='lat' dir='ltr'><strong>carnali</strong></span> <span class='ocrx_word' id='word_1_476' title='bbox 857 3381 953 3416; x_wconf 68' lang='grc'><strong>¹³⁷⁶</strong></span> <span class='ocrx_word' id='word_1_477' title='bbox 997 3383 1293 3450; x_wconf 76' lang='lat' dir='ltr'><strong>voluntate,</strong></span> <span class='ocrx_word' id='word_1_478' title='bbox 1340 3385 1482 3454; x_wconf 87' lang='lat' dir='ltr'><strong>quod</strong></span> <span class='ocrx_word' id='word_1_479' title='bbox 1523 3383 1596 3439; x_wconf 87' lang='lat' dir='ltr'><strong>sit</strong></span> <span class='ocrx_word' id='word_1_480' title='bbox 1619 3393 1808 3439; x_wconf 90' lang='lat' dir='ltr'><strong>contra</strong></span> 
     </span>
    </p>
   </div>
   <div class='ocr_carea' id='block_1_66' title="bbox 219 3472 1812 3545">
    <p class='ocr_par' dir='ltr' id='par_1_66' title="bbox 219 3472 1812 3545">
     <span class='ocr_line' id='line_1_66' title="bbox 219 3472 1812 3545; baseline 0.001 -16"><span class='ocrx_word' id='word_1_481' title='bbox 219 3472 462 3529; x_wconf 86' lang='lat' dir='ltr'><strong>salutem</strong></span> <span class='ocrx_word' id='word_1_482' title='bbox 495 3472 690 3529; x_wconf 72' lang='lat' dir='ltr'><strong>anima:</strong></span> <span class='ocrx_word' id='word_1_483' title='bbox 721 3489 876 3540; x_wconf 63' lang='lat' dir='ltr'><strong>mete,</strong></span> <span class='ocrx_word' id='word_1_484' title='bbox 928 3475 1132 3545; x_wconf 88' lang='lat' dir='ltr'><strong>aliquid</strong></span> <span class='ocrx_word' id='word_1_485' title='bbox 1167 3483 1218 3529; x_wconf 88' lang='lat' dir='ltr'><strong>te</strong></span> <span class='ocrx_word' id='word_1_486' title='bbox 1265 3489 1455 3543; x_wconf 82' lang='lat' dir='ltr'><strong>rogare</strong></span> <span class='ocrx_word' id='word_1_487' title='bbox 1503 3474 1812 3540; x_wconf 87' lang='lat' dir='ltr'><strong>volo,-hoc</strong></span> 
     </span>
    </p>
   </div>
   <div class='ocr_carea' id='block_1_67' title="bbox 217 3565 1811 3636">
    <p class='ocr_par' dir='ltr' id='par_1_67' title="bbox 217 3565 1811 3636">
     <span class='ocr_line' id='line_1_67' title="bbox 217 3565 1811 3636; baseline 0.001 -16"><span class='ocrx_word' id='word_1_488' title='bbox 217 3579 394 3635; x_wconf 84' lang='lat' dir='ltr'><strong>super</strong></span> <span class='ocrx_word' id='word_1_489' title='bbox 423 3565 631 3628; x_wconf 91' lang='lat' dir='ltr'><strong>omnia,</strong></span> <span class='ocrx_word' id='word_1_490' title='bbox 683 3566 1186 3620; x_wconf 80' lang='lat' dir='ltr'><strong>misericordissime</strong></span> <span class='ocrx_word' id='word_1_491' title='bbox 1227 3566 1486 3629; x_wconf 89' lang='lat' dir='ltr'><strong>Domine,</strong></span> <span class='ocrx_word' id='word_1_492' title='bbox 1522 3580 1717 3636; x_wconf 91' lang='lat' dir='ltr'><strong>precor</strong></span> <span class='ocrx_word' id='word_1_493' title='bbox 1743 3579 1811 3622; x_wconf 91' lang='lat' dir='ltr'><strong>ne</strong></span> 
     </span>
    </p>
   </div>
   <div class='ocr_carea' id='block_1_68' title="bbox 221 3654 1812 3726">
    <p class='ocr_par' dir='ltr' id='par_1_68' title="bbox 221 3654 1812 3726">
     <span class='ocr_line' id='line_1_68' title="bbox 221 3654 1812 3726; baseline 0.001 -16"><span class='ocrx_word' id='word_1_494' title='bbox 221 3656 277 3710; x_wconf 92' lang='lat' dir='ltr'><strong>in</strong></span> <span class='ocrx_word' id='word_1_495' title='bbox 326 3654 636 3723; x_wconf 90' lang='lat' dir='ltr'><strong>hujusmodi</strong></span> <span class='ocrx_word' id='word_1_496' title='bbox 686 3656 1040 3725; x_wconf 85' lang='lat' dir='ltr'><strong>petitionibus</strong></span> <span class='ocrx_word' id='word_1_497' title='bbox 1091 3671 1176 3711; x_wconf 87' lang='lat' dir='ltr'><strong>me</strong></span> <span class='ocrx_word' id='word_1_498' title='bbox 1217 3673 1451 3726; x_wconf 91' lang='lat' dir='ltr'><strong>unquam</strong></span> <span class='ocrx_word' id='word_1_499' title='bbox 1482 3657 1614 3713; x_wconf 87' lang='lat' dir='ltr'><strong>velis</strong></span> <span class='ocrx_word' id='word_1_500' title='bbox 1645 3673 1812 3713; x_wconf 82' lang='lat' dir='ltr'><strong>exau-</strong></span> 
     </span>
    </p>
   </div>
   <div class='ocr_carea' id='block_1_69' title="bbox 217 3745 1808 3819">
    <p class='ocr_par' dir='ltr' id='par_1_69' title="bbox 217 3745 1808 3819">
     <span class='ocr_line' id='line_1_69' title="bbox 217 3745 1808 3819; baseline 0.002 -17"><span class='ocrx_word' id='word_1_501' title='bbox 217 3747 364 3802; x_wconf 86' lang='lat' dir='ltr'><strong>dire.</strong></span> <span class='ocrx_word' id='word_1_502' title='bbox 395 3745 570 3810; x_wconf 82' lang='lat' dir='ltr'><strong>Nosti,</strong></span> <span class='ocrx_word' id='word_1_503' title='bbox 601 3757 655 3802; x_wconf 93' lang='lat' dir='ltr'><strong>et</strong></span> <span class='ocrx_word' id='word_1_504' title='bbox 686 3749 822 3803; x_wconf 90' lang='lat' dir='ltr'><strong>bene</strong></span> <span class='ocrx_word' id='word_1_505' title='bbox 871 3748 1013 3804; x_wconf 90' lang='lat' dir='ltr'><strong>nosti</strong></span> <span class='ocrx_word' id='word_1_506' title='bbox 1060 3747 1178 3815; x_wconf 71' lang='lat'><strong>“7&#39;,</strong></span> <span class='ocrx_word' id='word_1_507' title='bbox 1209 3748 1597 3819; x_wconf 87' lang='lat' dir='ltr'><strong>benignissime</strong></span> <span class='ocrx_word' id='word_1_508' title='bbox 1635 3749 1808 3814; x_wconf 89' lang='lat' dir='ltr'><strong>Deus,</strong></span> 
     </span>
    </p>
   </div>
   <div class='ocr_carea' id='block_1_70' title="bbox 218 3837 1813 3912">
    <p class='ocr_par' dir='ltr' id='par_1_70' title="bbox 218 3837 1813 3912">
     <span class='ocr_line' id='line_1_70' title="bbox 218 3837 1813 3912; baseline 0.004 -21"><span class='ocrx_word' id='word_1_509' title='bbox 218 3838 448 3909; x_wconf 87' lang='lat' dir='ltr'><strong>quantis</strong></span> <span class='ocrx_word' id='word_1_510' title='bbox 496 3837 858 3907; x_wconf 90' lang='lat' dir='ltr'><strong>illusionihus,</strong></span> <span class='ocrx_word' id='word_1_511' title='bbox 909 3838 1127 3910; x_wconf 87' lang='lat' dir='ltr'><strong>quantis</strong></span> <span class='ocrx_word' id='word_1_512' title='bbox 1175 3839 1543 3908; x_wconf 87' lang='lat' dir='ltr'><strong>vanitatibus,</strong></span> <span class='ocrx_word' id='word_1_513' title='bbox 1593 3841 1813 3912; x_wconf 90' lang='lat' dir='ltr'><strong>quantis</strong></span> 
     </span>
    </p>
   </div>
   <div class='ocr_carea' id='block_1_71' title="bbox 225 3930 1813 4001">
    <p class='ocr_par' dir='ltr' id='par_1_71' title="bbox 225 3930 1813 4001">
     <span class='ocr_line' id='line_1_71' title="bbox 225 3930 1813 4001; baseline -0.002 -14"><span class='ocrx_word' id='word_1_514' title='bbox 225 3931 541 3987; x_wconf 90' lang='lat' dir='ltr'><strong>carnalium</strong></span> <span class='ocrx_word' id='word_1_515' title='bbox 564 3931 963 3987; x_wconf 88' lang='lat' dir='ltr'><strong>desideriorum</strong></span> <span class='ocrx_word' id='word_1_516' title='bbox 990 3930 1378 4001; x_wconf 88' lang='lat' dir='ltr'><strong>voluptatibus,</strong></span> <span class='ocrx_word' id='word_1_517' title='bbox 1402 3931 1620 4001; x_wconf 90' lang='lat' dir='ltr'><strong>quantis</strong></span> <span class='ocrx_word' id='word_1_518' title='bbox 1642 3947 1813 3988; x_wconf 80' lang='lat' dir='ltr'><strong>saecu-</strong></span> 
     </span>
    </p>
   </div>
   <div class='ocr_carea' id='block_1_72' title="bbox 221 4021 1814 4094">
    <p class='ocr_par' dir='ltr' id='par_1_72' title="bbox 221 4021 1814 4094">
     <span class='ocr_line' id='line_1_72' title="bbox 221 4021 1814 4094; baseline 0.003 -19"><span class='ocrx_word' id='word_1_519' title='bbox 221 4021 426 4077; x_wconf 92' lang='lat' dir='ltr'><strong>larium</strong></span> <span class='ocrx_word' id='word_1_520' title='bbox 460 4023 820 4094; x_wconf 88' lang='lat' dir='ltr'><strong>cupiditatum</strong></span> <span class='ocrx_word' id='word_1_521' title='bbox 842 4021 1263 4092; x_wconf 90' lang='lat' dir='ltr'><strong>appetitionibus</strong></span> <span class='ocrx_word' id='word_1_522' title='bbox 1287 4023 1378 4056; x_wconf 80' lang='grc'><strong>¹³⁷⁶</strong></span> <span class='ocrx_word' id='word_1_523' title='bbox 1404 4024 1552 4078; x_wconf 92' lang='lat' dir='ltr'><strong>omni</strong></span> <span class='ocrx_word' id='word_1_524' title='bbox 1581 4025 1733 4092; x_wconf 88' lang='lat' dir='ltr'><strong>hora,</strong></span> <span class='ocrx_word' id='word_1_525' title='bbox 1758 4033 1814 4079; x_wconf 90' lang='lat' dir='ltr'><strong>et</strong></span> 
     </span>
    </p>
   </div>
   <div class='ocr_carea' id='block_1_73' title="bbox 217 4110 1808 4169">
    <p class='ocr_par' dir='ltr' id='par_1_73' title="bbox 217 4110 1808 4169">
     <span class='ocr_line' id='line_1_73' title="bbox 217 4110 1808 4169; baseline -0.001 -2"><span class='ocrx_word' id='word_1_526' title='bbox 217 4112 345 4168; x_wconf 86' lang='lat' dir='ltr'><strong>sine</strong></span> <span class='ocrx_word' id='word_1_527' title='bbox 373 4112 781 4169; x_wconf 89' lang='lat' dir='ltr'><strong>intermissione</strong></span> <span class='ocrx_word' id='word_1_528' title='bbox 806 4112 1121 4168; x_wconf 87' lang='lat' dir='ltr'><strong>vulneretur</strong></span> <span class='ocrx_word' id='word_1_529' title='bbox 1159 4110 1348 4167; x_wconf 81' lang='lat' dir='ltr'><strong>infelix</strong></span> <span class='ocrx_word' id='word_1_530' title='bbox 1383 4111 1597 4167; x_wconf 89' lang='lat' dir='ltr'><strong>animus</strong></span> <span class='ocrx_word' id='word_1_531' title='bbox 1634 4127 1808 4167; x_wconf 87' lang='lat' dir='ltr'><strong>nteus.</strong></span> 
     </span>
    </p>
   </div>
   <div class='ocr_carea' id='block_1_74' title="bbox 218 4199 1809 4272">
    <p class='ocr_par' dir='ltr' id='par_1_74' title="bbox 218 4199 1809 4272">
     <span class='ocr_line' id='line_1_74' title="bbox 218 4199 1809 4272; baseline -0.001 -15"><span class='ocrx_word' id='word_1_532' title='bbox 218 4201 292 4257; x_wconf 83' lang='lat' dir='ltr'><strong>Et</strong></span> <span class='ocrx_word' id='word_1_533' title='bbox 319 4201 600 4258; x_wconf 89' lang='lat' dir='ltr'><strong>multoties</strong></span> <span class='ocrx_word' id='word_1_534' title='bbox 628 4203 808 4260; x_wconf 90' lang='lat' dir='ltr'><strong>evenit</strong></span> <span class='ocrx_word' id='word_1_535' title='bbox 835 4211 894 4257; x_wconf 90' lang='lat' dir='ltr'><strong>ut</strong></span> <span class='ocrx_word' id='word_1_536' title='bbox 938 4211 992 4258; x_wconf 92' lang='lat' dir='ltr'><strong>tu</strong></span> <span class='ocrx_word' id='word_1_537' title='bbox 1043 4201 1181 4272; x_wconf 87' lang='lat' dir='ltr'><strong>ipse,</strong></span> <span class='ocrx_word' id='word_1_538' title='bbox 1228 4199 1518 4256; x_wconf 80' lang='lat' dir='ltr'><strong>ducissime</strong></span> <span class='ocrx_word' id='word_1_539' title='bbox 1557 4199 1809 4265; x_wconf 85' lang='lat' dir='ltr'><strong>Domine,</strong></span> 
     </span>
    </p>
   </div>
   <div class='ocr_carea' id='block_1_75' title="bbox 214 4293 1810 4366">
    <p class='ocr_par' dir='ltr' id='par_1_75' title="bbox 214 4293 1810 4366">
     <span class='ocr_line' id='line_1_75' title="bbox 214 4293 1810 4366; baseline 0.001 -19"><span class='ocrx_word' id='word_1_540' title='bbox 214 4293 501 4364; x_wconf 87' lang='lat' dir='ltr'><strong>perspicis</strong></span> <span class='ocrx_word' id='word_1_541' title='bbox 539 4293 655 4360; x_wconf 82' lang='grc'><strong>¹³⁶¹⁷,</strong></span> <span class='ocrx_word' id='word_1_542' title='bbox 676 4293 800 4364; x_wconf 91' lang='lat' dir='ltr'><strong>quia</strong></span> <span class='ocrx_word' id='word_1_543' title='bbox 841 4294 884 4349; x_wconf 90' lang='lat' dir='ltr'><strong>si</strong></span> <span class='ocrx_word' id='word_1_544' title='bbox 911 4310 996 4350; x_wconf 91' lang='lat' dir='ltr'><strong>me</strong></span> <span class='ocrx_word' id='word_1_545' title='bbox 1029 4298 1371 4366; x_wconf 88' lang='lat' dir='ltr'><strong>permitteres</strong></span> <span class='ocrx_word' id='word_1_546' title='bbox 1399 4296 1478 4353; x_wconf 93' lang='lat' dir='ltr'><strong>ire</strong></span> <span class='ocrx_word' id='word_1_547' title='bbox 1514 4296 1810 4353; x_wconf 90' lang='lat' dir='ltr'><strong>secundum</strong></span> 
     </span>
    </p>
   </div>
   <div class='ocr_carea' id='block_1_76' title="bbox 218 4383 1810 4456">
    <p class='ocr_par' dir='ltr' id='par_1_76' title="bbox 218 4383 1810 4456">
     <span class='ocr_line' id='line_1_76' title="bbox 218 4383 1810 4456; baseline 0.002 -20"><span class='ocrx_word' id='word_1_548' title='bbox 218 4397 408 4437; x_wconf 83' lang='lat' dir='ltr'><strong>meam</strong></span> <span class='ocrx_word' id='word_1_549' title='bbox 458 4383 748 4452; x_wconf 85' lang='lat' dir='ltr'><strong>pessimam</strong></span> <span class='ocrx_word' id='word_1_550' title='bbox 793 4384 886 4416; x_wconf 83' lang='grc'><strong>¹³⁷⁸</strong></span> <span class='ocrx_word' id='word_1_551' title='bbox 934 4384 1303 4452; x_wconf 89' lang='lat' dir='ltr'><strong>voluntatem,</strong></span> <span class='ocrx_word' id='word_1_552' title='bbox 1336 4393 1508 4442; x_wconf 89' lang='lat' dir='ltr'><strong>totum</strong></span> <span class='ocrx_word' id='word_1_553' title='bbox 1544 4386 1810 4456; x_wconf 90' lang='lat' dir='ltr'><strong>meipsum</strong></span> 
     </span>
    </p>
   </div>
   <div class='ocr_carea' id='block_1_77' title="bbox 1910 3285 3500 3358">
    <p class='ocr_par' dir='ltr' id='par_1_77' title="bbox 1910 3285 3500 3358">
     <span class='ocr_line' id='line_1_77' title="bbox 1910 3285 3500 3358; baseline -0.006 -13"><span class='ocrx_word' id='word_1_554' title='bbox 1910 3303 2038 3345; x_wconf 87' lang='lat' dir='ltr'><strong>esse</strong></span> <span class='ocrx_word' id='word_1_555' title='bbox 2067 3287 2447 3358; x_wconf 83' lang='lat' dir='ltr'><strong>intelligerem.</strong></span> <span class='ocrx_word' id='word_1_556' title='bbox 2481 3285 2675 3341; x_wconf 91' lang='lat' dir='ltr'><strong>Omnia</strong></span> <span class='ocrx_word' id='word_1_557' title='bbox 2718 3299 2849 3355; x_wconf 89' lang='lat' dir='ltr'><strong>ergo</strong></span> <span class='ocrx_word' id='word_1_558' title='bbox 2878 3299 2998 3354; x_wconf 86' lang='lat' dir='ltr'><strong>quae</strong></span> <span class='ocrx_word' id='word_1_559' title='bbox 3028 3298 3156 3353; x_wconf 85' lang='lat' dir='ltr'><strong>erga</strong></span> <span class='ocrx_word' id='word_1_560' title='bbox 3187 3297 3273 3338; x_wconf 89' lang='lat' dir='ltr'><strong>me</strong></span> <span class='ocrx_word' id='word_1_561' title='bbox 3301 3296 3500 3352; x_wconf 83' lang='lat' dir='ltr'><strong>gerun-</strong></span> 
     </span>
    </p>
   </div>
   <div class='ocr_carea' id='block_1_78' title="bbox 1915 3375 3498 3449">
    <p class='ocr_par' dir='ltr' id='par_1_78' title="bbox 1915 3375 3498 3449">
     <span class='ocr_line' id='line_1_78' title="bbox 1915 3375 3498 3449; baseline -0.004 -12"><span class='ocrx_word' id='word_1_562' title='bbox 1915 3390 2024 3448; x_wconf 91' lang='lat' dir='ltr'><strong>tur,</strong></span> <span class='ocrx_word' id='word_1_563' title='bbox 2052 3379 2522 3449; x_wconf 86' lang='lat' dir='ltr'><strong>circumspiciens,</strong></span> <span class='ocrx_word' id='word_1_564' title='bbox 2551 3386 2608 3433; x_wconf 89' lang='lat' dir='ltr'><strong>et</strong></span> <span class='ocrx_word' id='word_1_565' title='bbox 2636 3377 2751 3431; x_wconf 85' lang='lat' dir='ltr'><strong>fere</strong></span> <span class='ocrx_word' id='word_1_566' title='bbox 2777 3377 2910 3432; x_wconf 94' lang='lat' dir='ltr'><strong>nihil</strong></span> <span class='ocrx_word' id='word_1_567' title='bbox 2941 3385 3036 3430; x_wconf 90' lang='lat' dir='ltr'><strong>aut</strong></span> <span class='ocrx_word' id='word_1_568' title='bbox 3064 3390 3254 3446; x_wconf 90' lang='lat' dir='ltr'><strong>parum</strong></span> <span class='ocrx_word' id='word_1_569' title='bbox 3289 3375 3415 3431; x_wconf 91' lang='lat' dir='ltr'><strong>boni</strong></span> <span class='ocrx_word' id='word_1_570' title='bbox 3442 3375 3498 3430; x_wconf 80' lang='lat' dir='ltr'><strong>in</strong></span> 
     </span>
    </p>
   </div>
   <div class='ocr_carea' id='block_1_79' title="bbox 1915 3464 3500 3535">
    <p class='ocr_par' dir='ltr' id='par_1_79' title="bbox 1915 3464 3500 3535">
     <span class='ocr_line' id='line_1_79' title="bbox 1915 3464 3500 3535; baseline -0.005 -8"><span class='ocrx_word' id='word_1_571' title='bbox 1915 3482 2029 3527; x_wconf 91' lang='lat' dir='ltr'><strong>toto</strong></span> <span class='ocrx_word' id='word_1_572' title='bbox 2057 3486 2143 3526; x_wconf 91' lang='lat' dir='ltr'><strong>me</strong></span> <span class='ocrx_word' id='word_1_573' title='bbox 2174 3470 2475 3535; x_wconf 90' lang='lat' dir='ltr'><strong>inveniens,</strong></span> <span class='ocrx_word' id='word_1_574' title='bbox 2521 3469 2623 3524; x_wconf 89' lang='lat' dir='ltr'><strong>hoc</strong></span> <span class='ocrx_word' id='word_1_575' title='bbox 2665 3466 2931 3522; x_wconf 87' lang='lat' dir='ltr'><strong>tantillum</strong></span> <span class='ocrx_word' id='word_1_576' title='bbox 2963 3465 3090 3522; x_wconf 89' lang='lat' dir='ltr'><strong>boui</strong></span> <span class='ocrx_word' id='word_1_577' title='bbox 3115 3466 3207 3520; x_wconf 13' lang='lat' dir='ltr'><strong>tibi</strong></span> <span class='ocrx_word' id='word_1_578' title='bbox 3251 3464 3338 3522; x_wconf 78' lang='lat' dir='ltr'><strong>vix</strong></span> <span class='ocrx_word' id='word_1_579' title='bbox 3377 3465 3500 3520; x_wconf 86' lang='lat' dir='ltr'><strong>ani-</strong></span> 
     </span>
    </p>
   </div>
   <div class='ocr_carea' id='block_1_80' title="bbox 1913 3556 3496 3628">
    <p class='ocr_par' dir='ltr' id='par_1_80' title="bbox 1913 3556 3496 3628">
     <span class='ocr_line' id='line_1_80' title="bbox 1913 3556 3496 3628; baseline -0.006 -9"><span class='ocrx_word' id='word_1_580' title='bbox 1913 3563 2198 3628; x_wconf 75' lang='lat' dir='ltr'><strong>madverti,</strong></span> <span class='ocrx_word' id='word_1_581' title='bbox 2228 3563 2273 3618; x_wconf 90' lang='lat' dir='ltr'><strong>si</strong></span> <span class='ocrx_word' id='word_1_582' title='bbox 2298 3569 2481 3618; x_wconf 88' lang='lat' dir='ltr'><strong>tamen</strong></span> <span class='ocrx_word' id='word_1_583' title='bbox 2511 3562 2711 3616; x_wconf 90' lang='lat' dir='ltr'><strong>bonum</strong></span> <span class='ocrx_word' id='word_1_584' title='bbox 2742 3557 2937 3614; x_wconf 89' lang='lat' dir='ltr'><strong>debeat</strong></span> <span class='ocrx_word' id='word_1_585' title='bbox 2965 3557 3072 3613; x_wconf 90' lang='lat' dir='ltr'><strong>dici</strong></span> <span class='ocrx_word' id='word_1_586' title='bbox 3111 3556 3254 3628; x_wconf 92' lang='lat' dir='ltr'><strong>quod</strong></span> <span class='ocrx_word' id='word_1_587' title='bbox 3296 3556 3496 3612; x_wconf 82' lang='lat' dir='ltr'><strong>bonum</strong></span> 
     </span>
    </p>
   </div>
   <div class='ocr_carea' id='block_1_81' title="bbox 1911 3645 3499 3726">
    <p class='ocr_par' dir='ltr' id='par_1_81' title="bbox 1911 3645 3499 3726">
     <span class='ocr_line' id='line_1_81' title="bbox 1911 3645 3499 3726; baseline -0.006 -17"><span class='ocrx_word' id='word_1_588' title='bbox 1911 3656 2057 3726; x_wconf 74' lang='lat' dir='ltr'><strong>quod</strong></span> <span class='ocrx_word' id='word_1_589' title='bbox 2087 3669 2188 3726; x_wconf 85' lang='lat' dir='ltr'><strong>ego</strong></span> <span class='ocrx_word' id='word_1_590' title='bbox 2217 3668 2321 3709; x_wconf 93' lang='lat' dir='ltr'><strong>non</strong></span> <span class='ocrx_word' id='word_1_591' title='bbox 2349 3651 2527 3709; x_wconf 85' lang='lat' dir='ltr'><strong>habeo</strong></span> <span class='ocrx_word' id='word_1_592' title='bbox 2561 3652 2674 3718; x_wconf 78' lang='grc'><strong>⁸³⁸⁷,</strong></span> <span class='ocrx_word' id='word_1_593' title='bbox 2707 3651 2760 3707; x_wconf 89' lang='lat' dir='ltr'><strong>in</strong></span> <span class='ocrx_word' id='word_1_594' title='bbox 2785 3649 2916 3714; x_wconf 91' lang='lat' dir='ltr'><strong>alio,</strong></span> <span class='ocrx_word' id='word_1_595' title='bbox 2947 3663 3068 3704; x_wconf 92' lang='lat' dir='ltr'><strong>cum</strong></span> <span class='ocrx_word' id='word_1_596' title='bbox 3101 3647 3284 3713; x_wconf 88' lang='lat' dir='ltr'><strong>habet,</strong></span> <span class='ocrx_word' id='word_1_597' title='bbox 3311 3645 3499 3717; x_wconf 87' lang='lat' dir='ltr'><strong>diligo,</strong></span> 
     </span>
    </p>
   </div>
   <div class='ocr_carea' id='block_1_82' title="bbox 1911 3736 3498 3812">
    <p class='ocr_par' dir='ltr' id='par_1_82' title="bbox 1911 3736 3498 3812">
     <span class='ocr_line' id='line_1_82' title="bbox 1911 3736 3498 3812; baseline -0.006 -11"><span class='ocrx_word' id='word_1_598' title='bbox 1911 3757 1986 3812; x_wconf 88' lang='lat' dir='ltr'><strong>et,</strong></span> <span class='ocrx_word' id='word_1_599' title='bbox 2017 3761 2141 3801; x_wconf 91' lang='lat' dir='ltr'><strong>cum</strong></span> <span class='ocrx_word' id='word_1_600' title='bbox 2166 3758 2275 3799; x_wconf 92' lang='lat' dir='ltr'><strong>non</strong></span> <span class='ocrx_word' id='word_1_601' title='bbox 2297 3743 2547 3810; x_wconf 89' lang='lat' dir='ltr'><strong>habeam,</strong></span> <span class='ocrx_word' id='word_1_602' title='bbox 2574 3741 2857 3798; x_wconf 89' lang='lat' dir='ltr'><strong>humiliter</strong></span> <span class='ocrx_word' id='word_1_603' title='bbox 2883 3753 2969 3794; x_wconf 91' lang='lat' dir='ltr'><strong>me</strong></span> <span class='ocrx_word' id='word_1_604' title='bbox 2990 3754 3098 3795; x_wconf 92' lang='lat' dir='ltr'><strong>non</strong></span> <span class='ocrx_word' id='word_1_605' title='bbox 3123 3736 3329 3793; x_wconf 88' lang='lat' dir='ltr'><strong>habere</strong></span> <span class='ocrx_word' id='word_1_606' title='bbox 3350 3750 3498 3792; x_wconf 81' lang='lat' dir='ltr'><strong>recc-</strong></span> 
     </span>
    </p>
   </div>
   <div class='ocr_carea' id='block_1_83' title="bbox 1917 3829 3497 3913">
    <p class='ocr_par' dir='ltr' id='par_1_83' title="bbox 1917 3829 3497 3913">
     <span class='ocr_line' id='line_1_83' title="bbox 1917 3829 3497 3913; baseline -0.008 -22"><span class='ocrx_word' id='word_1_607' title='bbox 1917 3852 2142 3908; x_wconf 88' lang='lat' dir='ltr'><strong>gnosco,</strong></span> <span class='ocrx_word' id='word_1_608' title='bbox 2197 3834 2342 3904; x_wconf 87' lang='lat' dir='ltr'><strong>quod</strong></span> <span class='ocrx_word' id='word_1_609' title='bbox 2391 3842 2731 3902; x_wconf 89' lang='lat' dir='ltr'><strong>peccatorem</strong></span> <span class='ocrx_word' id='word_1_610' title='bbox 2785 3839 2843 3886; x_wconf 92' lang='lat' dir='ltr'><strong>et</strong></span> <span class='ocrx_word' id='word_1_611' title='bbox 2894 3830 3155 3885; x_wconf 90' lang='lat' dir='ltr'><strong>miserum</strong></span> <span class='ocrx_word' id='word_1_612' title='bbox 3213 3829 3497 3913; x_wconf 88' lang='lat' dir='ltr'><strong>plusquam</strong></span> 
     </span>
    </p>
   </div>
   <div class='ocr_carea' id='block_1_84' title="bbox 1913 3916 3498 3995">
    <p class='ocr_par' dir='ltr' id='par_1_84' title="bbox 1913 3916 3498 3995">
     <span class='ocr_line' id='line_1_84' title="bbox 1913 3916 3498 3995; baseline -0.008 -13"><span class='ocrx_word' id='word_1_613' title='bbox 1913 3929 2078 3982; x_wconf 89' lang='lat' dir='ltr'><strong>alium</strong></span> <span class='ocrx_word' id='word_1_614' title='bbox 2110 3924 2408 3995; x_wconf 90' lang='lat' dir='ltr'><strong>quemlibet</strong></span> <span class='ocrx_word' id='word_1_615' title='bbox 2435 3937 2522 3978; x_wconf 92' lang='lat' dir='ltr'><strong>me</strong></span> <span class='ocrx_word' id='word_1_616' title='bbox 2546 3937 2668 3977; x_wconf 89' lang='lat' dir='ltr'><strong>esse</strong></span> <span class='ocrx_word' id='word_1_617' title='bbox 2691 3923 2870 3984; x_wconf 90' lang='lat' dir='ltr'><strong>credo,</strong></span> <span class='ocrx_word' id='word_1_618' title='bbox 2905 3931 2960 3976; x_wconf 89' lang='lat' dir='ltr'><strong>et</strong></span> <span class='ocrx_word' id='word_1_619' title='bbox 2989 3929 3167 3975; x_wconf 87' lang='lat' dir='ltr'><strong>tamen</strong></span> <span class='ocrx_word' id='word_1_620' title='bbox 3197 3919 3264 3974; x_wconf 91' lang='lat' dir='ltr'><strong>de</strong></span> <span class='ocrx_word' id='word_1_621' title='bbox 3285 3916 3498 3971; x_wconf 90' lang='lat' dir='ltr'><strong>miseri-</strong></span> 
     </span>
    </p>
   </div>
   <div class='ocr_carea' id='block_1_85' title="bbox 1917 4005 3496 4082">
    <p class='ocr_par' dir='ltr' id='par_1_85' title="bbox 1917 4005 3496 4082">
     <span class='ocr_line' id='line_1_85' title="bbox 1917 4005 3496 4082; baseline -0.009 -9"><span class='ocrx_word' id='word_1_622' title='bbox 1917 4018 2103 4074; x_wconf 88' lang='lat' dir='ltr'><strong>cordia</strong></span> <span class='ocrx_word' id='word_1_623' title='bbox 2139 4015 2230 4070; x_wconf 87' lang='lat' dir='ltr'><strong>Dei</strong></span> <span class='ocrx_word' id='word_1_624' title='bbox 2260 4012 2648 4082; x_wconf 88' lang='lat' dir='ltr'><strong>omnipotentis</strong></span> <span class='ocrx_word' id='word_1_625' title='bbox 2680 4027 2785 4067; x_wconf 94' lang='lat' dir='ltr'><strong>non</strong></span> <span class='ocrx_word' id='word_1_626' title='bbox 2819 4011 3086 4081; x_wconf 89' lang='lat' dir='ltr'><strong>despero.</strong></span> <span class='ocrx_word' id='word_1_627' title='bbox 3131 4007 3308 4064; x_wconf 85' lang='lat' dir='ltr'><strong>Credo</strong></span> <span class='ocrx_word' id='word_1_628' title='bbox 3348 4005 3496 4061; x_wconf 88' lang='lat' dir='ltr'><strong>enim</strong></span> 
     </span>
    </p>
   </div>
   <div class='ocr_carea' id='block_1_86' title="bbox 1906 4099 3496 4180">
    <p class='ocr_par' dir='ltr' id='par_1_86' title="bbox 1906 4099 3496 4180">
     <span class='ocr_line' id='line_1_86' title="bbox 1906 4099 3496 4180; baseline -0.008 -18"><span class='ocrx_word' id='word_1_629' title='bbox 1906 4109 2058 4180; x_wconf 82' lang='lat' dir='ltr'><strong>quod</strong></span> <span class='ocrx_word' id='word_1_630' title='bbox 2087 4107 2160 4162; x_wconf 92' lang='lat' dir='ltr'><strong>illi</strong></span> <span class='ocrx_word' id='word_1_631' title='bbox 2184 4107 2270 4162; x_wconf 91' lang='lat' dir='ltr'><strong>cui</strong></span> <span class='ocrx_word' id='word_1_632' title='bbox 2300 4121 2433 4162; x_wconf 90' lang='lat' dir='ltr'><strong>cura</strong></span> <span class='ocrx_word' id='word_1_633' title='bbox 2462 4106 2565 4161; x_wconf 86' lang='lat' dir='ltr'><strong>fuit</strong></span> <span class='ocrx_word' id='word_1_634' title='bbox 2605 4119 2711 4168; x_wconf 91' lang='lat' dir='ltr'><strong>me,</strong></span> <span class='ocrx_word' id='word_1_635' title='bbox 2743 4117 2866 4158; x_wconf 92' lang='lat' dir='ltr'><strong>cum</strong></span> <span class='ocrx_word' id='word_1_636' title='bbox 2892 4115 2999 4157; x_wconf 93' lang='lat' dir='ltr'><strong>non</strong></span> <span class='ocrx_word' id='word_1_637' title='bbox 3031 4115 3239 4162; x_wconf 90' lang='lat' dir='ltr'><strong>essem,</strong></span> <span class='ocrx_word' id='word_1_638' title='bbox 3293 4099 3496 4165; x_wconf 86' lang='lat' dir='ltr'><strong>facere,</strong></span> 
     </span>
    </p>
   </div>
   <div class='ocr_carea' id='block_1_87' title="bbox 1915 4188 3496 4263">
    <p class='ocr_par' dir='ltr' id='par_1_87' title="bbox 1915 4188 3496 4263">
     <span class='ocr_line' id='line_1_87' title="bbox 1915 4188 3496 4263; baseline -0.009 -8"><span class='ocrx_word' id='word_1_639' title='bbox 1915 4210 1970 4255; x_wconf 86' lang='lat' dir='ltr'><strong>et</strong></span> <span class='ocrx_word' id='word_1_640' title='bbox 2001 4200 2177 4255; x_wconf 90' lang='lat' dir='ltr'><strong>adhuc</strong></span> <span class='ocrx_word' id='word_1_641' title='bbox 2203 4213 2334 4254; x_wconf 88' lang='lat' dir='ltr'><strong>cura</strong></span> <span class='ocrx_word' id='word_1_642' title='bbox 2361 4206 2446 4253; x_wconf 90' lang='lat' dir='ltr'><strong>est</strong></span> <span class='ocrx_word' id='word_1_643' title='bbox 2473 4195 2604 4252; x_wconf 90' lang='lat' dir='ltr'><strong>mihi</strong></span> <span class='ocrx_word' id='word_1_644' title='bbox 2637 4209 2701 4250; x_wconf 91' lang='lat' dir='ltr'><strong>ea</strong></span> <span class='ocrx_word' id='word_1_645' title='bbox 2729 4207 2850 4263; x_wconf 77' lang='lat' dir='ltr'><strong>qua:</strong></span> <span class='ocrx_word' id='word_1_646' title='bbox 2872 4193 2939 4246; x_wconf 91' lang='lat' dir='ltr'><strong>ad</strong></span> <span class='ocrx_word' id='word_1_647' title='bbox 2979 4189 3138 4259; x_wconf 83' lang='lat' dir='ltr'><strong>hujus</strong></span> <span class='ocrx_word' id='word_1_648' title='bbox 3179 4188 3304 4243; x_wconf 62' lang='lat' dir='ltr'><strong>vita:</strong></span> <span class='ocrx_word' id='word_1_649' title='bbox 3339 4201 3496 4242; x_wconf 90' lang='lat' dir='ltr'><strong>usum</strong></span> 
     </span>
    </p>
   </div>
   <div class='ocr_carea' id='block_1_88' title="bbox 1917 4275 3494 4357">
    <p class='ocr_par' dir='ltr' id='par_1_88' title="bbox 1917 4275 3494 4357">
     <span class='ocr_line' id='line_1_88' title="bbox 1917 4275 3494 4357; baseline -0.011 -9"><span class='ocrx_word' id='word_1_650' title='bbox 1917 4299 2044 4348; x_wconf 85' lang='lat' dir='ltr'><strong>sunt</strong></span> <span class='ocrx_word' id='word_1_651' title='bbox 2090 4288 2422 4353; x_wconf 88' lang='lat' dir='ltr'><strong>necessaria,</strong></span> <span class='ocrx_word' id='word_1_652' title='bbox 2470 4301 2572 4357; x_wconf 94' lang='lat' dir='ltr'><strong>pro</strong></span> <span class='ocrx_word' id='word_1_653' title='bbox 2621 4282 2997 4340; x_wconf 89' lang='lat' dir='ltr'><strong>misericordia</strong></span> <span class='ocrx_word' id='word_1_654' title='bbox 3042 4295 3139 4336; x_wconf 90' lang='lat' dir='ltr'><strong>sua</strong></span> <span class='ocrx_word' id='word_1_655' title='bbox 3189 4275 3494 4349; x_wconf 89' lang='lat' dir='ltr'><strong>providere,</strong></span> 
     </span>
    </p>
   </div>
   <div class='ocr_carea' id='block_1_89' title="bbox 1917 4361 3495 4448">
    <p class='ocr_par' dir='ltr' id='par_1_89' title="bbox 1917 4361 3495 4448">
     <span class='ocr_line' id='line_1_89' title="bbox 1917 4361 3495 4448; baseline -0.011 -12"><span class='ocrx_word' id='word_1_656' title='bbox 1917 4396 2049 4436; x_wconf 89' lang='lat' dir='ltr'><strong>cura</strong></span> <span class='ocrx_word' id='word_1_657' title='bbox 2086 4378 2162 4434; x_wconf 92' lang='lat' dir='ltr'><strong>illi</strong></span> <span class='ocrx_word' id='word_1_658' title='bbox 2203 4379 2311 4432; x_wconf 92' lang='lat' dir='ltr'><strong>erit</strong></span> <span class='ocrx_word' id='word_1_659' title='bbox 2337 4392 2438 4448; x_wconf 92' lang='lat' dir='ltr'><strong>pro</strong></span> <span class='ocrx_word' id='word_1_660' title='bbox 2467 4376 2671 4447; x_wconf 90' lang='lat' dir='ltr'><strong>pietate</strong></span> <span class='ocrx_word' id='word_1_661' title='bbox 2709 4388 2806 4429; x_wconf 89' lang='lat' dir='ltr'><strong>sua</strong></span> <span class='ocrx_word' id='word_1_662' title='bbox 2847 4372 2980 4428; x_wconf 91' lang='lat' dir='ltr'><strong>mihi</strong></span> <span class='ocrx_word' id='word_1_663' title='bbox 3011 4371 3143 4426; x_wconf 89' lang='lat' dir='ltr'><strong>dare</strong></span> <span class='ocrx_word' id='word_1_664' title='bbox 3180 4368 3360 4423; x_wconf 88' lang='lat' dir='ltr'><strong>adhuc</strong></span> <span class='ocrx_word' id='word_1_665' title='bbox 3391 4361 3495 4420; x_wconf 88' lang='lat' dir='ltr'><strong>ali-</strong></span> 
     </span>
    </p>
   </div>
   <div class='ocr_carea' id='block_1_90' title="bbox 217 4463 3496 4569">
    <p class='ocr_par' dir='ltr' id='par_1_90' title="bbox 217 4463 3496 4569">
     <span class='ocr_line' id='line_1_90' title="bbox 217 4463 3496 4569; baseline -0.004 -44"><span class='ocrx_word' id='word_1_666' title='bbox 217 4471 277 4525; x_wconf 90' lang='lat' dir='ltr'><strong>in</strong></span> <span class='ocrx_word' id='word_1_667' title='bbox 330 4487 585 4544; x_wconf 86' lang='lat' dir='ltr'><strong>magnam</strong></span> <span class='ocrx_word' id='word_1_668' title='bbox 637 4483 982 4541; x_wconf 86' lang='lat' dir='ltr'><strong>peccatorum</strong></span> <span class='ocrx_word' id='word_1_669' title='bbox 1030 4477 1343 4547; x_wconf 89' lang='lat' dir='ltr'><strong>voraginem</strong></span> <span class='ocrx_word' id='word_1_670' title='bbox 1383 4477 1805 4547; x_wconf 65' lang='lat' dir='ltr'><strong>praecipitarem.</strong></span> <span class='ocrx_word' id='word_1_671' title='bbox 1843 4513 1890 4569; x_wconf 65' lang='grc' dir='ltr'><strong>Β</strong></span> <span class='ocrx_word' id='word_1_672' title='bbox 1918 4471 2062 4544; x_wconf 87' lang='lat' dir='ltr'><strong>quod</strong></span> <span class='ocrx_word' id='word_1_673' title='bbox 2093 4470 2290 4525; x_wconf 90' lang='lat' dir='ltr'><strong>bonum</strong></span> <span class='ocrx_word' id='word_1_674' title='bbox 2319 4483 2457 4538; x_wconf 91' lang='lat' dir='ltr'><strong>opus</strong></span> <span class='ocrx_word' id='word_1_675' title='bbox 2486 4467 2689 4534; x_wconf 89' lang='lat' dir='ltr'><strong>facere,</strong></span> <span class='ocrx_word' id='word_1_676' title='bbox 2721 4465 2804 4520; x_wconf 89' lang='lat' dir='ltr'><strong>vel</strong></span> <span class='ocrx_word' id='word_1_677' title='bbox 2832 4464 3048 4529; x_wconf 87' lang='lat' dir='ltr'><strong>saltem,</strong></span> <span class='ocrx_word' id='word_1_678' title='bbox 3075 4463 3120 4518; x_wconf 88' lang='lat' dir='ltr'><strong>si</strong></span> <span class='ocrx_word' id='word_1_679' title='bbox 3151 4475 3258 4516; x_wconf 92' lang='lat' dir='ltr'><strong>non</strong></span> <span class='ocrx_word' id='word_1_680' title='bbox 3288 4475 3355 4563; x_wconf 51' lang='lat' dir='ltr'><strong>ea</strong></span> <span class='ocrx_word' id='word_1_681' title='bbox 3378 4467 3496 4514; x_wconf 88' lang='lat' dir='ltr'><strong>toto</strong></span> 
     </span>
    </p>
   </div>
   <div class='ocr_carea' id='block_1_91' title="bbox 218 4562 1808 4639">
    <p class='ocr_par' dir='ltr' id='par_1_91' title="bbox 218 4562 1808 4639">
     <span class='ocr_line' id='line_1_91' title="bbox 218 4562 1808 4639; baseline 0.004 -23"><span class='ocrx_word' id='word_1_682' title='bbox 218 4562 523 4634; x_wconf 78' lang='lat' dir='ltr'><strong>Propterea</strong></span> <span class='ocrx_word' id='word_1_683' title='bbox 553 4573 626 4629; x_wconf 90' lang='lat' dir='ltr'><strong>te,</strong></span> <span class='ocrx_word' id='word_1_684' title='bbox 650 4565 963 4622; x_wconf 91' lang='lat' dir='ltr'><strong>dulcissime</strong></span> <span class='ocrx_word' id='word_1_685' title='bbox 984 4566 1166 4633; x_wconf 86' lang='lat' dir='ltr'><strong>Pater,</strong></span> <span class='ocrx_word' id='word_1_686' title='bbox 1191 4583 1342 4639; x_wconf 90' lang='lat' dir='ltr'><strong>rogo,</strong></span> <span class='ocrx_word' id='word_1_687' title='bbox 1363 4568 1488 4639; x_wconf 89' lang='lat' dir='ltr'><strong>quia</strong></span> <span class='ocrx_word' id='word_1_688' title='bbox 1511 4567 1626 4624; x_wconf 92' lang='lat' dir='ltr'><strong>scio</strong></span> <span class='ocrx_word' id='word_1_689' title='bbox 1647 4567 1808 4623; x_wconf 89' lang='lat' dir='ltr'><strong>nimis</strong></span> 
     </span>
    </p>
   </div>
   <div class='ocr_carea' id='block_1_92' title="bbox 215 4659 1812 4730">
    <p class='ocr_par' dir='ltr' id='par_1_92' title="bbox 215 4659 1812 4730">
     <span class='ocr_line' id='line_1_92' title="bbox 215 4659 1812 4730; baseline 0.004 -21"><span class='ocrx_word' id='word_1_690' title='bbox 215 4671 311 4712; x_wconf 83' lang='lat' dir='ltr'><strong>tne</strong></span> <span class='ocrx_word' id='word_1_691' title='bbox 330 4669 452 4712; x_wconf 82' lang='lat' dir='ltr'><strong>esse</strong></span> <span class='ocrx_word' id='word_1_692' title='bbox 468 4668 811 4728; x_wconf 83' lang='lat' dir='ltr'><strong>peccatorem</strong></span> <span class='ocrx_word' id='word_1_693' title='bbox 829 4667 882 4715; x_wconf 93' lang='lat' dir='ltr'><strong>et</strong></span> <span class='ocrx_word' id='word_1_694' title='bbox 905 4659 1162 4714; x_wconf 82' lang='lat' dir='ltr'><strong>adversus</strong></span> <span class='ocrx_word' id='word_1_695' title='bbox 1177 4667 1455 4730; x_wconf 88' lang='lat' dir='ltr'><strong>peccatum</strong></span> <span class='ocrx_word' id='word_1_696' title='bbox 1471 4660 1670 4716; x_wconf 89' lang='lat' dir='ltr'><strong>nullam</strong></span> <span class='ocrx_word' id='word_1_697' title='bbox 1700 4659 1812 4716; x_wconf 88' lang='lat' dir='ltr'><strong>fere</strong></span> 
     </span>
    </p>
   </div>
   <div class='ocr_carea' id='block_1_93' title="bbox 1919 4551 3494 4629">
    <p class='ocr_par' dir='ltr' id='par_1_93' title="bbox 1919 4551 3494 4629">
     <span class='ocr_line' id='line_1_93' title="bbox 1919 4551 3494 4629; baseline -0.008 -11"><span class='ocrx_word' id='word_1_698' title='bbox 1919 4574 2113 4628; x_wconf 91' lang='lat' dir='ltr'><strong>totum,</strong></span> <span class='ocrx_word' id='word_1_699' title='bbox 2148 4559 2365 4629; x_wconf 88' lang='lat' dir='ltr'><strong>aliquod</strong></span> <span class='ocrx_word' id='word_1_700' title='bbox 2399 4559 2600 4613; x_wconf 89' lang='lat' dir='ltr'><strong>bonum</strong></span> <span class='ocrx_word' id='word_1_701' title='bbox 2623 4556 2833 4627; x_wconf 75' lang='lat' dir='ltr'><strong>valeant</strong></span> <span class='ocrx_word' id='word_1_702' title='bbox 2873 4555 3160 4619; x_wconf 88' lang='lat' dir='ltr'><strong>inchoare,</strong></span> <span class='ocrx_word' id='word_1_703' title='bbox 3181 4560 3264 4618; x_wconf 89' lang='lat' dir='ltr'><strong>et,</strong></span> <span class='ocrx_word' id='word_1_704' title='bbox 3307 4551 3353 4608; x_wconf 91' lang='lat' dir='ltr'><strong>si</strong></span> <span class='ocrx_word' id='word_1_705' title='bbox 3385 4563 3494 4606; x_wconf 85' lang='lat' dir='ltr'><strong>non</strong></span> 
     </span>
    </p>
   </div>
   <div class='ocr_carea' id='block_1_94' title="bbox 1922 4646 3210 4718">
    <p class='ocr_par' dir='ltr' id='par_1_94' title="bbox 1922 4646 3210 4718">
     <span class='ocr_line' id='line_1_94' title="bbox 1922 4646 3210 4718; baseline -0.008 -10"><span class='ocrx_word' id='word_1_706' title='bbox 1922 4669 1988 4708; x_wconf 78' lang='lat' dir='ltr'><strong>ex</strong></span> <span class='ocrx_word' id='word_1_707' title='bbox 2020 4661 2152 4717; x_wconf 88' lang='lat' dir='ltr'><strong>toto,</strong></span> <span class='ocrx_word' id='word_1_708' title='bbox 2182 4665 2212 4705; x_wconf 90' lang='lat' dir='ltr'><strong>a</strong></span> <span class='ocrx_word' id='word_1_709' title='bbox 2243 4649 2399 4705; x_wconf 88' lang='lat' dir='ltr'><strong>malis</strong></span> <span class='ocrx_word' id='word_1_710' title='bbox 2428 4647 2514 4704; x_wconf 91' lang='lat' dir='ltr'><strong>vel</strong></span> <span class='ocrx_word' id='word_1_711' title='bbox 2543 4646 2937 4718; x_wconf 85' lang='lat' dir='ltr'><strong>aliquantulum</strong></span> <span class='ocrx_word' id='word_1_712' title='bbox 2973 4660 3210 4703; x_wconf 88' lang='lat' dir='ltr'><strong>cessare.</strong></span> 
     </span>
    </p>
   </div>
   <div class='ocr_carea' id='block_1_95' title="bbox 1518 4783 2200 4857">
    <p class='ocr_par' dir='ltr' id='par_1_95' title="bbox 1518 4783 2200 4857">
     <span class='ocr_line' id='line_1_95' title="bbox 1518 4783 2200 4857; baseline -0.003 -16"><span class='ocrx_word' id='word_1_713' title='bbox 1518 4789 1753 4846; x_wconf 76' lang='lat' dir='ltr'><strong>VARle</strong></span> <span class='ocrx_word' id='word_1_714' title='bbox 1787 4783 2200 4857; x_wconf 78' lang='lat' dir='ltr'><strong>LECTIONES.</strong></span> 
     </span>
    </p>
   </div>
   <div class='ocr_carea' id='block_1_96' title="bbox 298 4889 3495 4976">
    <p class='ocr_par' dir='ltr' id='par_1_96' title="bbox 298 4889 3495 4976">
     <span class='ocr_line' id='line_1_96' title="bbox 298 4889 3495 4976; baseline -0.006 -16"><span class='ocrx_word' id='word_1_715' title='bbox 298 4905 393 4976; x_wconf 60' lang='grc'><strong>’³7³</strong></span> <span class='ocrx_word' id='word_1_716' title='bbox 429 4903 634 4976; x_wconf 72' lang='lat' dir='ltr'><strong>collata</strong></span> <span class='ocrx_word' id='word_1_717' title='bbox 659 4914 733 4958; x_wconf 82' lang='lat' dir='ltr'><strong>est</strong></span> <span class='ocrx_word' id='word_1_718' title='bbox 749 4920 866 4958; x_wconf 87' lang='lat' dir='ltr'><strong>cum</strong></span> <span class='ocrx_word' id='word_1_719' title='bbox 897 4921 1037 4976; x_wconf 78' lang='lat' dir='ltr'><strong>mss._</strong></span> <span class='ocrx_word' id='word_1_720' title='bbox 1059 4901 1191 4958; x_wconf 77' lang='lat' dir='ltr'><strong>Vict.</strong></span> <span class='ocrx_word' id='word_1_721' title='bbox 1221 4902 1269 4956; x_wconf 89' lang='lat' dir='ltr'><strong><em>K</em></strong></span> <span class='ocrx_word' id='word_1_722' title='bbox 1281 4903 1348 4957; x_wconf 86' lang='grc' dir='ltr'><em>Κ.</em></span> <span class='ocrx_word' id='word_1_723' title='bbox 1388 4902 1473 4976; x_wconf 69' lang='lat' dir='ltr'><strong>lii.</strong></span> <span class='ocrx_word' id='word_1_724' title='bbox 1506 4901 1663 4976; x_wconf 81' lang='lat' dir='ltr'><strong>Corb.</strong></span> <span class='ocrx_word' id='word_1_725' title='bbox 1688 4899 2194 4976; x_wconf 80' lang='lat' dir='ltr'><strong>_l_60._et_Val-luc.</strong></span> <span class='ocrx_word' id='word_1_726' title='bbox 2218 4899 2273 4952; x_wconf 87' lang='lat' dir='ltr'><strong>in</strong></span> <span class='ocrx_word' id='word_1_727' title='bbox 2302 4899 2424 4953; x_wconf 75' lang='lat' dir='ltr'><strong>aliis</strong></span> <span class='ocrx_word' id='word_1_728' title='bbox 2460 4900 2598 4953; x_wconf 81' lang='lat' dir='ltr'><strong>enim</strong></span> <span class='ocrx_word' id='word_1_729' title='bbox 2631 4915 2758 4953; x_wconf 80' lang='lat' dir='ltr'><strong>mss.</strong></span> <span class='ocrx_word' id='word_1_730' title='bbox 2790 4894 3199 4976; x_wconf 51' lang='grc' dir='ltr'><strong>ηοριμνερενὶιιεῂ.</strong></span> <span class='ocrx_word' id='word_1_731' title='bbox 3229 4889 3495 4976; x_wconf 18' lang='lat' dir='ltr'><strong>Cumisa-</strong></span> 
     </span>
    </p>
   </div>
   <div class='ocr_carea' id='block_1_97' title="bbox 217 4959 3488 5046">
    <p class='ocr_par' dir='ltr' id='par_1_97' title="bbox 217 4959 3488 5046">
     <span class='ocr_line' id='line_1_97' title="bbox 217 4959 3488 5046; baseline -0.006 -14"><span class='ocrx_word' id='word_1_732' title='bbox 217 4975 439 5046; x_wconf 13' lang='lat' dir='ltr'><strong>cerdosr</strong></span> <span class='ocrx_word' id='word_1_733' title='bbox 456 4975 747 5046; x_wconf 85' lang='lat' dir='ltr'><strong>diligenter</strong></span> <span class='ocrx_word' id='word_1_734' title='bbox 769 4973 1170 5046; x_wconf 77' lang='lat' dir='ltr'><strong>contemplatur</strong></span> <span class='ocrx_word' id='word_1_735' title='bbox 1195 4988 1363 5046; x_wconf 53' lang='lat' dir='ltr'><strong>qualn</strong></span> <span class='ocrx_word' id='word_1_736' title='bbox 1376 4973 1808 5046; x_wconf 64' lang='lat' dir='ltr'><strong>misericorditer</strong></span> <span class='ocrx_word' id='word_1_737' title='bbox 1834 4971 2163 5046; x_wconf 67' lang='lat' dir='ltr'><strong>Bedetnptor</strong></span> <span class='ocrx_word' id='word_1_738' title='bbox 2186 4977 2658 5046; x_wconf 52' lang='lat' dir='ltr'><strong>nosteenaturatn</strong></span> <span class='ocrx_word' id='word_1_739' title='bbox 2701 4965 2870 5046; x_wconf 77' lang='lat' dir='ltr'><strong>nostri</strong></span> <span class='ocrx_word' id='word_1_740' title='bbox 2899 4959 3010 5016; x_wconf 81' lang='lat' dir='ltr'><strong>limi</strong></span> <span class='ocrx_word' id='word_1_741' title='bbox 3041 4959 3488 5046; x_wconf 58' lang='lat' dir='ltr'><strong>undenos-fecit,</strong></span> 
     </span>
    </p>
   </div>
   <div class='ocr_carea' id='block_1_98' title="bbox 214 5031 3490 5117">
    <p class='ocr_par' dir='ltr' id='par_1_98' title="bbox 214 5031 3490 5117">
     <span class='ocr_line' id='line_1_98' title="bbox 214 5031 3490 5117; baseline -0.006 -16"><span class='ocrx_word' id='word_1_742' title='bbox 214 5031 329 5117; x_wconf 84' lang='lat' dir='ltr'><strong>pro</strong></span> <span class='ocrx_word' id='word_1_743' title='bbox 356 5045 513 5117; x_wconf 83' lang='lat' dir='ltr'><strong>nobis</strong></span> <span class='ocrx_word' id='word_1_744' title='bbox 538 5031 925 5117; x_wconf 53' lang='lat' dir='ltr'><strong>{uscepit,_ms_.</strong></span> <span class='ocrx_word' id='word_1_745' title='bbox 958 5031 1090 5097; x_wconf 65' lang='lat' dir='ltr'><strong>V&#39;ict.</strong></span> <span class='ocrx_word' id='word_1_746' title='bbox 1115 5053 1170 5117; x_wconf 70' lang='lat' dir='ltr'><strong>ut</strong></span> <span class='ocrx_word' id='word_1_747' title='bbox 1198 5031 1254 5097; x_wconf 67' lang='grc' dir='ltr'><strong>ὗε</strong></span> <span class='ocrx_word' id='word_1_748' title='bbox 1279 5041 1472 5117; x_wconf 70' lang='lat' dir='ltr'><strong>Editis.</strong></span> <span class='ocrx_word' id='word_1_749' title='bbox 1499 5041 1813 5117; x_wconf 40' lang='lat' dir='ltr'><strong>ma..Corb._</strong></span> <span class='ocrx_word' id='word_1_750' title='bbox 1830 5039 2016 5117; x_wconf 71' lang='lat' dir='ltr'><strong>Oratio</strong></span> <span class='ocrx_word' id='word_1_751' title='bbox 2042 5031 2346 5117; x_wconf 57' lang='lat' dir='ltr'><strong>sacerdotis</strong></span> <span class='ocrx_word' id='word_1_752' title='bbox 2379 5038 2449 5117; x_wconf 85' lang='lat' dir='ltr'><strong>in_</strong></span> <span class='ocrx_word' id='word_1_753' title='bbox 2472 5036 2906 5117; x_wconf 52' lang='lat' dir='ltr'><strong>consideratione</strong></span> <span class='ocrx_word' id='word_1_754' title='bbox 2941 5047 3052 5117; x_wconf 68' lang='lat' dir='ltr'><strong>sure</strong></span> <span class='ocrx_word' id='word_1_755' title='bbox 3071 5031 3490 5117; x_wconf 61' lang='lat' dir='ltr'><strong>indignationis,</strong></span> 
     </span>
    </p>
   </div>
   <div class='ocr_carea' id='block_1_99' title="bbox 213 5100 3491 5186">
    <p class='ocr_par' dir='ltr' id='par_1_99' title="bbox 213 5100 3491 5186">
     <span class='ocr_line' id='line_1_99' title="bbox 213 5100 3491 5186; baseline -0 -16"><span class='ocrx_word' id='word_1_756' title='bbox 213 5100 279 5170; x_wconf 55' lang='lat' dir='ltr'><strong>Et</strong></span> <span class='ocrx_word' id='word_1_757' title='bbox 307 5100 994 5186; x_wconf 74' lang='lat' dir='ltr'><strong>hujusolliciidignitatis:</strong></span> <span class='ocrx_word' id='word_1_758' title='bbox 1027 5114 1167 5186; x_wconf 78' lang='lat' dir='ltr'><strong>etde</strong></span> <span class='ocrx_word' id='word_1_759' title='bbox 1209 5113 1555 5186; x_wconf 71' lang='lat' dir='ltr'><strong>perceptione</strong></span> <span class='ocrx_word' id='word_1_760' title='bbox 1589 5110 1847 5186; x_wconf 65' lang='lat' dir='ltr'><strong>Corporis</strong></span> <span class='ocrx_word' id='word_1_761' title='bbox 1889 5118 1957 5186; x_wconf 90' lang='lat' dir='ltr'><strong>et_</strong></span> <span class='ocrx_word' id='word_1_762' title='bbox 1974 5108 2267 5186; x_wconf 80' lang='lat' dir='ltr'><strong>Sanguinis</strong></span> <span class='ocrx_word' id='word_1_763' title='bbox 2301 5108 2521 5186; x_wconf 56' lang='lat' dir='ltr'><strong>Domini</strong></span> <span class='ocrx_word' id='word_1_764' title='bbox 2591 5104 2704 5186; x_wconf 67' lang='grc' dir='ltr'><strong>Δξ³’⁷³</strong></span> <span class='ocrx_word' id='word_1_765' title='bbox 2727 5104 2794 5157; x_wconf 85' lang='grc' dir='ltr'><strong>Ει</strong></span> <span class='ocrx_word' id='word_1_766' title='bbox 2841 5103 2884 5157; x_wconf 82' lang='lat' dir='ltr'><strong>si</strong></span> <span class='ocrx_word' id='word_1_767' title='bbox 2911 5100 3250 5186; x_wconf 46' lang='lat' dir='ltr'><strong>&quot;aliquantiﬁ</strong></span> <span class='ocrx_word' id='word_1_768' title='bbox 3281 5100 3491 5186; x_wconf 52' lang='lat' dir='ltr'><strong>iﬂ§9iii§</strong></span> 
     </span>
    </p>
   </div>
   <div class='ocr_carea' id='block_1_100' title="bbox 212 5127 3488 5254">
    <p class='ocr_par' dir='ltr' id='par_1_100' title="bbox 212 5127 3488 5254">
     <span class='ocr_line' id='line_1_100' title="bbox 213 5127 3488 5183; baseline -0 -13"><span class='ocrx_word' id='word_1_769' title='bbox 213 5127 279 5170; x_wconf 83' lang='lat' dir='ltr'><strong>et</strong></span> <span class='ocrx_word' id='word_1_770' title='bbox 312 5127 471 5180; x_wconf 76' lang='lat' dir='ltr'><strong>Inuus</strong></span> <span class='ocrx_word' id='word_1_771' title='bbox 493 5127 654 5169; x_wconf 83' lang='lat' dir='ltr'><strong>omen</strong></span> <span class='ocrx_word' id='word_1_772' title='bbox 679 5127 730 5168; x_wconf 81' lang='lat' dir='ltr'><strong>ut</strong></span> <span class='ocrx_word' id='word_1_773' title='bbox 772 5127 994 5168; x_wconf 78' lang='lat' dir='ltr'><strong>uitans:</strong></span> <span class='ocrx_word' id='word_1_774' title='bbox 1027 5127 1083 5167; x_wconf 90' lang='lat' dir='ltr'><strong>et</strong></span> <span class='ocrx_word' id='word_1_775' title='bbox 1103 5127 1167 5167; x_wconf 89' lang='lat' dir='ltr'><strong>ue</strong></span> <span class='ocrx_word' id='word_1_776' title='bbox 1209 5127 1368 5183; x_wconf 93' lang='lat' dir='ltr'><strong>perce</strong></span> <span class='ocrx_word' id='word_1_777' title='bbox 1408 5127 1555 5168; x_wconf 75' lang='lat' dir='ltr'><strong>tione</strong></span> <span class='ocrx_word' id='word_1_778' title='bbox 1589 5127 1847 5182; x_wconf 76' lang='lat' dir='ltr'><strong>uorports</strong></span> <span class='ocrx_word' id='word_1_779' title='bbox 1889 5127 1944 5165; x_wconf 85' lang='lat' dir='ltr'><strong>et</strong></span> <span class='ocrx_word' id='word_1_780' title='bbox 1974 5127 2267 5179; x_wconf 70' lang='lat' dir='ltr'><strong>aangutnts</strong></span> <span class='ocrx_word' id='word_1_781' title='bbox 2301 5127 2510 5162; x_wconf 88' lang='lat' dir='ltr'><strong>uomuu</strong></span> <span class='ocrx_word' id='word_1_782' title='bbox 2616 5127 2704 5135; x_wconf 67' lang='grc' dir='ltr'><strong>--ιν</strong></span> <span class='ocrx_word' id='word_1_783' title='bbox 2727 5127 2794 5157; x_wconf 80' lang='lat' dir='ltr'><strong>m</strong></span> <span class='ocrx_word' id='word_1_784' title='bbox 2841 5127 2884 5157; x_wconf 76' lang='lat' dir='ltr'><strong>si</strong></span> <span class='ocrx_word' id='word_1_785' title='bbox 2931 5127 3227 5182; x_wconf 59' lang='lat' dir='ltr'><strong>anulla-lu&quot;</strong></span> <span class='ocrx_word' id='word_1_786' title='bbox 3281 5127 3488 5180; x_wconf 69' lang='grc' dir='ltr'>ιιιδειυεε</span> 
     </span>
     <span class='ocr_line' id='line_1_101' title="bbox 212 5127 3488 5254; baseline -0 -14"><span class='ocrx_word' id='word_1_787' title='bbox 212 5203 326 5240; x_wconf 79' lang='lat' dir='ltr'><strong>ms.</strong></span> <span class='ocrx_word' id='word_1_788' title='bbox 359 5181 514 5238; x_wconf 88' lang='lat' dir='ltr'><strong>Corb.</strong></span> <span class='ocrx_word' id='word_1_789' title='bbox 544 5193 600 5238; x_wconf 90' lang='lat' dir='ltr'><strong>et</strong></span> <span class='ocrx_word' id='word_1_790' title='bbox 629 5184 676 5240; x_wconf 88' lang='lat' dir='ltr'><strong>si</strong></span> <span class='ocrx_word' id='word_1_791' title='bbox 706 5130 884 5252; x_wconf 57' lang='lat' dir='ltr'><strong>afiqua</strong></span> <span class='ocrx_word' id='word_1_792' title='bbox 909 5181 1124 5254; x_wconf 74' lang='lat' dir='ltr'><strong>inscitia</strong></span> <span class='ocrx_word' id='word_1_793' title='bbox 1151 5127 1524 5254; x_wconf 53' lang='lat' dir='ltr'><strong>ms._}’u?-_luc.</strong></span> <span class='ocrx_word' id='word_1_794' title='bbox 1549 5193 1604 5236; x_wconf 92' lang='lat' dir='ltr'><strong>et</strong></span> <span class='ocrx_word' id='word_1_795' title='bbox 1647 5182 1693 5254; x_wconf 84' lang='lat' dir='ltr'><strong>si</strong></span> <span class='ocrx_word' id='word_1_796' title='bbox 1735 5181 1914 5254; x_wconf 71' lang='lat' dir='ltr'><strong>aliqua</strong></span> <span class='ocrx_word' id='word_1_797' title='bbox 1945 5179 2237 5254; x_wconf 70' lang='lat' dir='ltr'><strong>inscientia</strong></span> <span class='ocrx_word' id='word_1_798' title='bbox 2304 5177 2396 5254; x_wconf 61' lang='lat' dir='ltr'><strong>&quot;7f</strong></span> <span class='ocrx_word' id='word_1_799' title='bbox 2430 5176 2524 5254; x_wconf 64' lang='grc' dir='ltr'><strong>γει</strong></span> <span class='ocrx_word' id='word_1_800' title='bbox 2553 5175 2720 5254; x_wconf 75' lang='lat' dir='ltr'><strong>etiam</strong></span> <span class='ocrx_word' id='word_1_801' title='bbox 2741 5171 2944 5254; x_wconf 69' lang='lat' dir='ltr'><strong>carnali</strong></span> <span class='ocrx_word' id='word_1_802' title='bbox 2991 5186 3143 5254; x_wconf 39' lang='lat' dir='ltr'><strong>nisti;</strong></span> <span class='ocrx_word' id='word_1_803' title='bbox 3168 5168 3252 5254; x_wconf 36' lang='lat' dir='ltr'><strong>&quot;fel</strong></span> <span class='ocrx_word' id='word_1_804' title='bbox 3273 5167 3488 5254; x_wconf 43' lang='lat'><strong>.03???“</strong></span> 
     </span>
    </p>
   </div>
   <div class='ocr_carea' id='block_1_101' title="bbox 217 5238 3491 5321">
    <p class='ocr_par' dir='ltr' id='par_1_101' title="bbox 217 5238 3491 5321">
     <span class='ocr_line' id='line_1_102' title="bbox 217 5238 3491 5321; baseline -0.005 -12"><span class='ocrx_word' id='word_1_805' title='bbox 217 5238 322 5289; x_wconf 17' lang='lat'><strong>{&quot;7&quot;</strong></span> <span class='ocrx_word' id='word_1_806' title='bbox 351 5253 502 5309; x_wconf 83' lang='lat' dir='ltr'><strong>Nosti</strong></span> <span class='ocrx_word' id='word_1_807' title='bbox 541 5238 771 5321; x_wconf 85' lang='lat' dir='ltr'><strong>Domine</strong></span> <span class='ocrx_word' id='word_1_808' title='bbox 797 5238 948 5307; x_wconf 56' lang='lat' dir='ltr'><strong>&#39;mss.</strong></span> <span class='ocrx_word' id='word_1_809' title='bbox 982 5250 1138 5306; x_wconf 86' lang='lat' dir='ltr'><strong>Corb.</strong></span> <span class='ocrx_word' id='word_1_810' title='bbox 1164 5261 1213 5306; x_wconf 80' lang='lat' dir='ltr'><strong>et</strong></span> <span class='ocrx_word' id='word_1_811' title='bbox 1263 5249 1497 5306; x_wconf 76' lang='lat' dir='ltr'><strong>Val-(uc.</strong></span> <span class='ocrx_word' id='word_1_812' title='bbox 1550 5253 1721 5306; x_wconf 79' lang='lat' dir='ltr'><strong>omitt.</strong></span> <span class='ocrx_word' id='word_1_813' title='bbox 1756 5238 1982 5306; x_wconf 57' lang='lat' dir='ltr'><strong>Do&#39;mine</strong></span> <span class='ocrx_word' id='word_1_814' title='bbox 2013 5311 2017 5315; x_wconf 55' lang='grc'><strong><em>,</em></strong></span> <span class='ocrx_word' id='word_1_815' title='bbox 2084 5250 2182 5281; x_wconf 76' lang='grc'><strong>¹³⁷⁶</strong></span> <span class='ocrx_word' id='word_1_816' title='bbox 2205 5246 2560 5321; x_wconf 77' lang='lat' dir='ltr'><strong>Saecularium</strong></span> <span class='ocrx_word' id='word_1_817' title='bbox 2599 5242 2950 5321; x_wconf 73' lang='lat' dir='ltr'><strong>cupiditatum</strong></span> <span class='ocrx_word' id='word_1_818' title='bbox 2991 5247 3047 5293; x_wconf 87' lang='lat' dir='ltr'><strong>et</strong></span> <span class='ocrx_word' id='word_1_819' title='bbox 3082 5238 3491 5321; x_wconf 53' lang='lat' dir='ltr'><strong>Epelesiastica-</strong></span> 
     </span>
    </p>
   </div>
   <div class='ocr_carea' id='block_1_102' title="bbox 213 5309 3488 5405">
    <p class='ocr_par' dir='ltr' id='par_1_102' title="bbox 213 5309 3488 5405">
     <span class='ocr_line' id='line_1_103' title="bbox 213 5309 3488 5405; baseline -0.003 -24"><span class='ocrx_word' id='word_1_820' title='bbox 213 5341 348 5382; x_wconf 84' lang='lat' dir='ltr'><strong>rum</strong></span> <span class='ocrx_word' id='word_1_821' title='bbox 381 5319 702 5404; x_wconf 70' lang='lat' dir='ltr'><strong>dignitatum</strong></span> <span class='ocrx_word' id='word_1_822' title='bbox 748 5321 1167 5405; x_wconf 61' lang='lat' dir='ltr'><strong>appetitionibus</strong></span> <span class='ocrx_word' id='word_1_823' title='bbox 1189 5321 1692 5405; x_wconf 24' lang='lat' dir='ltr'><strong>mssasmculatrium</strong></span> <span class='ocrx_word' id='word_1_824' title='bbox 1724 5309 3318 5405; x_wconf 29' lang='grc' dir='ltr'><strong>νοιυρεδευίηιερρςξίιἰοηὶὺιξξᾼπζτῆεέῖειΙ-(ξίςτ-’Ξωξρξξὶιξξξξξὲ</strong></span> <span class='ocrx_word' id='word_1_825' title='bbox 3335 5309 3488 5405; x_wconf 58' lang='lat' dir='ltr'><strong>etim;</strong></span> 
     </span>
    </p>
   </div>
   <div class='ocr_carea' id='block_1_103' title="bbox 210 5376 3488 5472">
    <p class='ocr_par' dir='ltr' id='par_1_103' title="bbox 210 5376 3488 5472">
     <span class='ocr_line' id='line_1_104' title="bbox 210 5376 3488 5472; baseline -0.005 -21"><span class='ocrx_word' id='word_1_826' title='bbox 210 5376 904 5472; x_wconf 40' lang='lat' dir='ltr'><strong>dit—atum&#39;appetitionibus</strong></span> <span class='ocrx_word' id='word_1_827' title='bbox 981 5376 1068 5472; x_wconf 57' lang='lat' dir='ltr'><strong>if&quot;</strong></span> <span class='ocrx_word' id='word_1_828' title='bbox 1099 5376 1496 5472; x_wconf 51' lang='lat' dir='ltr'><strong>Perspicisunjs:</strong></span> <span class='ocrx_word' id='word_1_829' title='bbox 1534 5389 1690 5447; x_wconf 87' lang='lat' dir='ltr'><strong>Corb.</strong></span> <span class='ocrx_word' id='word_1_830' title='bbox 1723 5376 1989 5472; x_wconf 69' lang='lat' dir='ltr'><strong>prospicis</strong></span> <span class='ocrx_word' id='word_1_831' title='bbox 2065 5376 2372 5472; x_wconf 47' lang='lat' dir='ltr'><strong>&quot;&quot;h&#39;Meam</strong></span> <span class='ocrx_word' id='word_1_832' title='bbox 2406 5383 2602 5472; x_wconf 66' lang='lat' dir='ltr'><strong>malam</strong></span> <span class='ocrx_word' id='word_1_833' title='bbox 2651 5398 2780 5472; x_wconf 70' lang='lat' dir='ltr'><strong>mss.</strong></span> <span class='ocrx_word' id='word_1_834' title='bbox 2821 5395 2994 5472; x_wconf 55' lang='lat' dir='ltr'><strong>mem</strong></span> 
     </span>
    </p>
   </div>
   <div class='ocr_carea' id='block_1_104' title="bbox 211 5447 3488 5530">
    <p class='ocr_par' dir='ltr' id='par_1_104' title="bbox 211 5447 3488 5530">
     <span class='ocr_line' id='line_1_105' title="bbox 211 5447 3488 5530; baseline -0.006 -9"><span class='ocrx_word' id='word_1_835' title='bbox 211 5447 579 5520; x_wconf 51' lang='lat' dir='ltr'><strong>ﬁéi‘verm&#39;ii.</strong></span> <span class='ocrx_word' id='word_1_836' title='bbox 617 5478 706 5518; x_wconf 89' lang='lat' dir='ltr'><strong>me</strong></span> <span class='ocrx_word' id='word_1_837' title='bbox 740 5447 864 5517; x_wconf 71' lang='lat' dir='ltr'><strong>mss.</strong></span> <span class='ocrx_word' id='word_1_838' title='bbox 897 5461 1066 5516; x_wconf 85' lang='lat' dir='ltr'><strong>omitt.</strong></span> <span class='ocrx_word' id='word_1_839' title='bbox 1099 5460 1151 5514; x_wconf 91' lang='lat' dir='ltr'><strong>in</strong></span> <span class='ocrx_word' id='word_1_840' title='bbox 1181 5447 1268 5516; x_wconf 72' lang='lat' dir='ltr'><strong>me</strong></span> <span class='ocrx_word' id='word_1_841' title='bbox 1342 5461 1435 5494; x_wconf 81' lang='grc'><strong>¹³⁸⁰</strong></span> <span class='ocrx_word' id='word_1_842' title='bbox 1458 5462 1682 5516; x_wconf 85' lang='lat' dir='ltr'><strong>Amator</strong></span> <span class='ocrx_word' id='word_1_843' title='bbox 1724 5447 2004 5516; x_wconf 78' lang='lat' dir='ltr'><strong>hominum</strong></span> <span class='ocrx_word' id='word_1_844' title='bbox 2050 5456 2515 5530; x_wconf 24' lang='lat' dir='ltr'><strong>uisszplasntalor</strong></span> <span class='ocrx_word' id='word_1_845' title='bbox 2547 5452 2824 5530; x_wconf 76' lang='lat' dir='ltr'><strong>hominum</strong></span> <span class='ocrx_word' id='word_1_846' title='bbox 2903 5447 3166 5530; x_wconf 10' lang='lat' dir='ltr'><strong>“‘fnb‘umi</strong></span> <span class='ocrx_word' id='word_1_847' title='bbox 3196 5447 3488 5530; x_wconf 73' lang='lat' dir='ltr'><strong>studiosius</strong></span> 
     </span>
    </p>
   </div>
   <div class='ocr_carea' id='block_1_105' title="bbox 209 5518 3489 5603">
    <p class='ocr_par' dir='ltr' id='par_1_105' title="bbox 209 5518 3489 5603">
     <span class='ocr_line' id='line_1_106' title="bbox 209 5518 3489 5603; baseline -0.006 -14"><span class='ocrx_word' id='word_1_848' title='bbox 209 5518 354 5589; x_wconf 50' lang='lat' dir='ltr'><strong>his.</strong></span> <span class='ocrx_word' id='word_1_849' title='bbox 380 5549 503 5588; x_wconf 86' lang='lat' dir='ltr'><strong>cum</strong></span> <span class='ocrx_word' id='word_1_850' title='bbox 535 5533 808 5603; x_wconf 79' lang='lat' dir='ltr'><strong>studiosus</strong></span> <span class='ocrx_word' id='word_1_851' title='bbox 883 5532 975 5603; x_wconf 60' lang='grc' dir='ltr'>’Ψ</span> <span class='ocrx_word' id='word_1_852' title='bbox 999 5532 1189 5603; x_wconf 83' lang='lat' dir='ltr'><strong>Cogito</strong></span> <span class='ocrx_word' id='word_1_853' title='bbox 1215 5530 1352 5603; x_wconf 85' lang='lat' dir='ltr'><strong>mala</strong></span> <span class='ocrx_word' id='word_1_854' title='bbox 1385 5547 1508 5585; x_wconf 75' lang='lat' dir='ltr'><strong>mss.</strong></span> <span class='ocrx_word' id='word_1_855' title='bbox 1542 5531 1719 5603; x_wconf 83' lang='lat' dir='ltr'><strong>cogito</strong></span> <span class='ocrx_word' id='word_1_856' title='bbox 1756 5530 1985 5603; x_wconf 59' lang='lat' dir='ltr'><strong>ettnala</strong></span> <span class='ocrx_word' id='word_1_857' title='bbox 2017 5527 2172 5603; x_wconf 74' lang='lat'><strong>__““_</strong></span> <span class='ocrx_word' id='word_1_858' title='bbox 2189 5518 2482 5603; x_wconf 76' lang='lat' dir='ltr'><strong>Diligenter</strong></span> <span class='ocrx_word' id='word_1_859' title='bbox 2528 5523 2762 5603; x_wconf 71' lang='lat' dir='ltr'><strong>qualiter</strong></span> <span class='ocrx_word' id='word_1_860' title='bbox 2790 5518 3250 5603; x_wconf 39' lang='lat' dir='ltr'><strong>mss_.-dilig.et-Iter‘</strong></span> <span class='ocrx_word' id='word_1_861' title='bbox 3276 5518 3489 5603; x_wconf 73' lang='lat' dir='ltr'><strong>intueor</strong></span> 
     </span>
    </p>
   </div>
   <div class='ocr_carea' id='block_1_106' title="bbox 208 5588 3489 5670">
    <p class='ocr_par' dir='ltr' id='par_1_106' title="bbox 208 5588 3489 5670">
     <span class='ocr_line' id='line_1_107' title="bbox 208 5588 3489 5670; baseline -0.006 -12"><span class='ocrx_word' id='word_1_862' title='bbox 208 5588 463 5669; x_wconf 60' lang='lat' dir='ltr'><strong>qualiter</strong></span> <span class='ocrx_word' id='word_1_863' title='bbox 484 5620 583 5658; x_wconf 84' lang='lat' dir='ltr'><strong>ms.</strong></span> <span class='ocrx_word' id='word_1_864' title='bbox 629 5601 858 5656; x_wconf 79' lang='lat' dir='ltr'><strong>Val-(uc.</strong></span> <span class='ocrx_word' id='word_1_865' title='bbox 891 5588 1205 5670; x_wconf 50' lang='lat' dir='ltr'><strong>diligenvtins</strong></span> <span class='ocrx_word' id='word_1_866' title='bbox 1228 5601 1442 5655; x_wconf 92' lang='lat' dir='ltr'><strong>intueor</strong></span> <span class='ocrx_word' id='word_1_867' title='bbox 1480 5588 1714 5670; x_wconf 63' lang='lat' dir='ltr'><strong>qualiter</strong></span> <span class='ocrx_word' id='word_1_868' title='bbox 1818 5599 1910 5632; x_wconf 66' lang='lat'><strong>“3&quot;</strong></span> <span class='ocrx_word' id='word_1_869' title='bbox 1938 5597 2102 5670; x_wconf 82' lang='lat' dir='ltr'><strong>Valde</strong></span> <span class='ocrx_word' id='word_1_870' title='bbox 2150 5588 2523 5670; x_wconf 41' lang='lat' dir='ltr'><strong>formidandis.</strong></span> <span class='ocrx_word' id='word_1_871' title='bbox 2545 5588 2788 5670; x_wconf 59' lang='lat' dir='ltr'><strong>:omitfit,</strong></span> <span class='ocrx_word' id='word_1_872' title='bbox 2823 5590 2976 5644; x_wconf 86' lang='lat' dir='ltr'><strong>valde</strong></span> <span class='ocrx_word' id='word_1_873' title='bbox 3052 5588 3144 5620; x_wconf 76' lang='grc'>³³⁸⁵</span> <span class='ocrx_word' id='word_1_874' title='bbox 3176 5588 3405 5670; x_wconf 73' lang='lat' dir='ltr'><strong>Interius</strong></span> <span class='ocrx_word' id='word_1_875' title='bbox 3431 5595 3489 5640; x_wconf 92' lang='lat' dir='ltr'><strong>et</strong></span> 
     </span>
    </p>
   </div>
   <div class='ocr_carea' id='block_1_107' title="bbox 209 5659 3486 5739">
    <p class='ocr_par' dir='ltr' id='par_1_107' title="bbox 209 5659 3486 5739">
     <span class='ocr_line' id='line_1_108' title="bbox 209 5659 3486 5739; baseline -0.005 -9"><span class='ocrx_word' id='word_1_876' title='bbox 209 5659 361 5730; x_wconf 61' lang='lat' dir='ltr'><strong>foris</strong></span> <span class='ocrx_word' id='word_1_877' title='bbox 385 5690 511 5727; x_wconf 75' lang='lat' dir='ltr'><strong>mss.</strong></span> <span class='ocrx_word' id='word_1_878' title='bbox 538 5674 685 5728; x_wconf 87' lang='lat' dir='ltr'><strong>intus</strong></span> <span class='ocrx_word' id='word_1_879' title='bbox 713 5682 769 5726; x_wconf 88' lang='lat' dir='ltr'><strong>et</strong></span> <span class='ocrx_word' id='word_1_880' title='bbox 799 5673 932 5726; x_wconf 89' lang='lat' dir='ltr'><strong>foris</strong></span> <span class='ocrx_word' id='word_1_881' title='bbox 989 5659 1099 5701; x_wconf 53' lang='lat' dir='ltr'><strong>Vm“</strong></span> <span class='ocrx_word' id='word_1_882' title='bbox 1125 5671 1204 5723; x_wconf 85' lang='lat' dir='ltr'><strong>Ad</strong></span> <span class='ocrx_word' id='word_1_883' title='bbox 1227 5671 1456 5725; x_wconf 88' lang='lat' dir='ltr'><strong>salutem</strong></span> <span class='ocrx_word' id='word_1_884' title='bbox 1489 5659 1614 5723; x_wconf 68' lang='lat' dir='ltr'><strong>im</strong></span> <span class='ocrx_word' id='word_1_885' title='bbox 1658 5672 1725 5723; x_wconf 91' lang='lat' dir='ltr'><strong>ad</strong></span> <span class='ocrx_word' id='word_1_886' title='bbox 1754 5670 1986 5739; x_wconf 89' lang='lat' dir='ltr'><strong>aliquam</strong></span> <span class='ocrx_word' id='word_1_887' title='bbox 2019 5667 2246 5739; x_wconf 85' lang='lat' dir='ltr'><strong>salutem</strong></span> <span class='ocrx_word' id='word_1_888' title='bbox 2276 5737 2285 5739; x_wconf 19' lang='grc'><strong><em>4</em></strong></span> <span class='ocrx_word' id='word_1_889' title='bbox 2325 5665 2414 5739; x_wconf 57' lang='grc' dir='ltr'><strong>ξ³⁸⁷</strong></span> <span class='ocrx_word' id='word_1_890' title='bbox 2444 5665 2560 5720; x_wconf 89' lang='lat' dir='ltr'><strong>Dici</strong></span> <span class='ocrx_word' id='word_1_891' title='bbox 2589 5664 2732 5739; x_wconf 85' lang='lat' dir='ltr'><strong>quod</strong></span> <span class='ocrx_word' id='word_1_892' title='bbox 2774 5663 2972 5715; x_wconf 88' lang='lat' dir='ltr'><strong>bonum</strong></span> <span class='ocrx_word' id='word_1_893' title='bbox 2999 5673 3120 5739; x_wconf 42' lang='lat' dir='ltr'><strong>ego.</strong></span> <span class='ocrx_word' id='word_1_894' title='bbox 3141 5673 3262 5714; x_wconf 89' lang='lat' dir='ltr'><strong>cum</strong></span> <span class='ocrx_word' id='word_1_895' title='bbox 3312 5659 3486 5716; x_wconf 85' lang='lat' dir='ltr'><strong>habeo</strong></span> 
     </span>
    </p>
   </div>
   <div class='ocr_carea' id='block_1_108' title="bbox 211 5729 3206 5814">
    <p class='ocr_par' dir='ltr' id='par_1_108' title="bbox 211 5729 3206 5814">
     <span class='ocr_line' id='line_1_109' title="bbox 211 5729 3206 5814; baseline -0.006 -13"><span class='ocrx_word' id='word_1_896' title='bbox 211 5729 325 5801; x_wconf 70' lang='lat' dir='ltr'><strong>nis.</strong></span> <span class='ocrx_word' id='word_1_897' title='bbox 349 5742 503 5801; x_wconf 85' lang='lat' dir='ltr'><strong>Corb.</strong></span> <span class='ocrx_word' id='word_1_898' title='bbox 535 5743 662 5807; x_wconf 89' lang='lat' dir='ltr'><strong>dici,</strong></span> <span class='ocrx_word' id='word_1_899' title='bbox 693 5743 835 5814; x_wconf 88' lang='lat' dir='ltr'><strong>quod</strong></span> <span class='ocrx_word' id='word_1_900' title='bbox 865 5757 962 5812; x_wconf 83' lang='lat' dir='ltr'><strong>ego</strong></span> <span class='ocrx_word' id='word_1_901' title='bbox 991 5755 1096 5796; x_wconf 87' lang='lat' dir='ltr'><strong>non</strong></span> <span class='ocrx_word' id='word_1_902' title='bbox 1125 5739 1295 5796; x_wconf 88' lang='lat' dir='ltr'><strong>habeo</strong></span> <span class='ocrx_word' id='word_1_903' title='bbox 1321 5757 1444 5795; x_wconf 79' lang='lat' dir='ltr'><strong>mss.</strong></span> <span class='ocrx_word' id='word_1_904' title='bbox 1491 5739 1624 5795; x_wconf 79' lang='lat' dir='ltr'><strong>Vict.</strong></span> <span class='ocrx_word' id='word_1_905' title='bbox 1653 5753 1700 5792; x_wconf 79' lang='lat' dir='ltr'><strong>et</strong></span> <span class='ocrx_word' id='word_1_906' title='bbox 1744 5729 1972 5794; x_wconf 36' lang='lat' dir='ltr'><strong>l&#39;altluc.</strong></span> <span class='ocrx_word' id='word_1_907' title='bbox 2012 5737 2117 5795; x_wconf 88' lang='lat' dir='ltr'><strong>dici</strong></span> <span class='ocrx_word' id='word_1_908' title='bbox 2148 5737 2289 5807; x_wconf 91' lang='lat' dir='ltr'><strong>quod</strong></span> <span class='ocrx_word' id='word_1_909' title='bbox 2331 5736 2554 5802; x_wconf 89' lang='lat' dir='ltr'><strong>bonum,</strong></span> <span class='ocrx_word' id='word_1_910' title='bbox 2582 5729 2725 5804; x_wconf 83' lang='lat' dir='ltr'><strong>quod</strong></span> <span class='ocrx_word' id='word_1_911' title='bbox 2769 5745 2866 5801; x_wconf 79' lang='lat' dir='ltr'><strong>ego</strong></span> <span class='ocrx_word' id='word_1_912' title='bbox 2896 5744 3002 5785; x_wconf 91' lang='lat' dir='ltr'><strong>non</strong></span> <span class='ocrx_word' id='word_1_913' title='bbox 3035 5729 3206 5785; x_wconf 85' lang='lat' dir='ltr'><strong>habeo</strong></span> 
     </span>
    </p>
   </div>
  </div>
