4048 6288
581 315 684 371 915

936 316 995 372 S.
1034 317 1334 376 ANSELMI
1369 319 1720 377 CANTUAR.
1755 321 2071 378 ARCIIIEP.
2114 319 2267 376 OPP.
2312 320 2490 400 PARS
2523 321 2676 378 ll.-
2701 322 3071 379 I‘ARIENET.
3116 324 3204 380 ET
3237 324 3481 383 ASCET.

3733 324 3838 389 916

655 431 748 485 Est
792 431 938 486 enim
983 433 1126 488 Deus
1174 435 1293 502 pius
1326 434 1417 468 ⁸³³⁸
1459 445 1515 491 et
1563 438 1892 500 misericors.
1927 447 1984 492 et
2018 436 2163 491 nullo
2195 439 2238 495 Α
2270 438 2414 492 nullo
2445 440 2753 509 srparabat,
2784 440 3108 495 intolerabili
3136 441 3320 496 dolore
3367 441 3724 498 afﬁciebatur.
3756 443 3840 506 Et.

581 524 745 578 modo
775 537 1082 580 creaturam
1135 541 1288 580 suam
1327 531 1555 598 perdere
1598 531 1818 596 volens,
1850 532 1944 586 sed
1989 533 2164 587 modis

580 613 836 668 erunibus
859 622 916 667 ut
944 615 1010 666 ad
1036 614 1293 683 pietatem
1323 634 1474 672 suam
1500 619 1711 685 redeat,
1733 621 2166 676 misericorditer

580 717 810 757 monens
841 703 952 756 "3’.
987 703 1260 771 Quantum
1288 723 1418 762 vero
1447 725 1600 764 suam
1627 719 1933 778 creaturam
1955 711 2162 781 diligat,

580 800 843 858 quantum
875 793 1078 850 invitus
1103 811 1222 851 eam
1245 800 1456 867 perdat,
1481 800 1532 853 iu
1556 800 1659 855 hoc
1679 801 1950 857 veraciter
1974 810 2163 857 osten-

580 883 681 948 dit,
709 900 834 939 cum
868 885 960 918 “9°
983 887 1050 942 de
1079 889 1218 944 casio
1251 891 1304 944 in
1359 901 1558 946 terram
1599 893 1897 958 descendit,
1924 909 2044 949 cum
2076 893 2164 949 ille

579 973 674 1044 qui
719 975 839 1030 sine
881 977 1037 1033 initio
1082 989 1223 1047 erat,
1270 981 1482 1036 initium
1525 999 1624 1051 pro
1666 999 1852 1039 amore
1900 994 2164 1039 creatura:

582 1063 787 1120 habere
816 1066 1008 1133 voluit,
1038 1068 1338 1140 limumque
1360 1073 1505 1128 unde
1536 1089 1635 1129 nos
1658 1073 1786 1129 fecit
1812 1091 1910 1146 pro
1951 1076 2163 1131 redem-

578 1156 768 1224 ptione
814 1169 1000 1214 nostra
1033 1164 1349 1232 assumpsit,
1378 1174 1432 1219 et
1477 1166 1649 1235 ipsum
1705 1166 1914 1230 limum,
1955 1167 2165 1222 scilicet

577 1260 798 1301 carnem
827 1264 1002 1316 suam,
1033 1266 1194 1320 quam
1235 1269 1333 1323 pro
1363 1255 1516 1308 nobis
1537 1257 1847 1326 assumpsit,
1876 1266 2160 1327 postquam

577 1351 678 1405 per
733 1341 1040 1408 passionem
1091 1343 1270 1399 crucis
1320 1344 1372 1398 in
1421 1345 1588 1415 ipsius
1631 1347 1809 1402 crucis
1866 1363 1960 1401 ara
2025 1350 2163 1405 bene

582 1439 806 1484 excocta
857 1441 971 1497 est,
1018 1433 1173 1488 nobis
1217 1435 1285 1489 ad
1337 1438 1774 1492 manducandum
1822 1441 2053 1509 porrigit
2109 1449 2164 1496 et

578 1514 752 1586 ipsius
805 1521 983 1573 carnis
1047 1524 1308 1593 sanguine
1375 1523 1616 1593 ejusdem
1675 1529 1854 1583 crucis
1905 1530 2160 1585 torculari

576 1623 840 1677 expresso
868 1611 994 1664 dum
1024 1628 1122 1668 nos
1150 1623 1320 1682 potat,
1346 1616 1492 1671 sitim
1515 1620 1709 1674 animae
1729 1629 1927 1676 nostra:
1954 1623 2162 1677 exstin-

576 1699 713 1767 guit.
744 1698 896 1755 Hanc
923 1713 1104 1758 autem
1138 1720 1359 1761 carnem
1391 1710 1562 1764 nostri
1611 1710 1991 1782 Redemptoris
2034 1728 2158 1768 cum

577 1791 973 1850 manducamus
1027 1806 1084 1852 et
1138 1800 1463 1867 sanguinem
1519 1800 1788 1867 bibimus,
1849 1818 1972 1858 cum
2028 1803 2158 1859 limo

572 1893 762 1939 nostro
807 1886 1120 1953 miscenms,
1163 1899 1220 1945 et
1249 1891 1315 1946 de
1343 1891 1447 1947 hoe
1480 1893 1634 1962 quasi
1679 1893 1770 1926 ¹³⁹¹
1807 1895 2158 1965 emplastrum

574 1972 842 2030 facientes
869 1987 1180 2048 nostraeque
1205 1981 1402 2037 animae
1433 1982 1842 2039 infirmitatibus
1875 1985 1966 2018 ¹⁸⁹²
1991 2002 2160 2057 appo-

571 2070 804 2130 nentes,
853 2066 896 2120 si
935 2066 1098 2136 digne
1131 2070 1432 2135 sumimus,
1459 2087 1621 2126 omne
1651 2074 1896 2142 protinus
1923 2076 2066 2144 quod
2091 2077 2158 2133 ad

573 2153 939 2211 damnationis
968 2158 1268 2227 periculum
1298 2177 1396 2216 nos
1424 2164 1687 2231 pertrahit
1717 2181 1784 2220 ex
1811 2165 2158 2224 interioribus

575 2245 769 2299 animae
794 2258 994 2301 nostra:
1017 2249 1349 2318 projicimus.
1379 2252 1423 2308 Ο
1445 2253 1709 2308 immensa
1739 2255 1948 2310 Domini
1984 2257 2154 2312 nostri

572 2331 625 2388 J.
650 2333 711 2389 C.
740 2335 940 2404 pietas!
973 2353 1007 2392 o
1029 2339 1346 2397 admiranda
1376 2349 1430 2397 et
1455 2341 1738 2400 ineffabilis
1759 2345 2150 2402 misericordia!

571 2425 632 2479 Si
660 2425 866 2496 aliquis
885 2438 1079 2498 potens
1106 2431 1290 2498 homo,
1317 2448 1438 2488 cum
1471 2449 1663 2506 magno
1689 2437 1949 2492 comitatu
1976 2439 2154 2494 homi-

567 2530 699 2569 num
723 2531 975 2586 pergens,
1021 2518 1162 2576 forte
1183 2519 1340 2590 juxta
1373 2523 1513 2578 viam
1543 2540 1639 2594 per
1669 2541 1833 2596 quam
1874 2529 2152 2594 transiret,

573 2607 632 2661 in
657 2606 838 2678 aliquo
861 2624 1021 2666 coeno
1062 2612 1296 2682 aliquem
1335 2630 1627 2686 pauperem
1661 2598 1972 2674 immersum
2005 2617 2156 2674 vide-

567 2707 676 2762 ret,
699 2699 792 2768 qui
812 2715 876 2754 se
897 2716 994 2770 per
1037 2703 1274 2774 seipsum
1309 2706 1458 2762 nullo
1479 2709 1639 2762 modo
1661 2709 1952 2764 extrahere
1974 2720 2156 2780 posset

569 2789 640 2842 de
685 2789 776 2844 illo
810 2805 968 2846 emno
1011 2793 1067 2847 in
1108 2810 1217 2864 quo
1261 2795 1551 2852 immersus
1596 2807 1768 2860 esset,
1803 2800 2156 2856 miseratione

569 2892 751 2938 motus
787 2884 1035 2939 eumdem
1066 2901 1356 2955 pauperem
1384 2904 1481 2958 per
1501 2891 1735 2959 seipsum
1771 2891 1837 2946 de
1867 2891 1957 2946 illo
2000 2907 2155 2948 emno

570 2973 910 3039 extraheret,
953 2975 1082 3029 nulli
1127 2977 1348 3032 dubium
1403 2981 1532 3048 quin
1586 2981 1893 3050 hujusmodi
1948 2998 2155 3055 magna:

573 3064 966 3120 misericordiae
991 3081 1304 3136 magnaeque
1330 3069 1548 3138 pietatis
1579 3073 1646 3124 ab
1675 3073 1926 3128 omnibus
1959 3074 2154 3144 prtedi-
2182 3103 2228 3166 ϐ

570 3164 811 3221 caretur,
843 3157 1053 3227 magnis
1096 3155 1348 3214 laudibus
1387 3160 1456 3215 ab
1492 3163 1745 3218 omnibus
1792 3174 1999 3220 rectum
2029 3181 2154 3221 sen-

570 3260 691 3299 sum
739 3245 1065 3303 habentibus
1107 3250 1480 3307 extolleretur.
1525 3253 1594 3308 Et
1637 3263 1839 3323 quanto
1881 3256 1986 3312 hoc
2019 3272 2156 3327 opus

570 3336 960 3393 misericordiae
1005 3355 1104 3409 pro
1149 3356 1386 3412 paupere
1434 3351 1489 3398 et
1532 3345 1692 3415 inope
1725 3345 1964 3413 fecisset,
2005 3358 2156 3405 tanto

569 3426 690 3495 plus
731 3427 852 3497 pius
900 3439 954 3485 et
1003 3430 1314 3487 misericors
1353 3435 1605 3491 omnibus
1651 3436 1756 3506 piis
1791 3446 1846 3492 et
1884 3439 2155 3493 veraciter

571 3515 898 3572 Christianis
953 3530 1262 3588 appareret.
1312 3521 1452 3588 Quid
1505 3539 1669 3596 ergo,
1721 3529 1849 3596 quid
1895 3529 2154 3584 aestimari

569 3608 733 3662 debet
757 3609 824 3662 de
850 3623 1038 3678 magna
1070 3611 1282 3666 Domini
1329 3616 1499 3669 nostri
1541 3615 1667 3671 Jesu
1699 3617 1900 3672 Christi
1931 3620 2152 3688 pietate,

569 3700 643 3756 de
673 3688 927 3754 ineffabili
963 3700 1078 3768 ejus
1101 3703 1474 3759 misericordia
1504 3715 1559 3762 et
1587 3707 1875 3774 cliaritate,
1910 3711 2002 3779 qui
2030 3727 2152 3765 cum

570 3789 690 3859 ipse
721 3790 838 3845 sine
868 3789 1022 3844 initio
1053 3792 1142 3857 sit,
1175 3800 1229 3846 et
1263 3795 1491 3849 mortale
1516 3795 1730 3851 initium
1771 3807 1826 3852 et
1855 3801 2156 3856 mortalita-

571 3891 680 3934 tem
711 3881 942 3948 sumpsit
973 3897 1072 3952 pro
1097 3897 1358 3953 paupere,
1385 3894 1440 3940 et
1480 3885 1620 3941 ultra
1660 3888 1876 3942 modum
1916 3905 2154 3960 paupere

494 4011 504 4022 .
567 3977 624 4024 et
649 3969 828 4039 inope,
859 3979 916 4024 ut
943 3971 1091 4026 illum
1130 3976 1444 4030 extraheret
1484 3977 1550 4032 de
1593 3978 1969 4036 sordidissimo
1997 3999 2154 4038 coeno

565 4063 804 4130 peccati,
853 4063 906 4116 in
945 4079 1053 4132 quo
1100 4065 1337 4135 seipsum
1388 4068 1731 4125 immerserat
1770 4072 1861 4103 ⁸³⁸³
1890 4073 2057 4127 miser
2099 4083 2155 4130 et

566 4154 793 4209 infelix?
821 4153 1026 4211 Praeter
1067 4157 1190 4222 hoc,
1225 4158 1392 4214 miser
1434 4160 1524 4193 ³³⁸⁸
1553 4161 1716 4216 homo
1747 4171 1950 4217 tantam
1979 4163 2156 4218 infeli-

570 4244 790 4300 citatem
838 4247 1164 4315 patiebatur,
1209 4251 1394 4320 sicque
1423 4251 1708 4308 infeliciter
1737 4255 1790 4309 in
1829 4256 1960 4324 ipsis
1997 4271 2156 4311 vora-

570 4334 786 4404 ginibus
831 4347 1046 4392 eterna:
1087 4341 1404 4409 perditionis
1433 4353 1554 4398 erat
1583 4345 1902 4412 immersus,
1943 4350 2152 4420 magnis

2266 531 2310 585 si
2361 532 2561 587 diutius
2596 532 2908 589 differretur
2947 536 3090 604 quod
3143 536 3211 591 ab
3256 536 3438 606 aliquo
3491 539 3843 594 misericorde

2267 621 2558 690 aliquando
2605 623 2975 678 misericordia
3020 626 3068 679 ei
3123 641 3226 680 non
3274 627 3700 695 impenderetur,
3735 627 3840 695 jam

2265 711 2334 765 ab
2363 711 2495 780 ipsis
2535 713 2770 767 miseriis
2813 723 3028 769 :eternze
3064 716 3382 784 perditionis
3422 717 3844 786 irreparahiliter

2267 808 2593 854 moreretur.
2621 802 2781 856 Venit
2809 803 2900 834 “9‘
2930 803 3239 860 misericors
3261 806 3492 860 Creator
3522 804 3840 862 ineffabilem

2265 890 2522 960 pietatem
2569 892 2776 947 habens
2807 894 2875 948 ad
2930 894 3074 949 hunc
3105 911 3249 965 perc
3275 905 3446 950 torem
3486 896 3542 950 in
3580 895 3694 950 luto
3723 913 3843 966 pec-

2265 990 2506 1036 catorum
2553 981 2860 1052 jacentem;
2913 1001 3019 1040 non
3077 987 3390 1056 exspolians
3428 1003 3491 1042 se
3533 988 3843 1043 indumento

2264 1072 2448 1142 gloriae
2475 1088 2607 1140 sum,
2632 1075 2806 1130 induit
2836 1092 3042 1146 pannos
3071 1079 3301 1133 miseriae
3329 1088 3547 1134 nostrae.
3581 1079 3843 1149 Venitque

2265 1162 2410 1215 velut
2457 1164 2844 1220 mundissimus
2890 1166 2983 1220 Sol
3029 1182 3124 1236 per
3171 1168 3318 1237 ipsos
3359 1169 3591 1239 fetores,
3649 1171 3842 1224 nullam

2267 1261 2445 1305 tamen
2498 1255 3013 1309 contaminatioucm
3050 1255 3238 1312 fetoris
3279 1259 3512 1327 patiens,
3561 1274 3739 1329 usque
3783 1262 3842 1314 ad

2264 1341 2436 1410 ipsum
2475 1342 2730 1397 miserum
2760 1356 3134 1415 peccatorem,
3181 1364 3415 1418 eumque
3442 1350 3512 1404 ab
3550 1351 3683 1420 ipsis
3722 1353 3844 1406 feto-

2265 1432 2414 1486 ribus
2455 1441 2763 1502 extergens,
2819 1438 2990 1490 tenuit
3020 1452 3118 1506 per
3159 1437 3475 1505 brachium,
3523 1443 3766 1503 extraxit
3798 1443 3842 1495 iu

2262 1524 2502 1592 planum.
2537 1525 2852 1580 Extractum
2885 1541 3012 1582 vero
3045 1529 3109 1583 de
3150 1529 3268 1583 lacu
3300 1532 3526 1585 miserim
3559 1533 3707 1596 etde
3742 1533 3841 1586 luto

2261 1613 2408 1684 fa'cis
2446 1613 2615 1683 (Psal.
2642 1631 2840 1683 χχχιι,
2868 1618 2948 1688 5),
2990 1619 3190 1671 cibavit
3225 1636 3362 1689 pane
3403 1619 3673 1689 sapientiae
3708 1623 3844 1673 Solu-

2262 1707 2392 1761 taris
2424 1704 2613 1778 (Eccli.
2639 1724 2726 1772 xv,
2753 1709 2831 1779 5),
2863 1718 2916 1764 et
2935 1720 3058 1780 post
3079 1711 3214 1774 haec,
3239 1711 3353 1779 ipsa
3379 1725 3476 1764 sua
3499 1726 3664 1765 carne
3686 1727 3839 1781 quam

2189 1769 2233 1828 Β
2261 1810 2360 1865 pro
2404 1795 2522 1866 ejus
2551 1798 2924 1869 redemptione
2967 1807 3302 1867 susceperat,
3342 1810 3399 1854 et
3441 1814 3540 1854 suo
3587 1801 3842 1870 sanguine

2259 1888 2352 1958 qui
2381 1903 2478 1958 pro
2503 1889 2820 1945 remissione
2859 1899 3206 1958 peccatorum
3232 1889 3385 1943 fusus
3408 1899 3516 1958 est,
3550 1889 3756 1944 cibavit
3790 1899 3838 1946 et

2259 1979 2494 2049 potavit;
2523 1989 2578 2035 et
2605 1980 2685 2034 sic
2719 1979 3079 2036 refocillatum
3122 1980 3190 2035 ab
3219 1979 3351 2049 ipsis
3388 1980 3698 2046 doloribus,
3728 1981 3836 2050 qui-

2257 2071 2360 2125 bus
2387 2079 2498 2124 tam
2538 2071 2778 2139 graviter
2822 2070 3144 2138 vexabatur,
3185 2069 3475 2140 mitigavit.
3516 2068 3645 2124 ch
3669 2082 3836 2125 autem

2259 2176 2389 2216 caro
2433 2175 2595 2230 quam
2648 2161 2698 2215 ei
2748 2163 2816 2216 ad
2867 2160 3302 2216 manducandum
3349 2159 3499 2215 dedit
3549 2162 3618 2215 de
3654 2171 3836 2214 natura

2257 2252 2496 2324 ejusdem
2524 2251 2638 2307 limi
2665 2251 2767 2307 f'uit
2795 2252 2938 2333 unde
2967 2252 3203 2322 primum
3239 2250 3512 2306 hominem
3536 2251 3836 2320 plasmavi',

2258 2359 2417 2414 quem
2442 2343 2509 2397 ad
2558 2343 2845 2412 imaginem
2872 2354 2927 2398 et
2956 2343 3364 2398 similitudinem
3406 2358 3559 2398 suam
3604 2344 3834 2406 CI'CJVil;

2257 2447 2422 2502 quam
2469 2432 2906 2497 similitudinem,
2947 2448 3110 2502 quam
3146 2433 3259 2503 ipse
3302 2432 3510 2503 primus
3561 2432 3728 2486 homo
3755 2431 3836 2463 ⁸³⁷⁸

2255 2538 2356 2595 per
2384 2538 2536 2585 suam
2566 2523 2778 2592 culpam
2809 2523 3156 2592 defiguravit,
3190 2537 3287 2592 per
3317 2523 3502 2577 carnis
3527 2537 3640 2577 sua:
3668 2534 3836 2574 come.

2257 2613 2486 2669 stionem
2535 2613 2651 2678 ¹³⁹⁷,
2695 2622 3009 2683 rectamque
3052 2613 3213 2668 fidem
3251 2613 3318 2666 ad
3374 2612 3644 2682 integrum
3674 2612 3836 2666 refor-

2257 2705 2456 2772 mavit;
2487 2705 2628 2760 hanc
2672 2720 2804 2760 vero
2839 2720 3082 2768 carnem,
3111 2704 3194 2758 vel
3243 2702 3402 2773 hujus
3445 2704 3559 2758 limi
3599 2713 3835 2757 naturam

2255 2807 2542 2868 postquam
2586 2796 2838 2853 Christus
2887 2812 3081 2867 passus
3123 2804 3205 2852 est
3239 2796 3291 2850 in
3335 2811 3524 2859 cruce,
3559 2803 3835 2865 postquam

2256 2890 2556 2945 resurrexit
2580 2890 2738 2945 tertia
2769 2889 2878 2954 die,
2916 2889 2982 2942 ad
3007 2888 3174 2943 celos
3195 2897 3440 2958 portans,
3467 2887 3535 2940 ad
3565 2887 3835 2940 dexteram

2255 2983 2434 3038 Patris
2467 2981 2774 3045 collocavit,
2797 2981 2956 3051 eique
2976 2979 3402 3033 dominationem
3429 2993 3596 3047 super
3629 2977 3838 3046 angelos

2257 3084 2312 3130 et
2337 3073 2693 3144 archangelos
2718 3072 2960 3128 donavit.
2988 3072 3127 3125 Ecce
3149 3069 3329 3134 limus,
3358 3070 3449 3139 qui
3473 3085 3571 3138 per
3593 3077 3834 3122 naturam

2258 3183 2410 3224 suam
2441 3167 2494 3221 in
2534 3175 2678 3220 terra
2704 3179 2921 3234 semper
2943 3164 3203 3225 adlueret,
3228 3178 3257 3215 a
3277 3160 3640 3230 Redemptore
3662 3168 3838 3214 nostro

2257 3257 2312 3311 in
2353 3257 2491 3311 coelo
2523 3263 2793 3326 portatus,
2835 3254 3008 3322 ipsum
3049 3250 3144 3284 ¹³⁹⁸
3179 3249 3376 3304 cmlum
3417 3258 3472 3302 et
3508 3249 3686 3302 omnia
3724 3261 3837 3316 qua:

2258 3345 2311 3400 in
2341 3361 2407 3400 eo
2437 3354 2566 3400 sunt
2591 3344 2692 3400 sub
2719 3343 2959 3399 dominio
2987 3356 3088 3396 suo
3119 3340 3302 3395 habet.
3335 3339 3416 3393 Ad
3459 3354 3619 3408 quem
3649 3337 3833 3390 limum

2257 3454 2417 3494 nemo
2454 3437 2626 3493 fidelis
2667 3445 2848 3506 potest
2878 3435 2963 3490 vel
3003 3435 3201 3505 poterit
3233 3433 3550 3495 ascendere,
3586 3431 3684 3486 nisi
3715 3446 3831 3484 cum

2256 3531 2407 3601 prius
2457 3537 2612 3584 curet
2656 3530 2710 3584 in
2758 3537 2902 3583 terra
2946 3527 3242 3582 salubriter
3288 3525 3577 3580 comedere
3623 3525 3835 3593 ejusque

2255 3620 2571 3692 sanguinem
2614 3621 2824 3675 bibere.
2873 3618 3043 3686 Hujus
3091 3617 3275 3673 carnis
3323 3624 3377 3672 ct
3421 3616 3702 3686 sanguinis
3739 3629 3834 3684 ego

2257 3712 2652 3781 qualiscunque
2706 3709 2956 3764 minister
3005 3719 3060 3763 et
3115 3707 3400 3770 sacerdos,
3451 3707 3580 3760 dum
3637 3714 3832 3758 tantam

2256 3805 2511 3874 pietatem
2549 3809 2819 3868 tantazque
2843 3799 3065 3869 pietatis
3095 3799 3436 3854 dulcedinem
3467 3795 3831 3865 Redemptoris

2256 3892 2428 3948 nostri
2477 3907 2605 3962 erga
2656 3898 2962 3946 creaturam
3019 3905 3172 3944 suam
3228 3887 3542 3957 conspicio,
3598 3888 3661 3941 de
3719 3884 3831 3952 ejus

2258 3985 2522 4039 immensa
2559 3983 2802 4037 bonitate
2842 3997 2952 4036 non
2993 3980 3192 4036 diﬂldo.
3243 3980 3517 4035 Succurre
3553 3992 3703 4048 ergo,
3734 3975 3832 4029 Do-

2258 4074 2404 4128 mine
2429 4072 2552 4126 Jesu
2583 4071 2819 4135 Christe,
2857 4085 3118 4126 succurre
3149 4077 3240 4123 tuo
3280 4067 3585 4130 sacerdoti,
3628 4064 3830 4132 indulge

2257 4163 2374 4232 ejus
2419 4163 2659 4232 peccatis
2708 4170 2871 4231 atque
2921 4161 3166 4224 delictis,
3217 4167 3277 4213 ut
3320 4158 3482 4228 digne
3530 4157 3725 4211 valeam
3755 4155 3827 4208 tui

2257 4256 2504 4325 corporis
2529 4264 2584 4309 et
2607 4253 2886 4324 sanguinis
2917 4253 3234 4323 mysterium
3264 4250 3544 4305 celebrare
3563 4290 3578 4312 ,
3606 4256 3657 4302 et
3676 4247 3828 4313 digne

2257 4345 2546 4402 celebrans
2575 4344 2819 4414 corporis
2853 4342 2925 4396 tui
2958 4351 3012 4396 et
3059 4340 3338 4409 sanguinis
3366 4338 3648 4393 veritatem
3675 4334 3828 4399 digne

571 4429 839 4497 angustiis
882 4431 1199 4500 magnisque
1247 4435 1524 4492 doloribus
1571 4437 1730 4495 famis
1773 4449 1829 4495 et
1875 4441 1994 4496 sitis
2036 4453 2154 4499 erat
2186 4435 2544 4495 Dcomedere
2581 4440 2628 4485 e'
2679 4433 2885 4500 bibere,
2914 4440 2969 4485 et
3013 4432 3094 4486 Sic
3139 4445 3308 4498 υείιιιο
3355 4430 3408 4482 Ῐιι
3449 4427 3609 4484 ﬁne“
3637 4424 3826 4494 ἱυὲίιθτ

571 4533 882 4588 oppressura.
910 4521 984 4574 Ex
1009 4537 1113 4577 una
1137 4524 1300 4599 igitur
1326 4535 1476 4593 parte
1500 4527 1891 4584 intolerabilem
1920 4529 2147 4586 fetorem

569 4608 739 4675 caeni,
772 4609 824 4664 in
853 4625 959 4680 quo
980 4621 1100 4668 erat
1126 4613 1434 4680 immersus,
1457 4618 1691 4686 patiens,
1722 4621 1888 4691 266
1909 4635 1972 4676 ex
2000 4631 2152 4690 parte

565 4700 773 4766 altera,
829 4703 921 4772 qui
969 4700 1089 4771 ejus
1135 4704 1370 4760 miseriae
1419 4719 1472 4762 et
1521 4709 1690 4764 dolori
1751 4720 2153 4781 compateretur

564 4795 771 4848 nullum
803 4794 1102 4862 inveniens,
1146 4809 1256 4855 tam
1285 4817 1352 4856 ex
1385 4800 1572 4856 fetenti
1603 4818 1761 4858 coeno
1787 4804 1840 4858 in
1871 4821 1978 4876 quo
2002 4805 2150 4875 jace-

560 4889 658 4943 bat
701 4905 860 4959 quam
911 4907 980 4948 ex
1031 4892 1411 4966 desperatione
1464 4895 1848 4953 consolationis
1904 4913 2066 4970 quam
2117 4913 2149 4954 a

2254 4540 2644 4597 perseverans,
2675 4525 2741 4578 ad
2772 4532 2824 4577 te
2851 4531 2971 4592 post
3010 4528 3239 4575 mortem
3265 4518 3446 4573 carnis
3472 4517 3670 4571 valeam
3709 4528 3825 4583 per-

2255 4624 2461 4686 venire,
2495 4622 2606 4687 ubi,
2635 4637 2740 4676 non
2769 4636 2866 4690 per
2891 4618 3196 4684 intervalla,
3226 4617 3366 4672 sicut
3395 4617 3579 4681 modo,
3608 4614 3692 4670 sed
3711 4610 3823 4707 sine

2257 4711 2657 4768 intermissione
2697 4724 2820 4763 cum
2863 4707 3068 4763 sanctis
3111 4705 3365 4761 omnibus
3416 4714 3470 4758 te
3519 4705 3684 4773 ipsum
3729 4705 3820 4765 qui

2253 4805 2458 4859 veritas
2492 4811 2548 4858 et
2575 4803 2684 4856 vita
2729 4815 2789 4857 es
2833 4799 3034 4870 possim
3085 4797 3368 4854 comedere
3412 4806 3467 4852 et
3516 4796 3691 4851 bibere
3727 4789 3823 4826 ¹³⁹⁹

2249 4898 2442 4952 Amen.

1858 5051 2091 5109 VARUE
2132 5051 2536 5110 LECTIONES.

641 5192 734 5224 ’³⁸⁸
750 5181 853 5246 Est
871 5191 1015 5244 enim
1033 5191 1172 5247 Deus
1184 5191 1304 5261 pius
1315 5209 1441 5246 mss.
1460 5199 1540 5246 est
1560 5191 1703 5247 enim
1725 5191 1846 5261 pius
1922 5193 2012 5226 ‘3”
2037 5193 2257 5249 Moncus
2279 5211 2379 5247 ms.
2401 5192 2536 5248 Vict.
2554 5180 2776 5246 movens
2809 5260 2812 5261 ν
2851 5189 2943 5221 ¹³⁹⁰
2963 5188 3297 5253 Ostenditur,
3316 5201 3438 5242 cum
3457 5202 3581 5261 mss.
3598 5177 3824 5259 ostendit

557 5277 683 5318 cum
762 5261 853 5294 ““
889 5263 964 5316 De
992 5262 1092 5317 hoc
1125 5277 1338 5332 quoque
1366 5279 1494 5318 mss.
1523 5264 1590 5317 de
1626 5263 1728 5318 hoc
1758 5264 1912 5331 quasi

2027 5265 2118 5295 “9'
2155 5264 2470 5332 Nostrisque
2517 5260 2926 5317 infirmitatibus
2957 5277 3081 5332 mss.
3129 5249 3442 5332 nostraaque
3490 5249 3825 5332 animmnin;

558 5317 916 5386 firmitatibus
990 5331 1084 5363 ¹³⁹³
1114 5317 1421 5386 ιῖιιιὴῖερηιι
1458 5317 1584 5386 mss.
1627 5317 1976 5390 immerserat
2053 5333 2141 5366 ‘3“
2167 5317 2396 5402 Propter
2425 5334 2527 5387 hoc
2579 5332 2914 5402 misermss.
2967 5330 3134 5402 omiu.
3165 5317 3390 5398 propter
3428 5327 3532 5402 hoc
3570 5317 3827 5402 πηγαί-

562 5401 671 5473 luc.
704 5409 902 5473 praeter
931 5403 1034 5473 hoc
1057 5402 1222 5456 miser
1296 5403 1386 5436 ⁸³⁸⁸
1412 5403 1570 5458 Venit
1593 5419 1721 5473 ergo
1748 5420 1873 5458 mss.
1898 5405 2066 5459 omitt.
2089 5419 2151 5459 er

562 5421 671 5457 mc.
704 5421 902 5470 praeter
933 5421 1034 5456 llOC
1057 5421 1222 5456 miser
1298 5421 1386 5436 “’"'
1422 5421 1570 5458 VBIIIL
1593 5421 1721 5473 ergo
1748 5421 1873 5458 mss.
1898 5421 2066 5459 omut.
2089 5421 2195 5530 erg;

559 5468 724 5524 homo
801 5471 891 5503 “’7
923 5471 1385 5530 Comessationem
1411 5490 1538 5528 mss.
1567 5475 1957 5532 comestionem
2035 5475 2126 5508 ⁸³³⁸

560 5539 780 5606 addunt,
803 5541 975 5596 Amen

2188 5421 2220 5457 ο
2278 5391 2388 5435 ’⁸⁸9⁸
2415 5403 2587 5470 Quam
2621 5401 2737 5470 ipse
2765 5401 2926 5455 homo
2943 5399 3093 5467 prius
3114 5391 3585 5476 _m'ss.'quarn‘ip_s_e
3622 5391 3826 5476 prittllts

2199 5481 2407 5530 ortatus
2429 5466 2602 5543 ipsum
2639 5466 2764 5527 mss.
2810 5466 3078 5541 portatur,
3113 5466 3306 5539 ipsum
3368 5466 3462 5501 ¹³⁹⁹
3488 5466 3665 5522 bibere
3689 5473 3823 5512 mss.
