4048 6288
231 326 339 392 ρετ

692 441 950 500 ORATIO
988 440 1177 498 XXV”
1222 441 1334 494 "‘°°'.
1377 495 1381 498 λ

823 573 893 610 AD
930 570 1220 611 ειιιιιετυιι.

235 667 366 724 Cum
393 667 638 724 sacerdos
663 684 853 737 conpes
879 667 1071 720 Christi
1096 676 1143 721 et
1169 665 1474 737 sanguinem
1498 663 1552 716 in
1575 660 1814 737 inanibus

308 748 473 799 tenet,
513 730 789 807 tenerisque
827 736 1049 790 dulciter
1097 730 1400 790 recordetur
1443 748 1574 803 quos
1610 730 1816 785 dolores

305 810 361 862 in
397 824 550 861 cruce
577 823 671 878 pro
695 806 841 860 nobis
868 823 1053 875 passus
1079 815 1176 859 est.

307 897 659 964 Dulcissime,
689 904 744 952 et
785 911 947 967 super
993 897 1175 951 omnia
1213 895 1568 951 desideranda
1601 893 1817 962 deside-

237 987 405 1045 rande
435 995 492 1042 et
519 985 840 1042 suavissime
878 985 1005 1056 Jesu
1041 985 1291 1050 Christe,
1331 987 1520 1041 adesto
1547 985 1816 1055 supplica-

237 1081 369 1135 tioni
407 1093 563 1142 mere,
593 1087 647 1132 et
668 1076 877 1132 intende
904 1079 1015 1132 voci
1038 1078 1290 1132 orationis
1312 1092 1440 1131 mea:
1462 1074 1636 1148 (I’sat.
1662 1089 1712 1140 v,
1737 1073 1818 1145 '5),

232 1178 293 1226 et
347 1183 447 1240 per
497 1177 644 1222 tuam
689 1181 939 1236 magnam
983 1165 1412 1222 misericordiam
1470 1165 1705 1221 emunda
1753 1164 1821 1220 ab

233 1262 382 1318 omni
407 1261 819 1332 inquinamento
837 1260 1041 1329 peccati
1063 1259 1298 1314 animam
1329 1273 1528 1326 meam,
1553 1266 1611 1312 ut
1630 1257 1823 1328 dignus

234 1351 444 1423 possim
477 1350 739 1407 accedere
769 1349 834 1403 ad
868 1350 1150 1406 servitium
1201 1349 1277 1406 tui
1316 1349 1522 1415 altaris,
1556 1348 1824 1419 digneque

236 1451 480 1499 tractare
502 1441 817 1514 mysterium
839 1440 1083 1512 corporis
1104 1447 1159 1495 et
1180 1437 1456 1510 sanguinis
1480 1437 1580 1492 tui.
1603 1435 1821 1502 Fateor,

239 1535 561 1592 dulcissime
606 1534 867 1600 Domine,
913 1549 1102 1592 coram
1158 1531 1553 1602 omnipotentia
1609 1539 1700 1586 tua
1739 1541 1826 1585 me

236 1624 405 1679 nimis
433 1637 555 1680 esse
587 1623 934 1693 culpabilem,
971 1632 1024 1678 et
1058 1622 1228 1678 multa
1261 1622 1399 1678 mala
1437 1620 1551 1677 fere
1579 1635 1676 1690 per
1711 1620 1826 1676 sin-

235 1710 398 1783 gulas
420 1711 587 1767 horas
615 1709 928 1777 facientem,
961 1719 1016 1768 et
1047 1719 1226 1767 tamen
1258 1710 1326 1766 de
1371 1709 1627 1766 inell'abili
1672 1709 1827 1766 boni-

1696 317 2104 378 ORATIONES.
3384 317 3464 384 si;

1839 443 1886 501 Α
1917 448 2165 506 magnam
2194 430 2446 502 pietatem
2473 425 2667 483 omnia.
2688 432 2911 498 peccata
2947 431 3036 480 tua
3066 421 3321 487 dimittat,
3353 433 3408 478 et
3435 430 3494 476 ut

3384 303 3488 366 9l8

1918 525 2032 580 haec
2055 523 2140 580 vel
2161 523 2264 578 alia
2289 520 2519 591 amplius
2550 519 2834 574 admittere
2859 531 2966 572 non
2998 514 3196 570 valeas.
3230 513 3342 568 Hoc
3367 522 3495 568 ante

1917 613 2118 678 omnia,
2148 619 2203 667 et
2241 610 2382 666 sicut
2427 609 2704 664 interitum
2737 615 2883 660 tuum
2932 619 3125 660 moneo
3170 618 3392 668 caveas,
3427 615 3498 660 ne

1919 703 1972 758 in
2001 701 2307 772 hujusmodi
2335 699 2803 756 recordationibus
2824 696 3034 766 aliquos
3058 693 3254 750 diaboli
3277 694 3500 762 laqueos

1912 795 2190 859 iucurras,
2232 807 2368 863 quos
2398 790 2553 847 multi
2586 787 2789 847 incauti
2836 787 3033 857 sapius
3064 786 3367 856 incurrunt;
3404 783 3497 852 qul

1921 884 2047 940 dum
2073 882 2214 938 mala
2241 897 2339 938 sua
2383 881 2537 950 quasi
2570 895 2669 950 pro
2695 879 2774 934 eis
2816 877 3090 948 plorantes
3131 886 3257 932 ante
3303 875 3499 960 mentis

1919 974 2107 1030 oculos
2141 974 2428 1037 reducunt,
2457 987 2554 1042 per
2585 973 2800 1042 easdem
2835 970 3238 1026 recordationes
3277 969 3333 1023 in
3361 969 3502 1040 ipso-

1923 1081 2041 1120 rum
2082 1064 2175 1098 “°'
2223 1062 2495 1120 malorum
2540 1060 2936 1118 delectationes
2998 1060 3318 1132 insipienter
3361 1059 3502 1115 rein-

1923 1157 2130 1213 cidunt.
2215 1221 2221 1226 _

1994 1245 2325 1312 Recordare,
2369 1257 2531 1313 quam
2575 1241 2789 1298 dulcius
2815 1249 3000 1312 potes,
3049 1241 3218 1312 ipsius
3249 1240 3506 1312 corporis

1924 1336 2125 1394 Christi
2157 1337 2300 1406 quod
2329 1344 2478 1392 tenes
2501 1333 2832 1404 ineﬁ‘abilem
2861 1333 2954 1366 ’θοι
2973 1334 3253 1404 pietatem,
3283 1343 3340 1388 et
3365 1332 3508 1402 plus-

1925 1441 2089 1496 quam
2145 1424 2405 1480 atstimari
2458 1423 2631 1495 possit
2688 1422 3069 1479 admirandam
3135 1422 3506 1485 dulcedinem.

1925 1517 2070 1588 quod
2111 1531 2210 1587 pro
2241 1515 2622 1587 redemptione
2670 1523 2762 1570 tua
2813 1514 3014 1586 multas
3058 1512 3295 1584 injurias
3341 1515 3510 1570 sueti.-

1926 1604 2066 1672 nuit,
2093 1613 2149 1661 et
2176 1603 2246 1660 ad
2291 1604 2544 1661 ultimum
2583 1602 2906 1660 cruciﬁxum
2951 1603 3043 1659 sit.
3095 1602 3204 1660 Sed
3237 1612 3295 1659 et
3334 1604 3510 1674 ipsam

1925 1695 2234 1767 passionem
2260 1710 2424 1767 quam
2448 1694 2500 1750 in
2529 1708 2694 1751 cruce
2717 1693 2939 1764 pertulit
2966 1709 3065 1764 per
3088 1693 3328 1765 singulos
3362 1694 3514 1751 dolo-

232 1809 350 1857 tate
377 1809 472 1858 tua
495 1816 600 1858 non
630 1802 1033 1874 deSperantem.
1081 1801 1262 1856 Bonus
1291 1816 1345 1856 es
1377 1811 1455 1867 tu,
1487 1801 1736 1867 Domine,
1777 1811 1825 1856 et

1930 1801 2019 1842 res
2051 1785 2226 1857 cegita
2250 1794 2306 1841 et
2333 1784 2596 1856 recogita,
2629 1783 2842 1840 scilicet
2873 1799 2995 1841 cum
3015 1795 3228 1856 quanto.
3249 1785 3434 1842 dolore
3458 1786 3515 1840 in

233 1891 294 1946 in
346 1892 576 1947 bonitate
609 1902 702 1946 tua
745 1893 872 1948 doce
918 1909 1001 1948 me
1033 1892 1444 1963 justiﬁcationes
1489 1904 1609 1947 tuas
1648 1891 1822 1961 (I’sal.

228 1994 434 2046 cxvnt,
457 1979 571 2051 68),
614 1989 676 2036 ut
700 1996 794 2038 eas
822 1981 1192 2050 intelligendo,
1220 1997 1443 2054 easque,
1475 1983 1619 2039 sicut
1647 1983 1823 2050 decet,

229 2067 442 2140 jugiter
485 2071 787 2141 operando,
837 2071 1042 2128 mundo
1083 2073 1248 2127 corde
1291 2074 1601 2143 mundaque
1645 2075 1826 2128 anima

231 2157 443 2226 possim
483 2158 727 2228 recipere
760 2160 1020 2231 mysteria
1051 2168 1163 2215 tua.

309 2245 476 2312 Ecce,
505 2246 687 2303 anima
715 2262 856 2314 mea,
896 2260 1142 2319 praepara
1186 2248 1482 2320 hospitium
1523 2251 1705 2306 cordis
1752 2252 1828 2307 tui

230 2337 306 2393 ad
338 2337 743 2409 suscipiendum
773 2354 969 2409 corpus
1009 2348 1065 2395 et
1094 2341 1415 2411 sanguinem
1445 2339 1717 2397 Creatoris
1752 2343 1829 2398 tui

230 2429 459 2483 mundis
488 2427 907 2500 cogitationibus
927 2429 1258 2500 'mundisque
1285 2429 1564 2501 operibus,
1591 2446 1831 2503 expurga

230 2519 311 2574 ab
337 2519 593 2576 omnibus
622 2520 974 2578 interioribus
1016 2522 1122 2578 tuis
1157 2521 1418 2593 quidquid
1457 2530 1636 2591 potest
1661 2522 1830 2578 otl‘en-

229 2609 373 2665 dere
401 2610 666 2680 hospitem
699 2621 812 2667 tam
840 2613 1123 2669 immensae
1161 2612 1496 2682 majestatis;
1540 2630 1646 2670 non
1684 2616 1829 2671 enim

229 2711 424 2774 potest
447 2702 501 2757 in
529 2703 618 2758 illa
649 2704 830 2759 anima
857 2704 942 2760 vel
979 2705 1031 2760 in
1078 2705 1169 2760 illo
1203 2705 1368 2762 corde
1397 2721 1637 2772 manere,
1667 2722 1828 2777 quam

227 2792 486 2866 possidet
537 2793 719 2864 aliqua
765 2796 1154 2851 contaminatio
1208 2795 1462 2860 malitim,
1504 2804 1562 2852 et
1613 2797 1714 2852 nisi
1757 2798 1831 2853 ibi

234 2899 463 2940 summa
517 2899 622 2955 pax
670 2901 991 2956 summaque
1033 2887 1276 2944 charitas
1321 2887 1506 2956 fuerit,
1553 2887 1831 2959 indignum

227 2973 495 3045 judicans
543 2973 672 3029 illud
719 2975 1010 3046 hospitium
1049 2977 1468 3034 conversatione
1517 2994 1631 3035 suae
1675 2995 1832 3034 mau-

230 3063 442 3130 sionis,
484 3079 585 3120 nec
619 3065 708 3120 diu
759 3066 940 3122 ferens
989 3075 1196 3124 tantam
1232 3068 1662 3138 inquietudinem
1709 3085 1834 3134 per-

238 3156 598 3225 turbationis,
629 3157 812 3214 abillo
841 3158 1078 3229 hospitio
1105 3159 1216 3216 cito
1245 3161 1494 3217 discedit.
1528 3164 1622 3219 Vae
1649 3174 1832 3221 autem

235 3248 422 3306 menti
471 3248 546 3304 illi
593 3263 758 3318 quam
791 3249 1040 3307 Christus
1081 3262 1305 3322 propter
1347 3267 1478 3308 suas
1523 3253 1838 3324 iniquitates

238 3333 485 3404 deserit,
521 3337 889 3408 deserensque
927 3347 983 3394 et
1030 3338 1298 3397 damnans
1349 3341 1738 3398 tentationibus
1782 3351 1839 3398 et

237 3425 389 3482 dolis
417 3425 626 3481 inimici
655 3427 843 3482 seduci
871 3427 1171 3498 permittit!

315 3514 623 3585 Diligenter
648 3531 801 3587 ergo,
836 3532 870 3573 ο
895 3517 1076 3573 anima
1112 3533 1253 3582 mea,
1286 3519 1514 3590 inspice,
1547 3521 1839 3593 diligenter

234 3620 438 3661 omnes
465 3621 658 3662 sensus
692 3608 936 3678 corporis
975 3609 1055 3664 tui
1108 3610 1174 3664 ad
1207 3611 1445 3682 teipsam
1488 3612 1635 3668 intus
1665 3614 1840 3670 recol-

236 3695 354 3768 lige
386 3697 496 3764 “°‘,
539 3707 596 3756 et
626 3699 886 3770 quidquid
931 3701 1012 3757 eis
1042 3702 1320 3759 sordidum
1371 3703 1454 3760 vel
1500 3704 1836 3761 immundum

239 3789 544 3856 inveneris,
594 3789 742 3847 foras
782 3791 1016 3862 projice,
1055 3795 1388 3864 expulsaque
1433 3795 1582 3852 omni
1632 3796 1840 3852 malitia

239 3879 332 3935 vel
362 3879 670 3951 iniquitate,
704 3882 991 3952 diligenter
1033 3893 1156 3953 post
1206 3884 1327 3940 illas
1357 3886 1561 3940 aditum
1602 3887 1839 3955 pectoris

242 3970 328 4024 tui
362 3971 582 4026 reclude
607 3973 724 4038 Μ’,
763 3988 830 4028 ne
858 3974 927 4029 ad
957 3983 1010 4030 te
1032 3974 1250 4030 valeant
1275 3977 1598 4045 quandoque
1638 3977 1836 4044 redire,

241 4059 332 4114 vel
379 4060 612 4131 amplius
653 4063 912 4119 interiora
945 4071 1036 4118 tua
1074 4063 1383 4134 inquinare.
1437 4063 1680 4120 Peractis
1708 4079 1838 4121 vero

240 4149 506 4206 omnibus
533 4165 652 4220 quae
683 4152 752 4207 ad
799 4154 970 4223 ipsius
1000 4155 1328 4210 venerabilis
1355 4156 1598 4226 mysterii
1648 4171 1838 4213 conse-

243 4241 558 4296 orationem
619 4246 928 4313 pertinent,
988 4247 1340 4317 expulsisque
1404 4246 1658 4304 omnibus
1718 4264 1839 4318 qua:

241 4330 422 4400 ipsius
449 4335 648 4389 mentis
676 4350 935 4390 arcanum
963 4337 1237 4392 maculare
1258 4338 1454 4406 solent,
1477 4356 1510 4396 o
1535 4348 1612 4405 tu,
1638 4339 1838 4394 misera

1930 1872 2099 1944 ipsius
2141 1873 2319 1930 crucis
2363 1872 2456 1914 ίδοι
2499 1872 2742 1944 patibulo
2769 1879 2826 1928 et
2871 1873 3037 1944 pedes
3076 1872 3194 1943 ejus
3231 1883 3515 1934 et‘manus

1930 1965 2110 2020 inﬁxa:
2147 1973 2296 2031 sunt,
2329 1965 2473 2021 latus
2497 1963 2616 2034 ejus
2644 1978 2743 2034 per
2784 1964 2972 2021 militis
3003 1965 3250 2022 lanceam
3281 1965 3516 2026 transfo-

1929 2065 2128 2124 ratum,
2156 2057 2224 2112 ab
2259 2055 2392 2128 ipsis
2415 2056 2577 2111 etiam
2605 2071 2706 2128 pro
2731 2053 2927 2126 quibus
2958 2052 3048 2086 ¹⁸⁰⁶
3076 2054 3404 2125 patiebatur,
3437 2054 3514 2112 ibi

1929 2155 2054 2204 ante.
2080 2162 2298 2202 crucem
2330 2147 2488 2217 quasi
2518 2146 2836 2203 malefactor
2859 2146 2932 2203 sit
2969 2145 3182 2213 illusus,
3221 2145 3437 2214 irrisus,
3461 2154 3520 2202 et

1931 2246 2042 2294 tam
2072 2239 2290 2294 horrida
2321 2238 2611 2310 opprobria
2644 2240 2941 2305 sustinens,
2968 2238 3124 2309 quasi
3143 2237 3330 2308 Agnus
3358 2253 3520 2294 man-

1930 2328 2275 2384 suetissimus
2300 2329 2734 2387 inaestimabilem
2760 2331 3082 2400 patientiam
3114 2332 3372 2388 ostendit.
3415 2332 3520 2401 Qui

1933 2432 2056 2473 cum
2093 2416 2258 2474 facile
2299 2427 2512 2490 posset,
2561 2435 2669 2476 non
2711 2435 2770 2477 se
2799 2422 2865 2476 de
2906 2421 3022 2476 suis
3080 2421 3522 2480 interfectoribus

1932 2511 2249 2577 vindicavit,
2286 2512 2379 2568 sed
2409 2512 2626 2568 Patrem
2676 2513 2794 2580 M7,
2839 2523 2900 2567 ut
2946 2514 3050 2569 hoc
3093 2525 3378 2585 peccatum
3417 2516 3522 2572 illis

1933 2603 2252 2672 dimitteret,
2283 2605 2476 2660 oravit.
2508 2604 2641 2661 Cum
2670 2618 2800 2661 vero
2831 2605 2948 2672 ωδ,
2975 2605 3285 2675 hujusmodi
3331 2622 3523 2664 recor-

1934 2693 2246 2751 dationibus
2289 2696 2444 2766 quasi
2486 2696 2683 2752 satiata
2716 2697 3063 2767 requiescere
3107 2698 3367 2768 caperis,
3415 2715 3524 2757 nec

1936 2795 2117 2843 tamen
2182 2789 2534 2859 requiescens
2583 2788 2698 2844 haec
2745 2789 2979 2846 dulciter
3033 2798 3088 2847 et
3141 2806 3264 2846 cum
3327 2807 3524 2862 magno

1935 2877 2132 2935 aﬁ‘ectu
2160 2881 2437 2936 ruminare
2479 2881 2803 2948 cessaveris,
2826 2884 2895 2936 ad
2944 2881 3120 2953 ipsum
3149 2883 3523 2939 dulcissimum

1937 2963 2236 3020 dulcissimi
2280 2965 2492 3020 Domini
2539 2981 2740 3035 corpus
2781 2967 2924 3036 quod
2968 2967 3022 3020 in
3078 2968 3330 3024 manibus
3372 2978 3525 3030 tenes

1936 3053 2196 3124 loquere,
2243 3063 2298 3110 et
2344 3056 2500 3126 quasi
2534 3070 2658 3112 cum
2704 3057 2959 3126 praesenti
2999 3057 3256 3126 loquens,
3301 3067 3421 3114 tuas
3450 3061 3526 3114 illi

1941 3149 2297 3204 necessitates
2327 3163 2556 3216 expone.
2589 3147 2664 3202 De
2695 3149 2787 3204 illo
2825 3149 2941 3204 haec
2969 3150 3062 3182 ¹³⁰⁹
3104 3149 3341 3206 ﬁdeliter
3365 3151 3527 3207 crede

1939 3239 2085 3308 quod
2115 3253 2317 3308 corpus
2347 3238 2453 3293 hoc
2479 3238 2751 3293 veraciter
2789 3254 2988 3308 corpus
3019 3239 3149 3295 illud
3189 3240 3262 3295 sit
3290 3242 3433 3310 quod
3457 3243 3527 3298 de

1941 3326 2159 3397 Virgine
2205 3334 2392 3382 natum
2424 3335 2537 3393 est,
2579 3329 2724 3398 quod
2771 3329 3093 3404 cruciﬁxum
3132 3337 3236 3397 est,
3279 3333 3425 3400 quod
3469 3334 3526 3387 in

1939 3416 2190 3486 sepulcro
2227 3415 2462 3486 positum
2488 3424 2595 3482 est,
2626 3417 2771 3487 quod
2799 3417 2956 3473 tertia
2985 3418 3071 3473 die
3101 3433 3132 3472 a
3168 3420 3399 3475 mortuis
3441 3435 3528 3476 re-
3557 3441 3564 3452 ι

1940 3506 2200 3572 surrexit,
2225 3507 2368 3576 quod
2400 3506 2469 3563 ad
2500 3506 2670 3564 cmlos
2697 3507 2968 3574 ascendit,
3005 3518 3060 3564 et
3097 3511 3243 3580 quod
3277 3512 3431 3568 sedet
3458 3512 3527 3567 ad

1941 3597 2220 3654 dexteram
2251 3588 2458 3653 Patris.

2011 3689 2122 3743 Nec
2152 3689 2368 3744 dubites
2391 3688 2442 3742 in
2474 3687 2562 3742 illa
2602 3689 2736 3744 hora
2769 3689 3028 3746 sacriﬁcii
3055 3693 3302 3762 corporis
3323 3701 3379 3750 et
3401 3709 3528 3752 sau-

1941 3780 2123 3850 guinis
2160 3780 2234 3834 tui
2260 3780 2644 3852 Redemptoris
2665 3781 2886 3852 angelos
2915 3784 3106 3839 adesse
3128 3801 3228 3841 suo
3254 3786 3526 3854 Creatori,

1943 3869 2105 3940 267
2134 3869 2327 3939 suique
2360 3869 2633 3924 Creatoris
2655 3871 2807 3925 carni
2839 3880 2894 3925 et
2919 3873 3166 3942 sanguini
3188 3889 3309 3929 cum
3334 3891 3529 3947 magna

1941 3965 2240 4024 reverentia
2276 3962 2547 4019 ineﬁ'abile
2575 3964 2892 4034 obsequium
2941 3966 3176 4022 deferre.
3211 3967 3350 4034 Quid
3400 3985 3564 4044 vero.

1941 4055 2006 4111 de
2032 4055 2283 4110 omnibus
2311 4055 2513 4110 sanctis
2557 4056 2817 4110 aestimari
2868 4056 3073 4112 debet?
3114 4057 3252 4125 Quid
3298 4061 3526 4129 cogitari

1938 4153 2140 4216 potest,
2184 4161 2306 4201 cum
2355 4146 2525 4216 ipsius
2575 4146 2970 4217 redemptionis
3022 4164 3134 4204 sua:
3184 4152 3416 4220 pretium
3472 4155 3526 4208 in

1940 4247 2084 4294 terra
2112 4237 2373 4294 celebrari
2401 4238 2758 4308 conspiciunt,
2789 4239 2858 4295 de
2903 4239 3057 4309 cujus
3078 4251 3283 4297 aeterna
3313 4245 3526 4302 visione

1939 4325 2204 4391 laetantes,
2232 4326 2345 4410 jam
2376 4341 2627 4398 magnum
2672 4329 2926 4397 gaudium
2967 4329 3248 4400 possident
3277 4334 3327 4388 in
3353 4338 3530 4391 coelo?

245 4422 438 4477 anima
479 4438 620 4490 mea,
665 4440 789 4480 cum
837 4441 1030 4497 magna
1072 4426 1348 4499 diligentia
1395 4429 1611 4485 intuere
1646 4443 1836 4486 omnes
1861 4457 1914 4517 υ
1942 4416 2020 4472 Τυ
2072 4433 2222 4485 vero.
2266 4419 2446 4473 anima
2477 4433 2618 4482 mea,
2653 4418 2770 4473 1ιὶθο
2794 4421 2976 4475 omnia
3023 4423 3256 4479 ﬁdelilcr
3278 4427 3526 4491 credenti.

242 4512 610 4583 negligentiae
637 4523 773 4580 tuas,
794 4517 975 4572 omnia
996 4517 1137 4572 mala
1169 4527 1225 4573 et
1249 4528 1472 4588 peccata
1503 4535 1624 4591 qua:
1648 4521 1830 4576 facere

1941 4525 2270 4581 carnemque
2325 4510 2402 4564 tui
2443 4510 2720 4566 Creatoris
2771 4511 3002 4568 dulciter
3051 4517 3412 4586 amplectens,
3474 4522 3528 4576 iu

243 4603 487 4659 solebas.
536 4604 604 4660 Et
639 4621 765 4660 cum
802 4606 969 4674 ipsius
1003 4607 1386 4677 Redemptoris
1424 4610 1498 4664 tui
1540 4625 1734 4680 corpus
1779 4619 1830 4665 et

1942 4605 2074 4674 ipsis
2117 4603 2454 4673 amplexibus
2505 4602 2625 4671 ejus
2672 4603 3031 4674 m°'pietati,s
3083 4608 3326 4677 signiﬁca
3379 4620 3526 4688 tuam

243 4693 572 4763 sanguinem
599 4695 652 4749 in
679 4694 930 4751 manibus
953 4705 1126 4760 tenes,
1148 4697 1292 4752 illius
1321 4695 1646 4753 ineﬁ‘abilem
1668 4698 1832 4752 misc-
1945 4693 2344 4760 necessitatem,
2374 4703 2430 4748 et
2458 4709 2620 4764 quam
2652 4693 2862 4751 dulcius
2889 4706 3043 4765 potes
3075 4699 3193 4767 ejus
3219 4716 3382 4756 exora
3416 4704 3530 4772 pic-

246 4784 568 4854 ricordiam,
601 4801 762 4856 quam
789 4786 1000 4844 dulcius
1035 4797 1213 4858 potes,
1245 4803 1436 4855 exora,
1467 4797 1526 4844 ut
1559 4805 1656 4848 uer
1678 4804 1831 4845 suam
1944 4793 2321 4856 tatem,utper
2342 4785 2840 4842 suamineﬂ‘abilem
2863 4787 3288 4847 misericordiam
3306 4805 3529 4849 omnem

1552 4950 1781 5028 rauim
1813 4970 2212 5028 LECTlONES.

319 5101 417 5177 μιν
482 5100 689 5157 Collata
742 5113 816 5158 est
873 5119 994 5177 cum
1049 5104 1180 5160 Mss.
1240 5105 1380 5177 Vict.
1437 5104 1708 5177 KVKalG.
1764 5105 1921 5177 Corb.
1975 5104 2096 5177 160.
2154 5101 2472 5177 ειμναι-ιιιᾳ.
2518 5104 2883 5174 Praeparativa
2935 5119 3059 5160 cum
3121 5105 3404 5177 Sacerdos;
3439 5119 3526 5166 est

237 5171 622 5246 celebratnrns
649 5213 679 5246 ,_
714 5175 1047 5246 etgqualiter
1080 5190 1203 5228 cum
1232 5175 1441 5246 Corpus
1471 5176 1674 5232 Christi
1726 5185 1780 5230 et
1831 5175 2168 5245 Sanguinem
2216 5174 2269 5228 in
2304 5171 2778 5246 m_anibus__tenet,
2824 5183 3121 5246 tenerisque
3167 5171 3403 5246 dulciter
3430 5194 3521 5233 re-

244 5241 689 5316 c_ordetur__qu_od_
713 5240 926 5316 dolores
952 5244 1004 5316 in
1038 5246 1203 5299 corde
1228 5245 1280 5299 in
1310 5240 1482 5316 Cruce
1517 5263 1615 5316 pro
1644 5247 1798 5300 nobis
1820 5240 2013 5315 passus
2047 5256 2126 5300 est
2158 5261 2284 5316 mss.
2318 5243 2454 5296 Vict.
2477 5240 2788 5316 et_Vat-luc.
2813 5243 3001 5316 oratio
3031 5240 3354 5309 sacerdotis,
3391 5262 3520 5302 cum

242 5311 466 5385 Corpus
490 5311 691 5366 Christi
717 5323 771 5385 et
799 5313 1128 5385 Sanguinem
1166 5317 1217 5367 in
1243 5315 1494 5370 manibus
1518 5311 1688 5380 tenet,
1734 5311 2032 5385 tenerisque
2075 5315 2312 5385 dulciter
2331 5312 2832 5385 recordaturquos
2859 5314 3070 5385 dolores
3116 5329 3213 5384 pro
3264 5316 3419 5371 nobis
3468 5319 3521 5373 in

242 5382 443 5456 Crn_ce_
480 5396 689 5456 passus
722 5383 788 5456 sit
894 5383 982 5416 “0‘
1013 5382 1246 5456 Interius
1282 5386 1534 5456 recollige
1588 5403 1721 5456 mss.
1762 5386 1906 5456 intus
1945 5381 2241 5456 recollige__
2279 5382 2370 5413 W"
2403 5381 2978 5456 Peccatisinterclude
3008 5381 3132 5439 mss.
3183 5387 3419 5456 pectoris
3447 5389 3522 5442 tui

247 5451 480 5523 reclude
555 5452 647 5523 “9.3
671 5451 728 5506 ln
764 5454 1001 5522 ipsorum
1029 5470 1128 5507 ms.
1172 5451 1307 5507 Vict.
1336 5455 1388 5508 in
1421 5451 1566 5523 ipsas
1643 5455 1734 5487 1"”
1760 5455 1962 5511 Christi
2010 5451 2332 5523 ineﬂ'abilem
2376 5468 2501 5505 mss.
2535 5451 2732 5523 Clu-isti
2755 5493 2768 5515 ,
2801 5454 2943 5523 quod
2993 5464 3162 5518 tenes,
3184 5451 3522 5511 ineﬁ‘abilem

249 5519 351 5552 ⁸⁸⁸⁸
377 5519 572 5594 Dolore
603 5519 973 5594 ipsius-crucis
1005 5540 1130 5577 mss.
1164 5523 1349 5579 dolore
1385 5519 1453 5578 in
1480 5525 1649 5592 ipsius
1676 5525 1856 5579 crucis
1965 5525 2058 5556 ¹⁵⁰⁶
2087 5523 2175 5594 Ab_
2217 5522 2349 5594 ipsis
2391 5536 2487 5589 pro
2513 5519 2709 5594 quibus
2758 5519 2863 5594 ms.
2888 5522 3042 5594 (ἔστι).
3089 5525 3154 5594 ab
3202 5526 3330 5594 ipsis
3354 5527 3519 5582 etiam

246 5607 282 5645 τι
319 5591 529 5674 quibus
538 5591 816 5674 meﬁVict.
850 5594 916 5648 ab
946 5594 1106 5674 ipsis"
1117 5602 1170 5646 et
1211 5610 1310 5664 pro
1347 5591 1541 5664 quibus
1563 5611 1662 5648 ms.
1693 5592 2210 5674 l’al-luc.mt_tl)nipsis
2250 5591 2414 5674 etiam
2443 5608 2552 5660 pro.
2576 5592 2776 5674 quibus
2835 5593 2940 5674 3°"
2966 5593 3080 5674 Sed
3126 5591 3340 5674 Plat'rett‘n
3385 5613 3515 5674 mss.

245 5664 479 5735 seilpro
518 5661 869 5735 illisl’atrem
946 5661 1517 5735 f§9°_Cut_nVergo7ntss.
1546 5679 1666 5718 cum
1716 5679 1846 5718 vero
1923 5661 2120 5735 "f°”_De_
2151 5676 2256 5730 quo
2285 5661 2388 5735 hoc
2415 5677 2537 5735 __ms.
2576 5661 2712 5735 Vict.
2737 5661 2802 5720 de
2835 5663 2924 5720 illo
2965 5665 3077 5724 hmc
3128 5662 3428 5719 niss.Corb.
3465 5676 3518 5722 ct

259 5729 504 5787 Vat-(uc.
538 5731 604 5787 de
633 5732 724 5788 illo
745 5733 846 5789 hoc
924 5732 1012 5765 m°
1038 5732 1096 5788 ιιι
1125 5733 1242 5803 ejus
1263 5729 1600 5806 amplexibus
1629 5735 1743 5805 ejus
1770 5750 1893 5788 mss.
1948 5732 1998 5787 in
2026 5731 2156 5802 ipsis
2174 5729 2534 5802 ﬁamplexibus
2575 5731 2691 5802 ejus
