4048 6288
180 313 283 379 935,

178 517 303 587 facie
329 514 399 568 ad
426 514 615 584 faciem
660 521 713 568 te
757 511 1057 566 videbitttus
1086 509 1137 581 (1
1183 509 1307 565 Cor.
1341 527 1469 577 xltt,
1495 512 1608 583 1‘2),
1632 529 1751 566 cum

180 606 453 665 tradideris
474 603 568 636 “"
593 617 808 672 regnum
862 601 974 656 Deo
1020 612 1067 655 et
1109 599 1262 656 Patri
1288 600 1335 661 (1
1362 599 1485 657 Cor.
1519 618 1608 670 xv,
1635 602 1754 673 24),

179 712 228 756 et
248 701 347 756 erit
370 698 509 753 Deus
534 697 711 752 omnia
738 696 793 749 in
816 695 1055 765 omnibus
1085 695 1262 761 (ibid.,
1282 694 1395 764 28).
1425 692 1579 750 Tunc
1606 694 1752 749 enim

181 809 260 849 me
286 793 425 848 dcte
477 789 705 846 satiabis
730 789 983 845 satietate
1041 784 1294 854 miriﬁca,
1329 786 1401 842 ita
1425 794 1485 840 ut
1512 800 1613 842 nec
1632 780 1757 842 esu-

181 882 327 950 riam,
357 897 458 938 nec
485 881 669 938 sitiam
699 880 753 934 in
781 888 1042 934 aeternum
1072 878 1185 933 Μ’.

423 980 432 989 ·
629 969 795 1040 239
831 966 1086 1024 ORATIO
1124 967 1293 1024 xxx.

381 1077 483 1119 PRO
518 1075 825 1117 SACERDOTE
863 1076 952 1125 QUI
990 1075 1164 1116 ΠΑΒΕΤ
1202 1075 1528 1116 οειεωηκε.
1572 1130 1577 1133 ι
1634 1132 1637 1137 ἡ

242 1153 473 1225 Impellit
511 1169 622 1219 me,
654 1153 880 1209 Domine
916 1153 1082 1218 Deus,
1119 1152 1461 1209 ministrandi
1493 1151 1758 1221 ndicium,

181 1247 379 1303 hostias
412 1244 678 1301 salutares
710 1244 907 1300 oﬁ‘erre
942 1259 1041 1315 pro
1076 1244 1259 1315 populi
1297 1242 1498 1299 delicto
1537 1261 1551 1297 :
1593 1242 1763 1298 terret

182 1338 503 1396 conscientia
539 1336 766 1393 indebiti
796 1337 1084 1393 sacerdotii
1113 1351 1211 1408 pro
1246 1344 1401 1392 reatu
1430 1334 1672 1407 proprio.
1703 1333 1762 1390 Si

182 1444 210 1482 a
245 1442 334 1483 me
371 1426 613 1483 omnium
657 1429 999 1483 sacerdotum
1044 1426 1406 1497 peripsemate
1432 1412 1762 1481 sacriﬁcium

181 1519 454 1586 oﬁ’eratur,
493 1518 713 1589 polluta:
748 1517 1095 1574 conscientiae
1133 1517 1339 1573 crimen
1381 1526 1639 1589 augetur;
1680 1526 1758 1572 ta-

179 1623 298 1664 men
330 1606 601 1678 maiestati
641 1607 909 1663 universa:
941 1606 1123 1663 carnis
1145 1604 1345 1675 iudicis
1382 1623 1488 1662 non
1515 1606 1763 1672 otfertur,

180 1699 515 1770 negligentiae
544 1706 730 1754 reatus
757 1698 1070 1754 ascribitur.
1103 1698 1251 1753 Inter
1277 1698 1393 1753 haec
1428 1706 1553 1763 tuae,
1589 1697 1766 1752 omni-

1558 306 1973 366 ORATIONES.
2050 318 2062 325 ’

180 441 275 483 non
305 416 359 478 in
389 420 684 494 mysteriis,
712 419 854 476 sicut
894 418 948 474 in
996 419 1097 474 hoc
1126 427 1366 489 tempore
1423 420 1744 502 agitttrfsed
1775 424 1823 480 A

3314 308 3439 368 926

2395 422 2651 483 omne
2690 423 2902 499 xxxu.

2231 575 2235 578 ν
2357 530 2424 567 an
2465 530 2589 568 IDEI
2628 498 2943 570 neu-mouit.
3208 574 3211 577 Α

1926 604 2269 661 Conscientia
2296 604 2597 675 culpabilis,
2624 606 2729 661 rita
2755 605 2997 681 trepidus
3020 611 3075 660 et
3099 603 3313 676 anxius,
3336 600 3445 669 cri-

1858 695 2061 751 minum
2108 694 2330 771 funibus
2368 696 2695 766 eaptivatus,
2728 707 2779 751 te.
2823 696 3049 757 unicum,
3091 695 3357 766 refugium
3387 703 3446 749 et

1858 785 2131 857 singulare
2145 787 2440 842 remedium
2466 787 2792 843 miserorum
2814 787 3101 859 deprecor,
3117 783 3365 847 Domine,
3386 792 3449 839 ut

1859 876 1965 932 mei
2000 875 2202 944 indigni
2242 877 2540 937 sacerdotis
2585 876 2659 933 tui
2702 877 3051 947 miserearis.
3079 876 3319 950 mihique
3364 873 3450 928 in-.

1859 967 2083 1040 dulgeas
2121 969 2265 1039 quod
2306 968 2437 1024 illud
2476 977 2877 1024 sacramentum
2921 968 3182 1031 salutare,
3241 963 3451 1034 angelis

1859 1070 1912 1116 et
1952 1059 2313 1132 archangelis,
2352 1069 2409 1116 et
2448 1059 2701 1116 omnibus
2744 1057 3169 1115 sublimitalibus
3194 1064 3451 1121 ,tremeug

1862 1151 1988 1207 dum
2019 1160 2075 1206 et
2110 1150 2465 1215 adorandmn,
2498 1149 2781 1207 sceleratis
2823 1146 2983 1204 labiis
3007 1156 3453 1213 consecrare,ac

1861 1244 2165 1319 profanatis
2203 1242 2454 1298 manibus
2499 1254 2768 1319 praesumo
2804 1245 3099 1295 attrectare
3132 1256 3148 1291 :
3186 1236 3283 1292 sed
3318 1234 3450 1310 dum

1863 1337 2065 1393 accedo
2092 1349 2188 1403 per
2212 1347 2318 1400 me,
2349 1334 2545 1398 fateor,
2578 1330 3109 1403 Domine,prtesumo
3142 1327 3208 1382 de
3237 1335 3311 1392 te,
3335 1339 3451 1380 me-

1865 1441 1985 1482 mor
2015 1425 2280 1480 malorum
2329 1436 2597 1488 meorum,
2643 1430 2698 1477 et
2747 1429 2963 1476 tuorum
3009 1434 3128 1489 quae
3175 1432 3207 1472 a
3254 1416 3453 1485 saeculo

1865 1524 1993 1571 sunt
2021 1516 2310 1577 honorum.
2341 1511 2554 1580 Adhuc,
2583 1509 2828 1585 Domine,
2857 1518 2908 1564 te
2940 1522 3133 1579 rogare
3161 1518 3452 1576 praesumo,

1866 1615 1927 1663 ut
1957 1620 2062 1660 non
2105 1603 2177 1658 sit
2215 1602 2346 1658 mihi
2390 1610 2800 1658 sacrosanctum
2835 1598 3163 1656 sacriﬁcium
3200 1605 3348 1651 tutnn
3386 1594 3457 1651 ad

1861 1694 2148 1769 judicium,
2178 1708 2354 1764 neque
2379 1691 2446 1747 ad
2476 1689 2983 1750 condemnationem
3009 1729 3026 1755 ,
3056 1690 3152 1744 sed
3182 1686 3358 1759 potius
3388 1685 3457 1740 ad

179 1797 369 1859 potens
394 1788 557 1853 Deus,
585 1786 850 1843 lihramen
891 1787 1108 1858 pietatis
1140 1785 1401 1857 imploro;
1430 1785 1585 1870 cujus
1616 1786 1760 1841 diem
1792 1793 1839 1853 Β
1866 1783 2241 1841 liberationem
2280 1788 2626 1852 peccatorum
2668 1788 2724 1835 et
2766 1779 3137 1855 angustiarum
3182 1789 3453 1840 mearum.

180 1880 421 1948 ultionis,
458 1888 747 1935 accusante
789 1878 1143 1943 conscientia,
1185 1877 1535 1948 pertimesco,
1573 1891 1643 1933 ne
1680 1878 1765 1932 iu-

180 1971 398 2042 dignum
436 1970 806 2027 misericordia
846 1980 936 2026 tua
977 1968 1214 2040 judices,
1254 1984 1417 2039 quem
1453 1984 1486 2025 a
1523 1977 1769 2039 tempore

178 2062 515 2133 poenitentia:
550 2078 657 2118 non
692 2061 951 2118 excludis.
997 2061 1303 2133 Suspende,
1333 2060 1582 2127 Domine,
1613 2076 1769 2117 secu-

181 2154 304 2220 rim,
349 2154 522 2210 donec
548 2153 728 2210 cultor
756 2155 928 2211 vincte
958 2153 1196 2225 Spiritus
1231 2162 1453 2209 sanctus
1482 2152 1771 2209 admoveat

181 2244 470 2314 copliinum
499 2244 757 2300 stercoris
786 2244 854 2299 ad
891 2243 1127 2300 radicem
1156 2244 1506 2309 infructuosae
1533 2238 1767 2303 arboris.

180 2335 353 2393 Parce
381 2337 539 2401 mihi,
568 2337 816 2402 Domine,
840 2353 1002 2407 parce
1028 2337 1474 2403 clementissime.
1498 2339 1589 2409 qui
1614 2338 1772 2394 Davi-

181 2427 296 2483 dcm
324 2436 449 2496 post
476 2426 684 2497 lapsum
707 2427 1004 2484 clementer
1026 2429 1093 2485 ad
1118 2430 1331 2485 veniam
1360 2429 1659 2498 revocasti;
1679 2429 1773 2501 qui

180 2520 327 2577 Petri
356 2520 671 2577 misericors
705 2535 890 2577 amare
928 2520 1106 2578 ﬁentis
1142 2521 1414 2595 lacrymas
1449 2522 1772 2594 respexisti;

179 2612 264 2682 qui
297 2611 574 2669 latronem
606 2611 740 2667 tanti
770 2609 1028 2669 facinoris
1058 2628 1211 2669 reum
1238 2612 1419 2669 divina
1447 2613 1622 2685 gratia
1654 2613 1776 2668 illu-

181 2703 402 2768 strasti,
440 2703 523 2759 cui
574 2718 700 2759 mox
744 2703 979 2759 obtinuit
1017 2703 1291 2760 confessio
1333 2705 1642 2776 perspicere
1677 2704 1775 2762 Dei

181 2793 406 2860 Filium,
430 2793 562 2850 ﬁdes
589 2794 892 2864 praemium,
923 2810 1081 2865 paena
1113 2797 1349 2863 veniam,
1379 2796 1612 2852 lamenta
1645 2812 1778 2867 gau-

184 2886 336 2942 dium
363 2885 779 2956 sempiternum;
809 2887 934 2942 dum
962 2886 1246 2944 confessor
1276 2889 1328 2945 in
1359 2903 1541 2954 cruce,
1566 2904 1778 2959 posses-

184 2995 272 3035 sor
310 2978 540 3051 paridisi
585 2978 794 3033 exstitit
836 2987 960 3050 post
1003 2995 1243 3035 crucem.
1298 2980 1406 3035 Sed
1443 2979 1569 3052 quia
1612 2978 1779 3035 verba

189 3071 349 3127 venia
378 3071 593 3143 pietatis
623 3078 727 3124 tua:
766 3070 1034 3144 indigent,
1065 3086 1186 3142 qua:
1230 3071 1436 3142 indigni
1481 3072 1780 3128 sacerdotis

187 3177 359 3232 Opera
390 3178 496 3218 non
533 3164 936 3228 commendant,
973 3163 1166 3220 saltem
1205 3164 1497 3219 astantium
1527 3172 1650 3219 vota
1684 3179 1778 3219 su-

189 3255 375 3326 scipe;
418 3262 476 3308 ttt
516 3262 573 3308 et
611 3254 742 3309 mihi
777 3255 890 3310 suis
920 3255 1062 3325 apud
1107 3262 1161 3310 te
1189 3253 1440 3324 precibus
1470 3254 1704 3321 veniam,
1731 3263 1788 3309 et

192 3361 391 3400 eorum
434 3345 645 3401 meritis
689 3347 958 3403 sacriﬁcia
994 3355 1303 3402 nostrorum
1334 3345 1617 3402 vulnerum
1646 3344 1790 3400 salu-

190 3436 372 3493 briter
407 3438 562 3494 nobis
588 3438 875 3494 conferant
902 3438 1246 3494 medicinam.
1273 3438 1343 3493 Et
1364 3438 1516 3509 quia,
1539 3438 1787 3507 omnipo-

193 3536 313 3584 tens
357 3526 519 3596 Deus,
551 3544 649 3600 pro
687 3528 843 3584 nobis
878 3527 1130 3585 omnibus
1163 3527 1340 3584 factus
1373 3544 1434 3584 es
1472 3528 1650 3583 hostia
1689 3542 1790 3599 pro

153 3675 169 3692 ,
196 3618 457 3688 peccatis,
490 3619 635 3674 adsis
665 3619 821 3676 nobis
853 3619 1154 3703 satisfactio
1189 3621 1243 3677 in
1272 3619 1544 3678 sacriﬁcio
1569 3635 1668 3691 pro
1697 3620 1793 3678 de-
1821 3624 1825 3628 ’

196 3706 367 3773 lictis,
396 3707 492 3779 qui
517 3708 655 3765 vivis
679 3718 733 3764 et
757 3723 968 3776 regnas,
997 3718 1104 3766 etc.

765 3797 1018 3855 ORATIO
1056 3798 1226 3853 XXXI

553 3905 655 3946 ι)ηο
692 3905 1000 3946 ελεειωοτε
1036 3905 1272 3948 εΕιΕΒκΔ
1281 3908 1442 3948 τυιιο.

270 3976 621 4033 Conscientia
667 3979 883 4049 quidem
932 3979 1195 4049 trepidus,
1242 3981 1585 4051 onmipotens
1629 3981 1793 4047 Deus,

200 4069 267 4124 ad
297 4062 476 4125 altare
519 4081 667 4124 tuum
698 4070 920 4136 accedo,
949 4072 1041 4127 sed
1069 4072 1136 4126 ad
1168 4072 1414 4127 fiduciam
1456 4073 1523 4128 de
1554 4081 1658 4127 tua:
1682 4072 1790 4144 pie-

203 4159 336 4213 tatis
381 4159 752 4214 misericordia
798 4161 1054 4215 retineor.
1100 4160 1168 4215 Et
1205 4159 1334 4215 licet
1375 4161 1442 4215 ad
1472 4161 1795 4218 celebranda

204 4249 300 4304 tibi
341 4248 615 4304 sacriﬁcia
657 4264 872 4320 semper
912 4249 1156 4305 inveniar
1197 4250 1480 4321 indignus;
1531 4261 1709 4306 tamen
1750 4250 1796 4306 si

201 4339 428 4405 recedo,
458 4354 650 4395 vereor
675 4340 742 4394 de
766 4340 1127 4395 inohedicntia
1157 4341 1530 4395 condemnari.
1565 4340 1669 4395 Pro
1692 4355 1799 4410 qua

202 4448 266 4488 re
313 4434 541 4504 dignare
586 4448 693 4500 me,
738 4431 979 4504 piissime
1022 4432 1201 4492 Pater.
1251 4441 1472 4503 paterna
1509 4431 1708 4502 pietate
1736 4447 1800 4488 ac

200 4525 427 4595 placato
462 4524 607 4579 vultu
647 4525 938 4594 respicere,
979 4532 1038 4580 et
1077 4524 1257 4579 cordis
1303 4523 1405 4578 mei
1451 4523 1670 4580 interim
1703 4539 1800 4580 ora

201 4632 468 4690 purgare.
500 4618 567 4672 Et
592 4618 636 4672 si
662 4631 763 4690 ego
792 4618 1031 4689 pondere
1070 4626 1416 4686 peccatorum
1464 4631 1707 4671 meorum
1736 4631 1800 4673 ac

204 4716 371 4763 reatu
397 4708 772 4779 constringor;
813 4721 1055 4762 mearum
1084 4714 1262 4784 tamen
1299 4719 1519 4776 precum
1554 4704 1800 4771 obtentu,

207 4798 309 4855 tibi
344 4798 478 4863 sint,
508 4814 690 4869 quaeso
719 4798 962 4865 Domine,
1001 4798 1055 4853 in
1093 4797 1345 4852 erunibus
1374 4796 1571 4866 placita
1600 4805 1806 4869 myste-

206 4888 293 4947 ria
323 4889 718 4945 consecranda.
746 4887 851 4944 Per
873 4888 1158 4945 Dominum
1188 4896 1456 4953 nostrmn,
1485 4895 1591 4941 etc.

1866 1885 1922 1934 et
1957 1876 2025 1930 ad
2063 1887 2356 1945 perennem
2388 1869 2584 1926 animae
2614 1884 2747 1937 meae
2781 1868 3161 1933 salvatiouem.
3199 1865 3457 1936 ldipsum,

1868 1947 2095 2023 Domine
2133 1964 2296 2028 Deus,
2326 1959 2634 2031 supplicans
2670 1966 2878 2029 repeto,
2919 1973 3026 2014 non
3061 1957 3224 2022 elata,
3259 1964 3318 2010 ut
3345 1954 3460 2025 ipse

1868 2056 2160 2129 conspicis,
2190 2052 2635 2129 praesumptione,
2672 2051 2766 2106 sed
2803 2065 2970 2120 prona
3000 2058 3055 2105 et
3092 2047 3284 2127 pavida
3321 2061 3462 2117 prae-

1869 2148 2214 2220 sumptione,
2269 2145 2395 2219 quia
2445 2143 2612 2199 miser
2660 2153 2716 2199 et
2766 2139 3076 2196 immundus
3123 2137 3304 2213 carnis
3358 2144 3463 2193 tua:

1870 2245 2074 2295 sancta:
2112 2243 2168 2291 et
2206 2232 2428 2306 pretiosi
2469 2230 2750 2303 sanguinis
2784 2230 2859 2286 tui
2918 2235 3321 2305 sacramentum
3355 2223 3465 2304 im;

1873 2329 2088 2386 mundis
2120 2325 2371 2381 manibus
2411 2337 2735 2379 consecrare
2776 2320 2971 2378 audeo.
3020 2316 3258 2388 Supplex
3293 2327 3465 2393 exoro
3504 2382 3509 2388 ι

1873 2430 1929 2478 et
1968 2419 2214 2483 obsecro,
2253 2416 2511 2483 Domine,
2556 2413 2920 2493 ministerium
2953 2420 3121 2493 tuum,
3146 2407 3377 2479 respice,
3409 2412 3471 2479 et

1874 2514 2077 2570 misero
2103 2511 2235 2567 mihi
2274 2509 2521 2565 ministro
2548 2507 2829 2569 miserere,
2861 2503 3291 2561 sacriﬁcatorcm
3318 2498 3469 2570 puri-

1875 2607 1999 2673 ﬁca,
2034 2613 2090 2661 et
2116 2602 2446 2661 sacriﬁcium
2478 2598 2777 2657 sanctiﬁca.
2805 2597 2948 2653 Deus
2971 2595 3156 2660 Pater,
3187 2593 3313 2648 audi
3344 2607 3466 2658 me;

1876 2695 2135 2769 quidquid
2174 2703 2259 2751 est
2308 2693 2363 2750 in
2409 2707 2496 2748 me
2533 2701 2723 2747 contra
2765 2703 2871 2753 me,
2914 2686 3211 2743 clementer
3255 2682 3407 2738 aufer
3435 2698 3468 2737 a

1879 2802 1994 2853 me;
2024 2794 2144 2856 apta
2180 2799 2265 2839 me
2297 2793 2389 2839 tuo
2415 2790 2606 2838 saneto
2636 2777 2882 2843 servitio,
2919 2791 2984 2831 ac
3010 2774 3315 2829 ministrum
3349 2772 3466 2826 ido-

1878 2864 2039 2932 neum
2065 2875 2159 2929 tibi
2200 2889 2285 2929 me
2311 2873 2539 2944 perﬁce,
2592 2880 2647 2926 et
2679 2883 2859 2923 annue
2891 2876 2948 2921 ut
2973 2879 3094 2935 quae
3139 2864 3239 2947 tibi
3271 2864 3471 2934 placita

1880 2976 2029 3033 sunt,
2074 2967 2216 3021 inter
2247 2964 2363 3019 haec
2404 2970 2591 3019 sancta
2622 2957 2883 3032 mysteria
2912 2955 3201 3027 postulem,
3245 2964 3474 3029 ct’quaa—

1882 3074 2097 3130 cunque
2140 3056 2355 3137 postulo
2386 3064 2500 3121 tua,
2535 3054 2783 3115 Domine,
2824 3048 3234 3121 benignissima,
3266 3062 3474 3117 quaeso,

1887 3148 2257 3206 misericordia
2305 3144 2619 3217 percipiam.
2671 3140 2790 3196 Tibi
2836 3140 3033 3205 honor,
3078 3137 3173 3193 tibi
3217 3136 3384 3207 gloria
3419 3136 3473 3189 in

1888 3241 2082 3298 saecula
2109 3238 2449 3296 seculorum.
2483 3236 2678 3291 Amen.
3004 3222 3007 3223 ⁷

2419 3324 2676 3393 omne
2713 3322 2950 3377 xxxut.

2386 3434 2452 3472 AD
2492 3432 2619 3472 ιυειι
2658 3428 2980 3470 FACIENDUII.
3239 3479 3241 3482 ⁴

1963 3516 2021 3571 Si
2059 3522 2287 3577 tantum,
2324 3509 2569 3574 Domine,
2607 3516 2819 3563 reatum
2860 3513 3060 3558 nostra:
3099 3497 3480 3569 delinquentiae

1891 3605 2216 3677 cogitamus,
2237 3600 2552 3672 deputatum
2575 3591 2971 3652 observationis
2992 3589 3349 3644 ministerium
3373 3602 3480 3642 non

1893 3699 2180 3770 implemus
2209 3712 2222 3748 :
2254 3706 2418 3766 grave
2446 3699 2529 3746 est
2553 3689 2721 3752 enim,
2759 3686 2901 3756 quod
2947 3683 3015 3738 ad
3061 3696 3302 3737 mensam
3337 3690 3483 3741 tuam

1894 3789 2097 3846 mundo
2120 3786 2284 3844 corde
2305 3794 2360 3840 et
2388 3781 2770 3837 innocentibus
2794 3772 3042 3832 manibus
3069 3789 3174 3827 non
3204 3772 3481 3834 venimus;

1893 3880 1989 3940 sed
2040 3875 2258 3948 gravius
2293 3881 2398 3939 est,
2449 3871 2493 3926 si
2532 3868 2661 3923 dum
2709 3874 2930 3938 peccata
2977 3864 3290 3925 metuimus,
3319 3859 3486 3914 etiam

1896 3967 2226 4026 sacriﬁcium
2264 3980 2369 4019 non
2416 3961 2727 4017 reddamus.
2774 3956 2958 4011 Liceat
2986 3954 3149 4025 igitur
3170 3968 3267 4023 pro
3302 3949 3487 4004 iuobc-

1897 4058 2100 4117 dientia
2130 4056 2405 4118 assistere,
2445 4066 2541 4122 pro
2580 4046 2910 4117 indulgentia
2946 4051 3151 4115 petere,
3185 4055 3284 4112 pro
3312 4037 3487 4094 olli-cio

1900 4151 2232 4213 ministrare,
2273 4159 2373 4216 pro
2415 4141 2654 4198 remedio
2693 4137 2995 4204 immolare,
3035 4150 3133 4205 pro
3171 4129 3366 4204 populo
3394 4128 3490 4184 oh-

1899 4260 2142 4304 secrare.
2175 4241 2368 4309 Quaeso
2412 4251 2542 4308 ergo
2570 4233 2816 4290 conferta
2861 4231 2912 4286 in
2957 4244 3042 4284 me
3070 4227 3212 4298 quod
3240 4224 3491 4295 trepidat,

1903 4353 2033 4393 cura
2061 4332 2205 4406 quod
2236 4331 2424 4392 taedet,
2464 4325 2752 4382 recoucilia
2786 4320 2929 4393 quod
2962 4317 3257 4383 discordat,
3288 4329 3493 4372 evacua

1905 4428 2047 4501 quod
2071 4421 2389 4493 corrumpit,
2419 4418 2644 4475 humilia
2666 4414 2806 4486 quod
2830 4413 3092 4484 superbit.
3119 4409 3203 4466 Sit
3230 4409 3313 4478 pia
3335 4407 3497 4478 justi-

1911 4523 1983 4578 tia
2009 4521 2245 4576 clemens
2269 4512 2570 4580 correctio;
2615 4523 2889 4580 nunquam
2927 4505 3217 4561 absorbent
3249 4511 3496 4573 peccato—

1908 4630 2054 4678 rem,
2102 4612 2212 4667 imo
2254 4605 2569 4666 reconciliet
2610 4602 2985 4674 pmnitentem.
3038 4599 3114 4653 Da
3166 4596 3218 4663 in
3265 4594 3493 4650 salutem

1911 4701 2267 4772 disciplinam,
2293 4713 2399 4753 non
2426 4696 2478 4750 in
2508 4704 2738 4749 mortem
2769 4689 3090 4746 sententiam
3116 4705 3129 4741 :
3153 4684 3347 4742 exaudi
3375 4697 3499 4752 pec-

1912 4771 2111 4851 catoris
2140 4806 2376 4862 precem,
2401 4788 2493 4858 qui
2526 4786 2712 4842 visitas
2744 4784 2797 4837 in
2823 4781 3009 4837 dolore
3036 4784 3361 4849 gementem.
3393 4771 3498 4847 Pet:

1910 4887 2186 4944 Christum
2216 4881 2501 4937 Dominum
2533 4872 2801 4934 nostrum.
2830 4874 3022 4929 Amen.

1518 4967 1754 5077 ἿΔΠΙΑΞ
1792 5016 2206 5075 LECTIONES.

292 5146 387 5217 ἔξω
413 5144 659 5217 Regnum
694 5140 1047 5217 perveniam,
1101 5139 1189 5196 ubi
1219 5155 1328 5217 non
1368 5138 1422 5217 in
1464 5135 1764 5217 mysteriis,
1789 5135 1930 5191 sicut
1955 5132 2154 5215 in_hoc
2185 5140 2427 5217 tempore
2461 5121 2788 5217 aginturhsed

2828 5118 2967 5175 facie
2994 5115 3064 5173 ad
3096 5115 3285 5171 faciem
3333 5120 3384 5167 te
3420 5110 3501 5166 vi-

209 5183 1066 5270 deniumﬂiifﬁ'irﬂiuéﬁg
1102 5183 2153 5276 "Earl-lius.Jlleanumvperveuiam,
2189 5183 2775 5276 uﬁhi'facieadnfaeietn
2805 5199 2858 5245 te
2887 5190 3123 5276 videant,
3155 5183 3503 5276 interitultoc

209 5286 515 5353 agendum,
541 5285 643 5339 hoc
675 5290 825 5339 certe
854 5281 1305 5353 frequentandum
1337 5277 1730 5353 commendasti
1766 5277 1841 5353 _Ee

1844 5255 2195 5344 cicadae—{quo
2244 5255 2438 5344 venies
2474 5267 2526 5321 in
2561 5266 2721 5319 linem
2747 5260 2952 5344 smculi,
2978 5259 3122 5328 quod
3146 5255 3261 5344 erit
3285 5263 3503 5344 sancto:

671 5324 825 5406 Elin}?
841 5324 1017 5405 adhuc
1040 5352 1120 5424 _iu
1140 5324 1502 5424 'é‘aEE-Smgmo
1522 5324 1637 5424 quo
1673 5348 1736 5424 in
1768 5348 1869 5424 hoc
1906 5324 2160 5424 tempore
2182 5338 2568 5424 consociantur

840 5392 1793 5490 33:511."?i5333?.”3}?Fului}:anno
1820 5392 1956 5490 ipsi;
1973 5392 2199 5490 “salutis
2234 5418 2623 5490 tetermemeum
2664 5392 3501 5490 tradideris‘liegttuutchg‘ﬂ

261 5475 479 5557 atri,ut
501 5475 674 5547 inilla
705 5482 987 5562 perspicua
1004 5475 1472 5562 contemplatione.
1497 5492 1580 5562 tui_
1601 5475 2057 5562 int‘opmll'llabilif
2090 5479 2336 5562 veritatis
2376 5475 2552 5562 nullis
2582 5475 3131 5562 mystcriisfgeamyf

211 5577 314 5618 me
337 5573 440 5616 etc.
518 5562 611 5596 ⁸⁸⁸³
646 5560 1024 5632 Ιιιίωμεὲηιυιη.
1054 5560 1301 5626 Quicum
1320 5560 1531 5632 eodem.
1567 5560 1674 5632 Deo

1714 5536 2214 5623 Dat-rene—tSpit-itu
2263 5556 2456 5623 sancto
2507 5536 2658 5623 vivis'
2683 5536 2991 5623 cthregnits
3029 5554 3127 5623 pel:
3156 5536 3339 5623 omnia
3374 5545 3502 5623 '8}???-

392 5600 581 5691 Xmeu.
621 5600 1879 5687 n'zi'slwi'ﬁ'$33533.“X313?Necsatiari}:
1920 5600 2179 5680 aeternam
2226 5619 2316 5692 qui
2364 5633 2485 5675 cum
2528 5616 2715 5672 eodem
2756 5600 2874 5670 Ι)Οό
2898 5600 3059 5677 Patr-0
3081 5618 3179 5663 etc.
3221 5621 3319 5662 ms.
3374 5600 3503 5659 Val-.-

213 5702 335 5761 lttc.
375 5716 470 5758 nec
517 5704 694 5761 sitiam
742 5701 795 5758 in
850 5708 1129 5755 mternum.
1160 5701 1328 5757 Amen
