  <div class='ocr_page' id='page_1' title='image "/cluster/home/n/w/nwhite01/storage/ocr_20150623/158/hvd.32044024236689/517.png"; bbox 0 0 4048 6288; ppageno 0'>
   <div class='ocr_carea' id='block_1_1' title="bbox 628 232 733 293">
    <p class='ocr_par' dir='ltr' id='par_1_1' title="bbox 628 232 733 293">
     <span class='ocr_line' id='line_1_1' title="bbox 628 232 733 293; baseline 0.019 -4"><span class='ocrx_word' id='word_1_1' title='bbox 628 232 733 293; x_wconf 66' lang='lat'><strong>92&#39;!</strong></span> 
     </span>
    </p>
   </div>
   <div class='ocr_carea' id='block_1_2' title="bbox 993 356 1859 430">
    <p class='ocr_par' dir='ltr' id='par_1_2' title="bbox 993 356 1859 430">
     <span class='ocr_line' id='line_1_2' title="bbox 993 356 1859 430; baseline 0.023 -20"><span class='ocrx_word' id='word_1_2' title='bbox 993 356 1161 428; x_wconf 69' lang='grc'><strong>270</strong></span> <span class='ocrx_word' id='word_1_3' title='bbox 1196 358 1453 420; x_wconf 79' lang='lat' dir='ltr'><strong>ORATIO</strong></span> <span class='ocrx_word' id='word_1_4' title='bbox 1489 365 1708 425; x_wconf 74' lang='lat' dir='ltr'><strong>XXXIV</strong></span> <span class='ocrx_word' id='word_1_5' title='bbox 1748 372 1859 430; x_wconf 63' lang='grc'>⁸⁸⁸³.</span> 
     </span>
    </p>
   </div>
   <div class='ocr_carea' id='block_1_3' title="bbox 1219 465 1615 515">
    <p class='ocr_par' dir='ltr' id='par_1_3' title="bbox 1219 465 1615 515">
     <span class='ocr_line' id='line_1_3' title="bbox 1219 465 1615 515; baseline 0.028 -10"><span class='ocrx_word' id='word_1_6' title='bbox 1219 465 1288 506; x_wconf 76' lang='grc' dir='ltr'><strong>ΔΙ)</strong></span> <span class='ocrx_word' id='word_1_7' title='bbox 1324 469 1615 515; x_wconf 71' lang='grc' dir='ltr'><strong>ειιιιιετυι.</strong></span> 
     </span>
    </p>
   </div>
   <div class='ocr_carea' id='block_1_4' title="bbox 696 531 2136 623">
    <p class='ocr_par' dir='ltr' id='par_1_4' title="bbox 696 531 2136 623">
     <span class='ocr_line' id='line_1_4' title="bbox 696 531 2136 623; baseline 0.018 -38"><span class='ocrx_word' id='word_1_8' title='bbox 696 531 833 588; x_wconf 75' lang='lat' dir='ltr'><strong>Ante</strong></span> <span class='ocrx_word' id='word_1_9' title='bbox 858 538 1235 607; x_wconf 71' lang='lat' dir='ltr'><strong>perceptionem</strong></span> <span class='ocrx_word' id='word_1_10' title='bbox 1263 549 1496 615; x_wconf 74' lang='lat' dir='ltr'><strong>corporis</strong></span> <span class='ocrx_word' id='word_1_11' title='bbox 1544 558 1594 604; x_wconf 86' lang='lat' dir='ltr'><strong>et</strong></span> <span class='ocrx_word' id='word_1_12' title='bbox 1620 554 1895 623; x_wconf 70' lang='lat' dir='ltr'><strong>sanguinis</strong></span> <span class='ocrx_word' id='word_1_13' title='bbox 1922 553 2136 612; x_wconf 77' lang='lat' dir='ltr'><strong>Christi.</strong></span> 
     </span>
    </p>
   </div>
   <div class='ocr_carea' id='block_1_5' title="bbox 695 620 2209 715">
    <p class='ocr_par' dir='ltr' id='par_1_5' title="bbox 695 620 2209 715">
     <span class='ocr_line' id='line_1_5' title="bbox 695 620 2209 715; baseline 0.018 -40"><span class='ocrx_word' id='word_1_14' title='bbox 695 620 922 680; x_wconf 81' lang='lat' dir='ltr'><strong>Domine</strong></span> <span class='ocrx_word' id='word_1_15' title='bbox 948 624 1074 682; x_wconf 74' lang='lat' dir='ltr'><strong>Jesu</strong></span> <span class='ocrx_word' id='word_1_16' title='bbox 1111 628 1349 701; x_wconf 75' lang='lat' dir='ltr'><strong>Christe,</strong></span> <span class='ocrx_word' id='word_1_17' title='bbox 1380 636 1492 706; x_wconf 87' lang='lat' dir='ltr'><strong>qui,</strong></span> <span class='ocrx_word' id='word_1_18' title='bbox 1526 637 1688 696; x_wconf 89' lang='lat' dir='ltr'><strong>Patre</strong></span> <span class='ocrx_word' id='word_1_19' title='bbox 1712 620 2056 713; x_wconf 79' lang='lat' dir='ltr'><strong>disponente,</strong></span> <span class='ocrx_word' id='word_1_20' title='bbox 2088 644 2209 715; x_wconf 86' lang='lat' dir='ltr'><strong>Spi-</strong></span> 
     </span>
    </p>
   </div>
   <div class='ocr_carea' id='block_1_6' title="bbox 620 711 2205 806">
    <p class='ocr_par' dir='ltr' id='par_1_6' title="bbox 620 711 2205 806">
     <span class='ocr_line' id='line_1_6' title="bbox 620 711 2205 806; baseline 0.016 -41"><span class='ocrx_word' id='word_1_21' title='bbox 620 711 729 766; x_wconf 87' lang='lat' dir='ltr'><strong>ritu</strong></span> <span class='ocrx_word' id='word_1_22' title='bbox 757 725 947 772; x_wconf 87' lang='lat' dir='ltr'><strong>sancto</strong></span> <span class='ocrx_word' id='word_1_23' title='bbox 972 732 1319 791; x_wconf 84' lang='lat' dir='ltr'><strong>cooperante,</strong></span> <span class='ocrx_word' id='word_1_24' title='bbox 1346 741 1444 796; x_wconf 90' lang='lat' dir='ltr'><strong>per</strong></span> <span class='ocrx_word' id='word_1_25' title='bbox 1473 741 1702 786; x_wconf 91' lang='lat' dir='ltr'><strong>mortem</strong></span> <span class='ocrx_word' id='word_1_26' title='bbox 1732 741 1879 789; x_wconf 89' lang='lat' dir='ltr'><strong>tuam</strong></span> <span class='ocrx_word' id='word_1_27' title='bbox 1911 747 2205 806; x_wconf 91' lang='lat' dir='ltr'><strong>spontauea</strong></span> 
     </span>
    </p>
   </div>
   <div class='ocr_carea' id='block_1_7' title="bbox 617 804 2203 889">
    <p class='ocr_par' dir='ltr' id='par_1_7' title="bbox 617 804 2203 889">
     <span class='ocr_line' id='line_1_7' title="bbox 617 804 2203 889; baseline 0.017 -31"><span class='ocrx_word' id='word_1_28' title='bbox 617 804 896 864; x_wconf 68' lang='lat' dir='ltr'><strong>Voluntate</strong></span> <span class='ocrx_word' id='word_1_29' title='bbox 924 811 1350 870; x_wconf 80' lang='lat' dir='ltr'><strong>misericorditer</strong></span> <span class='ocrx_word' id='word_1_30' title='bbox 1378 835 1407 872; x_wconf 91' lang='lat' dir='ltr'><strong>a</strong></span> <span class='ocrx_word' id='word_1_31' title='bbox 1444 831 1668 889; x_wconf 88' lang='lat' dir='ltr'><strong>peccato</strong></span> <span class='ocrx_word' id='word_1_32' title='bbox 1700 832 1756 878; x_wconf 89' lang='lat' dir='ltr'><strong>et</strong></span> <span class='ocrx_word' id='word_1_33' title='bbox 1785 804 1960 883; x_wconf 83' lang='lat' dir='ltr'><strong>morte</strong></span> <span class='ocrx_word' id='word_1_34' title='bbox 2001 838 2203 885; x_wconf 67' lang='lat' dir='ltr'><strong>aeterna</strong></span> 
     </span>
    </p>
   </div>
   <div class='ocr_carea' id='block_1_8' title="bbox 616 898 2201 988">
    <p class='ocr_par' dir='ltr' id='par_1_8' title="bbox 616 898 2201 988">
     <span class='ocr_line' id='line_1_8' title="bbox 616 898 2201 988; baseline 0.016 -39"><span class='ocrx_word' id='word_1_35' title='bbox 616 898 876 952; x_wconf 85' lang='lat' dir='ltr'><strong>mundum</strong></span> <span class='ocrx_word' id='word_1_36' title='bbox 899 901 1197 971; x_wconf 88' lang='lat' dir='ltr'><strong>redemisti,</strong></span> <span class='ocrx_word' id='word_1_37' title='bbox 1212 906 1401 973; x_wconf 86' lang='lat' dir='ltr'><strong>adoro,</strong></span> <span class='ocrx_word' id='word_1_38' title='bbox 1415 919 1471 964; x_wconf 90' lang='lat' dir='ltr'><strong>et</strong></span> <span class='ocrx_word' id='word_1_39' title='bbox 1494 924 1723 968; x_wconf 88' lang='lat' dir='ltr'><strong>veneror</strong></span> <span class='ocrx_word' id='word_1_40' title='bbox 1743 930 1808 971; x_wconf 87' lang='lat' dir='ltr'><strong>co</strong></span> <span class='ocrx_word' id='word_1_41' title='bbox 1828 915 1937 986; x_wconf 72' lang='lat' dir='ltr'><strong>q‘uo</strong></span> <span class='ocrx_word' id='word_1_42' title='bbox 1958 933 2201 988; x_wconf 87' lang='lat' dir='ltr'><strong>possum,</strong></span> 
     </span>
    </p>
   </div>
   <div class='ocr_carea' id='block_1_9' title="bbox 613 987 2202 1080">
    <p class='ocr_par' dir='ltr' id='par_1_9' title="bbox 613 987 2202 1080">
     <span class='ocr_line' id='line_1_9' title="bbox 613 987 2202 1080; baseline 0.019 -43"><span class='ocrx_word' id='word_1_43' title='bbox 613 987 863 1055; x_wconf 79' lang='lat' dir='ltr'><strong>quamvis</strong></span> <span class='ocrx_word' id='word_1_44' title='bbox 894 990 1072 1059; x_wconf 86' lang='lat' dir='ltr'><strong>tepido</strong></span> <span class='ocrx_word' id='word_1_45' title='bbox 1108 991 1303 1049; x_wconf 82' lang='lat' dir='ltr'><strong>all‘ectu</strong></span> <span class='ocrx_word' id='word_1_46' title='bbox 1343 1005 1400 1051; x_wconf 82' lang='lat' dir='ltr'><strong>et</strong></span> <span class='ocrx_word' id='word_1_47' title='bbox 1432 998 1622 1057; x_wconf 80' lang='lat' dir='ltr'><strong>humili</strong></span> <span class='ocrx_word' id='word_1_48' title='bbox 1662 987 1969 1074; x_wconf 72' lang='lat' dir='ltr'><strong>devozione,</strong></span> <span class='ocrx_word' id='word_1_49' title='bbox 1999 1011 2202 1080; x_wconf 90' lang='lat' dir='ltr'><strong>gratias</strong></span> 
     </span>
    </p>
   </div>
   <div class='ocr_carea' id='block_1_10' title="bbox 611 1080 2200 1167">
    <p class='ocr_par' dir='ltr' id='par_1_10' title="bbox 611 1080 2200 1167">
     <span class='ocr_line' id='line_1_10' title="bbox 611 1080 2200 1167; baseline 0.018 -38"><span class='ocrx_word' id='word_1_50' title='bbox 611 1090 779 1145; x_wconf 82' lang='lat' dir='ltr'><strong>agens</strong></span> <span class='ocrx_word' id='word_1_51' title='bbox 812 1087 963 1135; x_wconf 87' lang='lat' dir='ltr'><strong>tanto</strong></span> <span class='ocrx_word' id='word_1_52' title='bbox 996 1080 1283 1150; x_wconf 79' lang='lat' dir='ltr'><strong>beneﬁcio,</strong></span> <span class='ocrx_word' id='word_1_53' title='bbox 1320 1087 1421 1144; x_wconf 89' lang='lat' dir='ltr'><strong>hoc</strong></span> <span class='ocrx_word' id='word_1_54' title='bbox 1445 1102 1693 1148; x_wconf 68' lang='lat' dir='ltr'><strong>sanctum</strong></span> <span class='ocrx_word' id='word_1_55' title='bbox 1726 1111 1942 1167; x_wconf 83' lang='lat' dir='ltr'><strong>corpus,</strong></span> <span class='ocrx_word' id='word_1_56' title='bbox 1972 1108 2026 1154; x_wconf 89' lang='lat' dir='ltr'><strong>et</strong></span> <span class='ocrx_word' id='word_1_57' title='bbox 2056 1101 2200 1158; x_wconf 91' lang='lat' dir='ltr'><strong>hunc</strong></span> 
     </span>
    </p>
   </div>
   <div class='ocr_carea' id='block_1_11' title="bbox 610 1169 2198 1248">
    <p class='ocr_par' dir='ltr' id='par_1_11' title="bbox 610 1169 2198 1248">
     <span class='ocr_line' id='line_1_11' title="bbox 610 1169 2198 1248; baseline 0.018 -28"><span class='ocrx_word' id='word_1_58' title='bbox 610 1169 929 1236; x_wconf 84' lang='lat' dir='ltr'><strong>sanguinem</strong></span> <span class='ocrx_word' id='word_1_59' title='bbox 972 1181 1120 1228; x_wconf 90' lang='lat' dir='ltr'><strong>tuum</strong></span> <span class='ocrx_word' id='word_1_60' title='bbox 1157 1175 1267 1244; x_wconf 68' lang='grc'><strong>⁸⁵⁸⁵,</strong></span> <span class='ocrx_word' id='word_1_61' title='bbox 1302 1192 1421 1248; x_wconf 71' lang='lat' dir='ltr'><strong>quae</strong></span> <span class='ocrx_word' id='word_1_62' title='bbox 1455 1184 1522 1236; x_wconf 86' lang='lat' dir='ltr'><strong>ad</strong></span> <span class='ocrx_word' id='word_1_63' title='bbox 1555 1186 1988 1244; x_wconf 88' lang='lat' dir='ltr'><strong>emundationem</strong></span> <span class='ocrx_word' id='word_1_64' title='bbox 2017 1199 2070 1246; x_wconf 90' lang='lat' dir='ltr'><strong>et</strong></span> <span class='ocrx_word' id='word_1_65' title='bbox 2101 1192 2198 1248; x_wconf 90' lang='lat' dir='ltr'><strong>de-</strong></span> 
     </span>
    </p>
   </div>
   <div class='ocr_carea' id='block_1_12' title="bbox 609 1256 2189 1352">
    <p class='ocr_par' dir='ltr' id='par_1_12' title="bbox 609 1256 2189 1352">
     <span class='ocr_line' id='line_1_12' title="bbox 609 1256 2189 1352; baseline 0.019 -42"><span class='ocrx_word' id='word_1_66' title='bbox 609 1256 913 1316; x_wconf 77' lang='lat' dir='ltr'><strong>fensionem</strong></span> <span class='ocrx_word' id='word_1_67' title='bbox 954 1279 985 1318; x_wconf 92' lang='lat' dir='ltr'><strong>a</strong></span> <span class='ocrx_word' id='word_1_68' title='bbox 1030 1268 1292 1335; x_wconf 83' lang='lat' dir='ltr'><strong>peccatis,</strong></span> <span class='ocrx_word' id='word_1_69' title='bbox 1335 1271 1579 1342; x_wconf 90' lang='lat' dir='ltr'><strong>accipere</strong></span> <span class='ocrx_word' id='word_1_70' title='bbox 1603 1276 1869 1334; x_wconf 88' lang='lat' dir='ltr'><strong>desidero.</strong></span> <span class='ocrx_word' id='word_1_71' title='bbox 1898 1277 2189 1352; x_wconf 74' lang='lat' dir='ltr'><strong>Confiteor,</strong></span> 
     </span>
    </p>
   </div>
   <div class='ocr_carea' id='block_1_13' title="bbox 610 1347 2197 1441">
    <p class='ocr_par' dir='ltr' id='par_1_13' title="bbox 610 1347 2197 1441">
     <span class='ocr_line' id='line_1_13' title="bbox 610 1347 2197 1441; baseline 0.017 -38"><span class='ocrx_word' id='word_1_72' title='bbox 610 1347 857 1418; x_wconf 83' lang='lat' dir='ltr'><strong>Domine,</strong></span> <span class='ocrx_word' id='word_1_73' title='bbox 883 1355 1008 1424; x_wconf 82' lang='lat' dir='ltr'><strong>quia</strong></span> <span class='ocrx_word' id='word_1_74' title='bbox 1044 1358 1205 1412; x_wconf 88' lang='lat' dir='ltr'><strong>nimis</strong></span> <span class='ocrx_word' id='word_1_75' title='bbox 1231 1376 1345 1412; x_wconf 75' lang='lat' dir='ltr'><strong>sum</strong></span> <span class='ocrx_word' id='word_1_76' title='bbox 1374 1362 1618 1430; x_wconf 73' lang='lat' dir='ltr'><strong>peccator</strong></span> <span class='ocrx_word' id='word_1_77' title='bbox 1650 1366 1802 1437; x_wconf 83' lang='lat' dir='ltr'><strong>(Luc.</strong></span> <span class='ocrx_word' id='word_1_78' title='bbox 1830 1384 1885 1434; x_wconf 88' lang='lat' dir='ltr'><strong>v,</strong></span> <span class='ocrx_word' id='word_1_79' title='bbox 1917 1370 1996 1441; x_wconf 89' lang='grc'><strong>8),</strong></span> <span class='ocrx_word' id='word_1_80' title='bbox 2026 1382 2078 1428; x_wconf 89' lang='lat' dir='ltr'><strong>et</strong></span> <span class='ocrx_word' id='word_1_81' title='bbox 2110 1347 2197 1429; x_wconf 49' lang='lat' dir='ltr'><strong>in;</strong></span> 
     </span>
    </p>
   </div>
   <div class='ocr_carea' id='block_1_14' title="bbox 605 1437 2191 1522">
    <p class='ocr_par' dir='ltr' id='par_1_14' title="bbox 605 1437 2191 1522">
     <span class='ocr_line' id='line_1_14' title="bbox 605 1437 2191 1522; baseline 0.018 -29"><span class='ocrx_word' id='word_1_82' title='bbox 605 1437 800 1509; x_wconf 79' lang='lat' dir='ltr'><strong>dignus</strong></span> <span class='ocrx_word' id='word_1_83' title='bbox 832 1445 901 1498; x_wconf 92' lang='lat' dir='ltr'><strong>ad</strong></span> <span class='ocrx_word' id='word_1_84' title='bbox 926 1460 1114 1501; x_wconf 91' lang='lat' dir='ltr'><strong>eorum</strong></span> <span class='ocrx_word' id='word_1_85' title='bbox 1147 1458 1348 1506; x_wconf 86' lang='lat' dir='ltr'><strong>tactum</strong></span> <span class='ocrx_word' id='word_1_86' title='bbox 1370 1455 1649 1511; x_wconf 84' lang='lat' dir='ltr'><strong>accedere.</strong></span> <span class='ocrx_word' id='word_1_87' title='bbox 1682 1457 1786 1513; x_wconf 90' lang='lat' dir='ltr'><strong>Sed</strong></span> <span class='ocrx_word' id='word_1_88' title='bbox 1814 1437 2099 1522; x_wconf 31' lang='lat' dir='ltr'><strong>conti-dens</strong></span> <span class='ocrx_word' id='word_1_89' title='bbox 2123 1465 2191 1521; x_wconf 85' lang='lat' dir='ltr'><strong>de</strong></span> 
     </span>
    </p>
   </div>
   <div class='ocr_carea' id='block_1_15' title="bbox 603 1524 2185 1620">
    <p class='ocr_par' dir='ltr' id='par_1_15' title="bbox 603 1524 2185 1620">
     <span class='ocr_line' id='line_1_15' title="bbox 603 1524 2185 1620; baseline 0.016 -38"><span class='ocrx_word' id='word_1_90' title='bbox 603 1524 695 1582; x_wconf 85' lang='lat' dir='ltr'><strong>illa</strong></span> <span class='ocrx_word' id='word_1_91' title='bbox 725 1528 1028 1600; x_wconf 87' lang='lat' dir='ltr'><strong>clementia,</strong></span> <span class='ocrx_word' id='word_1_92' title='bbox 1052 1551 1156 1605; x_wconf 89' lang='lat' dir='ltr'><strong>qua</strong></span> <span class='ocrx_word' id='word_1_93' title='bbox 1182 1554 1281 1608; x_wconf 89' lang='lat' dir='ltr'><strong>pro</strong></span> <span class='ocrx_word' id='word_1_94' title='bbox 1310 1543 1704 1612; x_wconf 76' lang='lat' dir='ltr'><strong>peccatoribus,</strong></span> <span class='ocrx_word' id='word_1_95' title='bbox 1737 1557 1795 1602; x_wconf 94' lang='lat' dir='ltr'><strong>ut</strong></span> <span class='ocrx_word' id='word_1_96' title='bbox 1810 1547 1943 1619; x_wconf 82' lang='lat' dir='ltr'><strong>justi</strong></span> <span class='ocrx_word' id='word_1_97' title='bbox 1974 1552 2185 1620; x_wconf 80' lang='lat' dir='ltr'><strong>tierent,</strong></span> 
     </span>
    </p>
   </div>
   <div class='ocr_carea' id='block_1_16' title="bbox 598 1618 2186 1712">
    <p class='ocr_par' dir='ltr' id='par_1_16' title="bbox 598 1618 2186 1712">
     <span class='ocr_line' id='line_1_16' title="bbox 598 1618 2186 1712; baseline 0.019 -41"><span class='ocrx_word' id='word_1_98' title='bbox 598 1618 836 1675; x_wconf 90' lang='lat' dir='ltr'><strong>animam</strong></span> <span class='ocrx_word' id='word_1_99' title='bbox 881 1633 1027 1679; x_wconf 88' lang='lat' dir='ltr'><strong>tuam</strong></span> <span class='ocrx_word' id='word_1_100' title='bbox 1075 1642 1300 1696; x_wconf 88' lang='lat' dir='ltr'><strong>ponens,</strong></span> <span class='ocrx_word' id='word_1_101' title='bbox 1346 1647 1467 1688; x_wconf 89' lang='lat' dir='ltr'><strong>eam</strong></span> <span class='ocrx_word' id='word_1_102' title='bbox 1515 1635 1733 1705; x_wconf 76' lang='lat' dir='ltr'><strong>dedisti,</strong></span> <span class='ocrx_word' id='word_1_103' title='bbox 1780 1618 1835 1696; x_wconf 91' lang='lat' dir='ltr'><strong>et</strong></span> <span class='ocrx_word' id='word_1_104' title='bbox 1882 1643 1968 1712; x_wconf 85' lang='lat' dir='ltr'><strong>pia</strong></span> <span class='ocrx_word' id='word_1_105' title='bbox 2012 1644 2186 1701; x_wconf 89' lang='lat' dir='ltr'><strong>hostia</strong></span> 
     </span>
    </p>
   </div>
   <div class='ocr_carea' id='block_1_17' title="bbox 597 1707 2179 1804">
    <p class='ocr_par' dir='ltr' id='par_1_17' title="bbox 597 1707 2179 1804">
     <span class='ocr_line' id='line_1_17' title="bbox 597 1707 2179 1804; baseline 0.019 -42"><span class='ocrx_word' id='word_1_106' title='bbox 597 1707 746 1765; x_wconf 88' lang='lat' dir='ltr'><strong>Patri</strong></span> <span class='ocrx_word' id='word_1_107' title='bbox 770 1715 997 1770; x_wconf 85' lang='lat' dir='ltr'><strong>mactari</strong></span> <span class='ocrx_word' id='word_1_108' title='bbox 1025 1718 1236 1775; x_wconf 74' lang='lat' dir='ltr'><strong>voluisti</strong></span> <span class='ocrx_word' id='word_1_109' title='bbox 1255 1738 1270 1789; x_wconf 93' lang='lat'><strong>;</strong></span> <span class='ocrx_word' id='word_1_110' title='bbox 1288 1718 1396 1778; x_wconf 83' lang='lat' dir='ltr'><strong>illa</strong></span> <span class='ocrx_word' id='word_1_111' title='bbox 1432 1741 1723 1796; x_wconf 62' lang='lat' dir='ltr'><strong>praesumo,</strong></span> <span class='ocrx_word' id='word_1_112' title='bbox 1756 1707 2179 1804; x_wconf 39' lang='lat' dir='ltr'><strong>licet-peccator,</strong></span> 
     </span>
    </p>
   </div>
   <div class='ocr_carea' id='block_1_18' title="bbox 951 234 2163 348">
    <p class='ocr_par' dir='ltr' id='par_1_18' title="bbox 951 234 2163 321">
     <span class='ocr_line' id='line_1_18' title="bbox 951 234 2163 321; baseline 0.021 -26"><span class='ocrx_word' id='word_1_113' title='bbox 951 238 1011 296; x_wconf 90' lang='lat' dir='ltr'><strong>s.</strong></span> <span class='ocrx_word' id='word_1_114' title='bbox 1054 240 1356 304; x_wconf 69' lang='lat' dir='ltr'><strong>snseuu</strong></span> <span class='ocrx_word' id='word_1_115' title='bbox 1396 234 1748 310; x_wconf 61' lang='lat' dir='ltr'><strong>curvari.</strong></span> <span class='ocrx_word' id='word_1_116' title='bbox 1780 257 2101 318; x_wconf 66' lang='lat' dir='ltr'><strong>metuar.</strong></span> <span class='ocrx_word' id='word_1_117' title='bbox 2139 263 2163 321; x_wconf 87' lang='lat'>(</span> 
     </span>
    </p>
   </div>
   <div class='ocr_carea' id='block_1_19' title="bbox 2263 234 3541 348">
    <p class='ocr_par' dir='ltr' id='par_1_19' title="bbox 2263 263 3541 348">
     <span class='ocr_line' id='line_1_19' title="bbox 2263 263 3541 348; baseline 0.023 -29"><span class='ocrx_word' id='word_1_118' title='bbox 2263 270 2290 319; x_wconf 85' lang='lat'><strong>&#39;.</strong></span> <span class='ocrx_word' id='word_1_119' title='bbox 2341 263 2519 325; x_wconf 72' lang='lat' dir='ltr'><strong>PARS</strong></span> <span class='ocrx_word' id='word_1_120' title='bbox 2548 268 2611 324; x_wconf 87' lang='lat' dir='ltr'><strong>ll.</strong></span> <span class='ocrx_word' id='word_1_121' title='bbox 2652 301 2722 311; x_wconf 95' lang='lat'>—</span> <span class='ocrx_word' id='word_1_122' title='bbox 2761 272 3138 335; x_wconf 68' lang='grc' dir='ltr'><strong>ΡΔΠᾸΞΝΕΤ.</strong></span> <span class='ocrx_word' id='word_1_123' title='bbox 3174 281 3265 339; x_wconf 82' lang='lat' dir='ltr'><strong>ET</strong></span> <span class='ocrx_word' id='word_1_124' title='bbox 3293 284 3541 348; x_wconf 81' lang='lat' dir='ltr'><strong>ASCET.</strong></span> 
     </span>
    </p>
   </div>
   <div class='ocr_carea' id='block_1_20' title="bbox 3765 298 3857 358">
    <p class='ocr_par' dir='ltr' id='par_1_20' title="bbox 3765 298 3857 358">
     <span class='ocr_line' id='line_1_20' title="bbox 3765 298 3857 358; baseline 0.022 -3"><span class='ocrx_word' id='word_1_125' title='bbox 3765 298 3857 358; x_wconf 67' lang='grc' dir='ltr'><strong>οεε</strong></span> 
     </span>
    </p>
   </div>
   <div class='ocr_carea' id='block_1_21' title="bbox 2242 383 3860 485">
    <p class='ocr_par' dir='ltr' id='par_1_21' title="bbox 2242 383 3860 485">
     <span class='ocr_line' id='line_1_21' title="bbox 2242 383 3860 485; baseline 0.022 -52"><span class='ocrx_word' id='word_1_126' title='bbox 2242 390 2288 446; x_wconf 70' lang='grc' dir='ltr'><strong>Α</strong></span> <span class='ocrx_word' id='word_1_127' title='bbox 2321 396 2449 438; x_wconf 90' lang='lat' dir='ltr'><strong>num</strong></span> <span class='ocrx_word' id='word_1_128' title='bbox 2480 383 2532 439; x_wconf 91' lang='lat' dir='ltr'><strong>in</strong></span> <span class='ocrx_word' id='word_1_129' title='bbox 2569 385 2772 443; x_wconf 88' lang='lat' dir='ltr'><strong>unitate</strong></span> <span class='ocrx_word' id='word_1_130' title='bbox 2801 390 3145 450; x_wconf 77' lang='lat' dir='ltr'><strong>conﬁtemur.</strong></span> <span class='ocrx_word' id='word_1_131' title='bbox 3178 395 3257 455; x_wconf 86' lang='lat' dir='ltr'><strong>Te</strong></span> <span class='ocrx_word' id='word_1_132' title='bbox 3284 400 3460 457; x_wconf 89' lang='lat' dir='ltr'><strong>solum</strong></span> <span class='ocrx_word' id='word_1_133' title='bbox 3507 404 3669 463; x_wconf 86' lang='lat' dir='ltr'><strong>Deum</strong></span> <span class='ocrx_word' id='word_1_134' title='bbox 3703 412 3860 485; x_wconf 78' lang='lat' dir='ltr'><strong>adoro,</strong></span> 
     </span>
    </p>
   </div>
   <div class='ocr_carea' id='block_1_22' title="bbox 2315 474 3860 573">
    <p class='ocr_par' dir='ltr' id='par_1_22' title="bbox 2315 474 3860 573">
     <span class='ocr_line' id='line_1_22' title="bbox 2315 474 3860 573; baseline 0.021 -47"><span class='ocrx_word' id='word_1_135' title='bbox 2315 480 2367 528; x_wconf 85' lang='lat' dir='ltr'><strong>te</strong></span> <span class='ocrx_word' id='word_1_136' title='bbox 2406 474 2586 540; x_wconf 89' lang='lat' dir='ltr'><strong>laudo,</strong></span> <span class='ocrx_word' id='word_1_137' title='bbox 2632 485 2685 532; x_wconf 92' lang='lat' dir='ltr'><strong>te</strong></span> <span class='ocrx_word' id='word_1_138' title='bbox 2729 479 3010 549; x_wconf 82' lang='lat' dir='ltr'><strong>benedice,</strong></span> <span class='ocrx_word' id='word_1_139' title='bbox 3052 493 3213 557; x_wconf 83' lang='lat' dir='ltr'><strong>teque</strong></span> <span class='ocrx_word' id='word_1_140' title='bbox 3255 489 3522 568; x_wconf 79' lang='lat' dir='ltr'><strong>gloriﬁco,</strong></span> <span class='ocrx_word' id='word_1_141' title='bbox 3563 495 3656 554; x_wconf 88' lang='lat' dir='ltr'><strong>tibi</strong></span> 
     </span>
    </p>
   </div>
   <div class='ocr_carea' id='block_1_23' title="bbox 2308 565 3861 653">
    <p class='ocr_par' dir='ltr' id='par_1_23' title="bbox 2308 565 3861 653">
     <span class='ocr_line' id='line_1_23' title="bbox 2308 565 3861 653; baseline 0.022 -37"><span class='ocrx_word' id='word_1_142' title='bbox 2308 576 2430 633; x_wconf 74' lang='lat' dir='ltr'><strong>ago,</strong></span> <span class='ocrx_word' id='word_1_143' title='bbox 2464 565 2558 621; x_wconf 83' lang='lat' dir='ltr'><strong>tibi</strong></span> <span class='ocrx_word' id='word_1_144' title='bbox 2603 583 2690 624; x_wconf 92' lang='lat' dir='ltr'><strong>me</strong></span> <span class='ocrx_word' id='word_1_145' title='bbox 2725 578 2837 626; x_wconf 84' lang='lat' dir='ltr'><strong>tota</strong></span> <span class='ocrx_word' id='word_1_146' title='bbox 2881 572 3170 633; x_wconf 81' lang='lat' dir='ltr'><strong>devotione</strong></span> <span class='ocrx_word' id='word_1_147' title='bbox 3194 565 3522 652; x_wconf 82' lang='lat' dir='ltr'><strong>committo;</strong></span> <span class='ocrx_word' id='word_1_148' title='bbox 3555 565 3749 648; x_wconf 64' lang='lat' dir='ltr'><strong>intende</strong></span> <span class='ocrx_word' id='word_1_149' title='bbox 3770 600 3861 653; x_wconf 77' lang='lat' dir='ltr'><strong>mi</strong></span> 
     </span>
    </p>
   </div>
   <div class='ocr_carea' id='block_1_24' title="bbox 2308 655 3857 748">
    <p class='ocr_par' dir='ltr' id='par_1_24' title="bbox 2308 655 3857 748">
     <span class='ocr_line' id='line_1_24' title="bbox 2308 655 3857 748; baseline 0.023 -41"><span class='ocrx_word' id='word_1_150' title='bbox 2308 655 2560 710; x_wconf 75' lang='lat' dir='ltr'><strong>arationis</strong></span> <span class='ocrx_word' id='word_1_151' title='bbox 2595 674 2723 714; x_wconf 72' lang='lat' dir='ltr'><strong>mea:</strong></span> <span class='ocrx_word' id='word_1_152' title='bbox 2750 658 2925 732; x_wconf 72' lang='lat' dir='ltr'><strong>(Paul.</strong></span> <span class='ocrx_word' id='word_1_153' title='bbox 2955 680 3019 729; x_wconf 87' lang='lat' dir='ltr'><strong>v,</strong></span> <span class='ocrx_word' id='word_1_154' title='bbox 3048 665 3127 737; x_wconf 78' lang='lat'><strong>3),</strong></span> <span class='ocrx_word' id='word_1_155' title='bbox 3152 667 3315 726; x_wconf 81' lang='lat' dir='ltr'><strong>Pater</strong></span> <span class='ocrx_word' id='word_1_156' title='bbox 3341 673 3411 731; x_wconf 90' lang='lat' dir='ltr'><strong>de</strong></span> <span class='ocrx_word' id='word_1_157' title='bbox 3436 676 3593 734; x_wconf 68' lang='lat' dir='ltr'><strong>melis</strong></span> <span class='ocrx_word' id='word_1_158' title='bbox 3615 680 3759 748; x_wconf 87' lang='lat' dir='ltr'><strong>Deus,</strong></span> <span class='ocrx_word' id='word_1_159' title='bbox 3783 700 3857 741; x_wconf 78' lang='lat' dir='ltr'><strong>rex</strong></span> 
     </span>
    </p>
   </div>
   <div class='ocr_carea' id='block_1_25' title="bbox 2308 746 3858 842">
    <p class='ocr_par' dir='ltr' id='par_1_25' title="bbox 2308 746 3858 842">
     <span class='ocr_line' id='line_1_25' title="bbox 2308 746 3858 842; baseline 0.022 -46"><span class='ocrx_word' id='word_1_160' title='bbox 2308 758 2460 800; x_wconf 89' lang='lat' dir='ltr'><strong>meus</strong></span> <span class='ocrx_word' id='word_1_161' title='bbox 2512 756 2567 801; x_wconf 88' lang='lat' dir='ltr'><strong>et</strong></span> <span class='ocrx_word' id='word_1_162' title='bbox 2608 746 2748 805; x_wconf 86' lang='lat' dir='ltr'><strong>Deus</strong></span> <span class='ocrx_word' id='word_1_163' title='bbox 2776 767 2947 809; x_wconf 89' lang='lat' dir='ltr'><strong>mens.</strong></span> <span class='ocrx_word' id='word_1_164' title='bbox 2972 754 3098 823; x_wconf 83' lang='lat' dir='ltr'><strong>Fili,</strong></span> <span class='ocrx_word' id='word_1_165' title='bbox 3124 757 3457 833; x_wconf 81' lang='lat' dir='ltr'><strong>Redemptor</strong></span> <span class='ocrx_word' id='word_1_166' title='bbox 3489 772 3693 837; x_wconf 82' lang='lat' dir='ltr'><strong>mundi,</strong></span> <span class='ocrx_word' id='word_1_167' title='bbox 3724 746 3858 842; x_wconf 80' lang='lat' dir='ltr'><strong>Dens,</strong></span> 
     </span>
    </p>
   </div>
   <div class='ocr_carea' id='block_1_26' title="bbox 2305 833 3857 928">
    <p class='ocr_par' dir='ltr' id='par_1_26' title="bbox 2305 833 3857 928">
     <span class='ocr_line' id='line_1_26' title="bbox 2305 833 3857 928; baseline 0.023 -43"><span class='ocrx_word' id='word_1_168' title='bbox 2305 833 2564 893; x_wconf 91' lang='lat' dir='ltr'><strong>miserere</strong></span> <span class='ocrx_word' id='word_1_169' title='bbox 2598 840 2726 904; x_wconf 87' lang='lat' dir='ltr'><strong>mei,</strong></span> <span class='ocrx_word' id='word_1_170' title='bbox 2757 858 2821 896; x_wconf 84' lang='lat' dir='ltr'><strong>ne</strong></span> <span class='ocrx_word' id='word_1_171' title='bbox 2856 846 3049 913; x_wconf 71' lang='lat' dir='ltr'><strong>perdo:</strong></span> <span class='ocrx_word' id='word_1_172' title='bbox 3085 865 3166 904; x_wconf 84' lang='lat' dir='ltr'><strong>me</strong></span> <span class='ocrx_word' id='word_1_173' title='bbox 3194 867 3319 907; x_wconf 90' lang='lat' dir='ltr'><strong>eum</strong></span> <span class='ocrx_word' id='word_1_174' title='bbox 3348 854 3722 928; x_wconf 81' lang='lat' dir='ltr'><strong>iniquitatibus</strong></span> <span class='ocrx_word' id='word_1_175' title='bbox 3750 866 3857 922; x_wconf 80' lang='lat' dir='ltr'><strong>meis</strong></span> 
     </span>
    </p>
   </div>
   <div class='ocr_carea' id='block_1_27' title="bbox 2303 921 3854 1014">
    <p class='ocr_par' dir='ltr' id='par_1_27' title="bbox 2303 921 3854 1014">
     <span class='ocr_line' id='line_1_27' title="bbox 2303 921 3854 1014; baseline 0.026 -41"><span class='ocrx_word' id='word_1_176' title='bbox 2303 921 2476 993; x_wconf 67' lang='lat' dir='ltr'><strong>(Pani.</strong></span> <span class='ocrx_word' id='word_1_177' title='bbox 2507 943 2635 995; x_wconf 78' lang='lat' dir='ltr'><strong>xxv,</strong></span> <span class='ocrx_word' id='word_1_178' title='bbox 2666 930 2745 1001; x_wconf 83' lang='lat'><strong>9),</strong></span> <span class='ocrx_word' id='word_1_179' title='bbox 2781 944 2958 1005; x_wconf 85' lang='lat' dir='ltr'><strong>neque</strong></span> <span class='ocrx_word' id='word_1_180' title='bbox 2986 937 3040 993; x_wconf 92' lang='lat' dir='ltr'><strong>in</strong></span> <span class='ocrx_word' id='word_1_181' title='bbox 3084 939 3248 999; x_wconf 81' lang='lat' dir='ltr'><strong>linem</strong></span> <span class='ocrx_word' id='word_1_182' title='bbox 3278 921 3464 1004; x_wconf 45' lang='lat' dir='ltr'><strong>iratus-</strong></span> <span class='ocrx_word' id='word_1_183' title='bbox 3478 966 3719 1011; x_wconf 83' lang='lat' dir='ltr'><strong>reserves</strong></span> <span class='ocrx_word' id='word_1_184' title='bbox 3745 921 3854 1014; x_wconf 76' lang='lat' dir='ltr'><strong>mala</strong></span> 
     </span>
    </p>
   </div>
   <div class='ocr_carea' id='block_1_28' title="bbox 2303 1016 3853 1113">
    <p class='ocr_par' dir='ltr' id='par_1_28' title="bbox 2303 1016 3853 1113">
     <span class='ocr_line' id='line_1_28' title="bbox 2303 1016 3853 1113; baseline 0.023 -46"><span class='ocrx_word' id='word_1_185' title='bbox 2303 1029 2444 1070; x_wconf 91' lang='lat' dir='ltr'><strong>mea.</strong></span> <span class='ocrx_word' id='word_1_186' title='bbox 2490 1016 2725 1077; x_wconf 88' lang='lat' dir='ltr'><strong>Sanctus</strong></span> <span class='ocrx_word' id='word_1_187' title='bbox 2756 1022 3017 1094; x_wconf 60' lang='lat' dir='ltr'><strong>Spiritus,</strong></span> <span class='ocrx_word' id='word_1_188' title='bbox 3056 1028 3291 1104; x_wconf 77' lang='lat' dir='ltr'><strong>benigne</strong></span> <span class='ocrx_word' id='word_1_189' title='bbox 3332 1036 3496 1105; x_wconf 88' lang='lat' dir='ltr'><strong>Deus,</strong></span> <span class='ocrx_word' id='word_1_190' title='bbox 3530 1041 3725 1113; x_wconf 87' lang='lat' dir='ltr'><strong>inspira</strong></span> <span class='ocrx_word' id='word_1_191' title='bbox 3750 1047 3853 1102; x_wconf 84' lang='lat' dir='ltr'><strong>mibi</strong></span> 
     </span>
    </p>
   </div>
   <div class='ocr_carea' id='block_1_29' title="bbox 2295 1102 3856 1193">
    <p class='ocr_par' dir='ltr' id='par_1_29' title="bbox 2295 1102 3856 1193">
     <span class='ocr_line' id='line_1_29' title="bbox 2295 1102 3856 1193; baseline 0.024 -39"><span class='ocrx_word' id='word_1_192' title='bbox 2295 1102 2623 1171; x_wconf 80' lang='lat' dir='ltr'><strong>spiraculum</strong></span> <span class='ocrx_word' id='word_1_193' title='bbox 2654 1110 2843 1178; x_wconf 67' lang='lat' dir='ltr'><strong>gratiae</strong></span> <span class='ocrx_word' id='word_1_194' title='bbox 2880 1120 3008 1181; x_wconf 71' lang='lat' dir='ltr'><strong>tute,</strong></span> <span class='ocrx_word' id='word_1_195' title='bbox 3034 1124 3091 1172; x_wconf 91' lang='lat' dir='ltr'><strong>et</strong></span> <span class='ocrx_word' id='word_1_196' title='bbox 3117 1102 3290 1193; x_wconf 79' lang='lat' dir='ltr'><strong>dirige</strong></span> <span class='ocrx_word' id='word_1_197' title='bbox 3319 1139 3408 1181; x_wconf 90' lang='lat' dir='ltr'><strong>me</strong></span> <span class='ocrx_word' id='word_1_198' title='bbox 3444 1102 3675 1188; x_wconf 69' lang='lat' dir='ltr'><strong>inviam</strong></span> <span class='ocrx_word' id='word_1_199' title='bbox 3701 1135 3856 1192; x_wconf 82' lang='lat' dir='ltr'><strong>salutis</strong></span> 
     </span>
    </p>
   </div>
   <div class='ocr_carea' id='block_1_30' title="bbox 2295 1197 3852 1292">
    <p class='ocr_par' dir='ltr' id='par_1_30' title="bbox 2295 1197 3852 1292">
     <span class='ocr_line' id='line_1_30' title="bbox 2295 1197 3852 1292; baseline 0.024 -48"><span class='ocrx_word' id='word_1_200' title='bbox 2295 1199 2511 1248; x_wconf 69' lang='lat' dir='ltr'><strong>aeterna:</strong></span> <span class='ocrx_word' id='word_1_201' title='bbox 2531 1212 2547 1249; x_wconf 86' lang='lat'><strong>:</strong></span> <span class='ocrx_word' id='word_1_202' title='bbox 2570 1197 2699 1253; x_wconf 84' lang='lat' dir='ltr'><strong>doce</strong></span> <span class='ocrx_word' id='word_1_203' title='bbox 2720 1215 2802 1254; x_wconf 84' lang='lat' dir='ltr'><strong>me</strong></span> <span class='ocrx_word' id='word_1_204' title='bbox 2826 1201 3140 1260; x_wconf 79' lang='lat' dir='ltr'><strong>voluntatem</strong></span> <span class='ocrx_word' id='word_1_205' title='bbox 3159 1219 3305 1265; x_wconf 82' lang='lat' dir='ltr'><strong>tuam</strong></span> <span class='ocrx_word' id='word_1_206' title='bbox 3330 1213 3506 1284; x_wconf 78' lang='lat' dir='ltr'><strong>facere</strong></span> <span class='ocrx_word' id='word_1_207' title='bbox 3526 1219 3700 1290; x_wconf 65' lang='lat' dir='ltr'><strong>(Prol.</strong></span> <span class='ocrx_word' id='word_1_208' title='bbox 3717 1240 3852 1292; x_wconf 75' lang='lat' dir='ltr'><strong>cun,</strong></span> 
     </span>
    </p>
   </div>
   <div class='ocr_carea' id='block_1_31' title="bbox 2296 1280 3848 1371">
    <p class='ocr_par' dir='ltr' id='par_1_31' title="bbox 2296 1280 3848 1371">
     <span class='ocr_line' id='line_1_31' title="bbox 2296 1280 3848 1371; baseline 0.023 -38"><span class='ocrx_word' id='word_1_209' title='bbox 2296 1280 2384 1349; x_wconf 80' lang='lat' dir='ltr'><strong>l0)</strong></span> <span class='ocrx_word' id='word_1_210' title='bbox 2415 1298 2429 1335; x_wconf 93' lang='lat'>:</span> <span class='ocrx_word' id='word_1_211' title='bbox 2460 1283 2724 1355; x_wconf 83' lang='lat' dir='ltr'><strong>quidquid</strong></span> <span class='ocrx_word' id='word_1_212' title='bbox 2767 1289 2862 1346; x_wconf 87' lang='lat' dir='ltr'><strong>tibi</strong></span> <span class='ocrx_word' id='word_1_213' title='bbox 2902 1290 3154 1363; x_wconf 87' lang='lat' dir='ltr'><strong>displicet</strong></span> <span class='ocrx_word' id='word_1_214' title='bbox 3194 1299 3246 1354; x_wconf 89' lang='lat' dir='ltr'><strong>in</strong></span> <span class='ocrx_word' id='word_1_215' title='bbox 3289 1280 3404 1370; x_wconf 82' lang='lat' dir='ltr'><strong>me,</strong></span> <span class='ocrx_word' id='word_1_216' title='bbox 3447 1280 3672 1368; x_wconf 82' lang='lat' dir='ltr'><strong>remove</strong></span> <span class='ocrx_word' id='word_1_217' title='bbox 3704 1329 3730 1369; x_wconf 74' lang='grc' dir='ltr'><strong>ιι</strong></span> <span class='ocrx_word' id='word_1_218' title='bbox 3766 1280 3848 1371; x_wconf 61' lang='lat' dir='ltr'><strong>me.</strong></span> 
     </span>
    </p>
   </div>
   <div class='ocr_carea' id='block_1_32' title="bbox 2293 1370 3853 1463">
    <p class='ocr_par' dir='ltr' id='par_1_32' title="bbox 2293 1370 3853 1463">
     <span class='ocr_line' id='line_1_32' title="bbox 2293 1370 3853 1463; baseline 0.027 -40"><span class='ocrx_word' id='word_1_219' title='bbox 2293 1370 2459 1429; x_wconf 81' lang='lat' dir='ltr'><strong>Triae</strong></span> <span class='ocrx_word' id='word_1_220' title='bbox 2499 1382 2555 1430; x_wconf 86' lang='lat' dir='ltr'><strong>et</strong></span> <span class='ocrx_word' id='word_1_221' title='bbox 2600 1392 2725 1443; x_wconf 88' lang='lat' dir='ltr'><strong>une,</strong></span> <span class='ocrx_word' id='word_1_222' title='bbox 2786 1381 3151 1455; x_wconf 84' lang='lat' dir='ltr'><strong>omnipotens,</strong></span> <span class='ocrx_word' id='word_1_223' title='bbox 3192 1392 3281 1461; x_wconf 89' lang='lat' dir='ltr'><strong>pie</strong></span> <span class='ocrx_word' id='word_1_224' title='bbox 3326 1404 3382 1451; x_wconf 93' lang='lat' dir='ltr'><strong>et</strong></span> <span class='ocrx_word' id='word_1_225' title='bbox 3427 1400 3736 1462; x_wconf 84' lang='lat' dir='ltr'><strong>misericors</strong></span> <span class='ocrx_word' id='word_1_226' title='bbox 3774 1408 3853 1463; x_wconf 78' lang='lat' dir='ltr'><strong>Do-</strong></span> 
     </span>
    </p>
   </div>
   <div class='ocr_carea' id='block_1_33' title="bbox 2292 1461 3848 1559">
    <p class='ocr_par' dir='ltr' id='par_1_33' title="bbox 2292 1461 3848 1559">
     <span class='ocr_line' id='line_1_33' title="bbox 2292 1461 3848 1559; baseline 0.024 -44"><span class='ocrx_word' id='word_1_227' title='bbox 2292 1461 2456 1549; x_wconf 83' lang='lat' dir='ltr'><strong>mine,</strong></span> <span class='ocrx_word' id='word_1_228' title='bbox 2483 1467 2658 1536; x_wconf 73' lang='lat' dir='ltr'><strong>aspice</strong></span> <span class='ocrx_word' id='word_1_229' title='bbox 2683 1470 2738 1524; x_wconf 84' lang='lat' dir='ltr'><strong>in</strong></span> <span class='ocrx_word' id='word_1_230' title='bbox 2775 1488 2857 1526; x_wconf 87' lang='lat' dir='ltr'><strong>me</strong></span> <span class='ocrx_word' id='word_1_231' title='bbox 2884 1473 3058 1542; x_wconf 76' lang='lat' dir='ltr'><strong>(Psal.</strong></span> <span class='ocrx_word' id='word_1_232' title='bbox 3086 1494 3276 1551; x_wconf 79' lang='lat' dir='ltr'><strong>cxvnl,</strong></span> <span class='ocrx_word' id='word_1_233' title='bbox 3308 1486 3453 1559; x_wconf 73' lang='grc'><strong>152),</strong></span> <span class='ocrx_word' id='word_1_234' title='bbox 3487 1500 3545 1547; x_wconf 90' lang='lat' dir='ltr'><strong>et.</strong></span> <span class='ocrx_word' id='word_1_235' title='bbox 3584 1461 3848 1554; x_wconf 75' lang='lat' dir='ltr'><strong>tribulatio-</strong></span> 
     </span>
    </p>
   </div>
   <div class='ocr_carea' id='block_1_34' title="bbox 2292 1548 3850 1643">
    <p class='ocr_par' dir='ltr' id='par_1_34' title="bbox 2292 1548 3850 1643">
     <span class='ocr_line' id='line_1_34' title="bbox 2292 1548 3850 1643; baseline 0.026 -40"><span class='ocrx_word' id='word_1_236' title='bbox 2292 1564 2414 1605; x_wconf 87' lang='lat' dir='ltr'><strong>nem</strong></span> <span class='ocrx_word' id='word_1_237' title='bbox 2443 1548 2617 1609; x_wconf 88' lang='lat' dir='ltr'><strong>meam</strong></span> <span class='ocrx_word' id='word_1_238' title='bbox 2648 1557 2701 1611; x_wconf 91' lang='lat' dir='ltr'><strong>in</strong></span> <span class='ocrx_word' id='word_1_239' title='bbox 2729 1563 2984 1628; x_wconf 81' lang='lat' dir='ltr'><strong>gaudium</strong></span> <span class='ocrx_word' id='word_1_240' title='bbox 3012 1548 3287 1634; x_wconf 82' lang='lat' dir='ltr'><strong>converte.</strong></span> <span class='ocrx_word' id='word_1_241' title='bbox 3315 1586 3366 1629; x_wconf 86' lang='lat' dir='ltr'><strong>et</strong></span> <span class='ocrx_word' id='word_1_242' title='bbox 3484 1582 3580 1638; x_wconf 66' lang='lat' dir='ltr'><strong>de:</strong></span> <span class='ocrx_word' id='word_1_243' title='bbox 3607 1586 3850 1643; x_wconf 59' lang='lat' dir='ltr'><strong>heredita-</strong></span> 
     </span>
    </p>
   </div>
   <div class='ocr_carea' id='block_1_35' title="bbox 2288 1644 3845 1740">
    <p class='ocr_par' dir='ltr' id='par_1_35' title="bbox 2288 1644 3845 1740">
     <span class='ocr_line' id='line_1_35' title="bbox 2288 1644 3845 1740; baseline 0.027 -49"><span class='ocrx_word' id='word_1_244' title='bbox 2288 1648 2390 1693; x_wconf 85' lang='lat' dir='ltr'><strong>tem</strong></span> <span class='ocrx_word' id='word_1_245' title='bbox 2427 1651 2574 1696; x_wconf 83' lang='lat' dir='ltr'><strong>tuam</strong></span> <span class='ocrx_word' id='word_1_246' title='bbox 2617 1644 2776 1713; x_wconf 80' lang='lat' dir='ltr'><strong>(loel.</strong></span> <span class='ocrx_word' id='word_1_247' title='bbox 2809 1666 2880 1716; x_wconf 92' lang='lat' dir='ltr'><strong>ll,</strong></span> <span class='ocrx_word' id='word_1_248' title='bbox 2915 1652 3024 1725; x_wconf 84' lang='lat' dir='ltr'><strong>l7).</strong></span> <span class='ocrx_word' id='word_1_249' title='bbox 3067 1654 3377 1731; x_wconf 55' lang='lat' dir='ltr'><strong>Altissimc~</strong></span> <span class='ocrx_word' id='word_1_250' title='bbox 3402 1666 3454 1722; x_wconf 93' lang='lat' dir='ltr'><strong>in</strong></span> <span class='ocrx_word' id='word_1_251' title='bbox 3494 1673 3845 1740; x_wconf 82' lang='lat' dir='ltr'><strong>perditionem.</strong></span> 
     </span>
    </p>
   </div>
   <div class='ocr_carea' id='block_1_36' title="bbox 2218 1728 3843 1833">
    <p class='ocr_par' dir='ltr' id='par_1_36' title="bbox 2218 1728 3843 1833">
     <span class='ocr_line' id='line_1_36' title="bbox 2218 1728 3843 1833; baseline 0.024 -50"><span class='ocrx_word' id='word_1_252' title='bbox 2218 1728 2259 1783; x_wconf 88' lang='grc' dir='ltr'><strong>Β</strong></span> <span class='ocrx_word' id='word_1_253' title='bbox 2287 1729 2602 1787; x_wconf 89' lang='lat' dir='ltr'><strong>Dominator</strong></span> <span class='ocrx_word' id='word_1_254' title='bbox 2625 1738 2866 1794; x_wconf 90' lang='lat' dir='ltr'><strong>omnium</strong></span> <span class='ocrx_word' id='word_1_255' title='bbox 2906 1759 2970 1800; x_wconf 89' lang='lat' dir='ltr'><strong>ac</strong></span> <span class='ocrx_word' id='word_1_256' title='bbox 3015 1757 3293 1816; x_wconf 90' lang='lat' dir='ltr'><strong>protector</strong></span> <span class='ocrx_word' id='word_1_257' title='bbox 3321 1728 3376 1809; x_wconf 80' lang='lat' dir='ltr'><strong>in</strong></span> <span class='ocrx_word' id='word_1_258' title='bbox 3417 1766 3472 1813; x_wconf 90' lang='lat' dir='ltr'><strong>te</strong></span> <span class='ocrx_word' id='word_1_259' title='bbox 3494 1728 3843 1833; x_wconf 29' lang='lat' dir='ltr'><strong>sperati-tium.</strong></span> 
     </span>
    </p>
   </div>
   <div class='ocr_carea' id='block_1_37' title="bbox 596 1804 2163 1923">
    <p class='ocr_par' dir='ltr' id='par_1_37' title="bbox 596 1804 2163 1923">
     <span class='ocr_line' id='line_1_37' title="bbox 596 1804 2163 1898; baseline 0.017 -41"><span class='ocrx_word' id='word_1_260' title='bbox 596 1807 654 1853; x_wconf 84' lang='grc' dir='ltr'><strong>ιιι</strong></span> <span class='ocrx_word' id='word_1_261' title='bbox 684 1817 779 1871; x_wconf 88' lang='lat' dir='ltr'><strong>per</strong></span> <span class='ocrx_word' id='word_1_262' title='bbox 810 1804 900 1860; x_wconf 85' lang='lat' dir='ltr'><strong>illa</strong></span> <span class='ocrx_word' id='word_1_263' title='bbox 931 1806 1221 1880; x_wconf 76' lang='lat' dir='ltr'><strong>jnstitlcer‘,</strong></span> <span class='ocrx_word' id='word_1_264' title='bbox 1254 1816 1524 1887; x_wconf 87' lang='lat' dir='ltr'><strong>accipere.</strong></span> <span class='ocrx_word' id='word_1_265' title='bbox 1563 1818 1798 1890; x_wconf 78' lang='lat' dir='ltr'><strong>Supplex</strong></span> <span class='ocrx_word' id='word_1_266' title='bbox 1828 1839 1959 1897; x_wconf 87' lang='lat' dir='ltr'><strong>ergo</strong></span> <span class='ocrx_word' id='word_1_267' title='bbox 1993 1836 2066 1893; x_wconf 89' lang='lat' dir='ltr'><strong>te,</strong></span> <span class='ocrx_word' id='word_1_268' title='bbox 2096 1829 2163 1898; x_wconf 73' lang='lat' dir='ltr'><strong>pit</strong></span> 
     </span>
     <span class='ocr_line' id='line_1_38' title="bbox 596 1890 2084 1923; baseline 0 0"><span class='ocrx_word' id='word_1_269' title='bbox 596 1890 881 1923; x_wconf 67' lang='lat' dir='ltr'><strong>hl:nn-nln-</strong></span> <span class='ocrx_word' id='word_1_270' title='bbox 924 1896 1196 1923; x_wconf 35' lang='lat' dir='ltr'><strong>I...‘..-:_---_A</strong></span> <span class='ocrx_word' id='word_1_271' title='bbox 1265 1905 1317 1923; x_wconf 66' lang='lat' dir='ltr'><strong>_n,</strong></span> <span class='ocrx_word' id='word_1_272' title='bbox 1568 1919 1579 1923; x_wconf 91' lang='lat'>_</span> <span class='ocrx_word' id='word_1_273' title='bbox 1833 1914 1848 1923; x_wconf 89' lang='lat'><strong>.</strong></span> <span class='ocrx_word' id='word_1_274' title='bbox 1911 1916 1926 1923; x_wconf 90' lang='lat'><strong>-</strong></span> <span class='ocrx_word' id='word_1_275' title='bbox 1965 1916 1979 1923; x_wconf 83' lang='lat'><em>_</em></span> <span class='ocrx_word' id='word_1_276' title='bbox 2072 1920 2084 1923; x_wconf 95' lang='lat'>_</span> 
     </span>
    </p>
   </div>
   <div class='ocr_carea' id='block_1_38' title="bbox 2263 1804 3845 1923">
    <p class='ocr_par' dir='ltr' id='par_1_38' title="bbox 2287 1804 3845 1923">
     <span class='ocr_line' id='line_1_39' title="bbox 3015 1804 3843 1833; baseline 0.019 -28"><span class='ocrx_word' id='word_1_277' title='bbox 3015 1804 3031 1816; x_wconf 90' lang='lat'>_</span> <span class='ocrx_word' id='word_1_278' title='bbox 3418 1804 3472 1813; x_wconf 80' lang='lat'><strong>--</strong></span> <span class='ocrx_word' id='word_1_279' title='bbox 3517 1804 3544 1814; x_wconf 82' lang='grc'><strong>-</strong></span> <span class='ocrx_word' id='word_1_280' title='bbox 3587 1804 3843 1833; x_wconf 71' lang='lat'><strong>-............,</strong></span> 
     </span>
     <span class='ocr_line' id='line_1_40' title="bbox 2287 1804 3845 1923; baseline 0.026 -50"><span class='ocrx_word' id='word_1_281' title='bbox 2287 1819 2536 1888; x_wconf 76' lang='lat' dir='ltr'><strong>Domine,</strong></span> <span class='ocrx_word' id='word_1_282' title='bbox 2557 1823 2993 1907; x_wconf 72' lang='lat' dir='ltr'><strong>deprecationem</strong></span> <span class='ocrx_word' id='word_1_283' title='bbox 3020 1854 3197 1897; x_wconf 88' lang='lat' dir='ltr'><strong>meam</strong></span> <span class='ocrx_word' id='word_1_284' title='bbox 3225 1847 3470 1919; x_wconf 88' lang='lat' dir='ltr'><strong>suscipe;</strong></span> <span class='ocrx_word' id='word_1_285' title='bbox 3501 1804 3584 1907; x_wconf 71' lang='lat' dir='ltr'><strong>etr</strong></span> <span class='ocrx_word' id='word_1_286' title='bbox 3584 1868 3683 1923; x_wconf 89' lang='lat' dir='ltr'><strong>per</strong></span> <span class='ocrx_word' id='word_1_287' title='bbox 3707 1857 3845 1912; x_wconf 86' lang='lat' dir='ltr'><strong>inter-</strong></span> 
     </span>
    </p>
   </div>
   <div class='ocr_carea' id='block_1_39' title="bbox 594 1890 2163 2003">
    <p class='ocr_par' dir='ltr' id='par_1_39' title="bbox 594 1890 2163 1982">
     <span class='ocr_line' id='line_1_41' title="bbox 594 1890 2163 1982; baseline 0.021 -39"><span class='ocrx_word' id='word_1_288' title='bbox 594 1890 881 1950; x_wconf 88' lang='lat' dir='ltr'><strong>miscrator</strong></span> <span class='ocrx_word' id='word_1_289' title='bbox 924 1896 1221 1969; x_wconf 83' lang='lat' dir='ltr'><strong>hominum,</strong></span> <span class='ocrx_word' id='word_1_290' title='bbox 1255 1905 1484 1963; x_wconf 90' lang='lat' dir='ltr'><strong>ohsecro</strong></span> <span class='ocrx_word' id='word_1_291' title='bbox 1526 1919 1583 1964; x_wconf 92' lang='lat' dir='ltr'><strong>ut</strong></span> <span class='ocrx_word' id='word_1_292' title='bbox 1626 1926 1747 1982; x_wconf 66' lang='lat' dir='ltr'><strong>quae</strong></span> <span class='ocrx_word' id='word_1_293' title='bbox 1782 1914 1849 1969; x_wconf 88' lang='lat' dir='ltr'><strong>ad</strong></span> <span class='ocrx_word' id='word_1_294' title='bbox 1893 1916 2163 1975; x_wconf 68' lang='lat' dir='ltr'><strong>delendun‘</strong></span> 
     </span>
    </p>
   </div>
   <div class='ocr_carea' id='block_1_40' title="bbox 2263 1890 3843 2003">
    <p class='ocr_par' dir='ltr' id='par_1_40' title="bbox 2280 1890 3843 2003">
     <span class='ocr_line' id='line_1_42' title="bbox 2626 1890 3843 1923; baseline 0.025 -39"><span class='ocrx_word' id='word_1_295' title='bbox 2626 1890 2643 1897; x_wconf 90' lang='lat'>_</span> <span class='ocrx_word' id='word_1_296' title='bbox 2784 1897 2797 1907; x_wconf 45' lang='lat'>‘</span> <span class='ocrx_word' id='word_1_297' title='bbox 3021 1890 3196 1897; x_wconf 47' lang='grc' dir='ltr'><strong><em>νην-η--</em></strong></span> <span class='ocrx_word' id='word_1_298' title='bbox 3225 1890 3470 1919; x_wconf 64' lang='grc' dir='ltr'><strong>-..σν-γυ,</strong></span> <span class='ocrx_word' id='word_1_299' title='bbox 3501 1890 3561 1907; x_wconf 66' lang='grc' dir='ltr'><strong>ν.</strong></span> <span class='ocrx_word' id='word_1_300' title='bbox 3584 1890 3671 1923; x_wconf 65' lang='lat' dir='ltr'><strong>ys;-</strong></span> <span class='ocrx_word' id='word_1_301' title='bbox 3707 1890 3843 1912; x_wconf 71' lang='lat' dir='ltr'><strong>uuu‘</strong></span> 
     </span>
     <span class='ocr_line' id='line_1_43' title="bbox 2280 1913 3843 2003; baseline 0.025 -39"><span class='ocrx_word' id='word_1_302' title='bbox 2280 1913 2556 1971; x_wconf 86' lang='lat' dir='ltr'><strong>cessiones</strong></span> <span class='ocrx_word' id='word_1_303' title='bbox 2583 1918 2835 1987; x_wconf 77' lang='lat' dir='ltr'><strong>gloriosa:</strong></span> <span class='ocrx_word' id='word_1_304' title='bbox 2870 1926 3096 1998; x_wconf 82' lang='lat' dir='ltr'><strong>virginis</strong></span> <span class='ocrx_word' id='word_1_305' title='bbox 3134 1932 3335 2003; x_wconf 71' lang='lat' dir='ltr'><strong>Mariae,</strong></span> <span class='ocrx_word' id='word_1_306' title='bbox 3367 1940 3524 1996; x_wconf 87' lang='lat' dir='ltr'><strong>aut‘er</strong></span> <span class='ocrx_word' id='word_1_307' title='bbox 3563 1944 3695 1999; x_wconf 76' lang='lat' dir='ltr'><strong>irent</strong></span> <span class='ocrx_word' id='word_1_308' title='bbox 3725 1957 3843 2002; x_wconf 72' lang='lat' dir='ltr'><strong>men</strong></span> 
     </span>
    </p>
   </div>
   <div class='ocr_carea' id='block_1_41' title="bbox 592 1986 3005 2091">
    <p class='ocr_par' dir='ltr' id='par_1_41' title="bbox 592 1986 3005 2091">
     <span class='ocr_line' id='line_1_44' title="bbox 592 1986 3005 2091; baseline 0.024 -61"><span class='ocrx_word' id='word_1_309' title='bbox 592 1993 815 2049; x_wconf 75' lang='lat' dir='ltr'><strong>peccata</strong></span> <span class='ocrx_word' id='word_1_310' title='bbox 834 1986 1056 2055; x_wconf 76' lang='lat' dir='ltr'><strong>dedisti,</strong></span> <span class='ocrx_word' id='word_1_311' title='bbox 1076 2009 1181 2048; x_wconf 92' lang='lat' dir='ltr'><strong>non</strong></span> <span class='ocrx_word' id='word_1_312' title='bbox 1203 1997 1331 2051; x_wconf 88' lang='lat' dir='ltr'><strong>mihi</strong></span> <span class='ocrx_word' id='word_1_313' title='bbox 1348 1999 1538 2053; x_wconf 82' lang='lat' dir='ltr'><strong>sintad</strong></span> <span class='ocrx_word' id='word_1_314' title='bbox 1555 2012 1899 2070; x_wconf 88' lang='lat' dir='ltr'><strong>peccatormn</strong></span> <span class='ocrx_word' id='word_1_315' title='bbox 1920 2022 2181 2079; x_wconf 83' lang='lat' dir='ltr'><strong>augmen-</strong></span> <span class='ocrx_word' id='word_1_316' title='bbox 2279 2017 2308 2056; x_wconf 70' lang='grc'>³</span> <span class='ocrx_word' id='word_1_317' title='bbox 2340 2020 2425 2061; x_wconf 74' lang='lat' dir='ltr'><strong>me</strong></span> <span class='ocrx_word' id='word_1_318' title='bbox 2466 2005 2643 2079; x_wconf 72' lang='grc' dir='ltr'><strong>(Ρεαίο</strong></span> <span class='ocrx_word' id='word_1_319' title='bbox 2669 2028 2898 2083; x_wconf 67' lang='lat' dir='ltr'><strong>LX“le</strong></span> <span class='ocrx_word' id='word_1_320' title='bbox 2925 2019 3005 2091; x_wconf 64' lang='lat'><strong>5).</strong></span> 
     </span>
    </p>
   </div>
   <div class='ocr_carea' id='block_1_42' title="bbox 594 2074 2177 2165">
    <p class='ocr_par' dir='ltr' id='par_1_42' title="bbox 594 2074 2177 2165">
     <span class='ocr_line' id='line_1_45' title="bbox 594 2074 2177 2165; baseline 0.022 -43"><span class='ocrx_word' id='word_1_321' title='bbox 594 2074 730 2137; x_wconf 90' lang='lat' dir='ltr'><strong>tum,</strong></span> <span class='ocrx_word' id='word_1_322' title='bbox 758 2074 852 2128; x_wconf 89' lang='lat' dir='ltr'><strong>sed</strong></span> <span class='ocrx_word' id='word_1_323' title='bbox 883 2077 950 2131; x_wconf 91' lang='lat' dir='ltr'><strong>ad</strong></span> <span class='ocrx_word' id='word_1_324' title='bbox 976 2078 1362 2153; x_wconf 85' lang='lat' dir='ltr'><strong>indulgentiam</strong></span> <span class='ocrx_word' id='word_1_325' title='bbox 1394 2097 1447 2143; x_wconf 91' lang='lat' dir='ltr'><strong>et</strong></span> <span class='ocrx_word' id='word_1_326' title='bbox 1474 2090 1781 2148; x_wconf 87' lang='lat' dir='ltr'><strong>tuitionem.</strong></span> <span class='ocrx_word' id='word_1_327' title='bbox 1809 2094 1918 2152; x_wconf 88' lang='lat' dir='ltr'><strong>Fac</strong></span> <span class='ocrx_word' id='word_1_328' title='bbox 1945 2074 2051 2165; x_wconf 73' lang='lat' dir='ltr'><strong>me,</strong></span> <span class='ocrx_word' id='word_1_329' title='bbox 2077 2102 2177 2157; x_wconf 83' lang='lat' dir='ltr'><strong>Do-</strong></span> 
     </span>
    </p>
   </div>
   <div class='ocr_carea' id='block_1_43' title="bbox 591 2159 2177 2257">
    <p class='ocr_par' dir='ltr' id='par_1_43' title="bbox 591 2159 2177 2257">
     <span class='ocr_line' id='line_1_46' title="bbox 591 2159 2177 2257; baseline 0.023 -45"><span class='ocrx_word' id='word_1_330' title='bbox 591 2159 762 2228; x_wconf 89' lang='lat' dir='ltr'><strong>mine,</strong></span> <span class='ocrx_word' id='word_1_331' title='bbox 804 2163 876 2219; x_wconf 90' lang='lat' dir='ltr'><strong>ita</strong></span> <span class='ocrx_word' id='word_1_332' title='bbox 914 2181 978 2222; x_wconf 88' lang='lat' dir='ltr'><strong>ea</strong></span> <span class='ocrx_word' id='word_1_333' title='bbox 1008 2184 1104 2227; x_wconf 88' lang='lat' dir='ltr'><strong>ore</strong></span> <span class='ocrx_word' id='word_1_334' title='bbox 1139 2182 1195 2227; x_wconf 91' lang='lat' dir='ltr'><strong>et</strong></span> <span class='ocrx_word' id='word_1_335' title='bbox 1238 2177 1401 2231; x_wconf 86' lang='lat' dir='ltr'><strong>corde</strong></span> <span class='ocrx_word' id='word_1_336' title='bbox 1435 2181 1735 2252; x_wconf 60' lang='lat' dir='ltr'><strong>pcnipere,</strong></span> <span class='ocrx_word' id='word_1_337' title='bbox 1780 2196 1941 2257; x_wconf 88' lang='lat' dir='ltr'><strong>atque</strong></span> <span class='ocrx_word' id='word_1_338' title='bbox 1978 2159 2082 2247; x_wconf 81' lang='lat' dir='ltr'><strong>ﬁde</strong></span> <span class='ocrx_word' id='word_1_339' title='bbox 2121 2200 2177 2247; x_wconf 90' lang='lat' dir='ltr'><strong>et</strong></span> 
     </span>
    </p>
   </div>
   <div class='ocr_carea' id='block_1_44' title="bbox 589 2246 2176 2339">
    <p class='ocr_par' dir='ltr' id='par_1_44' title="bbox 589 2246 2176 2339">
     <span class='ocr_line' id='line_1_47' title="bbox 589 2246 2176 2339; baseline 0.021 -34"><span class='ocrx_word' id='word_1_340' title='bbox 589 2246 784 2310; x_wconf 85' lang='lat' dir='ltr'><strong>aﬂ&#39;eetu</strong></span> <span class='ocrx_word' id='word_1_341' title='bbox 811 2260 1049 2328; x_wconf 82' lang='lat' dir='ltr'><strong>sentire,</strong></span> <span class='ocrx_word' id='word_1_342' title='bbox 1094 2272 1157 2319; x_wconf 80' lang='lat' dir='ltr'><strong>nt</strong></span> <span class='ocrx_word' id='word_1_343' title='bbox 1198 2282 1296 2335; x_wconf 84' lang='lat' dir='ltr'><strong>per</strong></span> <span class='ocrx_word' id='word_1_344' title='bbox 1329 2283 1516 2326; x_wconf 90' lang='lat' dir='ltr'><strong>eorum</strong></span> <span class='ocrx_word' id='word_1_345' title='bbox 1560 2274 1812 2333; x_wconf 84' lang='lat' dir='ltr'><strong>virtutem</strong></span> <span class='ocrx_word' id='word_1_346' title='bbox 1853 2281 1932 2336; x_wconf 91' lang='lat' dir='ltr'><strong>sic</strong></span> <span class='ocrx_word' id='word_1_347' title='bbox 1963 2298 2176 2339; x_wconf 90' lang='lat' dir='ltr'><strong>merear</strong></span> 
     </span>
    </p>
   </div>
   <div class='ocr_carea' id='block_1_45' title="bbox 586 2346 2168 2438">
    <p class='ocr_par' dir='ltr' id='par_1_45' title="bbox 586 2346 2168 2438">
     <span class='ocr_line' id='line_1_48' title="bbox 586 2346 2168 2438; baseline 0.02 -40"><span class='ocrx_word' id='word_1_348' title='bbox 586 2346 943 2417; x_wconf 85' lang='lat' dir='ltr'><strong>complantari</strong></span> <span class='ocrx_word' id='word_1_349' title='bbox 964 2353 1303 2413; x_wconf 88' lang='lat' dir='ltr'><strong>similitudini</strong></span> <span class='ocrx_word' id='word_1_350' title='bbox 1326 2363 1518 2419; x_wconf 89' lang='lat' dir='ltr'><strong>mortis</strong></span> <span class='ocrx_word' id='word_1_351' title='bbox 1535 2374 1591 2422; x_wconf 90' lang='lat' dir='ltr'><strong>et</strong></span> <span class='ocrx_word' id='word_1_352' title='bbox 1611 2371 2024 2428; x_wconf 84' lang='lat' dir='ltr'><strong>resurrectionis</strong></span> <span class='ocrx_word' id='word_1_353' title='bbox 2046 2382 2168 2438; x_wconf 68' lang='lat' dir='ltr'><strong>tuae,</strong></span> 
     </span>
    </p>
   </div>
   <div class='ocr_carea' id='block_1_46' title="bbox 582 2443 2169 2527">
    <p class='ocr_par' dir='ltr' id='par_1_46' title="bbox 582 2443 2169 2527">
     <span class='ocr_line' id='line_1_49' title="bbox 582 2443 2169 2527; baseline 0.021 -39"><span class='ocrx_word' id='word_1_354' title='bbox 582 2450 684 2505; x_wconf 88' lang='lat' dir='ltr'><strong>per</strong></span> <span class='ocrx_word' id='word_1_355' title='bbox 723 2443 921 2498; x_wconf 86' lang='lat' dir='ltr'><strong>veteris</strong></span> <span class='ocrx_word' id='word_1_356' title='bbox 963 2445 1198 2504; x_wconf 89' lang='lat' dir='ltr'><strong>hominis</strong></span> <span class='ocrx_word' id='word_1_357' title='bbox 1240 2453 1735 2527; x_wconf 83' lang='lat' dir='ltr'><strong>mortiﬁcationem,</strong></span> <span class='ocrx_word' id='word_1_358' title='bbox 1778 2471 1835 2517; x_wconf 92' lang='lat' dir='ltr'><strong>et</strong></span> <span class='ocrx_word' id='word_1_359' title='bbox 1877 2466 2169 2524; x_wconf 91' lang='lat' dir='ltr'><strong>novitatem</strong></span> 
     </span>
    </p>
   </div>
   <div class='ocr_carea' id='block_1_47' title="bbox 570 2524 2170 2622">
    <p class='ocr_par' dir='ltr' id='par_1_47' title="bbox 570 2524 2170 2622">
     <span class='ocr_line' id='line_1_50' title="bbox 570 2524 2170 2622; baseline 0.023 -43"><span class='ocrx_word' id='word_1_360' title='bbox 570 2524 734 2593; x_wconf 71' lang='lat' dir='ltr'><strong>justze</strong></span> <span class='ocrx_word' id='word_1_361' title='bbox 764 2531 907 2600; x_wconf 66' lang='lat' dir='ltr'><strong>vitae,</strong></span> <span class='ocrx_word' id='word_1_362' title='bbox 942 2544 1001 2590; x_wconf 85' lang='lat' dir='ltr'><strong>ut</strong></span> <span class='ocrx_word' id='word_1_363' title='bbox 1029 2538 1223 2609; x_wconf 87' lang='lat' dir='ltr'><strong>dignus</strong></span> <span class='ocrx_word' id='word_1_364' title='bbox 1251 2543 1351 2598; x_wconf 91' lang='lat' dir='ltr'><strong>sim</strong></span> <span class='ocrx_word' id='word_1_365' title='bbox 1385 2550 1600 2618; x_wconf 88' lang='lat' dir='ltr'><strong>corpori</strong></span> <span class='ocrx_word' id='word_1_366' title='bbox 1634 2524 1746 2617; x_wconf 86' lang='lat' dir='ltr'><strong>tuo,</strong></span> <span class='ocrx_word' id='word_1_367' title='bbox 1783 2558 1926 2622; x_wconf 85' lang='lat' dir='ltr'><strong>quod</strong></span> <span class='ocrx_word' id='word_1_368' title='bbox 1954 2568 2036 2613; x_wconf 90' lang='lat' dir='ltr'><strong>est</strong></span> <span class='ocrx_word' id='word_1_369' title='bbox 2067 2559 2170 2617; x_wconf 85' lang='lat' dir='ltr'><strong>Ec-</strong></span> 
     </span>
    </p>
   </div>
   <div class='ocr_carea' id='block_1_48' title="bbox 576 2616 2166 2715">
    <p class='ocr_par' dir='ltr' id='par_1_48' title="bbox 576 2616 2166 2715">
     <span class='ocr_line' id='line_1_51' title="bbox 576 2616 2166 2715; baseline 0.023 -43"><span class='ocrx_word' id='word_1_370' title='bbox 576 2616 763 2690; x_wconf 59' lang='lat' dir='ltr'><strong>clesia,</strong></span> <span class='ocrx_word' id='word_1_371' title='bbox 810 2624 1175 2699; x_wconf 85' lang='lat' dir='ltr'><strong>incorporari,</strong></span> <span class='ocrx_word' id='word_1_372' title='bbox 1215 2642 1272 2689; x_wconf 91' lang='lat' dir='ltr'><strong>ct</strong></span> <span class='ocrx_word' id='word_1_373' title='bbox 1307 2636 1409 2691; x_wconf 80' lang='lat' dir='ltr'><strong>sint</strong></span> <span class='ocrx_word' id='word_1_374' title='bbox 1450 2642 1752 2699; x_wconf 81' lang='lat' dir='ltr'><strong>membrum</strong></span> <span class='ocrx_word' id='word_1_375' title='bbox 1793 2654 1973 2715; x_wconf 88' lang='lat' dir='ltr'><strong>tuum,</strong></span> <span class='ocrx_word' id='word_1_376' title='bbox 2015 2660 2069 2706; x_wconf 92' lang='lat' dir='ltr'><strong>ct</strong></span> <span class='ocrx_word' id='word_1_377' title='bbox 2113 2662 2166 2707; x_wconf 89' lang='lat' dir='ltr'><strong>tu</strong></span> 
     </span>
    </p>
   </div>
   <div class='ocr_carea' id='block_1_49' title="bbox 578 2721 2167 2814">
    <p class='ocr_par' dir='ltr' id='par_1_49' title="bbox 578 2721 2167 2814">
     <span class='ocr_line' id='line_1_52' title="bbox 578 2721 2167 2814; baseline 0.025 -52"><span class='ocrx_word' id='word_1_378' title='bbox 578 2721 737 2780; x_wconf 86' lang='lat' dir='ltr'><strong>caput</strong></span> <span class='ocrx_word' id='word_1_379' title='bbox 768 2730 968 2784; x_wconf 91' lang='lat' dir='ltr'><strong>meum,</strong></span> <span class='ocrx_word' id='word_1_380' title='bbox 999 2730 1055 2776; x_wconf 91' lang='lat' dir='ltr'><strong>et</strong></span> <span class='ocrx_word' id='word_1_381' title='bbox 1084 2739 1328 2782; x_wconf 87' lang='lat' dir='ltr'><strong>maneam</strong></span> <span class='ocrx_word' id='word_1_382' title='bbox 1361 2729 1413 2783; x_wconf 92' lang='lat' dir='ltr'><strong>in</strong></span> <span class='ocrx_word' id='word_1_383' title='bbox 1444 2738 1514 2799; x_wconf 90' lang='lat' dir='ltr'><strong>te,</strong></span> <span class='ocrx_word' id='word_1_384' title='bbox 1548 2742 1602 2788; x_wconf 89' lang='lat' dir='ltr'><strong>et</strong></span> <span class='ocrx_word' id='word_1_385' title='bbox 1633 2743 1687 2789; x_wconf 92' lang='lat' dir='ltr'><strong>tu</strong></span> <span class='ocrx_word' id='word_1_386' title='bbox 1730 2737 1783 2791; x_wconf 90' lang='lat' dir='ltr'><strong>iu</strong></span> <span class='ocrx_word' id='word_1_387' title='bbox 1812 2754 1899 2795; x_wconf 90' lang='lat' dir='ltr'><strong>me</strong></span> <span class='ocrx_word' id='word_1_388' title='bbox 1931 2759 1944 2795; x_wconf 89' lang='lat'><strong><em>:</em></strong></span> <span class='ocrx_word' id='word_1_389' title='bbox 1976 2755 2167 2814; x_wconf 82' lang='lat' dir='ltr'><strong>quate-</strong></span> 
     </span>
    </p>
   </div>
   <div class='ocr_carea' id='block_1_50' title="bbox 460 2803 2163 2906">
    <p class='ocr_par' dir='ltr' id='par_1_50' title="bbox 460 2803 2163 2906">
     <span class='ocr_line' id='line_1_53' title="bbox 460 2803 2163 2906; baseline 0.026 -57"><span class='ocrx_word' id='word_1_390' title='bbox 460 2845 479 2862; x_wconf 85' lang='grc'><em>,</em></span> <span class='ocrx_word' id='word_1_391' title='bbox 578 2815 679 2856; x_wconf 91' lang='lat' dir='ltr'><strong>nus</strong></span> <span class='ocrx_word' id='word_1_392' title='bbox 703 2803 755 2858; x_wconf 91' lang='lat' dir='ltr'><strong>in</strong></span> <span class='ocrx_word' id='word_1_393' title='bbox 778 2814 1173 2870; x_wconf 84' lang='lat' dir='ltr'><strong>resurrectione</strong></span> <span class='ocrx_word' id='word_1_394' title='bbox 1196 2818 1456 2877; x_wconf 83' lang='lat' dir='ltr'><strong>reformes</strong></span> <span class='ocrx_word' id='word_1_395' title='bbox 1474 2841 1659 2894; x_wconf 73' lang='lat' dir='ltr'><strong>corpus</strong></span> <span class='ocrx_word' id='word_1_396' title='bbox 1676 2828 1987 2889; x_wconf 73' lang='lat' dir='ltr'><strong>humilitatis</strong></span> <span class='ocrx_word' id='word_1_397' title='bbox 2007 2824 2163 2906; x_wconf 65' lang='lat' dir='ltr'><strong>meas,</strong></span> 
     </span>
    </p>
   </div>
   <div class='ocr_carea' id='block_1_51' title="bbox 575 2893 2160 2996">
    <p class='ocr_par' dir='ltr' id='par_1_51' title="bbox 575 2893 2160 2996">
     <span class='ocr_line' id='line_1_54' title="bbox 575 2893 2160 2996; baseline 0.026 -54"><span class='ocrx_word' id='word_1_398' title='bbox 575 2893 960 2962; x_wconf 82' lang='lat' dir='ltr'><strong>conﬁguratum</strong></span> <span class='ocrx_word' id='word_1_399' title='bbox 1001 2909 1207 2971; x_wconf 85' lang='lat' dir='ltr'><strong>corpori</strong></span> <span class='ocrx_word' id='word_1_400' title='bbox 1235 2908 1495 2967; x_wconf 77' lang='lat' dir='ltr'><strong>claritatis</strong></span> <span class='ocrx_word' id='word_1_401' title='bbox 1537 2923 1659 2982; x_wconf 61' lang='lat' dir='ltr'><strong>tua},</strong></span> <span class='ocrx_word' id='word_1_402' title='bbox 1699 2924 1994 2979; x_wconf 85' lang='lat' dir='ltr'><strong>secundum</strong></span> <span class='ocrx_word' id='word_1_403' title='bbox 2033 2943 2160 2996; x_wconf 88' lang='lat' dir='ltr'><strong>pro-</strong></span> 
     </span>
    </p>
   </div>
   <div class='ocr_carea' id='block_1_52' title="bbox 575 2983 2154 3084">
    <p class='ocr_par' dir='ltr' id='par_1_52' title="bbox 575 2983 2154 3084">
     <span class='ocr_line' id='line_1_55' title="bbox 575 2983 2154 3084; baseline 0.027 -51"><span class='ocrx_word' id='word_1_404' title='bbox 575 2983 888 3045; x_wconf 73' lang='lat' dir='ltr'><strong>miss‘oncm</strong></span> <span class='ocrx_word' id='word_1_405' title='bbox 923 2993 1161 3064; x_wconf 81' lang='lat' dir='ltr'><strong>Apostoli</strong></span> <span class='ocrx_word' id='word_1_406' title='bbox 1202 3003 1276 3056; x_wconf 93' lang='lat' dir='ltr'><strong>tui</strong></span> <span class='ocrx_word' id='word_1_407' title='bbox 1310 3000 1567 3075; x_wconf 78' lang='lat' dir='ltr'><strong>(Philipp;</strong></span> <span class='ocrx_word' id='word_1_408' title='bbox 1597 3026 1679 3077; x_wconf 83' lang='grc' dir='ltr'><strong>ιιι,</strong></span> <span class='ocrx_word' id='word_1_409' title='bbox 1709 3011 1820 3084; x_wconf 74' lang='lat' dir='ltr'><strong>2i).</strong></span> <span class='ocrx_word' id='word_1_410' title='bbox 1855 3025 1909 3070; x_wconf 85' lang='lat' dir='ltr'><strong>et</strong></span> <span class='ocrx_word' id='word_1_411' title='bbox 1942 3018 1992 3071; x_wconf 93' lang='lat' dir='ltr'><strong>in</strong></span> <span class='ocrx_word' id='word_1_412' title='bbox 2024 2983 2074 3074; x_wconf 52' lang='lat' dir='ltr'><strong>t&#39;e</strong></span> <span class='ocrx_word' id='word_1_413' title='bbox 2105 3021 2154 3075; x_wconf 92' lang='lat' dir='ltr'><strong>in</strong></span> 
     </span>
    </p>
   </div>
   <div class='ocr_carea' id='block_1_53' title="bbox 571 3082 2227 3172">
    <p class='ocr_par' dir='ltr' id='par_1_53' title="bbox 571 3082 2227 3172">
     <span class='ocr_line' id='line_1_56' title="bbox 571 3082 2227 3172; baseline 0.027 -45"><span class='ocrx_word' id='word_1_414' title='bbox 571 3082 836 3135; x_wconf 67' lang='lat' dir='ltr'><strong>internum</strong></span> <span class='ocrx_word' id='word_1_415' title='bbox 879 3088 1141 3155; x_wconf 83' lang='lat' dir='ltr'><strong>gaudeam</strong></span> <span class='ocrx_word' id='word_1_416' title='bbox 1174 3092 1240 3148; x_wconf 77' lang='lat' dir='ltr'><strong>de</strong></span> <span class='ocrx_word' id='word_1_417' title='bbox 1275 3094 1443 3166; x_wconf 80' lang='lat' dir='ltr'><strong>gloria</strong></span> <span class='ocrx_word' id='word_1_418' title='bbox 1481 3108 1589 3165; x_wconf 89' lang='lat' dir='ltr'><strong>tua,</strong></span> <span class='ocrx_word' id='word_1_419' title='bbox 1628 3104 1719 3172; x_wconf 86' lang='lat' dir='ltr'><strong>qui</strong></span> <span class='ocrx_word' id='word_1_420' title='bbox 1761 3082 1882 3161; x_wconf 78' lang='lat' dir='ltr'><strong>cum</strong></span> <span class='ocrx_word' id='word_1_421' title='bbox 1914 3108 2075 3166; x_wconf 77' lang='lat' dir='ltr'><strong>Patre</strong></span> <span class='ocrx_word' id='word_1_422' title='bbox 2102 3124 2157 3170; x_wconf 89' lang='lat' dir='ltr'><strong>ct</strong></span> <span class='ocrx_word' id='word_1_423' title='bbox 2184 3083 2227 3141; x_wconf 66' lang='grc' dir='ltr'>Ο</span> 
     </span>
    </p>
   </div>
   <div class='ocr_carea' id='block_1_54' title="bbox 570 3160 1401 3244">
    <p class='ocr_par' dir='ltr' id='par_1_54' title="bbox 570 3160 1401 3244">
     <span class='ocr_line' id='line_1_57' title="bbox 570 3160 1401 3244; baseline 0.037 -31"><span class='ocrx_word' id='word_1_424' title='bbox 570 3160 774 3232; x_wconf 84' lang='lat' dir='ltr'><strong>Spiritu</strong></span> <span class='ocrx_word' id='word_1_425' title='bbox 803 3182 1014 3244; x_wconf 89' lang='lat' dir='ltr'><strong>sancto,</strong></span> <span class='ocrx_word' id='word_1_426' title='bbox 1045 3187 1151 3234; x_wconf 88' lang='lat' dir='ltr'><strong>etc.</strong></span> <span class='ocrx_word' id='word_1_427' title='bbox 1278 3160 1303 3166; x_wconf 37' lang='lat' dir='ltr'><strong>v</strong></span> <span class='ocrx_word' id='word_1_428' title='bbox 1393 3229 1401 3236; x_wconf 87' lang='lat'><strong>.</strong></span> 
     </span>
    </p>
   </div>
   <div class='ocr_carea' id='block_1_55' title="bbox 1107 3270 1617 3337">
    <p class='ocr_par' dir='ltr' id='par_1_55' title="bbox 1107 3270 1617 3337">
     <span class='ocr_line' id='line_1_58' title="bbox 1107 3270 1617 3337; baseline 0.016 -9"><span class='ocrx_word' id='word_1_429' title='bbox 1107 3270 1362 3332; x_wconf 76' lang='lat' dir='ltr'><strong>ORATIO</strong></span> <span class='ocrx_word' id='word_1_430' title='bbox 1401 3277 1617 3337; x_wconf 76' lang='lat' dir='ltr'><strong>XXXV.</strong></span> 
     </span>
    </p>
   </div>
   <div class='ocr_carea' id='block_1_56' title="bbox 1070 3368 1552 3427">
    <p class='ocr_par' dir='ltr' id='par_1_56' title="bbox 1070 3368 1552 3427">
     <span class='ocr_line' id='line_1_59' title="bbox 1070 3368 1552 3427; baseline 0.023 -11"><span class='ocrx_word' id='word_1_431' title='bbox 1070 3368 1076 3373; x_wconf 82' lang='grc'><em>’</em></span> <span class='ocrx_word' id='word_1_432' title='bbox 1158 3379 1226 3418; x_wconf 65' lang='lat' dir='ltr'><strong>so</strong></span> <span class='ocrx_word' id='word_1_433' title='bbox 1264 3380 1552 3427; x_wconf 73' lang='lat' dir='ltr'><strong>cnntsrun.</strong></span> 
     </span>
    </p>
   </div>
   <div class='ocr_carea' id='block_1_57' title="bbox 831 3446 1889 3531">
    <p class='ocr_par' dir='ltr' id='par_1_57' title="bbox 831 3446 1889 3531">
     <span class='ocr_line' id='line_1_60' title="bbox 831 3446 1889 3531; baseline 0.026 -33"><span class='ocrx_word' id='word_1_434' title='bbox 831 3446 961 3501; x_wconf 75' lang='lat' dir='ltr'><strong>Ante</strong></span> <span class='ocrx_word' id='word_1_435' title='bbox 1002 3457 1379 3523; x_wconf 68' lang='lat' dir='ltr'><strong>perceptionem</strong></span> <span class='ocrx_word' id='word_1_436' title='bbox 1411 3478 1514 3531; x_wconf 83' lang='lat' dir='ltr'><strong>cur,</strong></span> <span class='ocrx_word' id='word_1_437' title='bbox 1537 3466 1642 3519; x_wconf 78' lang='lat' dir='ltr'><strong>oris</strong></span> <span class='ocrx_word' id='word_1_438' title='bbox 1673 3466 1889 3526; x_wconf 77' lang='lat' dir='ltr'><strong>Christi.</strong></span> 
     </span>
    </p>
   </div>
   <div class='ocr_carea' id='block_1_58' title="bbox 636 3531 2147 3629">
    <p class='ocr_par' dir='ltr' id='par_1_58' title="bbox 636 3531 2147 3629">
     <span class='ocr_line' id='line_1_61' title="bbox 636 3531 2147 3629; baseline 0.026 -46"><span class='ocrx_word' id='word_1_439' title='bbox 636 3531 865 3590; x_wconf 87' lang='lat' dir='ltr'><strong>Domine</strong></span> <span class='ocrx_word' id='word_1_440' title='bbox 898 3535 1023 3593; x_wconf 83' lang='lat' dir='ltr'><strong>Jcsu</strong></span> <span class='ocrx_word' id='word_1_441' title='bbox 1060 3542 1273 3601; x_wconf 84' lang='lat' dir='ltr'><strong>Christe</strong></span> <span class='ocrx_word' id='word_1_442' title='bbox 1308 3548 1407 3604; x_wconf 87' lang='lat' dir='ltr'><strong>Fili</strong></span> <span class='ocrx_word' id='word_1_443' title='bbox 1448 3552 1541 3606; x_wconf 89' lang='lat' dir='ltr'><strong>Dei</strong></span> <span class='ocrx_word' id='word_1_444' title='bbox 1576 3556 1702 3620; x_wconf 87' lang='lat' dir='ltr'><strong>vivi,</strong></span> <span class='ocrx_word' id='word_1_445' title='bbox 1741 3561 1830 3629; x_wconf 87' lang='lat' dir='ltr'><strong>qui</strong></span> <span class='ocrx_word' id='word_1_446' title='bbox 1863 3577 1928 3618; x_wconf 84' lang='lat' dir='ltr'><strong>ex</strong></span> <span class='ocrx_word' id='word_1_447' title='bbox 1961 3567 2147 3623; x_wconf 87' lang='lat' dir='ltr'><strong>volun-</strong></span> 
     </span>
    </p>
   </div>
   <div class='ocr_carea' id='block_1_59' title="bbox 560 3623 2142 3721">
    <p class='ocr_par' dir='ltr' id='par_1_59' title="bbox 560 3623 2142 3721">
     <span class='ocr_line' id='line_1_62' title="bbox 560 3623 2142 3721; baseline 0.025 -46"><span class='ocrx_word' id='word_1_448' title='bbox 560 3628 670 3677; x_wconf 77' lang='lat' dir='ltr'><strong>t.:te</strong></span> <span class='ocrx_word' id='word_1_449' title='bbox 698 3623 896 3692; x_wconf 81' lang='lat' dir='ltr'><strong>Patr&#39;is,</strong></span> <span class='ocrx_word' id='word_1_450' title='bbox 932 3645 1256 3701; x_wconf 84' lang='lat' dir='ltr'><strong>cooperante</strong></span> <span class='ocrx_word' id='word_1_451' title='bbox 1296 3638 1502 3710; x_wconf 83' lang='lat' dir='ltr'><strong>Spiritu</strong></span> <span class='ocrx_word' id='word_1_452' title='bbox 1535 3623 1879 3721; x_wconf 44' lang='lat' dir='ltr'><strong>sanam-per</strong></span> <span class='ocrx_word' id='word_1_453' title='bbox 1916 3667 2142 3714; x_wconf 83' lang='lat' dir='ltr'><strong>mortem</strong></span> 
     </span>
    </p>
   </div>
   <div class='ocr_carea' id='block_1_60' title="bbox 558 3721 2144 3805">
    <p class='ocr_par' dir='ltr' id='par_1_60' title="bbox 558 3721 2144 3805">
     <span class='ocr_line' id='line_1_63' title="bbox 558 3721 2144 3805; baseline 0.028 -42"><span class='ocrx_word' id='word_1_454' title='bbox 558 3722 707 3805; x_wconf 64' lang='lat' dir='ltr'><strong>tuam</strong></span> <span class='ocrx_word' id='word_1_455' title='bbox 741 3721 995 3775; x_wconf 82' lang='lat' dir='ltr'><strong>mundum</strong></span> <span class='ocrx_word' id='word_1_456' title='bbox 1030 3724 1330 3795; x_wconf 74' lang='lat' dir='ltr'><strong>vivificasti,</strong></span> <span class='ocrx_word' id='word_1_457' title='bbox 1365 3733 1609 3791; x_wconf 68' lang='lat' dir='ltr'><strong>ador-oet</strong></span> <span class='ocrx_word' id='word_1_458' title='bbox 1639 3755 1866 3798; x_wconf 88' lang='lat' dir='ltr'><strong>veneror</strong></span> <span class='ocrx_word' id='word_1_459' title='bbox 1890 3744 1991 3803; x_wconf 78' lang='lat' dir='ltr'><strong>hec</strong></span> <span class='ocrx_word' id='word_1_460' title='bbox 2018 3764 2144 3805; x_wconf 88' lang='lat' dir='ltr'><strong>san-</strong></span> 
     </span>
    </p>
   </div>
   <div class='ocr_carea' id='block_1_61' title="bbox 553 3787 2139 3909">
    <p class='ocr_par' dir='ltr' id='par_1_61' title="bbox 553 3787 2139 3909">
     <span class='ocr_line' id='line_1_64' title="bbox 553 3787 2139 3909; baseline 0.025 -52"><span class='ocrx_word' id='word_1_461' title='bbox 553 3787 579 3856; x_wconf 74' lang='grc' dir='ltr'><em>ἶ</em></span> <span class='ocrx_word' id='word_1_462' title='bbox 588 3813 700 3861; x_wconf 89' lang='lat' dir='ltr'><strong>tum</strong></span> <span class='ocrx_word' id='word_1_463' title='bbox 732 3824 927 3881; x_wconf 87' lang='lat' dir='ltr'><strong>corpus</strong></span> <span class='ocrx_word' id='word_1_464' title='bbox 962 3825 1133 3885; x_wconf 81' lang='lat' dir='ltr'><strong>tntnn,</strong></span> <span class='ocrx_word' id='word_1_465' title='bbox 1171 3831 1227 3876; x_wconf 89' lang='lat' dir='ltr'><strong>et</strong></span> <span class='ocrx_word' id='word_1_466' title='bbox 1260 3821 1404 3882; x_wconf 91' lang='lat' dir='ltr'><strong>hunc</strong></span> <span class='ocrx_word' id='word_1_467' title='bbox 1441 3830 1758 3900; x_wconf 79' lang='lat' dir='ltr'><strong>sanguinem</strong></span> <span class='ocrx_word' id='word_1_468' title='bbox 1789 3840 1966 3902; x_wconf 89' lang='lat' dir='ltr'><strong>tuum,</strong></span> <span class='ocrx_word' id='word_1_469' title='bbox 1999 3836 2139 3909; x_wconf 80' lang='lat' dir='ltr'><strong>quod</strong></span> 
     </span>
    </p>
   </div>
   <div class='ocr_carea' id='block_1_62' title="bbox 547 3900 2143 3988">
    <p class='ocr_par' dir='ltr' id='par_1_62' title="bbox 547 3900 2143 3988">
     <span class='ocr_line' id='line_1_65' title="bbox 547 3900 2143 3988; baseline 0.025 -39"><span class='ocrx_word' id='word_1_470' title='bbox 547 3906 635 3951; x_wconf 86' lang='lat' dir='ltr'><strong>est</strong></span> <span class='ocrx_word' id='word_1_471' title='bbox 669 3900 946 3971; x_wconf 75' lang='lat' dir='ltr'><strong>traditum,</strong></span> <span class='ocrx_word' id='word_1_472' title='bbox 974 3916 1027 3962; x_wconf 88' lang='lat' dir='ltr'><strong>et</strong></span> <span class='ocrx_word' id='word_1_473' title='bbox 1059 3911 1150 3981; x_wconf 81' lang='lat' dir='ltr'><strong>qui</strong></span> <span class='ocrx_word' id='word_1_474' title='bbox 1176 3908 1272 3981; x_wconf 74' lang='lat' dir='ltr'><strong>pro</strong></span> <span class='ocrx_word' id='word_1_475' title='bbox 1305 3916 1482 3972; x_wconf 77' lang='lat' dir='ltr'><strong>multis</strong></span> <span class='ocrx_word' id='word_1_476' title='bbox 1509 3920 1710 3980; x_wconf 83' lang='lat' dir='ltr'><strong>eil&#39;nsus</strong></span> <span class='ocrx_word' id='word_1_477' title='bbox 1745 3928 1831 3983; x_wconf 81' lang='lat' dir='ltr'><strong>est</strong></span> <span class='ocrx_word' id='word_1_478' title='bbox 1866 3930 1921 3984; x_wconf 85' lang='lat' dir='ltr'><strong>in</strong></span> <span class='ocrx_word' id='word_1_479' title='bbox 1957 3934 2143 3988; x_wconf 79' lang='lat' dir='ltr'><strong>remis-</strong></span> 
     </span>
    </p>
   </div>
   <div class='ocr_carea' id='block_1_63' title="bbox 545 3989 2137 4096">
    <p class='ocr_par' dir='ltr' id='par_1_63' title="bbox 545 3989 2137 4096">
     <span class='ocr_line' id='line_1_66' title="bbox 545 3989 2137 4096; baseline 0.026 -55"><span class='ocrx_word' id='word_1_480' title='bbox 545 3989 745 4046; x_wconf 57' lang='lat' dir='ltr'><strong>sionem</strong></span> <span class='ocrx_word' id='word_1_481' title='bbox 782 4009 1114 4064; x_wconf 82' lang='lat' dir='ltr'><strong>peccatorum</strong></span> <span class='ocrx_word' id='word_1_482' title='bbox 1158 4003 1372 4075; x_wconf 79' lang='lat' dir='ltr'><strong>(Matth.</strong></span> <span class='ocrx_word' id='word_1_483' title='bbox 1414 4027 1564 4078; x_wconf 76' lang='lat' dir='ltr'><strong>XXVI,</strong></span> <span class='ocrx_word' id='word_1_484' title='bbox 1599 4015 1691 4088; x_wconf 74' lang='lat'><strong>28)</strong></span> <span class='ocrx_word' id='word_1_485' title='bbox 1724 4035 1737 4072; x_wconf 88' lang='lat'><strong>:</strong></span> <span class='ocrx_word' id='word_1_486' title='bbox 1770 4020 2137 4096; x_wconf 88' lang='lat' dir='ltr'><strong>dcprecorque</strong></span> 
     </span>
    </p>
   </div>
   <div class='ocr_carea' id='block_1_64' title="bbox 544 4079 2134 4183">
    <p class='ocr_par' dir='ltr' id='par_1_64' title="bbox 544 4079 2134 4183">
     <span class='ocr_line' id='line_1_67' title="bbox 544 4079 2134 4183; baseline 0.027 -53"><span class='ocrx_word' id='word_1_487' title='bbox 544 4079 889 4142; x_wconf 81' lang='lat' dir='ltr'><strong>clementiam</strong></span> <span class='ocrx_word' id='word_1_488' title='bbox 918 4098 1087 4157; x_wconf 91' lang='lat' dir='ltr'><strong>tuam,</strong></span> <span class='ocrx_word' id='word_1_489' title='bbox 1114 4096 1620 4160; x_wconf 88' lang='lat' dir='ltr'><strong>misericordissime</strong></span> <span class='ocrx_word' id='word_1_490' title='bbox 1643 4107 1888 4177; x_wconf 87' lang='lat' dir='ltr'><strong>Domine,</strong></span> <span class='ocrx_word' id='word_1_491' title='bbox 1913 4130 2011 4183; x_wconf 91' lang='lat' dir='ltr'><strong>per</strong></span> <span class='ocrx_word' id='word_1_492' title='bbox 2038 4117 2134 4172; x_wconf 54' lang='lat' dir='ltr'><strong>ho;</strong></span> 
     </span>
    </p>
   </div>
   <div class='ocr_carea' id='block_1_65' title="bbox 545 4170 2134 4267">
    <p class='ocr_par' dir='ltr' id='par_1_65' title="bbox 545 4170 2134 4267">
     <span class='ocr_line' id='line_1_68' title="bbox 545 4170 2134 4267; baseline 0.025 -44"><span class='ocrx_word' id='word_1_493' title='bbox 545 4183 665 4223; x_wconf 88' lang='lat' dir='ltr'><strong>rmn</strong></span> <span class='ocrx_word' id='word_1_494' title='bbox 698 4170 999 4244; x_wconf 52' lang='lat' dir='ltr'><strong>virtutem,</strong></span> <span class='ocrx_word' id='word_1_495' title='bbox 1023 4180 1108 4237; x_wconf 84' lang='lat' dir='ltr'><strong>fac</strong></span> <span class='ocrx_word' id='word_1_496' title='bbox 1153 4201 1239 4241; x_wconf 86' lang='lat' dir='ltr'><strong>me</strong></span> <span class='ocrx_word' id='word_1_497' title='bbox 1275 4203 1440 4244; x_wconf 89' lang='lat' dir='ltr'><strong>unum</strong></span> <span class='ocrx_word' id='word_1_498' title='bbox 1478 4193 1551 4248; x_wconf 89' lang='lat' dir='ltr'><strong>de</strong></span> <span class='ocrx_word' id='word_1_499' title='bbox 1586 4195 1693 4251; x_wconf 91' lang='lat' dir='ltr'><strong>illis</strong></span> <span class='ocrx_word' id='word_1_500' title='bbox 1724 4200 1928 4267; x_wconf 83' lang='lat' dir='ltr'><strong>multis,</strong></span> <span class='ocrx_word' id='word_1_501' title='bbox 1959 4201 2134 4264; x_wconf 81' lang='lat' dir='ltr'><strong>et&#39;faé</strong></span> 
     </span>
    </p>
   </div>
   <div class='ocr_carea' id='block_1_66' title="bbox 546 4259 2129 4351">
    <p class='ocr_par' dir='ltr' id='par_1_66' title="bbox 546 4259 2129 4351">
     <span class='ocr_line' id='line_1_69' title="bbox 546 4259 2129 4351; baseline 0.027 -43"><span class='ocrx_word' id='word_1_502' title='bbox 546 4270 633 4312; x_wconf 89' lang='lat' dir='ltr'><strong>me</strong></span> <span class='ocrx_word' id='word_1_503' title='bbox 665 4259 766 4316; x_wconf 91' lang='lat' dir='ltr'><strong>hoc</strong></span> <span class='ocrx_word' id='word_1_504' title='bbox 794 4265 994 4322; x_wconf 90' lang='lat' dir='ltr'><strong>sentire</strong></span> <span class='ocrx_word' id='word_1_505' title='bbox 1021 4270 1099 4325; x_wconf 91' lang='lat' dir='ltr'><strong>sic</strong></span> <span class='ocrx_word' id='word_1_506' title='bbox 1128 4287 1226 4343; x_wconf 87' lang='lat' dir='ltr'><strong>per</strong></span> <span class='ocrx_word' id='word_1_507' title='bbox 1255 4276 1413 4332; x_wconf 82' lang='lat' dir='ltr'><strong>[idem</strong></span> <span class='ocrx_word' id='word_1_508' title='bbox 1439 4288 1494 4335; x_wconf 89' lang='lat' dir='ltr'><strong>et</strong></span> <span class='ocrx_word' id='word_1_509' title='bbox 1517 4270 1792 4351; x_wconf 83' lang='lat' dir='ltr'><strong>all&#39;ectum,</strong></span> <span class='ocrx_word' id='word_1_510' title='bbox 1820 4300 1873 4344; x_wconf 91' lang='lat' dir='ltr'><strong>ut</strong></span> <span class='ocrx_word' id='word_1_511' title='bbox 1900 4293 2039 4350; x_wconf 87' lang='lat' dir='ltr'><strong>senti</strong></span> <span class='ocrx_word' id='word_1_512' title='bbox 2059 4312 2129 4351; x_wconf 89' lang='lat' dir='ltr'><strong>un</strong></span> 
     </span>
    </p>
   </div>
   <div class='ocr_carea' id='block_1_67' title="bbox 3050 2022 3814 2094">
    <p class='ocr_par' dir='ltr' id='par_1_67' title="bbox 3050 2022 3814 2094">
     <span class='ocr_line' id='line_1_70' title="bbox 3050 2022 3814 2094; baseline 0.024 -18"><span class='ocrx_word' id='word_1_513' title='bbox 3050 2022 3279 2084; x_wconf 89' lang='lat' dir='ltr'><strong>Domine</strong></span> <span class='ocrx_word' id='word_1_514' title='bbox 3318 2028 3464 2088; x_wconf 84' lang='lat' dir='ltr'><strong>Deus</strong></span> <span class='ocrx_word' id='word_1_515' title='bbox 3489 2039 3680 2093; x_wconf 75' lang='lat' dir='ltr'><strong>salutis</strong></span> <span class='ocrx_word' id='word_1_516' title='bbox 3703 2055 3814 2094; x_wconf 64' lang='lat' dir='ltr'><strong>mea</strong></span> 
     </span>
    </p>
   </div>
   <div class='ocr_carea' id='block_1_68' title="bbox 2278 2100 3840 2200">
    <p class='ocr_par' dir='ltr' id='par_1_68' title="bbox 2278 2100 3840 2200">
     <span class='ocr_line' id='line_1_71' title="bbox 2278 2100 3840 2200; baseline 0.024 -51"><span class='ocrx_word' id='word_1_517' title='bbox 2278 2111 2377 2152; x_wconf 89' lang='lat' dir='ltr'><strong>nec</strong></span> <span class='ocrx_word' id='word_1_518' title='bbox 2405 2100 2645 2157; x_wconf 89' lang='lat' dir='ltr'><strong>animam</strong></span> <span class='ocrx_word' id='word_1_519' title='bbox 2674 2120 2848 2163; x_wconf 85' lang='lat' dir='ltr'><strong>meam</strong></span> <span class='ocrx_word' id='word_1_520' title='bbox 2874 2112 3027 2180; x_wconf 87' lang='lat' dir='ltr'><strong>prius</strong></span> <span class='ocrx_word' id='word_1_521' title='bbox 3060 2129 3091 2170; x_wconf 90' lang='lat' dir='ltr'><strong>a</strong></span> <span class='ocrx_word' id='word_1_522' title='bbox 3129 2133 3361 2189; x_wconf 86' lang='lat' dir='ltr'><strong>corpore</strong></span> <span class='ocrx_word' id='word_1_523' title='bbox 3388 2129 3676 2197; x_wconf 77' lang='lat' dir='ltr'><strong>suscipias,</strong></span> <span class='ocrx_word' id='word_1_524' title='bbox 3704 2143 3840 2200; x_wconf 81' lang='lat' dir='ltr'><strong>quam</strong></span> 
     </span>
    </p>
   </div>
   <div class='ocr_carea' id='block_1_69' title="bbox 2275 2191 3387 2263">
    <p class='ocr_par' dir='ltr' id='par_1_69' title="bbox 2275 2191 3387 2263">
     <span class='ocr_line' id='line_1_72' title="bbox 2275 2191 3387 2263; baseline 0.022 -22"><span class='ocrx_word' id='word_1_525' title='bbox 2275 2191 2457 2245; x_wconf 88' lang='lat' dir='ltr'><strong>omnia</strong></span> <span class='ocrx_word' id='word_1_526' title='bbox 2488 2205 2710 2262; x_wconf 89' lang='lat' dir='ltr'><strong>peccata</strong></span> <span class='ocrx_word' id='word_1_527' title='bbox 2744 2213 2860 2254; x_wconf 91' lang='lat' dir='ltr'><strong>mea</strong></span> <span class='ocrx_word' id='word_1_528' title='bbox 2890 2202 3155 2263; x_wconf 84' lang='lat' dir='ltr'><strong>dimittas.</strong></span> <span class='ocrx_word' id='word_1_529' title='bbox 3384 2216 3387 2219; x_wconf 86' lang='grc'><em>’</em></span> 
     </span>
    </p>
   </div>
   <div class='ocr_carea' id='block_1_70' title="bbox 2345 2281 3834 2378">
    <p class='ocr_par' dir='ltr' id='par_1_70' title="bbox 2345 2281 3834 2378">
     <span class='ocr_line' id='line_1_73' title="bbox 2345 2281 3834 2378; baseline 0.02 -39"><span class='ocrx_word' id='word_1_530' title='bbox 2345 2281 2392 2339; x_wconf 93' lang='lat' dir='ltr'><strong>O</strong></span> <span class='ocrx_word' id='word_1_531' title='bbox 2442 2284 2673 2354; x_wconf 82' lang='lat' dir='ltr'><strong>gloriosa</strong></span> <span class='ocrx_word' id='word_1_532' title='bbox 2735 2291 2829 2347; x_wconf 90' lang='lat' dir='ltr'><strong>Dei</strong></span> <span class='ocrx_word' id='word_1_533' title='bbox 2883 2293 3170 2365; x_wconf 82' lang='lat' dir='ltr'><strong>Genitrix,</strong></span> <span class='ocrx_word' id='word_1_534' title='bbox 3222 2312 3398 2361; x_wconf 86' lang='lat' dir='ltr'><strong>mater</strong></span> <span class='ocrx_word' id='word_1_535' title='bbox 3447 2308 3834 2378; x_wconf 69' lang='lat' dir='ltr'><strong>misericordim,</strong></span> 
     </span>
    </p>
   </div>
   <div class='ocr_carea' id='block_1_71' title="bbox 2272 2374 3835 2458">
    <p class='ocr_par' dir='ltr' id='par_1_71' title="bbox 2272 2374 3835 2458">
     <span class='ocr_line' id='line_1_74' title="bbox 2272 2374 3835 2458; baseline 0.021 -32"><span class='ocrx_word' id='word_1_536' title='bbox 2272 2374 2425 2446; x_wconf 79' lang='lat' dir='ltr'><strong>virgo</strong></span> <span class='ocrx_word' id='word_1_537' title='bbox 2472 2392 2691 2450; x_wconf 86' lang='lat' dir='ltr'><strong>semper</strong></span> <span class='ocrx_word' id='word_1_538' title='bbox 2724 2382 2924 2452; x_wconf 86' lang='lat' dir='ltr'><strong>Maria,</strong></span> <span class='ocrx_word' id='word_1_539' title='bbox 2965 2403 3086 2458; x_wconf 62' lang='lat' dir='ltr'><strong>quae</strong></span> <span class='ocrx_word' id='word_1_540' title='bbox 3118 2390 3409 2451; x_wconf 89' lang='lat' dir='ltr'><strong>Dominum</strong></span> <span class='ocrx_word' id='word_1_541' title='bbox 3460 2402 3696 2457; x_wconf 89' lang='lat' dir='ltr'><strong>omnium</strong></span> <span class='ocrx_word' id='word_1_542' title='bbox 3738 2419 3835 2458; x_wconf 83' lang='lat' dir='ltr'><strong>me-</strong></span> 
     </span>
    </p>
   </div>
   <div class='ocr_carea' id='block_1_72' title="bbox 2271 2467 3834 2561">
    <p class='ocr_par' dir='ltr' id='par_1_72' title="bbox 2271 2467 3834 2561">
     <span class='ocr_line' id='line_1_75' title="bbox 2271 2467 3834 2561; baseline 0.018 -42"><span class='ocrx_word' id='word_1_543' title='bbox 2271 2467 2425 2521; x_wconf 85' lang='lat' dir='ltr'><strong>ruisti</strong></span> <span class='ocrx_word' id='word_1_544' title='bbox 2448 2480 2686 2540; x_wconf 90' lang='lat' dir='ltr'><strong>portare,</strong></span> <span class='ocrx_word' id='word_1_545' title='bbox 2709 2482 2759 2528; x_wconf 93' lang='lat' dir='ltr'><strong>et</strong></span> <span class='ocrx_word' id='word_1_546' title='bbox 2787 2490 2967 2547; x_wconf 85' lang='lat' dir='ltr'><strong>regem</strong></span> <span class='ocrx_word' id='word_1_547' title='bbox 2987 2480 3301 2552; x_wconf 77' lang='lat' dir='ltr'><strong>angelorum</strong></span> <span class='ocrx_word' id='word_1_548' title='bbox 3322 2485 3438 2541; x_wconf 89' lang='lat' dir='ltr'><strong>sola</strong></span> <span class='ocrx_word' id='word_1_549' title='bbox 3464 2491 3616 2561; x_wconf 82' lang='lat' dir='ltr'><strong>virgo</strong></span> <span class='ocrx_word' id='word_1_550' title='bbox 3635 2494 3834 2557; x_wconf 72' lang='lat' dir='ltr'><strong>tactam,</strong></span> 
     </span>
    </p>
   </div>
   <div class='ocr_carea' id='block_1_73' title="bbox 2268 2559 3833 2642">
    <p class='ocr_par' dir='ltr' id='par_1_73' title="bbox 2268 2559 3833 2642">
     <span class='ocr_line' id='line_1_76' title="bbox 2268 2559 3833 2642; baseline 0.019 -32"><span class='ocrx_word' id='word_1_551' title='bbox 2268 2559 2460 2628; x_wconf 69' lang='lat' dir='ltr'><strong>adiuva</strong></span> <span class='ocrx_word' id='word_1_552' title='bbox 2503 2577 2589 2617; x_wconf 90' lang='lat' dir='ltr'><strong>me</strong></span> <span class='ocrx_word' id='word_1_553' title='bbox 2634 2563 2685 2618; x_wconf 92' lang='lat' dir='ltr'><strong>in</strong></span> <span class='ocrx_word' id='word_1_554' title='bbox 2716 2566 2804 2621; x_wconf 87' lang='lat' dir='ltr'><strong>die</strong></span> <span class='ocrx_word' id='word_1_555' title='bbox 2846 2568 3212 2628; x_wconf 83' lang='lat' dir='ltr'><strong>tribulationis</strong></span> <span class='ocrx_word' id='word_1_556' title='bbox 3252 2591 3406 2642; x_wconf 69' lang='lat' dir='ltr'><strong>meae,</strong></span> <span class='ocrx_word' id='word_1_557' title='bbox 3457 2590 3519 2634; x_wconf 90' lang='lat' dir='ltr'><strong>ut</strong></span> <span class='ocrx_word' id='word_1_558' title='bbox 3555 2559 3663 2637; x_wconf 78' lang='lat' dir='ltr'><strong>tuis</strong></span> <span class='ocrx_word' id='word_1_559' title='bbox 3690 2584 3833 2638; x_wconf 68' lang='lat' dir='ltr'><strong>fultus</strong></span> 
     </span>
    </p>
   </div>
   <div class='ocr_carea' id='block_1_74' title="bbox 2266 2654 3705 2739">
    <p class='ocr_par' dir='ltr' id='par_1_74' title="bbox 2266 2654 3705 2739">
     <span class='ocr_line' id='line_1_77' title="bbox 2266 2654 3705 2739; baseline 0.019 -38"><span class='ocrx_word' id='word_1_560' title='bbox 2266 2654 2582 2719; x_wconf 85' lang='lat' dir='ltr'><strong>patrociniis</strong></span> <span class='ocrx_word' id='word_1_561' title='bbox 2604 2657 2672 2711; x_wconf 87' lang='lat' dir='ltr'><strong>ad</strong></span> <span class='ocrx_word' id='word_1_562' title='bbox 2708 2672 2870 2729; x_wconf 88' lang='lat' dir='ltr'><strong>regna</strong></span> <span class='ocrx_word' id='word_1_563' title='bbox 2901 2661 3139 2718; x_wconf 76' lang='lat' dir='ltr'><strong>cmlestia</strong></span> <span class='ocrx_word' id='word_1_564' title='bbox 3168 2679 3382 2721; x_wconf 89' lang='lat' dir='ltr'><strong>merear</strong></span> <span class='ocrx_word' id='word_1_565' title='bbox 3407 2675 3705 2739; x_wconf 87' lang='lat' dir='ltr'><strong>pcrven&#39;re.</strong></span> 
     </span>
    </p>
   </div>
   <div class='ocr_carea' id='block_1_75' title="bbox 2278 2743 3831 2834">
    <p class='ocr_par' dir='ltr' id='par_1_75' title="bbox 2278 2743 3831 2834">
     <span class='ocr_line' id='line_1_78' title="bbox 2278 2743 3831 2834; baseline 0.017 -38"><span class='ocrx_word' id='word_1_566' title='bbox 2278 2756 2287 2761; x_wconf 77' lang='lat'><strong><em>‘</em></strong></span> <span class='ocrx_word' id='word_1_567' title='bbox 2337 2743 2383 2799; x_wconf 91' lang='grc' dir='ltr'>Ο</span> <span class='ocrx_word' id='word_1_568' title='bbox 2414 2755 2602 2801; x_wconf 79' lang='lat' dir='ltr'><strong>sancte</strong></span> <span class='ocrx_word' id='word_1_569' title='bbox 2633 2747 2881 2815; x_wconf 80' lang='lat' dir='ltr'><strong>Michael,</strong></span> <span class='ocrx_word' id='word_1_570' title='bbox 2915 2753 3239 2826; x_wconf 81' lang='lat' dir='ltr'><strong>archangele</strong></span> <span class='ocrx_word' id='word_1_571' title='bbox 3271 2759 3387 2825; x_wconf 92' lang='lat' dir='ltr'><strong>Dei,</strong></span> <span class='ocrx_word' id='word_1_572' title='bbox 3414 2766 3723 2832; x_wconf 63' lang='lat' dir='ltr'><strong>praepositus</strong></span> <span class='ocrx_word' id='word_1_573' title='bbox 3746 2781 3831 2834; x_wconf 77' lang='lat' dir='ltr'><strong>pa-</strong></span> 
     </span>
    </p>
   </div>
   <div class='ocr_carea' id='block_1_76' title="bbox 2267 2834 3827 2913">
    <p class='ocr_par' dir='ltr' id='par_1_76' title="bbox 2267 2834 3827 2913">
     <span class='ocr_line' id='line_1_79' title="bbox 2267 2834 3827 2913; baseline 0.015 -28"><span class='ocrx_word' id='word_1_574' title='bbox 2267 2834 2456 2902; x_wconf 86' lang='lat' dir='ltr'><strong>radisi,</strong></span> <span class='ocrx_word' id='word_1_575' title='bbox 2485 2837 2604 2891; x_wconf 84' lang='lat' dir='ltr'><strong>veni</strong></span> <span class='ocrx_word' id='word_1_576' title='bbox 2638 2838 2690 2892; x_wconf 90' lang='lat' dir='ltr'><strong>in</strong></span> <span class='ocrx_word' id='word_1_577' title='bbox 2727 2841 3057 2911; x_wconf 71' lang='lat' dir='ltr'><strong>adiutorium</strong></span> <span class='ocrx_word' id='word_1_578' title='bbox 3104 2862 3306 2913; x_wconf 90' lang='lat' dir='ltr'><strong>meum,</strong></span> <span class='ocrx_word' id='word_1_579' title='bbox 3337 2859 3394 2904; x_wconf 91' lang='lat' dir='ltr'><strong>et</strong></span> <span class='ocrx_word' id='word_1_580' title='bbox 3422 2852 3647 2910; x_wconf 80' lang='lat' dir='ltr'><strong>defende</strong></span> <span class='ocrx_word' id='word_1_581' title='bbox 3668 2871 3741 2910; x_wconf 87' lang='lat' dir='ltr'><strong>tne</strong></span> <span class='ocrx_word' id='word_1_582' title='bbox 3763 2856 3827 2909; x_wconf 83' lang='lat' dir='ltr'><strong>ab</strong></span> 
     </span>
    </p>
   </div>
   <div class='ocr_carea' id='block_1_77' title="bbox 2263 2923 3823 3006">
    <p class='ocr_par' dir='ltr' id='par_1_77' title="bbox 2263 2923 3823 3006">
     <span class='ocr_line' id='line_1_80' title="bbox 2263 2923 3823 3006; baseline 0.015 -29"><span class='ocrx_word' id='word_1_583' title='bbox 2263 2923 2420 2981; x_wconf 89' lang='lat' dir='ltr'><strong>hoste</strong></span> <span class='ocrx_word' id='word_1_584' title='bbox 2442 2927 2678 2999; x_wconf 87' lang='lat' dir='ltr'><strong>maligno</strong></span> <span class='ocrx_word' id='word_1_585' title='bbox 2702 2931 2754 2984; x_wconf 92' lang='lat' dir='ltr'><strong>in</strong></span> <span class='ocrx_word' id='word_1_586' title='bbox 2784 2932 2916 2989; x_wconf 88' lang='lat' dir='ltr'><strong>hora</strong></span> <span class='ocrx_word' id='word_1_587' title='bbox 2946 2936 3137 2993; x_wconf 89' lang='lat' dir='ltr'><strong>mortis</strong></span> <span class='ocrx_word' id='word_1_588' title='bbox 3161 2954 3312 3006; x_wconf 55' lang='lat' dir='ltr'><strong>mea},</strong></span> <span class='ocrx_word' id='word_1_589' title='bbox 3334 2950 3391 2997; x_wconf 87' lang='lat' dir='ltr'><strong>et</strong></span> <span class='ocrx_word' id='word_1_590' title='bbox 3408 2944 3647 3000; x_wconf 83' lang='lat' dir='ltr'><strong>animam</strong></span> <span class='ocrx_word' id='word_1_591' title='bbox 3668 2962 3769 3003; x_wconf 85' lang='lat' dir='ltr'><strong>mea</strong></span> <span class='ocrx_word' id='word_1_592' title='bbox 3795 2965 3823 3000; x_wconf 81' lang='grc' dir='ltr'><strong><em>η</em></strong></span> 
     </span>
    </p>
   </div>
   <div class='ocr_carea' id='block_1_78' title="bbox 2260 3008 3822 3098">
    <p class='ocr_par' dir='ltr' id='par_1_78' title="bbox 2260 3008 3822 3098">
     <span class='ocr_line' id='line_1_81' title="bbox 2260 3008 3822 3098; baseline 0.019 -29"><span class='ocrx_word' id='word_1_593' title='bbox 2260 3015 2433 3072; x_wconf 84' lang='lat' dir='ltr'><strong>deduc</strong></span> <span class='ocrx_word' id='word_1_594' title='bbox 2484 3020 2538 3074; x_wconf 91' lang='lat' dir='ltr'><strong>in</strong></span> <span class='ocrx_word' id='word_1_595' title='bbox 2586 3008 2895 3091; x_wconf 81' lang='lat' dir='ltr'><strong>paradisum</strong></span> <span class='ocrx_word' id='word_1_596' title='bbox 2943 3029 3321 3091; x_wconf 79' lang='lat' dir='ltr'><strong>exsultationis</strong></span> <span class='ocrx_word' id='word_1_597' title='bbox 3366 3045 3606 3094; x_wconf 61' lang='lat' dir='ltr'><strong>:eterux.</strong></span> <span class='ocrx_word' id='word_1_598' title='bbox 3649 3040 3822 3098; x_wconf 72' lang='lat' dir='ltr'><strong>Omnes</strong></span> 
     </span>
    </p>
   </div>
   <div class='ocr_carea' id='block_1_79' title="bbox 2260 3111 3821 3191">
    <p class='ocr_par' dir='ltr' id='par_1_79' title="bbox 2260 3111 3821 3191">
     <span class='ocr_line' id='line_1_82' title="bbox 2260 3111 3821 3191; baseline 0.015 -29"><span class='ocrx_word' id='word_1_599' title='bbox 2260 3111 2432 3167; x_wconf 91' lang='lat' dir='ltr'><strong>sancti</strong></span> <span class='ocrx_word' id='word_1_600' title='bbox 2477 3113 2653 3183; x_wconf 83' lang='lat' dir='ltr'><strong>angeli</strong></span> <span class='ocrx_word' id='word_1_601' title='bbox 2697 3127 2753 3170; x_wconf 87' lang='lat' dir='ltr'><strong>et</strong></span> <span class='ocrx_word' id='word_1_602' title='bbox 2793 3118 3104 3191; x_wconf 85' lang='lat' dir='ltr'><strong>archangeli</strong></span> <span class='ocrx_word' id='word_1_603' title='bbox 3153 3123 3283 3191; x_wconf 89' lang='lat' dir='ltr'><strong>Dei,</strong></span> <span class='ocrx_word' id='word_1_604' title='bbox 3329 3139 3545 3186; x_wconf 79' lang='lat' dir='ltr'><strong>cuncta:</strong></span> <span class='ocrx_word' id='word_1_605' title='bbox 3590 3131 3821 3188; x_wconf 60' lang='lat' dir='ltr'><strong>calorum</strong></span> 
     </span>
    </p>
   </div>
   <div class='ocr_carea' id='block_1_80' title="bbox 2261 3200 3817 3289">
    <p class='ocr_par' dir='ltr' id='par_1_80' title="bbox 2261 3200 3817 3289">
     <span class='ocr_line' id='line_1_83' title="bbox 2261 3200 3817 3289; baseline 0.018 -38"><span class='ocrx_word' id='word_1_606' title='bbox 2261 3200 2519 3266; x_wconf 75' lang='lat' dir='ltr'><strong>virtutes,</strong></span> <span class='ocrx_word' id='word_1_607' title='bbox 2566 3218 2868 3277; x_wconf 88' lang='lat' dir='ltr'><strong>omnesque</strong></span> <span class='ocrx_word' id='word_1_608' title='bbox 2917 3220 3232 3268; x_wconf 90' lang='lat' dir='ltr'><strong>sanctorum</strong></span> <span class='ocrx_word' id='word_1_609' title='bbox 3284 3217 3574 3286; x_wconf 75' lang='lat' dir='ltr'><strong>spirituum</strong></span> <span class='ocrx_word' id='word_1_610' title='bbox 3611 3223 3817 3289; x_wconf 82' lang='lat' dir='ltr'><strong>ordines,</strong></span> 
     </span>
    </p>
   </div>
   <div class='ocr_carea' id='block_1_81' title="bbox 2257 3289 3815 3381">
    <p class='ocr_par' dir='ltr' id='par_1_81' title="bbox 2257 3289 3815 3381">
     <span class='ocr_line' id='line_1_84' title="bbox 2257 3289 3815 3381; baseline 0.017 -38"><span class='ocrx_word' id='word_1_611' title='bbox 2257 3289 2497 3347; x_wconf 70' lang='lat' dir='ltr'><strong>adversm</strong></span> <span class='ocrx_word' id='word_1_612' title='bbox 2525 3294 2888 3354; x_wconf 87' lang='lat' dir='ltr'><strong>damnationis</strong></span> <span class='ocrx_word' id='word_1_613' title='bbox 2914 3300 3061 3381; x_wconf 81' lang='lat' dir='ltr'><strong>vires</strong></span> <span class='ocrx_word' id='word_1_614' title='bbox 3090 3305 3396 3375; x_wconf 82' lang='lat' dir='ltr'><strong>repriinite,</strong></span> <span class='ocrx_word' id='word_1_615' title='bbox 3421 3323 3714 3381; x_wconf 74' lang='lat' dir='ltr'><strong>expugnate</strong></span> <span class='ocrx_word' id='word_1_616' title='bbox 3730 3313 3815 3367; x_wconf 71' lang='lat' dir='ltr'><strong>in:-</strong></span> 
     </span>
    </p>
   </div>
   <div class='ocr_carea' id='block_1_82' title="bbox 2252 3376 3809 3471">
    <p class='ocr_par' dir='ltr' id='par_1_82' title="bbox 2252 3376 3809 3471">
     <span class='ocr_line' id='line_1_85' title="bbox 2252 3376 3809 3471; baseline 0.016 -38"><span class='ocrx_word' id='word_1_617' title='bbox 2252 3391 2541 3452; x_wconf 79' lang='lat' dir='ltr'><strong>pugnantes</strong></span> <span class='ocrx_word' id='word_1_618' title='bbox 2578 3402 2659 3440; x_wconf 86' lang='lat' dir='ltr'><strong>me</strong></span> <span class='ocrx_word' id='word_1_619' title='bbox 2706 3376 2881 3457; x_wconf 73' lang='lat' dir='ltr'><strong>(Paul.</strong></span> <span class='ocrx_word' id='word_1_620' title='bbox 2926 3379 3113 3461; x_wconf 54' lang='lat' dir='ltr'><strong>sunt,</strong></span> <span class='ocrx_word' id='word_1_621' title='bbox 3146 3393 3224 3467; x_wconf 87' lang='lat' dir='ltr'><strong>l),</strong></span> <span class='ocrx_word' id='word_1_622' title='bbox 3269 3414 3298 3451; x_wconf 91' lang='lat' dir='ltr'><strong>a</strong></span> <span class='ocrx_word' id='word_1_623' title='bbox 3338 3376 3605 3471; x_wconf 73' lang='lat' dir='ltr'><strong>rugientis</strong></span> <span class='ocrx_word' id='word_1_624' title='bbox 3638 3403 3809 3459; x_wconf 77' lang='lat' dir='ltr'><strong>inimici</strong></span> 
     </span>
    </p>
   </div>
   <div class='ocr_carea' id='block_1_83' title="bbox 2252 3474 3807 3552">
    <p class='ocr_par' dir='ltr' id='par_1_83' title="bbox 2252 3474 3807 3552">
     <span class='ocr_line' id='line_1_86' title="bbox 2252 3474 3807 3552; baseline 0.015 -26"><span class='ocrx_word' id='word_1_625' title='bbox 2252 3474 2457 3529; x_wconf 66' lang='lat' dir='ltr'><strong>saavitia</strong></span> <span class='ocrx_word' id='word_1_626' title='bbox 2494 3485 2740 3546; x_wconf 87' lang='lat' dir='ltr'><strong>potenter</strong></span> <span class='ocrx_word' id='word_1_627' title='bbox 2765 3494 2851 3536; x_wconf 89' lang='lat' dir='ltr'><strong>me</strong></span> <span class='ocrx_word' id='word_1_628' title='bbox 2886 3482 3179 3552; x_wconf 78' lang='lat' dir='ltr'><strong>defendite,</strong></span> <span class='ocrx_word' id='word_1_629' title='bbox 3218 3488 3273 3543; x_wconf 93' lang='lat' dir='ltr'><strong>in</strong></span> <span class='ocrx_word' id='word_1_630' title='bbox 3306 3490 3393 3545; x_wconf 85' lang='lat' dir='ltr'><strong>via</strong></span> <span class='ocrx_word' id='word_1_631' title='bbox 3436 3493 3673 3549; x_wconf 86' lang='lat' dir='ltr'><strong>veritatis</strong></span> <span class='ocrx_word' id='word_1_632' title='bbox 3700 3494 3807 3548; x_wconf 82' lang='lat' dir='ltr'><strong>iide-</strong></span> 
     </span>
    </p>
   </div>
   <div class='ocr_carea' id='block_1_84' title="bbox 2250 3561 3839 3643">
    <p class='ocr_par' dir='ltr' id='par_1_84' title="bbox 2250 3561 3839 3643">
     <span class='ocr_line' id='line_1_87' title="bbox 2250 3561 3839 3643; baseline 0.016 -27"><span class='ocrx_word' id='word_1_633' title='bbox 2250 3561 2374 3619; x_wconf 87' lang='lat' dir='ltr'><strong>liter</strong></span> <span class='ocrx_word' id='word_1_634' title='bbox 2407 3568 2741 3636; x_wconf 88' lang='lat' dir='ltr'><strong>gradientem</strong></span> <span class='ocrx_word' id='word_1_635' title='bbox 2776 3573 2923 3628; x_wconf 92' lang='lat' dir='ltr'><strong>omni</strong></span> <span class='ocrx_word' id='word_1_636' title='bbox 2977 3575 3132 3643; x_wconf 90' lang='lat' dir='ltr'><strong>hora,</strong></span> <span class='ocrx_word' id='word_1_637' title='bbox 3161 3578 3250 3634; x_wconf 89' lang='lat' dir='ltr'><strong>die</strong></span> <span class='ocrx_word' id='word_1_638' title='bbox 3278 3595 3344 3635; x_wconf 91' lang='lat' dir='ltr'><strong>ac</strong></span> <span class='ocrx_word' id='word_1_639' title='bbox 3380 3592 3542 3639; x_wconf 84' lang='lat' dir='ltr'><strong>nocte</strong></span> <span class='ocrx_word' id='word_1_640' title='bbox 3572 3585 3804 3641; x_wconf 73' lang='lat' dir='ltr'><strong>cnstmlitc</strong></span> <span class='ocrx_word' id='word_1_641' title='bbox 3825 3618 3839 3631; x_wconf 82' lang='lat'><strong>-</strong></span> 
     </span>
    </p>
   </div>
   <div class='ocr_carea' id='block_1_85' title="bbox 2249 3657 3801 3744">
    <p class='ocr_par' dir='ltr' id='par_1_85' title="bbox 2249 3657 3801 3744">
     <span class='ocr_line' id='line_1_88' title="bbox 2249 3657 3801 3744; baseline 0.017 -38"><span class='ocrx_word' id='word_1_642' title='bbox 2249 3668 2354 3719; x_wconf 90' lang='lat' dir='ltr'><strong>me,</strong></span> <span class='ocrx_word' id='word_1_643' title='bbox 2396 3664 2452 3711; x_wconf 92' lang='lat' dir='ltr'><strong>et</strong></span> <span class='ocrx_word' id='word_1_644' title='bbox 2491 3657 2546 3712; x_wconf 91' lang='lat' dir='ltr'><strong>in</strong></span> <span class='ocrx_word' id='word_1_645' title='bbox 2587 3658 2718 3715; x_wconf 85' lang='lat' dir='ltr'><strong>hora</strong></span> <span class='ocrx_word' id='word_1_646' title='bbox 2747 3662 3083 3723; x_wconf 77' lang='lat' dir='ltr'><strong>exitus&#39;mci</strong></span> <span class='ocrx_word' id='word_1_647' title='bbox 3122 3667 3360 3724; x_wconf 87' lang='lat' dir='ltr'><strong>animam</strong></span> <span class='ocrx_word' id='word_1_648' title='bbox 3390 3688 3566 3728; x_wconf 86' lang='lat' dir='ltr'><strong>meam</strong></span> <span class='ocrx_word' id='word_1_649' title='bbox 3612 3674 3660 3729; x_wconf 87' lang='lat' dir='ltr'><strong>in</strong></span> <span class='ocrx_word' id='word_1_650' title='bbox 3693 3690 3801 3744; x_wconf 75' lang='lat' dir='ltr'><strong>pace</strong></span> 
     </span>
    </p>
   </div>
   <div class='ocr_carea' id='block_1_86' title="bbox 2246 3745 2824 3820">
    <p class='ocr_par' dir='ltr' id='par_1_86' title="bbox 2246 3745 2824 3820">
     <span class='ocr_line' id='line_1_89' title="bbox 2246 3745 2824 3820; baseline 0.017 -25"><span class='ocrx_word' id='word_1_651' title='bbox 2246 3745 2519 3801; x_wconf 62' lang='lat' dir='ltr'><strong>vobiscum</strong></span> <span class='ocrx_word' id='word_1_652' title='bbox 2547 3750 2824 3820; x_wconf 87' lang='lat' dir='ltr'><strong>suscipite.</strong></span> 
     </span>
    </p>
   </div>
   <div class='ocr_carea' id='block_1_87' title="bbox 2314 3835 3793 3926">
    <p class='ocr_par' dir='ltr' id='par_1_87' title="bbox 2314 3835 3793 3926">
     <span class='ocr_line' id='line_1_90' title="bbox 2314 3835 3793 3926; baseline 0.014 -35"><span class='ocrx_word' id='word_1_653' title='bbox 2314 3835 2515 3894; x_wconf 89' lang='lat' dir='ltr'><strong>Sancte</strong></span> <span class='ocrx_word' id='word_1_654' title='bbox 2534 3838 2772 3899; x_wconf 84' lang='lat' dir='ltr'><strong>Joannes</strong></span> <span class='ocrx_word' id='word_1_655' title='bbox 2800 3843 3061 3917; x_wconf 87' lang='lat' dir='ltr'><strong>Baptista,</strong></span> <span class='ocrx_word' id='word_1_656' title='bbox 3087 3864 3279 3907; x_wconf 90' lang='lat' dir='ltr'><strong>omnes</strong></span> <span class='ocrx_word' id='word_1_657' title='bbox 3307 3852 3483 3909; x_wconf 87' lang='lat' dir='ltr'><strong>sancti</strong></span> <span class='ocrx_word' id='word_1_658' title='bbox 3514 3854 3793 3926; x_wconf 75' lang='lat' dir='ltr'><strong>patriarcha:</strong></span> 
     </span>
    </p>
   </div>
   <div class='ocr_carea' id='block_1_88' title="bbox 2241 3930 3793 4018">
    <p class='ocr_par' dir='ltr' id='par_1_88' title="bbox 2241 3930 3793 4018">
     <span class='ocr_line' id='line_1_91' title="bbox 2241 3930 3793 4018; baseline 0.011 -36"><span class='ocrx_word' id='word_1_659' title='bbox 2241 3935 2296 3982; x_wconf 91' lang='lat' dir='ltr'><strong>ct</strong></span> <span class='ocrx_word' id='word_1_660' title='bbox 2322 3930 2616 4000; x_wconf 66' lang='lat' dir='ltr'><strong>prephetze,</strong></span> <span class='ocrx_word' id='word_1_661' title='bbox 2654 3948 2822 3991; x_wconf 80' lang='lat' dir='ltr'><strong>exoro</strong></span> <span class='ocrx_word' id='word_1_662' title='bbox 2844 3952 2949 3994; x_wconf 78' lang='lat' dir='ltr'><strong>vos</strong></span> <span class='ocrx_word' id='word_1_663' title='bbox 2974 3939 3208 3995; x_wconf 82' lang='lat' dir='ltr'><strong>olmoxia</strong></span> <span class='ocrx_word' id='word_1_664' title='bbox 3239 3957 3425 4013; x_wconf 87' lang='lat' dir='ltr'><strong>prece,</strong></span> <span class='ocrx_word' id='word_1_665' title='bbox 3458 3961 3664 4018; x_wconf 67' lang='lat' dir='ltr'><strong>manum</strong></span> <span class='ocrx_word' id='word_1_666' title='bbox 3690 3946 3793 4000; x_wconf 82' lang='lat' dir='ltr'><strong>mihi</strong></span> 
     </span>
    </p>
   </div>
   <div class='ocr_carea' id='block_1_89' title="bbox 2240 4022 3793 4107">
    <p class='ocr_par' dir='ltr' id='par_1_89' title="bbox 2240 4022 3793 4107">
     <span class='ocr_line' id='line_1_92' title="bbox 2240 4022 3793 4107; baseline 0.011 -33"><span class='ocrx_word' id='word_1_667' title='bbox 2240 4022 2536 4095; x_wconf 83' lang='lat' dir='ltr'><strong>porrigite,</strong></span> <span class='ocrx_word' id='word_1_668' title='bbox 2578 4028 2837 4107; x_wconf 62' lang='lat' dir='ltr'><strong>auxilium</strong></span> <span class='ocrx_word' id='word_1_669' title='bbox 2877 4029 3016 4086; x_wconf 84' lang='lat' dir='ltr'><strong>mihi</strong></span> <span class='ocrx_word' id='word_1_670' title='bbox 3061 4034 3115 4088; x_wconf 91' lang='lat' dir='ltr'><strong>in</strong></span> <span class='ocrx_word' id='word_1_671' title='bbox 3156 4035 3372 4091; x_wconf 85' lang='lat' dir='ltr'><strong>cunctis</strong></span> <span class='ocrx_word' id='word_1_672' title='bbox 3421 4039 3793 4094; x_wconf 79' lang='lat' dir='ltr'><strong>necessitatibus</strong></span> 
     </span>
    </p>
   </div>
   <div class='ocr_carea' id='block_1_90' title="bbox 2242 4110 3793 4194">
    <p class='ocr_par' dir='ltr' id='par_1_90' title="bbox 2242 4110 3793 4194">
     <span class='ocr_line' id='line_1_93' title="bbox 2242 4110 3793 4194; baseline 0.011 -28"><span class='ocrx_word' id='word_1_673' title='bbox 2242 4110 2378 4187; x_wconf 80' lang='lat' dir='ltr'><strong>iucis</strong></span> <span class='ocrx_word' id='word_1_674' title='bbox 2404 4124 2461 4170; x_wconf 90' lang='lat' dir='ltr'><strong>ct</strong></span> <span class='ocrx_word' id='word_1_675' title='bbox 2494 4112 2911 4177; x_wconf 71' lang='lat' dir='ltr'><strong>infirmitatibus</strong></span> <span class='ocrx_word' id='word_1_676' title='bbox 2942 4124 3208 4192; x_wconf 66' lang='lat' dir='ltr'><strong>praebete;</strong></span> <span class='ocrx_word' id='word_1_677' title='bbox 3251 4128 3460 4194; x_wconf 85' lang='lat' dir='ltr'><strong>poscite</strong></span> <span class='ocrx_word' id='word_1_678' title='bbox 3497 4129 3625 4184; x_wconf 90' lang='lat' dir='ltr'><strong>mihi</strong></span> <span class='ocrx_word' id='word_1_679' title='bbox 3654 4144 3680 4183; x_wconf 89' lang='lat' dir='ltr'><strong>a</strong></span> <span class='ocrx_word' id='word_1_680' title='bbox 3708 4127 3793 4183; x_wconf 81' lang='lat' dir='ltr'><strong>Deo</strong></span> 
     </span>
    </p>
   </div>
   <div class='ocr_carea' id='block_1_91' title="bbox 2236 4183 3791 4289">
    <p class='ocr_par' dir='ltr' id='par_1_91' title="bbox 2236 4183 3791 4289">
     <span class='ocr_line' id='line_1_94' title="bbox 2236 4183 3791 4289; baseline 0.017 -33"><span class='ocrx_word' id='word_1_681' title='bbox 2236 4183 2655 4273; x_wconf 79' lang='lat' dir='ltr'><strong>indulgentiam,</strong></span> <span class='ocrx_word' id='word_1_682' title='bbox 2693 4183 3047 4282; x_wconf 77' lang='lat' dir='ltr'><strong>patientiam,</strong></span> <span class='ocrx_word' id='word_1_683' title='bbox 3095 4219 3492 4283; x_wconf 88' lang='lat' dir='ltr'><strong>constantiam.</strong></span> <span class='ocrx_word' id='word_1_684' title='bbox 3530 4219 3791 4289; x_wconf 68' lang='lat' dir='ltr'><strong>justitiam.</strong></span> 
     </span>
    </p>
   </div>
   <div class='ocr_carea' id='block_1_92' title="bbox 2232 4294 3790 4381">
    <p class='ocr_par' dir='ltr' id='par_1_92' title="bbox 2232 4294 3790 4381">
     <span class='ocr_line' id='line_1_95' title="bbox 2232 4294 3790 4381; baseline 0.012 -35"><span class='ocrx_word' id='word_1_685' title='bbox 2232 4294 2636 4365; x_wconf 81' lang='lat' dir='ltr'><strong>obedientiam,</strong></span> <span class='ocrx_word' id='word_1_686' title='bbox 2690 4302 3122 4374; x_wconf 88' lang='lat' dir='ltr'><strong>continentiam,</strong></span> <span class='ocrx_word' id='word_1_687' title='bbox 3174 4317 3531 4381; x_wconf 88' lang='lat' dir='ltr'><strong>sanctamque</strong></span> <span class='ocrx_word' id='word_1_688' title='bbox 3576 4324 3790 4381; x_wconf 77' lang='lat' dir='ltr'><strong>perseve-</strong></span> 
     </span>
    </p>
   </div>
   <div class='ocr_carea' id='block_1_93' title="bbox 541 4352 2490 4477">
    <p class='ocr_par' dir='ltr' id='par_1_93' title="bbox 541 4352 2490 4477">
     <span class='ocr_line' id='line_1_96' title="bbox 541 4352 2490 4477; baseline 0.013 -59"><span class='ocrx_word' id='word_1_689' title='bbox 541 4359 607 4400; x_wconf 75' lang='grc'><strong>⁸³</strong></span> <span class='ocrx_word' id='word_1_690' title='bbox 653 4364 749 4418; x_wconf 66' lang='lat' dir='ltr'><strong>Per</strong></span> <span class='ocrx_word' id='word_1_691' title='bbox 773 4352 964 4414; x_wconf 62' lang='lat' dir='ltr'><strong>saliuis</strong></span> <span class='ocrx_word' id='word_1_692' title='bbox 989 4360 1257 4419; x_wconf 80' lang='lat' dir='ltr'><strong>clTectum.</strong></span> <span class='ocrx_word' id='word_1_693' title='bbox 1302 4367 1617 4430; x_wconf 63' lang='lat' dir='ltr'><strong>Etabsolve</strong></span> <span class='ocrx_word' id='word_1_694' title='bbox 1648 4384 1705 4431; x_wconf 90' lang='lat' dir='ltr'><strong>et</strong></span> <span class='ocrx_word' id='word_1_695' title='bbox 1740 4377 1909 4445; x_wconf 79' lang='lat' dir='ltr'><strong>libera</strong></span> <span class='ocrx_word' id='word_1_696' title='bbox 1943 4400 2128 4443; x_wconf 88' lang='lat' dir='ltr'><strong>servos</strong></span> <span class='ocrx_word' id='word_1_697' title='bbox 2156 4416 2205 4477; x_wconf 73' lang='grc' dir='ltr'><strong>ο</strong></span> <span class='ocrx_word' id='word_1_698' title='bbox 2235 4388 2490 4444; x_wconf 88' lang='lat' dir='ltr'><strong>rantiam.</strong></span> 
     </span>
     <span class='ocr_line' id='line_1_97' title="bbox 541 4438 1972 4477; baseline 0 0"><span class='ocrx_word' id='word_1_699' title='bbox 541 4438 592 4477; x_wconf 63' lang='lat' dir='ltr'><strong>rl</strong></span> <span class='ocrx_word' id='word_1_700' title='bbox 622 4438 843 4477; x_wconf 66' lang='lat' dir='ltr'><strong>annillms</strong></span> <span class='ocrx_word' id='word_1_701' title='bbox 876 4455 991 4477; x_wconf 67' lang='lat' dir='ltr'><strong>In...</strong></span> <span class='ocrx_word' id='word_1_702' title='bbox 1040 4466 1123 4477; x_wconf 59' lang='grc' dir='ltr'><strong>...Α</strong></span> <span class='ocrx_word' id='word_1_703' title='bbox 1154 4463 1198 4477; x_wconf 75' lang='grc' dir='ltr'><strong>Δ.</strong></span> <span class='ocrx_word' id='word_1_704' title='bbox 1235 4472 1348 4477; x_wconf 46' lang='grc' dir='ltr'><strong>,ψη</strong></span> <span class='ocrx_word' id='word_1_705' title='bbox 1544 4463 1556 4476; x_wconf 80' lang='lat'><strong>.</strong></span> <span class='ocrx_word' id='word_1_706' title='bbox 1644 4466 1678 4477; x_wconf 87' lang='lat'><strong>..</strong></span> <span class='ocrx_word' id='word_1_707' title='bbox 1704 4466 1716 4477; x_wconf 93' lang='lat'><strong>.</strong></span> <span class='ocrx_word' id='word_1_708' title='bbox 1854 4470 1874 4477; x_wconf 84' lang='lat'><strong>-</strong></span> <span class='ocrx_word' id='word_1_709' title='bbox 1962 4474 1972 4477; x_wconf 66' lang='grc'><strong>-</strong></span> 
     </span>
    </p>
   </div>
   <div class='ocr_carea' id='block_1_94' title="bbox 539 4438 2127 4533">
    <p class='ocr_par' dir='ltr' id='par_1_94' title="bbox 539 4438 2127 4533">
     <span class='ocr_line' id='line_1_98' title="bbox 539 4438 2127 4533; baseline 0.028 -44"><span class='ocrx_word' id='word_1_710' title='bbox 539 4438 598 4491; x_wconf 80' lang='lat' dir='ltr'><strong>et</strong></span> <span class='ocrx_word' id='word_1_711' title='bbox 620 4438 846 4498; x_wconf 87' lang='lat' dir='ltr'><strong>ancillas</strong></span> <span class='ocrx_word' id='word_1_712' title='bbox 875 4455 1014 4516; x_wconf 90' lang='lat' dir='ltr'><strong>tuas,</strong></span> <span class='ocrx_word' id='word_1_713' title='bbox 1040 4466 1125 4507; x_wconf 91' lang='lat' dir='ltr'><strong>me</strong></span> <span class='ocrx_word' id='word_1_714' title='bbox 1151 4463 1204 4509; x_wconf 91' lang='lat' dir='ltr'><strong>et</strong></span> <span class='ocrx_word' id='word_1_715' title='bbox 1218 4472 1439 4525; x_wconf 81' lang='lat' dir='ltr'><strong>omnes,</strong></span> <span class='ocrx_word' id='word_1_716' title='bbox 1465 4463 1556 4532; x_wconf 87' lang='lat' dir='ltr'><strong>qui</strong></span> <span class='ocrx_word' id='word_1_717' title='bbox 1586 4466 1717 4521; x_wconf 90' lang='lat' dir='ltr'><strong>mihi</strong></span> <span class='ocrx_word' id='word_1_718' title='bbox 1744 4470 1973 4528; x_wconf 82' lang='lat' dir='ltr'><strong>confessi</strong></span> <span class='ocrx_word' id='word_1_719' title='bbox 2001 4489 2127 4533; x_wconf 90' lang='lat' dir='ltr'><strong>sunt</strong></span> 
     </span>
    </p>
   </div>
   <div class='ocr_carea' id='block_1_95' title="bbox 538 4538 2126 4625">
    <p class='ocr_par' dir='ltr' id='par_1_95' title="bbox 538 4538 2126 4625">
     <span class='ocr_line' id='line_1_99' title="bbox 538 4538 2126 4625; baseline 0.026 -42"><span class='ocrx_word' id='word_1_720' title='bbox 538 4538 760 4600; x_wconf 88' lang='lat' dir='ltr'><strong>peccata</strong></span> <span class='ocrx_word' id='word_1_721' title='bbox 808 4549 926 4604; x_wconf 87' lang='lat' dir='ltr'><strong>sua,</strong></span> <span class='ocrx_word' id='word_1_722' title='bbox 967 4550 1021 4596; x_wconf 91' lang='lat' dir='ltr'><strong>ct</strong></span> <span class='ocrx_word' id='word_1_723' title='bbox 1066 4558 1164 4613; x_wconf 89' lang='lat' dir='ltr'><strong>pro</strong></span> <span class='ocrx_word' id='word_1_724' title='bbox 1204 4549 1399 4616; x_wconf 90' lang='lat' dir='ltr'><strong>quibus</strong></span> <span class='ocrx_word' id='word_1_725' title='bbox 1446 4556 1691 4625; x_wconf 86' lang='lat' dir='ltr'><strong>promisi,</strong></span> <span class='ocrx_word' id='word_1_726' title='bbox 1734 4560 1817 4616; x_wconf 86' lang='lat' dir='ltr'><strong>vel</strong></span> <span class='ocrx_word' id='word_1_727' title='bbox 1857 4561 2126 4625; x_wconf 78' lang='lat' dir='ltr'><strong>obnoxius</strong></span> 
     </span>
    </p>
   </div>
   <div class='ocr_carea' id='block_1_96' title="bbox 534 4617 2120 4715">
    <p class='ocr_par' dir='ltr' id='par_1_96' title="bbox 534 4617 2120 4715">
     <span class='ocr_line' id='line_1_100' title="bbox 534 4617 2120 4715; baseline 0.025 -42"><span class='ocrx_word' id='word_1_728' title='bbox 534 4617 656 4673; x_wconf 70' lang='lat' dir='ltr'><strong>eum</strong></span> <span class='ocrx_word' id='word_1_729' title='bbox 683 4636 930 4695; x_wconf 72' lang='lat' dir='ltr'><strong>exorare,</strong></span> <span class='ocrx_word' id='word_1_730' title='bbox 964 4636 1019 4683; x_wconf 91' lang='lat' dir='ltr'><strong>et</strong></span> <span class='ocrx_word' id='word_1_731' title='bbox 1048 4632 1139 4702; x_wconf 88' lang='lat' dir='ltr'><strong>qui</strong></span> <span class='ocrx_word' id='word_1_732' title='bbox 1165 4650 1224 4689; x_wconf 92' lang='lat' dir='ltr'><strong>se</strong></span> <span class='ocrx_word' id='word_1_733' title='bbox 1252 4649 1474 4708; x_wconf 87' lang='lat' dir='ltr'><strong>sperant</strong></span> <span class='ocrx_word' id='word_1_734' title='bbox 1508 4642 1589 4699; x_wconf 87' lang='lat' dir='ltr'><strong>vel</strong></span> <span class='ocrx_word' id='word_1_735' title='bbox 1617 4646 1808 4715; x_wconf 88' lang='lat' dir='ltr'><strong>petunt</strong></span> <span class='ocrx_word' id='word_1_736' title='bbox 1840 4655 1975 4711; x_wconf 88' lang='lat' dir='ltr'><strong>meis</strong></span> <span class='ocrx_word' id='word_1_737' title='bbox 1999 4672 2120 4712; x_wconf 87' lang='lat' dir='ltr'><strong>ora-</strong></span> 
     </span>
    </p>
   </div>
   <div class='ocr_carea' id='block_1_97' title="bbox 536 4709 2118 4817">
    <p class='ocr_par' dir='ltr' id='par_1_97' title="bbox 536 4709 2118 4817">
     <span class='ocr_line' id='line_1_101' title="bbox 536 4709 2118 4817; baseline 0.027 -53"><span class='ocrx_word' id='word_1_738' title='bbox 536 4709 774 4771; x_wconf 82' lang='lat' dir='ltr'><strong>tionibus</strong></span> <span class='ocrx_word' id='word_1_739' title='bbox 801 4720 942 4788; x_wconf 88' lang='lat' dir='ltr'><strong>apud</strong></span> <span class='ocrx_word' id='word_1_740' title='bbox 983 4729 1036 4777; x_wconf 87' lang='lat' dir='ltr'><strong>te</strong></span> <span class='ocrx_word' id='word_1_741' title='bbox 1071 4723 1272 4794; x_wconf 85' lang='lat' dir='ltr'><strong>juvarj,</strong></span> <span class='ocrx_word' id='word_1_742' title='bbox 1303 4731 1371 4784; x_wconf 90' lang='lat' dir='ltr'><strong>ab</strong></span> <span class='ocrx_word' id='word_1_743' title='bbox 1405 4733 1551 4788; x_wconf 89' lang='lat' dir='ltr'><strong>omni</strong></span> <span class='ocrx_word' id='word_1_744' title='bbox 1593 4709 1832 4807; x_wconf 73' lang='lat' dir='ltr'><strong>peccato,</strong></span> <span class='ocrx_word' id='word_1_745' title='bbox 1863 4754 1920 4800; x_wconf 91' lang='lat' dir='ltr'><strong>et</strong></span> <span class='ocrx_word' id='word_1_746' title='bbox 1958 4709 2118 4817; x_wconf 55' lang='lat' dir='ltr'><strong>pinna</strong></span> 
     </span>
    </p>
   </div>
   <div class='ocr_carea' id='block_1_98' title="bbox 533 4805 2123 4903">
    <p class='ocr_par' dir='ltr' id='par_1_98' title="bbox 533 4805 2123 4903">
     <span class='ocr_line' id='line_1_102' title="bbox 533 4805 2123 4903; baseline 0.027 -49"><span class='ocrx_word' id='word_1_747' title='bbox 533 4805 772 4873; x_wconf 87' lang='lat' dir='ltr'><strong>peccati;</strong></span> <span class='ocrx_word' id='word_1_748' title='bbox 802 4818 857 4864; x_wconf 93' lang='lat' dir='ltr'><strong>ct</strong></span> <span class='ocrx_word' id='word_1_749' title='bbox 901 4810 986 4868; x_wconf 82' lang='lat' dir='ltr'><strong>fac</strong></span> <span class='ocrx_word' id='word_1_750' title='bbox 1028 4813 1323 4873; x_wconf 87' lang='lat' dir='ltr'><strong>Ecclesiam</strong></span> <span class='ocrx_word' id='word_1_751' title='bbox 1356 4828 1446 4876; x_wconf 90' lang='lat' dir='ltr'><strong>tua</strong></span> <span class='ocrx_word' id='word_1_752' title='bbox 1489 4805 1741 4884; x_wconf 88' lang='lat' dir='ltr'><strong>continua</strong></span> <span class='ocrx_word' id='word_1_753' title='bbox 1772 4805 2123 4903; x_wconf 68' lang='lat' dir='ltr'><strong>protectione</strong></span> 
     </span>
    </p>
   </div>
   <div class='ocr_carea' id='block_1_99' title="bbox 530 4899 1945 4965">
    <p class='ocr_par' dir='ltr' id='par_1_99' title="bbox 530 4899 1945 4965">
     <span class='ocr_line' id='line_1_103' title="bbox 530 4899 1945 4965; baseline 0.023 -16"><span class='ocrx_word' id='word_1_754' title='bbox 530 4902 589 4950; x_wconf 89' lang='lat' dir='ltr'><strong>et</strong></span> <span class='ocrx_word' id='word_1_755' title='bbox 609 4899 983 4960; x_wconf 79' lang='lat' dir='ltr'><strong>consolatione</strong></span> <span class='ocrx_word' id='word_1_756' title='bbox 1014 4906 1206 4965; x_wconf 50' lang='lat' dir='ltr'><strong>la‘tari.</strong></span> <span class='ocrx_word' id='word_1_757' title='bbox 1787 4899 1803 4903; x_wconf 35' lang='grc'>⁷</span> <span class='ocrx_word' id='word_1_758' title='bbox 1937 4919 1945 4927; x_wconf 75' lang='grc'><strong><em>’</em></strong></span> 
     </span>
    </p>
   </div>
   <div class='ocr_carea' id='block_1_100' title="bbox 964 5001 1598 5069">
    <p class='ocr_par' dir='ltr' id='par_1_100' title="bbox 964 5001 1598 5069">
     <span class='ocr_line' id='line_1_104' title="bbox 964 5001 1598 5069; baseline 0.019 -12"><span class='ocrx_word' id='word_1_759' title='bbox 964 5034 970 5039; x_wconf 69' lang='grc' dir='ltr'><strong>ι</strong></span> <span class='ocrx_word' id='word_1_760' title='bbox 1059 5001 1318 5065; x_wconf 78' lang='lat' dir='ltr'><strong>ORATIO</strong></span> <span class='ocrx_word' id='word_1_761' title='bbox 1354 5008 1598 5069; x_wconf 81' lang='lat' dir='ltr'><strong>XXXVI.</strong></span> 
     </span>
    </p>
   </div>
   <div class='ocr_carea' id='block_1_101' title="bbox 826 5091 1816 5170">
    <p class='ocr_par' dir='ltr' id='par_1_101' title="bbox 826 5091 1816 5170">
     <span class='ocr_line' id='line_1_105' title="bbox 826 5091 1816 5170; baseline 0.023 -26"><span class='ocrx_word' id='word_1_762' title='bbox 826 5106 896 5145; x_wconf 63' lang='lat' dir='ltr'><strong>an</strong></span> <span class='ocrx_word' id='word_1_763' title='bbox 934 5108 1108 5164; x_wconf 73' lang='grc' dir='ltr'><strong>υευιι,</strong></span> <span class='ocrx_word' id='word_1_764' title='bbox 1147 5114 1218 5154; x_wconf 77' lang='grc' dir='ltr'><strong>ετ</strong></span> <span class='ocrx_word' id='word_1_765' title='bbox 1257 5118 1326 5156; x_wconf 75' lang='grc' dir='ltr'><strong>ιι)</strong></span> <span class='ocrx_word' id='word_1_766' title='bbox 1362 5091 1534 5164; x_wconf 65' lang='lat' dir='ltr'><strong>omnes</strong></span> <span class='ocrx_word' id='word_1_767' title='bbox 1570 5123 1816 5170; x_wconf 68' lang='lat' dir='ltr'><strong>saacros.</strong></span> 
     </span>
    </p>
   </div>
   <div class='ocr_carea' id='block_1_102' title="bbox 599 5176 2117 5279">
    <p class='ocr_par' dir='ltr' id='par_1_102' title="bbox 599 5176 2117 5279">
     <span class='ocr_line' id='line_1_106' title="bbox 599 5176 2117 5279; baseline 0.024 -47"><span class='ocrx_word' id='word_1_768' title='bbox 599 5176 829 5239; x_wconf 78' lang='lat' dir='ltr'><strong>llontiue</strong></span> <span class='ocrx_word' id='word_1_769' title='bbox 871 5186 1017 5245; x_wconf 87' lang='lat' dir='ltr'><strong>Deus</strong></span> <span class='ocrx_word' id='word_1_770' title='bbox 1049 5193 1413 5264; x_wconf 89' lang='lat' dir='ltr'><strong>omnipotens,</strong></span> <span class='ocrx_word' id='word_1_771' title='bbox 1463 5208 1667 5258; x_wconf 62' lang='lat' dir='ltr'><strong>arterne</strong></span> <span class='ocrx_word' id='word_1_772' title='bbox 1710 5212 1768 5259; x_wconf 91' lang='lat' dir='ltr'><strong>et</strong></span> <span class='ocrx_word' id='word_1_773' title='bbox 1812 5206 2117 5279; x_wconf 84' lang='lat' dir='ltr'><strong>inell&#39;ahiiis,</strong></span> 
     </span>
    </p>
   </div>
   <div class='ocr_carea' id='block_1_103' title="bbox 521 5265 2122 5363">
    <p class='ocr_par' dir='ltr' id='par_1_103' title="bbox 521 5265 2122 5363">
     <span class='ocr_line' id='line_1_107' title="bbox 521 5265 2122 5363; baseline 0.022 -42"><span class='ocrx_word' id='word_1_774' title='bbox 521 5265 639 5325; x_wconf 80' lang='lat' dir='ltr'><strong>sine</strong></span> <span class='ocrx_word' id='word_1_775' title='bbox 672 5272 780 5329; x_wconf 86' lang='lat' dir='ltr'><strong>line</strong></span> <span class='ocrx_word' id='word_1_776' title='bbox 813 5286 976 5349; x_wconf 88' lang='lat' dir='ltr'><strong>atque</strong></span> <span class='ocrx_word' id='word_1_777' title='bbox 1014 5281 1190 5351; x_wconf 91' lang='lat' dir='ltr'><strong>initio,</strong></span> <span class='ocrx_word' id='word_1_778' title='bbox 1230 5300 1389 5355; x_wconf 90' lang='lat' dir='ltr'><strong>quem</strong></span> <span class='ocrx_word' id='word_1_779' title='bbox 1423 5305 1586 5347; x_wconf 87' lang='lat' dir='ltr'><strong>unum</strong></span> <span class='ocrx_word' id='word_1_780' title='bbox 1614 5292 1669 5349; x_wconf 90' lang='lat' dir='ltr'><strong>in</strong></span> <span class='ocrx_word' id='word_1_781' title='bbox 1703 5293 1989 5363; x_wconf 89' lang='lat' dir='ltr'><strong>Trinitatc,</strong></span> <span class='ocrx_word' id='word_1_782' title='bbox 2024 5296 2122 5357; x_wconf 86' lang='lat' dir='ltr'><strong>tri-</strong></span> 
     </span>
    </p>
   </div>
   <div class='ocr_carea' id='block_1_104' title="bbox 2305 4479 3789 4562">
    <p class='ocr_par' dir='ltr' id='par_1_104' title="bbox 2305 4479 3789 4562">
     <span class='ocr_line' id='line_1_108' title="bbox 2305 4479 3789 4562; baseline 0.012 -26"><span class='ocrx_word' id='word_1_783' title='bbox 2305 4479 2506 4538; x_wconf 89' lang='lat' dir='ltr'><strong>Sanctc</strong></span> <span class='ocrx_word' id='word_1_784' title='bbox 2550 4482 2740 4552; x_wconf 79' lang='lat' dir='ltr'><strong>Pctre,</strong></span> <span class='ocrx_word' id='word_1_785' title='bbox 2789 4487 3043 4561; x_wconf 87' lang='lat' dir='ltr'><strong>princeps</strong></span> <span class='ocrx_word' id='word_1_786' title='bbox 3084 4491 3451 4562; x_wconf 87' lang='lat' dir='ltr'><strong>apostolorum</strong></span> <span class='ocrx_word' id='word_1_787' title='bbox 3492 4493 3789 4553; x_wconf 62' lang='lat' dir='ltr'><strong>beatisimc.</strong></span> 
     </span>
    </p>
   </div>
   <div class='ocr_carea' id='block_1_105' title="bbox 2229 4569 3790 4652">
    <p class='ocr_par' dir='ltr' id='par_1_105' title="bbox 2229 4569 3790 4652">
     <span class='ocr_line' id='line_1_109' title="bbox 2229 4569 3790 4652; baseline 0.008 -25"><span class='ocrx_word' id='word_1_788' title='bbox 2229 4584 2528 4646; x_wconf 83' lang='lat' dir='ltr'><strong>omnesque</strong></span> <span class='ocrx_word' id='word_1_789' title='bbox 2558 4569 2746 4633; x_wconf 83' lang='lat' dir='ltr'><strong>sancti</strong></span> <span class='ocrx_word' id='word_1_790' title='bbox 2793 4581 3024 4650; x_wconf 87' lang='lat' dir='ltr'><strong>apostoli</strong></span> <span class='ocrx_word' id='word_1_791' title='bbox 3069 4592 3125 4638; x_wconf 88' lang='lat' dir='ltr'><strong>et</strong></span> <span class='ocrx_word' id='word_1_792' title='bbox 3151 4584 3521 4652; x_wconf 57' lang='lat' dir='ltr'><strong>evangelista,&quot;</strong></span> <span class='ocrx_word' id='word_1_793' title='bbox 3552 4584 3790 4641; x_wconf 76' lang='lat' dir='ltr'><strong>Ecclesia-</strong></span> 
     </span>
    </p>
   </div>
   <div class='ocr_carea' id='block_1_106' title="bbox 2229 4668 3790 4763">
    <p class='ocr_par' dir='ltr' id='par_1_106' title="bbox 2229 4668 3790 4763">
     <span class='ocr_line' id='line_1_110' title="bbox 2229 4668 3790 4763; baseline 0.012 -45"><span class='ocrx_word' id='word_1_794' title='bbox 2229 4678 2348 4721; x_wconf 90' lang='lat' dir='ltr'><strong>rum</strong></span> <span class='ocrx_word' id='word_1_795' title='bbox 2368 4668 2679 4739; x_wconf 86' lang='lat' dir='ltr'><strong>principes,</strong></span> <span class='ocrx_word' id='word_1_796' title='bbox 2712 4680 2766 4727; x_wconf 91' lang='lat' dir='ltr'><strong>et</strong></span> <span class='ocrx_word' id='word_1_797' title='bbox 2793 4672 3031 4729; x_wconf 69' lang='lat' dir='ltr'><strong>caelestis</strong></span> <span class='ocrx_word' id='word_1_798' title='bbox 3055 4675 3191 4729; x_wconf 74' lang='lat' dir='ltr'><strong>aulae</strong></span> <span class='ocrx_word' id='word_1_799' title='bbox 3216 4675 3790 4763; x_wconf 54' lang='lat' dir='ltr'><strong>triumphalesmililesy</strong></span> 
     </span>
    </p>
   </div>
   <div class='ocr_carea' id='block_1_107' title="bbox 2226 4756 3790 4840">
    <p class='ocr_par' dir='ltr' id='par_1_107' title="bbox 2226 4756 3790 4840">
     <span class='ocr_line' id='line_1_111' title="bbox 2226 4756 3790 4840; baseline 0.007 -31"><span class='ocrx_word' id='word_1_800' title='bbox 2226 4756 2353 4812; x_wconf 85' lang='lat' dir='ltr'><strong>date</strong></span> <span class='ocrx_word' id='word_1_801' title='bbox 2382 4757 2514 4814; x_wconf 89' lang='lat' dir='ltr'><strong>mihi</strong></span> <span class='ocrx_word' id='word_1_802' title='bbox 2542 4764 2706 4815; x_wconf 85' lang='lat' dir='ltr'><strong>vitam</strong></span> <span class='ocrx_word' id='word_1_803' title='bbox 2752 4761 3143 4825; x_wconf 84' lang='lat' dir='ltr'><strong>houorabilem.</strong></span> <span class='ocrx_word' id='word_1_804' title='bbox 3175 4765 3438 4822; x_wconf 92' lang='lat' dir='ltr'><strong>virtutum</strong></span> <span class='ocrx_word' id='word_1_805' title='bbox 3458 4785 3463 4789; x_wconf 77' lang='lat'><strong><em>&#39;</em></strong></span> <span class='ocrx_word' id='word_1_806' title='bbox 3486 4756 3790 4840; x_wconf 83' lang='lat' dir='ltr'><strong>magnitudi-</strong></span> 
     </span>
    </p>
   </div>
   <div class='ocr_carea' id='block_1_108' title="bbox 2230 4851 3790 4918">
    <p class='ocr_par' dir='ltr' id='par_1_108' title="bbox 2230 4851 3790 4918">
     <span class='ocr_line' id='line_1_112' title="bbox 2230 4851 3790 4918; baseline 0.01 -19"><span class='ocrx_word' id='word_1_807' title='bbox 2230 4860 2374 4918; x_wconf 68' lang='lat' dir='ltr'><strong>nem,</strong></span> <span class='ocrx_word' id='word_1_808' title='bbox 2400 4851 2919 4908; x_wconf 87' lang='lat' dir='ltr'><strong>consummationem</strong></span> <span class='ocrx_word' id='word_1_809' title='bbox 2948 4854 3273 4912; x_wconf 85' lang='lat' dir='ltr'><strong>laudabilem</strong></span> <span class='ocrx_word' id='word_1_810' title='bbox 3320 4868 3376 4913; x_wconf 90' lang='lat' dir='ltr'><strong>et</strong></span> <span class='ocrx_word' id='word_1_811' title='bbox 3402 4867 3660 4915; x_wconf 82' lang='lat' dir='ltr'><strong>:eteruam</strong></span> <span class='ocrx_word' id='word_1_812' title='bbox 3680 4858 3790 4913; x_wconf 81' lang='lat' dir='ltr'><strong>bea-</strong></span> 
     </span>
    </p>
   </div>
   <div class='ocr_carea' id='block_1_109' title="bbox 2227 4936 3789 5020">
    <p class='ocr_par' dir='ltr' id='par_1_109' title="bbox 2227 4936 3789 5020">
     <span class='ocr_line' id='line_1_113' title="bbox 2227 4936 3789 5020; baseline 0.012 -30"><span class='ocrx_word' id='word_1_813' title='bbox 2227 4936 2543 5006; x_wconf 88' lang='lat' dir='ltr'><strong>titudinem;</strong></span> <span class='ocrx_word' id='word_1_814' title='bbox 2589 4941 2777 4997; x_wconf 82' lang='lat' dir='ltr'><strong>inﬂuat</strong></span> <span class='ocrx_word' id='word_1_815' title='bbox 2820 4944 2951 4999; x_wconf 89' lang='lat' dir='ltr'><strong>mihi</strong></span> <span class='ocrx_word' id='word_1_816' title='bbox 2989 4960 3086 5016; x_wconf 87' lang='lat' dir='ltr'><strong>per</strong></span> <span class='ocrx_word' id='word_1_817' title='bbox 3116 4962 3212 5004; x_wconf 87' lang='lat' dir='ltr'><strong>vos</strong></span> <span class='ocrx_word' id='word_1_818' title='bbox 3238 4963 3366 5018; x_wconf 74' lang='lat' dir='ltr'><strong>pax,</strong></span> <span class='ocrx_word' id='word_1_819' title='bbox 3405 4950 3579 5007; x_wconf 90' lang='lat' dir='ltr'><strong>virtus</strong></span> <span class='ocrx_word' id='word_1_820' title='bbox 3601 4960 3653 5007; x_wconf 88' lang='lat' dir='ltr'><strong>et</strong></span> <span class='ocrx_word' id='word_1_821' title='bbox 3684 4962 3789 5020; x_wconf 79' lang='lat' dir='ltr'><strong>per-</strong></span> 
     </span>
    </p>
   </div>
   <div class='ocr_carea' id='block_1_110' title="bbox 2224 5031 3783 5140">
    <p class='ocr_par' dir='ltr' id='par_1_110' title="bbox 2224 5031 3783 5140">
     <span class='ocr_line' id='line_1_114' title="bbox 2224 5031 3783 5140; baseline 0.021 -55"><span class='ocrx_word' id='word_1_822' title='bbox 2224 5039 2385 5099; x_wconf 87' lang='lat' dir='ltr'><strong>petua</strong></span> <span class='ocrx_word' id='word_1_823' title='bbox 2414 5031 2583 5088; x_wconf 89' lang='lat' dir='ltr'><strong>salus.</strong></span> <span class='ocrx_word' id='word_1_824' title='bbox 3022 5098 3025 5101; x_wconf 89' lang='lat'><strong>.</strong></span> <span class='ocrx_word' id='word_1_825' title='bbox 3126 5053 3149 5072; x_wconf 85' lang='lat'><em>‘</em></span> <span class='ocrx_word' id='word_1_826' title='bbox 3702 5131 3715 5140; x_wconf 88' lang='lat'><em>_</em></span> <span class='ocrx_word' id='word_1_827' title='bbox 3756 5129 3783 5140; x_wconf 11' lang='grc' dir='ltr'><strong>γ’</strong></span> 
     </span>
    </p>
   </div>
   <div class='ocr_carea' id='block_1_111' title="bbox 2293 5114 3788 5208">
    <p class='ocr_par' dir='ltr' id='par_1_111' title="bbox 2293 5114 3788 5208">
     <span class='ocr_line' id='line_1_115' title="bbox 2293 5114 3788 5208; baseline 0 -25"><span class='ocrx_word' id='word_1_828' title='bbox 2293 5125 2454 5196; x_wconf 78' lang='grc'><strong>271</strong></span> <span class='ocrx_word' id='word_1_829' title='bbox 2486 5126 2686 5184; x_wconf 88' lang='lat' dir='ltr'><strong>Christi</strong></span> <span class='ocrx_word' id='word_1_830' title='bbox 2716 5114 3012 5188; x_wconf 36' lang='lat' dir='ltr'><strong>dulei&#39;SSimi</strong></span> <span class='ocrx_word' id='word_1_831' title='bbox 3048 5134 3382 5201; x_wconf 88' lang='lat' dir='ltr'><strong>sacerdotes,</strong></span> <span class='ocrx_word' id='word_1_832' title='bbox 3412 5146 3580 5208; x_wconf 86' lang='lat' dir='ltr'><strong>atque</strong></span> <span class='ocrx_word' id='word_1_833' title='bbox 3613 5129 3788 5202; x_wconf 73' lang='lat' dir='ltr'><strong>inclyti</strong></span> 
     </span>
    </p>
   </div>
   <div class='ocr_carea' id='block_1_112' title="bbox 2223 5212 3793 5295">
    <p class='ocr_par' dir='ltr' id='par_1_112' title="bbox 2223 5212 3793 5295">
     <span class='ocr_line' id='line_1_116' title="bbox 2223 5212 3793 5295; baseline 0.006 -27"><span class='ocrx_word' id='word_1_834' title='bbox 2223 5212 2493 5281; x_wconf 85' lang='lat' dir='ltr'><strong>doctores,</strong></span> <span class='ocrx_word' id='word_1_835' title='bbox 2530 5231 2832 5288; x_wconf 81' lang='lat' dir='ltr'><strong>omnesque</strong></span> <span class='ocrx_word' id='word_1_836' title='bbox 2865 5223 3042 5277; x_wconf 83' lang='lat' dir='ltr'><strong>sancti</strong></span> <span class='ocrx_word' id='word_1_837' title='bbox 3069 5224 3435 5291; x_wconf 79' lang='lat' dir='ltr'><strong>conlessores,</strong></span> <span class='ocrx_word' id='word_1_838' title='bbox 3464 5226 3555 5295; x_wconf 85' lang='lat' dir='ltr'><strong>qui</strong></span> <span class='ocrx_word' id='word_1_839' title='bbox 3575 5222 3793 5291; x_wconf 81' lang='lat' dir='ltr'><strong>amplia-</strong></span> 
     </span>
    </p>
   </div>
   <div class='ocr_carea' id='block_1_113' title="bbox 2230 5300 3792 5383">
    <p class='ocr_par' dir='ltr' id='par_1_113' title="bbox 2230 5300 3792 5383">
     <span class='ocr_line' id='line_1_117' title="bbox 2230 5300 3792 5383; baseline 0.002 -23"><span class='ocrx_word' id='word_1_840' title='bbox 2230 5304 2328 5360; x_wconf 88' lang='lat' dir='ltr'><strong>stis</strong></span> <span class='ocrx_word' id='word_1_841' title='bbox 2355 5300 2616 5363; x_wconf 83' lang='lat' dir='ltr'><strong>talentum</strong></span> <span class='ocrx_word' id='word_1_842' title='bbox 2657 5308 2812 5366; x_wconf 89' lang='lat' dir='ltr'><strong>vobis</strong></span> <span class='ocrx_word' id='word_1_843' title='bbox 2852 5312 3117 5368; x_wconf 86' lang='lat' dir='ltr'><strong>creditqu</strong></span> <span class='ocrx_word' id='word_1_844' title='bbox 3163 5328 3262 5383; x_wconf 84' lang='lat' dir='ltr'><strong>per</strong></span> <span class='ocrx_word' id='word_1_845' title='bbox 3308 5310 3792 5370; x_wconf 72' lang='lat' dir='ltr'><strong>inmarcescibilem</strong></span> 
     </span>
    </p>
   </div>
   <div class='ocr_carea' id='block_1_114' title="bbox 1014 5388 2907 5504">
    <p class='ocr_par' dir='ltr' id='par_1_114' title="bbox 1014 5388 2907 5504">
     <span class='ocr_line' id='line_1_118' title="bbox 1014 5388 2907 5504; baseline 0.019 -51"><span class='ocrx_word' id='word_1_846' title='bbox 1014 5437 1022 5443; x_wconf 92' lang='lat'><strong>.</strong></span> <span class='ocrx_word' id='word_1_847' title='bbox 1796 5388 2031 5472; x_wconf 61' lang='lat' dir='ltr'><strong>vanus</strong></span> <span class='ocrx_word' id='word_1_848' title='bbox 2073 5393 2476 5479; x_wconf 76' lang='lat' dir='ltr'><strong>Lecnones.</strong></span> <span class='ocrx_word' id='word_1_849' title='bbox 2898 5496 2907 5504; x_wconf 56' lang='grc'>,</span> 
     </span>
    </p>
   </div>
   <div class='ocr_carea' id='block_1_115' title="bbox 595 5476 3779 5594">
    <p class='ocr_par' dir='ltr' id='par_1_115' title="bbox 595 5476 3779 5594">
     <span class='ocr_line' id='line_1_119' title="bbox 595 5476 3779 5594; baseline 0.003 -32"><span class='ocrx_word' id='word_1_850' title='bbox 1757 5507 1962 5594; x_wconf 35' lang='grc' dir='ltr'><strong>θέρεος.</strong></span> <span class='ocrx_word' id='word_1_851' title='bbox 1998 5511 2065 5594; x_wconf 71' lang='lat'><strong>0.</strong></span> <span class='ocrx_word' id='word_1_852' title='bbox 2094 5514 2231 5594; x_wconf 62' lang='lat' dir='ltr'><strong>Ante</strong></span> <span class='ocrx_word' id='word_1_853' title='bbox 2257 5476 2964 5594; x_wconf 70' lang='lat' dir='ltr'><strong>perceptioncm_‘Corporis</strong></span> <span class='ocrx_word' id='word_1_854' title='bbox 3013 5532 3067 5576; x_wconf 90' lang='lat' dir='ltr'><strong>ct</strong></span> <span class='ocrx_word' id='word_1_855' title='bbox 3108 5521 3403 5594; x_wconf 87' lang='lat' dir='ltr'><strong>Sanguinis</strong></span> <span class='ocrx_word' id='word_1_856' title='bbox 3433 5524 3624 5594; x_wconf 69' lang='lat' dir='ltr'><strong>Christi</strong></span> <span class='ocrx_word' id='word_1_857' title='bbox 3665 5535 3779 5574; x_wconf 76' lang='lat' dir='ltr'><strong>ms.</strong></span> 
     </span>
    </p>
   </div>
   <div class='ocr_carea' id='block_1_116' title="bbox 517 5542 1516 5634">
    <p class='ocr_par' dir='ltr' id='par_1_116' title="bbox 517 5542 1516 5634">
     <span class='ocr_line' id='line_1_120' title="bbox 517 5542 1516 5634; baseline 0.026 -39"><span class='ocrx_word' id='word_1_858' title='bbox 517 5542 710 5634; x_wconf 60' lang='lat' dir='ltr'><strong>Orptio</strong></span> <span class='ocrx_word' id='word_1_859' title='bbox 730 5552 798 5604; x_wconf 87' lang='lat' dir='ltr'><strong>ad</strong></span> <span class='ocrx_word' id='word_1_860' title='bbox 828 5542 1200 5634; x_wconf 83' lang='lat' dir='ltr'><strong>accipiendum</strong></span> <span class='ocrx_word' id='word_1_861' title='bbox 1227 5563 1434 5634; x_wconf 74' lang='lat' dir='ltr'><strong>Corpus</strong></span> <span class='ocrx_word' id='word_1_862' title='bbox 1475 5568 1516 5622; x_wconf 83' lang='grc' dir='ltr'><strong>ι)</strong></span> 
     </span>
    </p>
   </div>
   <div class='ocr_carea' id='block_1_117' title="bbox 516 5615 1572 5703">
    <p class='ocr_par' dir='ltr' id='par_1_117' title="bbox 516 5615 1572 5703">
     <span class='ocr_line' id='line_1_121' title="bbox 516 5615 1572 5703; baseline 0.024 -34"><span class='ocrx_word' id='word_1_863' title='bbox 516 5623 572 5670; x_wconf 86' lang='lat' dir='ltr'><strong>et</strong></span> <span class='ocrx_word' id='word_1_864' title='bbox 603 5615 745 5675; x_wconf 88' lang='lat' dir='ltr'><strong>hunc</strong></span> <span class='ocrx_word' id='word_1_865' title='bbox 770 5615 1017 5683; x_wconf 77' lang='lat' dir='ltr'><strong>sanctum</strong></span> <span class='ocrx_word' id='word_1_866' title='bbox 1066 5615 1572 5703; x_wconf 47' lang='lat' dir='ltr'><strong>sanguineinwtuimi</strong></span> 
     </span>
    </p>
   </div>
   <div class='ocr_carea' id='block_1_118' title="bbox 1519 5573 2163 5662">
    <p class='ocr_par' dir='ltr' id='par_1_118' title="bbox 1519 5573 2162 5639">
     <span class='ocr_line' id='line_1_122' title="bbox 1519 5573 2162 5639; baseline 0.028 -17"><span class='ocrx_word' id='word_1_867' title='bbox 1519 5573 1689 5630; x_wconf 89' lang='lat' dir='ltr'><strong>omini</strong></span> <span class='ocrx_word' id='word_1_868' title='bbox 1780 5577 1870 5613; x_wconf 67' lang='lat' dir='ltr'><strong>M‘</strong></span> <span class='ocrx_word' id='word_1_869' title='bbox 1905 5579 2162 5639; x_wconf 84' lang='lat' dir='ltr'><strong>Sanctum</strong></span> 
     </span>
    </p>
   </div>
   <div class='ocr_carea' id='block_1_119' title="bbox 2263 5573 3789 5662">
    <p class='ocr_par' dir='ltr' id='par_1_119' title="bbox 2263 5573 3789 5662">
     <span class='ocr_line' id='line_1_123' title="bbox 2263 5573 3789 5662; baseline 0.01 -24"><span class='ocrx_word' id='word_1_870' title='bbox 2263 5573 2398 5655; x_wconf 53' lang='lat' dir='ltr'><strong>opus</strong></span> <span class='ocrx_word' id='word_1_871' title='bbox 2421 5573 2474 5642; x_wconf 66' lang='lat' dir='ltr'><strong>et</strong></span> <span class='ocrx_word' id='word_1_872' title='bbox 2505 5573 2828 5660; x_wconf 39' lang='lat' dir='ltr'><strong>sanguine—ut.</strong></span> <span class='ocrx_word' id='word_1_873' title='bbox 2843 5573 2999 5648; x_wconf 71' lang='lat' dir='ltr'><strong>luunt</strong></span> <span class='ocrx_word' id='word_1_874' title='bbox 3020 5573 3789 5662; x_wconf 67' lang='grc' dir='ltr'><strong>’ἠιεῖζέξιῖιεῖἰὶἱιιόοφηε</strong></span> 
     </span>
    </p>
   </div>
  </div>
