4048 6288
183 316 276 375 929

1596 304 2009 362 ORATIONES.

3334 317 3440 371 930

184 431 408 483 fructum
452 427 714 483 bonorum
742 437 988 495 Operum,
1020 421 1112 477 Dei
1142 420 1393 477 ineffabili
1426 420 1625 491 pietate
1649 421 1744 475 de-
1777 426 1826 485 Α
1853 420 2225 488 pmniteutiam
2256 421 2467 493 baptiza
2504 438 2609 478 me.
2634 424 2847 482 Jnssisti
2879 431 3255 497 peccatoribus
3276 448 3438 505 agere

186 529 261 572 tur
284 517 414 571 mihi
442 531 540 586 per
563 531 655 572 vos
682 524 1027 587 peccatorum
1050 511 1405 581 indulgentia,
1436 512 1597 567 totius
1626 512 1750 567 boni

182 610 347 679 copia,
400 608 703 665 ewlestium
736 604 1193 676 concupiscentia,
1227 612 1377 675 grata
1408 601 1634 658 fratrum
1663 604 1756 658 be-

180 699 499 765 nevolentia,
550 713 762 753 morum
833 696 1155 758 reverentia,
1222 694 1598 749 mandatorum
1658 694 1753 749 Dei

182 792 537 845 observantia.
566 788 768 843 Precor
789 796 864 852 te,
906 786 1063 841 beate
1101 784 1165 839 N.
1191 784 1537 841 devotissima
1572 799 1771 854 prece,

183 881 395 949 dignare
433 893 518 933 me
562 878 704 931 inter
755 887 875 931 tuos
910 889 1225 946 agnoscere,
1248 890 1370 929 cum
1414 874 1625 930 sederis
1654 889 1752 944 po-

186 980 292 1025 tens
315 970 365 1023 in
386 969 593 1037 judicio
631 968 815 1023 orbem
838 966 1177 1037 judicaturus
1205 981 1328 1021 cum
1361 965 1607 1020 Domino.

245 1061 447 1117 Omnes
474 1071 675 1117 sanctae
708 1063 961 1133 virgines,
995 1076 1115 1131 qua:
1164 1060 1374 1115 cmlesti
1415 1061 1625 1130 Sponso
1656 1075 1750 1130 pe-

186 1155 332 1210 renni
360 1168 540 1209 mente
564 1155 903 1209 adlimrenles
922 1153 1104 1208 luxum
1130 1152 1383 1208 caleastis
1415 1152 1616 1223 smenli,
1634 1168 1752 1206 om-

183 1258 379 1311 nosque
407 1250 610 1297 sanctae
655 1243 833 1297 vidua:
872 1242 1158 1312 impetrato
1190 1241 1320 1293 mihi
1353 1238 1518 1293 fetido
1559 1254 1754 1293 munus

181 1334 427 1400 perennis
450 1334 663 1404 gratim,
697 1334 819 1388 vitae
853 1332 1291 1395 sanctimoniam,
1324 1331 1567 1401 corporis
1594 1346 1753 1384 mun-

180 1424 380 1490 ditiam,
423 1428 601 1481 cordis
633 1426 1016 1488 innocentiam,
1050 1424 1170 1479 fidei
1199 1423 1530 1490 firmitatem,
1559 1422 1755 1478 frater-

178 1515 357 1570 nitatis
382 1516 725 1571 charitatem.
1392 1582 1399 1588 _

240 1605 568 1663 Intercedite
591 1624 687 1677 pro
720 1623 826 1674 me,
852 1623 1041 1664 omnes
1071 1608 1269 1673 sancti,
1298 1609 1608 1679 quicunque
1646 1608 1755 1663 Deo

176 1699 452 1767 placuistis
480 1699 548 1754 ab
578 1700 732 1756 initio
761 1700 964 1756 saeculi.
995 1701 1190 1770 Aptate
1217 1716 1302 1756 me
1332 1701 1398 1754 ad
1422 1700 1751 1755 voluntatem

1855 514 2253 582 pmnitentiam,
2292 516 2585 585 promisisti
2633 518 2790 589 digne
2831 523 3216 589 pmnitentibus
3256 527 3308 579 in
3335 527 3435 580 ful-

1856 605 2115 671 gentiam,
2140 605 2226 659 fac
2263 622 2350 662 me
2394 623 2491 677 pro
2522 612 2761 678 peccatis
2790 612 2925 668 meis
2969 614 3048 669 sic
3078 616 3343 685 poenitere
3380 627 3437 671 ιιι

1856 708 2044 763 eorum
2096 694 2307 749 veniam
2355 711 2384 750 a
2444 705 2496 752 te
2534 714 2746 754 merear
2797 702 3059 759 obtinere.
3112 705 3435 775 Veritatem,

1858 785 2346 849 mansuetudinem,
2372 784 2640 854 justitiam
2665 790 2917 854 docuisti,
2951 792 3083 847 doce
3133 810 3227 849 cor
3255 812 3434 853 meum

1856 882 1911 927 et
1938 873 2202 938 illumina,
2243 886 2295 928 ut
2333 892 2471 931 unus
2502 891 2567 931 ex
2601 880 2678 931 eis
2707 894 2828 934 esse
2860 896 3070 937 merear
3098 901 3234 954 quos
3262 896 3315 940 tu
3341 887 3440 942 do-

1857 979 1986 1021 cens
2014 964 2242 1020 interius
2272 965 2608 1023 illuminasti.
2639 968 2916 1038 Miracula,
2946 975 3197 1041 virtutes,
3234 980 3439 1034 sanita—

1859 1064 1938 1112 tes
1974 1057 2026 1111 in
2056 1058 2374 1127 corporibus
2410 1069 2464 1113 et
2505 1060 2790 1116 animabus
2823 1064 3127 1132 hominum,
3159 1079 3420 1138 qrantum

1859 1148 1953 1203 tibi
2009 1148 2226 1218 platuit,
2273 1151 2489 1219 fecisti;
2540 1168 2673 1210 sana
2729 1156 3017 1228 langueres
3052 1162 3246 1217 anima.-
3280 1181 3436 1228 mem.

1856 1240 1983 1308 quia
2014 1244 2231 1310 peccavi
2267 1244 2385 1300 tibi.
2415 1243 2679 1315 Jejunasti
2729 1259 2948 1318 propter
2976 1266 3082 1317 me,
3119 1252 3203 1309 fac
3234 1272 3319 1308 tne
3346 1256 3441 1309 ab-

1856 1330 2060 1386 stinere
2103 1333 2171 1389 ab
2203 1334 2348 1401 omni
2397 1346 2621 1404 peccato
2669 1354 2767 1407 pro
2819 1322 2919 1395 tuo
2948 1356 3154 1396 amore.
3190 1343 3438 1398 Esuriisti

1858 1431 2076 1490 propter
2097 1438 2207 1489 me,
2228 1424 2311 1480 fac
2342 1441 2427 1480 me
2455 1435 2527 1493 te,
2554 1429 2643 1497 qui
2688 1430 2845 1497 panis
2873 1446 2932 1485 es
2959 1446 3142 1497 verus,
3174 1434 3397 1487 veraci't
3417 1449 3443 1487 r

1855 1512 2085 1566 esurire.
2112 1513 2389 1584 Fatigatus
2419 1531 2477 1570 es
2509 1527 2726 1586 propter
2757 1534 2859 1581 tne,
2896 1522 3111 1588 robora,
3148 1524 3309 1577 refice
3337 1523 3440 1577 las-

1855 1603 2145 1659 situdinem
2193 1606 2386 1661 anima:
2413 1622 2564 1662 mem.
2608 1609 2927 1666 Dulcissime
2968 1622 3023 1668 et
3050 1614 3443 1672 misericordis-

1855 1694 1991 1750 sime
2018 1695 2243 1752 Domine
2269 1697 2396 1775 .lesu
2420 1698 2659 1764 Christe,
2680 1701 2806 1755 dum
2839 1718 3084 1760 cmnares
3104 1722 3225 1760 cum
3246 1707 3442 1763 amicis

178 1788 260 1843 Dei
314 1791 677 1859 peragendam
731 1792 784 1845 in
837 1791 984 1846 omni
1013 1806 1176 1861 Opere
1221 1791 1381 1855 bono,
1435 1802 1491 1845 ut
1519 1792 1754 1861 peccatis
1788 1766 1825 1822 θ
1860 1787 1985 1855 tuis,
2017 1790 2182 1857 pedes
2225 1769 2412 1845 eorum
2463 1790 2662 1855 lavisti,
2705 1808 2936 1863 corpore
2969 1804 3059 1850 tuo
3086 1805 3141 1850 et
3172 1797 3438 1867 sanguine

176 1890 443 1945 mortuus,
477 1882 585 1936 Deo
610 1882 809 1949 vivam,
839 1892 892 1937 et
925 1892 1070 1948 vota,
1093 1898 1214 1953 qure
1244 1885 1353 1937 Deo
1382 1882 1524 1947 vovi,
1557 1882 1755 1935 vestris

174 1972 596 2043 suffragantibus
627 1975 839 2031 meritis
877 1976 950 2029 illi
982 1984 1095 2031 toto
1124 1973 1320 2029 aﬂ‘ectu
1352 1972 1676 2045 persolvant,
1697 1982 1755 2026 ut

174 2063 232 2115 ad
261 2072 486 2133 portum
527 2065 719 2119 salutis
762 2072 980 2119 aeterna:
1018 2079 1233 2119 merear
1258 2062 1568 2133 pervenire,
1600 2070 1656 2116 et
1700 2061 1753 2114 in

172 2166 375 2208 aeterna
449 2155 709 2213 felicitate
799 2155 1077 2211 vobiscum
1148 2155 1270 2210 sine
1348 2154 1455 2210 ﬁne
1519 2156 1755 2225 gaudere

171 2244 361 2299 Atucn.

687 2332 942 2391 ORATIO
980 2333 1240 2390 XXXVII.

830 2443 899 2482 ΑΙ)
937 2442 1101 2482 ΒΕυΙ.

570 2515 680 2583 (Ex
702 2532 799 2570 rm.
824 2515 999 2569 codice
1022 2512 1367 2584 Corbeiensi.)

235 2625 468 2680 Domine
508 2624 634 2680 Jesu
680 2626 1088 2697 benignissime,
1125 2625 1245 2681 fons
1269 2625 1410 2688 vitaz,
1446 2623 1567 2681 fons
1596 2624 1760 2681 mise-

173 2714 448 2782 ricordias,
501 2715 568 2770 de
618 2731 729 2784 quo
776 2716 965 2771 bibunt
996 2730 1187 2771 omnes
1223 2714 1422 2781 sancti,
1464 2714 1657 2771 bibunt
1701 2724 1759 2770 et

171 2805 515 2861 inebriantur
558 2805 815 2862 ineffabili
871 2806 1172 2871 dulcedine,
1204 2806 1386 2860 vivunt
1421 2813 1625 2860 acterna
1669 2820 1758 2861 sa-

172 2896 380 2961 tietate,
424 2897 492 2951 da
520 2898 649 2952 mihi
688 2912 785 2967 per
828 2897 1019 2957 merita
1049 2892 1235 2952 eorum
1276 2896 1328 2950 in
1376 2897 1626 2966 prmsenti
1648 2896 1755 2951 vita

168 2987 241 3042 sic
264 2997 325 3043 te
354 3002 569 3057 semper
596 2988 762 3055 sitite,
788 2998 843 3042 ut
879 2990 932 3042 in
973 2987 1155 3042 futuro
1185 2987 1382 3042 sazculo
1402 3003 1525 3043 cum
1553 2988 1755 3044 eisdem

1855 1877 2085 1945 pavisti;
2134 1893 2330 1949 corpus
2379 1894 2562 1934 meum
2609 1889 2665 1934 et
2713 1883 2948 1937 animam
2999 1883 3067 1938 ab
3105 1886 3250 1940 omni
3280 1887 3441 1941 sorde

1858 1964 2001 2030 lava,
2027 1974 2081 2022 et
2110 1967 2297 2023 eodem
2329 1983 2559 2039 corpore
2585 1982 2674 2025 tuo
2700 1980 2754 2025 et
2787 1972 3068 2041 sanguine,
3103 1989 3170 2027 ne
3197 1974 3439 2033 detieiat.

1856 2057 2123 2112 conforta.
2152 2058 2290 2125 Quid
2321 2062 2551 2131 amplius
2581 2063 2776 2127 dicam,
2804 2062 3027 2118 Domine
3047 2062 3175 2118 Jesu
3200 2064 3443 2120 Christe?

1858 2146 1938 2200 Tu
1971 2162 2031 2202 es
2054 2149 2161 2201 vita
2209 2166 2350 2217 mea,
2385 2152 2531 2207 salus
2578 2169 2717 2219 mea,
2753 2153 2975 2208 dulcedo
3009 2169 3147 2221 mea,
3184 2154 3442 2209 fortitudo

1859 2254 1998 2306 mea,
2028 2240 2207 2295 hetitia
2257 2258 2394 2309 mea,
2439 2246 2694 2315 gaudium
2728 2262 2926 2310 meum,
2959 2246 3259 2315 redemptio
3299 2262 3439 2310 nea,

1858 2331 2189 2385 resurrectio
2226 2348 2367 2387 mea.
2402 2334 2480 2387 Tu
2507 2344 2728 2404 propter
2755 2351 2839 2390 me
2867 2336 3095 2391 traditus
3118 2352 3194 2398 es,
3231 2352 3298 2390 ne
3329 2346 3441 2390 tra-

1859 2420 1956 2475 das
2009 2421 2198 2476 bestiis
2239 2422 2476 2477 animam
2518 2440 2716 2478 meam.
2747 2426 2969 2497 Ligatus
2997 2443 3055 2481 es
3084 2437 3302 2496 pr0pter
3334 2442 3439 2489 me,

1859 2508 2007 2562 solve
2044 2509 2296 2575 ligamina
2342 2522 2691 2581 peccatorum
2727 2530 2991 2569 meorum.
3029 2514 3215 2569 lllusus
3239 2532 3298 2571 es
3321 2533 3447 2586 prn-

1859 2609 1978 2667 pter
2018 2616 2123 2668 me,
2154 2602 2319 2657 libera
2361 2620 2445 2659 me
2498 2604 2566 2659 ab
2597 2605 2935 2660 illusionibus
2962 2607 3285 2661 dmmo’nutn.
3318 2607 3449 2661 Dul-

1858 2688 2077 2745 cissime
2104 2690 2351 2761 Domine,
2386 2702 2441 2746 tu
2485 2694 2631 2749 solus
2660 2694 2821 2750 homo
2848 2695 2964 2749 sine
3006 2705 3230 2766 peccato
3260 2696 3444 2767 flagel-

1859 2777 1998 2835 latus
2043 2796 2103 2836 es
2138 2790 2356 2852 propter
2410 2799 2515 2850 me,
2549 2784 2714 2840 libera
2748 2801 2833 2841 me
2868 2801 2898 2839 a
2927 2786 3154 2856 flagellis
3182 2804 3301 2859 quas
3338 2803 3447 2843 nte-

1861 2881 2048 2927 rentur
2101 2873 2416 2943 iniquitates
2467 2892 2617 2931 mese.
2653 2877 3157 2934 Misericordissime
3196 2879 3443 2947 Domine,

1859 2966 2030 3035 spinis
2057 2976 2349 3023 coronatus
2384 2983 2445 3023 es
2488 2980 2707 3040 propter
2737 2985 2845 3036 me,
2890 2970 3073 3040 spinas
3100 2981 3443 3042 peccatorum

169 3078 377 3133 sanctis
399 3078 503 3132 tuis
530 3079 595 3131 ad
626 3087 677 3132 te
701 3078 904 3133 valeam
928 3077 1260 3132 aeternaliter
1285 3076 1497 3131 satiari.
1521 3076 1628 3132 Oro
1653 3077 1756 3131 ita-
1784 3103 1827 3162 ρ
1861 3076 2105 3162 "morm."
2138 3062 2292 3117 aufer
2326 3077 2355 3117 ³
2404 3078 2511 3118 mc-
2542 3062 2768 3119 θοητίηο
2794 3062 2920 3119 1‘35“
2950 3065 3355 3137 belligniSSimev
3390 3074 3445 3119 ⁸η

170 3188 267 3241 que
323 3172 698 3227 dulcissimam
752 3171 1181 3226 misericordiam
1232 3178 1410 3237 tuam,
1477 3170 1753 3240 piissime,

169 3265 493 3320 suavissime
544 3263 973 3329 DomineJesu,
1015 3277 1174 3332 pasce
1211 3262 1465 3317 miseram
1518 3262 1753 3316 animam

168 3372 349 3413 meam
388 3371 455 3411 ex
488 3356 860 3411 recordatione
884 3354 1271 3410 beneficiorum
1300 3361 1532 3417 tuorum,
1558 3368 1626 3407 ne
1664 3353 1756 3406 dc-

168 3448 316 3502 ficiat
354 3447 406 3502 in
438 3448 870 3519 peregrinatione
908 3446 1131 3517 fatigata
1162 3445 1271 3500 imo
1296 3445 1533 3514 pondere
1558 3459 1754 3513 pecca-

167 3546 349 3595 torum
385 3554 628 3595 suorum.
652 3530 767 3593 Tua
791 3554 896 3606 me,
936 3537 1179 3602 Domine,
1207 3537 1421 3593 bonitas
1448 3538 1675 3601 creavit,
1701 3546 1757 3592 et

168 3644 262 3697 per
306 3629 642 3699 baptismum
682 3638 831 3683 tuum
878 3627 1161 3691 recreavit,
1195 3626 1461 3695 patienter
1495 3626 1756 3681 hactenus

167 3733 251 3772 me
273 3719 525 3788 quotidie
554 3727 869 3787 peccantem
901 3724 1200 3787 exspectat.
1236 3715 1481 3770 Potentia
1507 3715 1756 3769 divinita.

168 3809 235 3863 tis
260 3818 374 3863 tua:
396 3825 481 3864 me
508 3808 656 3874 fecit,
689 3808 962 3863 humilitas
992 3805 1347 3862 humanitatis
1379 3813 1481 3858 tua:
1506 3818 1591 3858 me
1614 3804 1755 3860 refe-

164 3898 256 3951 cit.
287 3898 460 3963 Ecce,
491 3898 716 3953 Domine
747 3897 875 3953 Jesu
900 3897 1133 3961 Christe,
1164 3895 1338 3964 gratia
1371 3902 1459 3947 tua
1497 3893 1752 3957 donante,

164 3990 256 4058 qui
294 4005 363 4045 es
396 3989 657 4045 Dominus
701 4004 876 4055 meus,
926 3990 1068 4043 Deus
1118 4001 1290 4051 meus,
1340 3998 1468 4038 ecce
1502 3982 1757 4038 recordor

162 4081 322 4148 quia,
375 4080 517 4135 sicut
553 4078 927 4149 praenuntiasti
961 4092 1055 4147 per
1097 4084 1317 4131 sanctos
1349 4082 1469 4128 tuos
1501 4073 1569 4126 ab
1600 4070 1756 4126 initio

163 4172 381 4236 mundi,
430 4180 589 4226 natus
637 4171 705 4225 de
754 4178 937 4226 sancta
973 4168 1189 4239 Virgine
1218 4181 1401 4221 veram
1436 4179 1503 4220 ex
1545 4178 1608 4218 ea
1636 4176 1757 4218 car-

161 4276 288 4317 nem
340 4262 619 4332 accepisti,
664 4260 899 4330 Virginis
948 4259 1140 4314 matris
1171 4258 1336 4314 ubera
1365 4269 1494 4311 vere
1539 4254 1754 4320 suxist‘,

159 4368 329 4422 pasce
378 4352 736 4421 peccatricem
763 4351 998 4405 animam
1030 4364 1203 4404 meam
1238 4358 1325 4403 tua
1354 4352 1542 4401 sancta
1567 4358 1751 4410 carne,

1858 3152 2084 3220 portasti
2108 3167 2270 3222 super
2318 3162 2535 3209 sanctos
2581 3155 2835 3209 humeros
2865 3163 2986 3210 tuos
3009 3170 3225 3210 crucem
3273 3166 3443 3221 tuam,

1860 3245 1944 3299 fac
1992 3262 2077 3300 me
2120 3256 2172 3301 te
2201 3248 2352 3316 sequi
2394 3256 2447 3301 et
2480 3257 2601 3318 post
2633 3257 2682 3302 te
2716 3257 2935 3317 portare
2981 3249 3215 3302 animam
3245 3263 3443 3301 meam.

1857 3335 2135 3391 Altissiuie
2182 3337 2431 3403 Domine,
2491 3348 2547 3392 tu
2600 3338 2867 3393 exaltatus
2912 3339 2963 3391 in
3013 3352 3174 3393 cruce
3231 3338 3444 3392 traxisti

1857 3428 2038 3480 omnia
2071 3428 2135 3481 ad
2179 3437 2251 3492 te,
2305 3429 2457 3482 trahe
2503 3444 2589 3482 tne
2624 3430 2693 3483 ad
2732 3437 2802 3482 te.
2841 3428 3160 3484 Dulcissime
3191 3429 3442 3495 Domine,

1860 3525 1915 3570 ιιι
1972 3517 2261 3586 permisisti
2320 3533 2515 3573 manus
2570 3530 2689 3574 tuas
2735 3530 2789 3574 et
2838 3519 3003 3588 pedes
3049 3518 3218 3573 clavis
3252 3519 3445 3575 ferreis

1856 3609 2144 3679 perforari,
2191 3608 2379 3664 lancea
2436 3609 2577 3665 latus
2643 3620 2791 3663 tuum
2844 3610 3065 3679 aperiri,
3122 3611 3441 3680 sanguinem

1858 3707 2009 3755 tuum
2059 3716 2157 3770 pro
2185 3700 2563 3770 peccatoribus
2598 3699 2820 3767 eil‘undi,
2874 3716 2969 3770 per
3020 3701 3193 3771 ipsum
3226 3700 3446 3772 sangui-

1858 3808 1979 3847 nem
2014 3802 2163 3844 tuum
2188 3791 2305 3843 lava
2337 3790 2572 3844 animam
2601 3804 2774 3843 meam
2807 3788 2875 3842 ab
2903 3791 3153 3843 omnibus
3182 3791 3441 3859 peccatis,

1857 3892 1907 3937 et
1932 3897 2146 3936 omnem
2187 3881 2430 3936 dolorem
2476 3882 2543 3937 ab
2584 3897 2646 3936 ea
2696 3881 2819 3935 tolle
2851 3896 2946 3949 per
2981 3882 3258 3950 angustias
3308 3896 3444 3951 quas

1858 3964 1955 4042 pro
1981 3972 2136 4027 nobis
2162 3970 2489 4025 sustinuisti.
2536 3970 2857 4025 Dulcissime
2879 3969 3127 4035 Domine,
3161 3980 3215 4023 tu
3253 3984 3441 4025 susce-

1856 4064 1981 4136 pisti
2045 4063 2359 4139 petitionem
2430 4063 2677 4125 latronis,
2731 4061 2946 4130 suscipe
2985 4061 3286 4116 orationem
3335 4063 3442 4116 mei

1854 4157 2179 4229 peccatoris.
2226 4156 2396 4212 Aceto
2445 4163 2660 4226 potatus
2695 4168 2756 4209 es
2804 4162 3027 4224 propter
3075 4168 3180 4218 me,
3231 4153 3438 4209 inebria

1857 4248 2093 4304 animam
2118 4261 2292 4303 meam
2321 4245 2475 4301 melle
2500 4244 2798 4299 dulcedinis
2831 4253 2952 4298 tum.
2982 4242 3127 4298 Bone
3148 4242 3362 4311 Pastor,
3382 4253 3440 4297 tu

1857 4341 2083 4412 posuisti
2117 4354 2217 4410 pro
2251 4339 2356 4393 tuis
2397 4337 2589 4393 ovibus
2617 4336 2851 4390 animam
2875 4344 3042 4401 tuam,
3070 4350 3137 4390 ne
3171 4336 3320 4390 sinas
3349 4351 3442 4406 pe-

159 4446 303 4500 satia
352 4443 498 4499 illam
526 4452 614 4499 tua
644 4443 944 4500 dulcedine.
987 4442 1041 4497 lu
1070 4441 1332 4513 praesepio
1357 4440 1588 4510 positus,
1622 4452 1756 4507 pan-
1790 4439 1831 4492 D
1861 4437 1966 4513 rire
1991 4444 2046 4489 et
2082 4432 2215 4487 mori
2252 4430 2608 4502 peccatricem
2660 4429 2897 4482 animam
2945 4442 3142 4483 meam.
3174 4426 3443 4483 Liberasti

158 4537 246 4591 nis
285 4535 569 4592 involutus
609 4551 690 4598 es.
723 4533 937 4590 involve
964 4549 1137 4589 meam
1163 4533 1402 4588 animam
1432 4530 1628 4601 pannis
1653 4529 1753 4583 mi-

158 4628 484 4684 sericordia:
505 4637 633 4694 tum,
679 4643 747 4683 ne
772 4634 1051 4683 remaneat
1078 4624 1219 4680 nuda
1246 4639 1429 4679 coram
1458 4631 1529 4677 te.
1562 4620 1749 4675 Pasto-

156 4739 248 4778 res
288 4730 353 4777 et
390 4720 460 4776 ab
487 4721 696 4776 oriente
740 4718 876 4789 Magi
908 4718 1187 4773 venientes
1213 4715 1577 4771 adoraverunt
1615 4720 1666 4766 te
1698 4711 1750 4763 in

154 4814 432 4886 prmsepio
449 4812 742 4882 jacentem,
764 4810 849 4866 fac
875 4826 981 4874 me,
1013 4807 1261 4872 Domine,
1292 4814 1343 4860 te
1373 4804 1603 4859 ﬁdeliter
1625 4803 1753 4855 ado-

154 4922 283 4961 rare
308 4907 429 4977 jam
476 4904 528 4958 in
577 4904 716 4959 caelo
761 4901 1057 4958 sedentem.
1098 4895 1401 4952 Permisisti
1439 4892 1750 4949 circumcidi

148 5013 387 5054 carnem
426 5005 595 5060 tuam,
632 4990 1056 5050 circtnneidc'ab
1085 4989 1231 5045 omni
1264 4995 1485 5059 peccato
1514 4993 1748 5040 mentem

149 5104 367 5143 meam.
406 5085 773 5143 Prmsentatus
811 5098 870 5138 es
922 5083 973 5136 in
1020 5081 1244 5151 templo,
1292 5077 1530 5148 suscepit
1584 5086 1637 5131 te
1668 5076 1752 5130 Si-

148 5197 319 5235 meon
347 5180 401 5234 in
428 5178 581 5234 ulnas
607 5193 756 5243 suas,
797 5176 849 5231 id
885 5184 969 5231 est
996 5174 1047 5228 in
1074 5172 1293 5229 brachia
1320 5188 1414 5227 sua
1441 5212 1455 5229 .
1485 5176 1751 5239 prxsenta

146 5288 237 5327 me
259 5279 478 5327 sanctze
522 5268 793 5341 majestati
825 5275 951 5331 tute,
985 5275 1043 5320 ut
1075 5275 1126 5321 te
1154 5265 1485 5334 complectar
1511 5263 1754 5318 brachiis

144 5365 365 5418 anima:
389 5376 540 5417 mea.
565 5360 827 5417 Subditus
855 5373 976 5415 eras
997 5357 1309 5429 parentibus
1331 5356 1382 5410 in
1412 5356 1607 5426 puritia
1634 5363 1749 5421 tua,

144 5456 237 5511 fac
275 5468 377 5508 me
406 5452 501 5508 tibi
545 5453 838 5515 sudditnm,
870 5459 921 5506 et
946 5447 1199 5504 omnibus
1225 5444 1419 5514 quibus
1451 5460 1537 5500 me
1568 5445 1752 5516 subje-

141 5547 294 5601 cerit
333 5545 619 5615 dispositio
650 5556 759 5611 tua,
779 5542 1090 5614 Baptizatus
1111 5554 1170 5594 es
1198 5537 1469 5601 aJoanne,
1498 5538 1548 5592 in
1579 5538 1753 5592 infan-

144 5641 221 5694 tia
266 5649 333 5693 tu
369 5636 653 5707 baptizasti
682 5651 787 5701 me,
814 5646 930 5707 post
964 5633 1289 5703 baptismum
1323 5640 1471 5684 tuum
1502 5640 1750 5684 sanctum

141 5728 447 5787 multotics
488 5729 718 5798 pollutus
754 5743 889 5789 sum,
928 5741 1021 5795 per
1059 5732 1241 5781 veram
1266 5720 1661 5779 confessionem
1698 5729 1754 5773 et

1857 4527 1922 4581 de
1947 4524 2161 4581 inferno
2203 4522 2411 4578 animas
2436 4520 2672 4592 piorum,
2715 4518 2881 4574 libera
2926 4518 3163 4573 animam
3210 4534 3445 4574 meama

1856 4616 2201 4671 damnatione
2268 4612 2573 4682 impiorum.
2646 4608 3002 4673 Fortissime,
3071 4608 3447 4678 potentissime

1860 4708 2081 4763 Domine
2109 4704 2233 4760 Jesu
2263 4704 2496 4768 Christe,
2532 4710 2586 4755 tu
2618 4710 2902 4771 postquam
2961 4709 3191 4754 mortem
3238 4697 3437 4761 vicisti,

1855 4814 2085 4870 surgens
2138 4811 2169 4852 a
2218 4795 2448 4851 mortuis
2493 4792 2649 4848 vivus
2694 4802 2749 4847 et
2803 4790 3124 4847 immortalis
3161 4788 3444 4858 discipulis

1857 4893 1963 4950 tuis
2015 4889 2333 4962 apparuisti.
2390 4886 2638 4943 Dolentes
2685 4886 2753 4940 de
2803 4894 2890 4938 tua
2923 4891 3099 4937 morte
3130 4879 3437 4944 ltetilicasti,

1856 4981 2191 5039 manducans
2235 4986 2290 5034 et
2335 4977 2527 5033 bibens
2580 4974 2893 5044 frequenter
2932 4986 3053 5026 cum
3111 4971 3192 5025 eis
3237 4968 3293 5024 in
3332 4968 3443 5023 fide

1855 5084 2057 5132 sancta:
2083 5069 2500 5129 resurrectionis
2533 5077 2637 5122 tua:
2672 5080 2769 5121 eor
2800 5078 2989 5119 eorum
3019 5059 3285 5123 solidasti,
3315 5060 3439 5114 ani-

1856 5181 1998 5221 mam
2048 5178 2244 5228 meam,
2286 5161 2522 5215 animam
2564 5154 2705 5211 sewi
2734 5153 2810 5209 tui
2840 5150 3051 5208 lanifica
3088 5158 3145 5206 et
3186 5148 3437 5206 conferta

1855 5259 1909 5314 in
1930 5258 2051 5321 _Iide
2075 5264 2275 5313 sancta:
2304 5262 2407 5307 tum
2440 5247 2874 5304 resurrectionis.

2358 5338 2613 5398 ORATIO
2653 5334 2935 5392 XXXVIII.

2445 5446 2512 5486 AD
2547 5442 2834 5485 (ξιιιιιδτωι.

2231 5524 2338 5594 (Ea:
2370 5540 2466 5578 ms.
2498 5521 2674 5577 codice
2723 5517 3067 5587 Corbeiensi.)

1924 5619 2151 5675 Domine
2170 5618 2297 5674 Jesu
2319 5615 2553 5679 Christe,
2586 5612 2913 5676 dulcissime,
2947 5607 3289 5675 suavissime,
3317 5604 3442 5677 pul-

1857 5717 2148 5777 cherrime,
2198 5708 2619 5782 speciosissime,
2662 5703 3143 5769 desideratissimc,
3176 5699 3440 5758 Dominus
