4048 6288
637 335 735 391 931

1008 333 1064 389 S.
1108 332 1406 388 ANSELMI
1443 331 1796 388 CANTUAB.
1831 329 2150 386 ARCHIEP.
2180 327 2332 386 OPP.
2375 328 2552 384 PARS
2585 329 2650 384 ll.
2680 360 2741 370 —
2762 329 3133 387 PARAENET.
3162 333 3243 389 ET
3271 337 3483 396 ASCE'I'.

3687 354 3766 409 9’3

636 465 791 504 nteus
814 457 867 503 et
905 447 1044 503 Deus
1073 462 1240 510 meus,
1282 455 1401 516 post
1430 445 1881 501 resurrectionem
1911 453 2055 496 tuam
2079 457 2214 512 qua-
2245 447 2288 502 Α
2320 439 2598 496 societate.
2630 441 2739 497 Vos
2768 457 2956 497 omnes
2983 443 3176 510 sancti,
3206 445 3291 501 lilii
3316 449 3650 523 misericordia,
3664 469 3771 528 pueri

639 541 946 608 dragesimo
981 539 1068 593 die
1103 539 1316 592 vidente
1362 537 1608 608 piissima
1657 544 1831 591 matre
1867 541 1960 589 tua
1996 531 2225 604 Virgine

640 639 695 684 et
750 629 1095 684 inedabiliter
1147 628 1451 696 gaudente,
1499 626 1807 681 videntibus
1863 625 2055 679 amicis
2117 625 2224 679 tuis

639 716 899 786 apostolis
928 725 983 769 et
1011 714 1356 770 inelfahiliter
1392 715 1458 769 de
1505 723 1595 768 tua
1623 713 2013 785 gloriﬁcatioue
2040 713 2225 768 ltetan-

638 807 803 869 tibus,
831 805 1159 860 benedicens
1191 805 1271 860 eis
1305 804 1555 859 ascendis
1585 805 1639 858 in
1668 803 1865 859 coelum
1895 812 1950 857 et
1979 805 2134 858 sedes
2159 804 2226 858 ad

636 895 918 948 dexteram
967 894 1178 949 Patris?
1227 895 1462 949 Benedic
1507 893 1672 949 etiam
1710 895 1864 949 nobis
1900 903 1955 948 et
1996 894 2080 948 fac
2129 909 2227 949 nos

635 984 931 1052 participes
975 985 1136 1056 272
1170 994 1335 1039 tanta:
1380 985 1779 1051 exsultationis,
1823 1000 1984 1054 quam
2029 984 2102 1038 illi
2131 985 2228 1038 ha-

636 1071 873 1128 buerunt
897 1075 963 1129 de
991 1075 1163 1144 gloria
1193 1084 1295 1130 tuae
1319 1075 1690 1142 exaltationis,
1720 1084 1775 1130 et
1801 1092 1898 1145 per
1914 1076 2029 1130 haec
2059 1076 2226 1130 bene-

638 1165 760 1219 ﬁcia
790 1175 901 1232 tua,
920 1175 974 1221 et
1002 1167 1101 1220 alia
1140 1168 1551 1222 innumerabilia
1584 1167 1779 1236 quibus
1807 1168 2078 1222 hominem
2106 1182 2229 1236 per-

640 1258 813 1312 ditum
846 1259 914 1312 ad
958 1258 1190 1312 salutem
1227 1260 1517 1323 revocasti,
1556 1261 1680 1313 dum
1721 1259 1775 1312 in
1819 1261 1918 1312 hac
1948 1259 2055 1312 vita
2088 1258 2226 1313 deti-

639 1362 796 1412 neor,
828 1349 1078 1403 miseram
1107 1349 1344 1403 animam
1375 1365 1548 1403 meam
1574 1350 1735 1403 retice
1778 1358 1832 1403 et
1869 1350 2136 1416 coul‘orta,
2168 1358 2228 1404 ut

641 1454 764 1492 cum
791 1454 820 1493 a
852 1455 1078 1509 corpore
1114 1441 1454 1511 migraverit,
1485 1449 1593 1495 tam
1626 1441 1732 1511 piis
1761 1441 2227 1497 recordationibus
2261 1462 2267 1466 '

638 1539 691 1583 et
724 1533 999 1587 memoriis
1035 1532 1323 1587 enutritam
1348 1541 1401 1588 et
1427 1531 1780 1587 refocillatam
1807 1533 1907 1587 sub
1937 1533 2038 1588 alis
2067 1533 2228 1588 mise-

638 1620 886 1674 ricordiae
937 1630 1060 1686 tuae,
1108 1621 1212 1676 sub
1255 1621 1484 1691 pedibus
1522 1633 1830 1676 sanctorum
1859 1623 2224 1692 apostolorum

641 1716 880 1774 tuorum,
911 1709 1010 1764 sub
1038 1712 1264 1780 pedibus
1307 1712 1684 1782 gloriosissimi
1719 1713 1870 1768 testis
1899 1713 1975 1766 tui
2001 1713 2228 1783 Stephao

637 1797 717 1863 ni,
745 1806 799 1852 et
828 1807 1147 1855 caeterorum
1178 1817 1470 1872 puerorum
1511 1811 1726 1857 tuorum
1754 1804 1845 1872 qui
1883 1813 2060 1859 tecum
2101 1813 2226 1859 sunt
2261 1844 2300 1900 Β

638 1887 694 1941 in
741 1900 932 1945 sancto
981 1891 1142 1946 cubili
1196 1900 1306 1954 tuo,
1352 1893 1698 1962 requiescere
1736 1894 1926 1963 possit,
1962 1903 2014 1948 te
2066 1895 2226 1948 mise-

637 1987 816 2046 rante,
859 1989 913 2035 te
957 1983 1209 2047 donante,
1264 1983 1513 2038 Salvator
1561 1986 1769 2050 mundi,
1819 1987 1908 2054 qui
1949 2001 2070 2040 eum
2117 1987 2226 2042 Deo

639 2064 801 2123 Patre
829 2080 882 2124 et
907 2069 1110 2140 Spiritu
1157 2082 1352 2128 sancto
1381 2075 1519 2130 vivis
1559 2085 1612 2130 et
1642 2091 1837 2146 regnas
1876 2077 2017 2133 Deus
2047 2078 2099 2132 in
2130 2093 2227 2133 sae-

638 2158 758 2214 cula
789 2163 1130 2217 saeculorum.
1156 2165 1349 2219 Amen.

776 2249 781 2256 ’
1163 2253 1421 2311 ORATIO
1457 2255 1703 2312 XXXIX.

938 2383 1006 2420 AD
1044 2381 1342 2432 ειικιδτωι,
1381 2384 1451 2422 ΕΤ
1486 2384 1656 2424 ΟΜΝΕΞ
1692 2384 1942 2425 ΞΑΧϐἹὊΒο

1095 2462 1113 2530 (
1135 2460 1217 2514 Ea:
1255 2478 1354 2516 ms.
1405 2461 1762 2532 Corbeiensi.)

709 2547 932 2604 Domine
960 2549 1088 2606 Jesu
1104 2551 1338 2619 Christe,
1365 2553 1464 2607 Fili
1486 2552 1576 2607 Dei
1605 2554 1728 2618 vivi,
1762 2554 2021 2611 Dominus
2073 2571 2226 2611 meus

634 2648 690 2694 et
730 2639 871 2695 Deus
906 2655 1082 2706 meus,
1114 2653 1166 2697 tu
1201 2659 1260 2698 es
1288 2645 1398 2699 vita
1437 2660 1579 2712 mea,
1609 2646 1757 2701 salus
1789 2663 1929 2711 mea,
1972 2648 2089 2703 sine
2118 2665 2226 2719 quo

636 2744 742 2785 non
769 2745 988 2800 possum
1022 2731 1158 2787 bene
1187 2734 1392 2800 vivere,
1421 2734 1504 2789 vel
1546 2738 1684 2792 bene
1718 2751 1860 2802 esse,
1889 2738 2016 2806 quia
2049 2747 2106 2793 et
2129 2755 2229 2794 an-

637 2830 856 2890 tequam
903 2838 1077 2879 essem
1113 2832 1168 2878 et
1196 2825 1456 2892 viverem,
1481 2827 1618 2898 apud
1647 2835 1698 2884 te
1726 2842 1876 2882 eram
1899 2839 1954 2884 et
1979 2830 2225 2885 vivebam

637 2913 692 2966 in
723 2921 800 2980 te,
826 2921 901 2980 et,
927 2924 1220 2984 antequam
1267 2932 1353 2971 me
1384 2931 1620 2983 nossem,
1661 2933 1891 2974 noveras
1929 2934 2034 2974 me.
2069 2918 2227 2975 Beni-

555 3079 559 3083 ι
639 3002 924 3073 gnissime,
967 3005 1307 3071 suavissime,
1332 3007 1664 3073 dulcissime,
1699 3007 1786 3063 fac
1824 3023 1909 3064 me
1949 3009 2224 3064 recordari

637 3094 1013 3151 miserationes
1059 3105 1179 3152 tuas
1207 3113 1342 3168 quas
1371 3098 1610 3154 humano
1638 3099 1822 3170 generi
1859 3101 2223 3156 misericordi-

2329 533 2538 586 Domini
2576 532 2895 596 Salvatoris,
2931 534 3041 600 jam
3069 550 3187 590 cum
3210 553 3270 592 eo
3293 540 3643 608 quiescentesiu
3663 563 3777 611 aiter.

2327 637 2394 674 na
2431 622 2639 691 requie,
2675 637 2812 692 quos
2843 624 2956 692 ipsa
3000 625 3234 681 charitas
3258 628 3318 683 de
3340 631 3438 685 suis
3457 635 3692 694 visceribus
3711 661 3776 714 ge-

2326 713 2465 775 nuit,
2515 725 2611 766 vos
2665 727 2764 782 ego
2813 722 3065 780 peccator
3115 715 3335 784 appello,
3383 720 3614 779 sublevate
3653 713 3776 786 meatu

2325 802 2630 856 orationem
2669 803 2734 855 ad
2764 817 2926 857 aures
2953 813 3146 858 vestrae
3181 807 3379 871 matris,
3402 809 3635 867 altissima:
3655 818 3778 872 cluri-

2330 891 2476 944 tatis.
2507 888 2563 943 In
2600 891 2788 960 primis
2819 894 2992 946 audeo
3040 902 3090 946 te
3123 895 3421 963 suppliciter
3453 913 3600 966 mare,
3623 909 3779 971 quarri-

2328 982 2506 1036 ciuior
2532 982 2723 1038 existis
2779 983 2935 1037 saluti
2994 993 3212 1050 nostrre,
3267 1003 3380 1056 qua:
3422 989 3563 1044 vitam
3613 1004 3780 1050 noster

2326 1073 2602 1144 peperisti,
2635 1074 2832 1128 nnmdo
2877 1075 3087 1145 perdito
3129 1078 3410 1132 remedium
3444 1081 3647 1145 attulisti,
3671 1085 3781 1139 bene.

2328 1163 2470 1239 dicta
2499 1179 2669 1232 super
2693 1164 2955 1234 mulieres
2985 1167 3146 1234 Virgo
3187 1175 3352 1222 mater
3374 1169 3528 1238 ipsius
3562 1173 3786 1228 miscricor-

2327 1254 2452 1319 dim,
2478 1265 2665 1310 sancta
2697 1255 2883 1320 Maria,
2919 1257 3143 1312 Domina
3175 1261 3372 1324 mundi,
3399 1260 3573 1330 Regina
3595 1263 3785 1328 cmli,tua

2329 1348 2686 1403 sanctissima:
2716 1349 2903 1418 pietati
2947 1365 3120 1403 meam
3149 1351 3439 1405 orationem
3465 1353 3790 1422 qualemcunque

2327 1438 2628 1502 committo,
2667 1447 2725 1492 ut
2758 1454 2876 1493 eam
2919 1439 3115 1494 oil'eras
3153 1440 3486 1496 dilectissimo
3512 1442 3624 1496 Filio
3641 1445 3790 1496 tuoDe

2330 1530 2475 1584 mino
2503 1540 2712 1585 nostro.
2749 1529 2852 1584 Vos
2880 1531 3045 1584 etiam
3076 1532 3248 1585 sancti
3275 1533 3440 1603 angeli
3469 1542 3517 1586 et
3548 1533 3791 1603 archangeli,

2329 1629 2514 1674 sancte
2563 1619 3030 1686 Michael,sancle
3066 1623 3324 1691 Raphael,
3371 1634 3538 1678 sancte
3558 1623 3793 1687 Gabriel,et

2329 1724 2518 1764 omnes
2566 1712 2736 1765 sancti
2766 1711 3068 1771 cmlestium
3123 1713 3341 1767 ordines
3379 1714 3608 1767 virtutum
3638 1713 3688 1765 ad
3718 1723 3796 1765 or:-

2333 1801 2502 1855 tiones
2556 1817 2706 1858 meas
2754 1803 2821 1856 ad
2873 1801 3042 1856 Deum
3094 1803 3446 1858 sublevandas
3477 1802 3692 1858 advocare
3710 1817 3797 1871 pre-

2331 1907 2506 1946 sumo.
2535 1893 2641 1948 Vos
2669 1908 2861 1949 omnes
2886 1893 3060 1948 sancti
3085 1893 3407 1962 patriarchae
3424 1902 3476 1948 et
3499 1892 3797 1963 propheta,qui

2329 1983 2684 2052 prmccssistis
2712 1994 2765 2039 et
2799 1985 3163 2040 annuutiastis
3199 1985 3481 2040 adventura
3511 1984 3650 2038 nostri
3673 1981 3799 2036 Salva-

2330 2077 2488 2140 toris,
2511 2091 2606 2130 vos
2631 2086 2804 2131 estote
2843 2063 3119 2146 adjutores
3155 2078 3489 2131 orationibus
3517 2077 3646 2130 meis.
3667 2073 3803 2128 Sancte

2327 2165 2584 2234 Joannes,
2630 2178 2683 2223 tu
2713 2167 2953 2240 Baptista
2991 2169 3230 2235 Domini,
3257 2170 3462 2224 amicus
3507 2169 3648 2237 ipsius
3674 2166 3802 2221 sanari

2331 2258 2545 2328 Sponsi,
2596 2270 2651 2315 tu
2687 2270 2806 2316 esto
2855 2261 3071 2330 adjutor
3119 2262 3456 2316 orationibus
3507 2261 3638 2315 meis.
3673 2258 3805 2312 Sancte

2328 2347 2510 2414 Petre,
2537 2350 2621 2404 cui
2650 2365 2894 2405 summus
2928 2351 3121 2406 Pastor
3147 2351 3426 2406 commisit
3463 2364 3577 2403 suos
3608 2362 3732 2416 agnos
3751 2360 3808 2413 pa-

2329 2440 2577 2496 scendos.
2634 2441 2833 2497 Sancte
2883 2441 3068 2508 Paule,
3101 2457 3200 2497 vas
3234 2440 3508 2496 electionis
3544 2438 3710 2494 Domini
3725 2435 3808 2490 Jesu

2328 2530 2548 2597 Christi,
2596 2533 2785 2589 doctor
2821 2534 3085 2605 gentium.
3132 2533 3340 2588 Sancte
3363 2532 3579 2597 Andrea,
3603 2525 3813 2584 sancieb-

2328 2626 2482 2690 cobe,
2513 2634 2702 2680 sancte
2749 2625 2971 2692 Jacobe,
3007 2634 3200 2683 sancte
3222 2626 3459 2682 Joannes
3480 2624 3647 2677 dilecte
3671 2617 3811 2673 Domini

2327 2714 2474 2782 Jesu,
2513 2725 2702 2772 sancte
2740 2716 2968 2781 Thema,
3009 2727 3203 2774 sancte
3249 2716 3512 2787 Philippe,
3551 2721 3702 2769 sancte
3731 2707 3817 2762 Bar-

2327 2809 2635 2875 tholomaee,
2680 2818 2864 2864 sancte
2912 2809 3186 2876 Matthme,
3229 2819 3418 2864 sancte
3467 2808 3652 2868 Simon,
3693 2807 3817 2855 sancte

2328 2900 2582 2968 Thadtee,
2606 2913 2794 2956 sancte
2819 2902 3064 2967 Mattliia,
3095 2910 3289 2958 sancte
3311 2901 3514 2965 Marce,
3533 2907 3689 2953 sancte
3710 2893 3821 2952 Luca.

2328 3002 2512 3048 sancte
2539 2993 2804 3048 Barnaba.
2848 2993 3049 3048 Omnes
3093 2993 3275 3049 sancti
3302 2991 3528 3064 apostoli
3555 2999 3604 3044 et
3630 2981 3821 3053 evangeli-

2328 3093 2445 3151 stre,
2480 3095 2633 3140 orate
2666 3100 2764 3155 pro
2794 3099 2882 3140 me
2908 3094 3234 3156 peccatore;
3269 3084 3474 3138 vestris
3493 3081 3673 3137 meritis
3692 3073 3826 3131 oratio-

638 3193 721 3240 ter
742 3185 1069 3258 impendisti,
1102 3187 1185 3244 fac
1212 3205 1278 3244 ex
1299 3205 1486 3245 earum
1512 3192 1889 3248 recordatione
1918 3209 2014 3248 cor
2042 3208 2223 3248 meum

2326 3192 2423 3232 nes
2458 3192 2606 3233 meas
2634 3178 2936 3233 committo.
2982 3176 3186 3232 Sancte
3231 3176 3514 3246 Stephano
3555 3171 3823 3242 protomartyr

635 3274 760 3344 igne
797 3277 1075 3346 ignescere
1105 3279 1412 3337 dilectionis
1460 3290 1565 3337 tua:
1605 3281 1812 3354 iugiter
1840 3283 1892 3338 in
1924 3283 2220 3352 ﬂammam.

635 3363 1014 3425 Potentissime
1049 3369 1297 3439 Domine,
1331 3372 1482 3443 prius
1509 3373 1561 3428 in
1587 3382 1742 3429 utero
1759 3375 1950 3430 matris
1979 3390 2110 3429 mete
2138 3389 2225 3432 me

633 3455 904 3526 formasti,
943 3468 1033 3516 tua
1064 3461 1266 3518 virtute
1294 3474 1482 3519 natum
1528 3464 1596 3522 de
1627 3475 1802 3521 matre
1834 3467 2104 3536 baptismo
2133 3477 2223 3521 tuo

634 3549 1012 3616 sanetiﬁcasti,
1046 3555 1362 3621 parentibus
1396 3554 1532 3610 meis
1583 3567 1642 3610 ut
1691 3557 1998 3613 litterarum
2045 3558 2222 3616 studio

637 3653 704 3693 ac
745 3639 993 3696 societati
1041 3645 1431 3701 monachorum
1478 3661 1565 3702 me
1615 3648 1890 3703 traderent
1925 3649 2221 3721 iuspirasti,

633 3725 918 3797 ingenium
964 3729 1203 3786 discendi
1257 3731 1486 3800 litteras,
1539 3742 1800 3804 quantum
1851 3736 1945 3791 tibi
1995 3738 2219 3807 placuit,

634 3819 849 3889 ingrato
897 3821 1028 3876 mihi
1071 3822 1289 3879 dedisti.
1321 3821 1405 3880 Me
1438 3825 1684 3894 quotidie
1711 3835 2023 3896 peccantem
2051 3844 2224 3900 usque

633 3925 780 3966 nunc
806 3914 1080 3982 patienter
1123 3915 1469 3986 exspectasti.
1519 3915 1741 3984 Precor,
1782 3932 1898 3984 oro,
1945 3918 2221 3989 benignis-

631 4001 770 4058 sime
800 4003 1048 4072 Domine,
1082 4005 1452 4062 dulcissimam
1500 4006 1936 4062 misericordiam
1971 4017 2120 4063 tuam
2153 4023 2221 4064 ne

634 4109 724 4149 me
754 4095 903 4151 sinas
937 4113 1172 4168 unquam
1214 4099 1283 4154 ad
1328 4099 1590 4169 pristinas
1638 4099 1826 4156 sordes
1874 4108 2220 4168 peccatorum

632 4198 877 4239 meorum
926 4185 1128 4253 redire,
1153 4188 1248 4243 sed
1291 4187 1377 4243 fac
1407 4204 1496 4244 me
1533 4205 1658 4245 cum
1698 4189 1872 4246 servis
1906 4190 2012 4244 tuis
2044 4191 2096 4244 in
2129 4199 2221 4246 tuo

633 4274 858 4329 servitio
907 4292 1278 4345 perseverare.
1329 4278 1476 4346 Scio,
1521 4280 1769 4348 Domine,
1800 4281 1942 4352 quod
1968 4298 2075 4336 non
2102 4298 2221 4338 sum

634 4363 829 4433 dignus
873 4369 1121 4424 exaudiri
1167 4381 1390 4441 propter
1412 4382 1634 4441 peccata
1669 4388 1814 4440 mea,
1869 4373 1963 4429 sed
1995 4374 2060 4429 da
2090 4373 2219 4430 mihi

633 4454 885 4522 solatium
919 4466 974 4511 et
1005 4459 1448 4518 intercessionem
1481 4474 1798 4519 sanctorum
1832 4473 2050 4519 tuorum
2081 4481 2220 4535 quos

634 4544 810 4599 audeo
860 4561 1044 4601 coram
1086 4558 1138 4603 te
1195 4551 1486 4620 appellare,
1543 4561 1602 4606 ut
1644 4553 1786 4622 quod
1831 4531 2217 4610 obsistentibus

2321 4545 2479 4610 citas,
2534 4543 2825 4612 Perpetua,
2885 4539 3118 4610 Agatha,
3172 4539 3405 4608 Agnes,
3452 4531 3680 4593 Caecilia,

631 4633 870 4701 peccatis
893 4635 1028 4690 meis
1051 4650 1156 4691 non
1185 4652 1416 4704 mereor,
1449 4655 1637 4695 eorum
1690 4643 1899 4698 meritis
1925 4641 2218 4715 sum-agan-

634 4723 775 4781 tibus
817 4724 1064 4782 obtinere
1095 4728 1325 4798 possim,
1350 4737 1407 4784 et
1433 4746 1498 4785 ne
1531 4745 1616 4785 me
1657 4731 1915 4788 excludas
1949 4733 2216 4788 abeorum

2328 3269 2540 3325 Domini
2566 3269 2737 3325 nostri
2781 3268 2906 3325 Jesu
2945 3269 3167 3334 Christi,
3219 3269 3405 3323 amice
3429 3265 3546 3332 Dei,
3578 3263 3668 3318 tuis
3691 3257 3828 3312 merits

2325 3375 2414 3415 me
2439 3360 2776 3416 commendo.
2812 3359 2996 3414 Sancti
3048 3368 3351 3430 martyres,
3400 3359 3550 3419 Line,
3595 3343 3825 3413 Clete,Cle-

2325 3461 2499 3516 mens,
2554 3447 2732 3514 Xiste,
2776 3448 3012 3513 Corneli,
3046 3448 3352 3518 Cypriane,
3383 3443 3649 3507 Laurenti,
3672 3439 3828 3532 Chrysi-

2323 3556 2481 3613 gone,
2552 3541 2808 3608 Joannes,
2869 3540 3057 3603 Paule,
3107 3541 3342 3606 Cosma,
3401 3538 3663 3597 Damiane,
3703 3529 3828 3596 lgmlio

2323 3633 2651 3699 Alexander,
2693 3632 3022 3695 Marcelline.
3058 3634 3240 3698 Petre,
3274 3628 3556 3695 Vincenti,
3583 3621 3833 3682 δεικνύων.

2323 3733 2380 3782 et
2407 3740 2598 3781 omnes
2631 3734 2902 3791 martyres
2949 3725 3038 3794 qui
3079 3740 3185 3794 pro
3236 3721 3551 3780 Salvatoris
3588 3723 3832 3772 amorem

2324 3816 2540 3888 guinem
2583 3825 2823 3870 vestrum
2855 3813 3090 3878 fudistis,
3139 3824 3308 3870 orate
3351 3827 3458 3883 pro
3507 3808 3673 3866 nobis.
3705 3800 3835 3890 Sanch

2323 3903 2581 3974 Vedaste,
2653 3903 2889 3974 Remigi,
2939 3901 3261 3965 Benedicto,
3334 3900 3590 3961 Martiae,
3646 3888 3837 3980 Ambrosii

2321 3995 2638 4067 Augustine,
2680 3993 2870 4059 Hilari,
2893 3993 3076 4058 Basili,
3109 3992 3362 4055 [\icolae,
3388 3986 3646 4050 Amande,
3668 3979 3840 4044 ςτεκοη·

2321 4086 2591 4142 Germane
2637 4096 2692 4142 et
2720 4101 2908 4141 omnes
2955 4084 3129 4140 sancti
3160 4080 3538 4140 'eonl'essores
3565 4078 3647 4149 qui
3672 4080 3842 4162 W5}?

2322 4180 2565 4234 etitatcm
2591 4179 2713 4233 vitae
2734 4187 2929 4232 vestrae
2955 4176 3066 4231 Deo
3089 4174 3417 4246 placuistis,
3447 4180 3599 4229 orate
3624 4180 3708 4237 pro
3729 4156 3842 4215 “om

2323 4267 2522 4324 Sancta
2572 4267 2738 4322 Maria
2787 4266 3122 4337 Magdaleua,
3155 4280 3288 4335 quae
3334 4261 3586 4318 meruisti
3615 4256 3750 4327 pedes
3781 4248 3845 4299 Do-

2322 4362 2452 4418 mini
2481 4360 2780 4416 Salvatoris
2813 4358 3107 4414 osculando
3145 4366 3415 4427 tangere,
3451 4349 3693 4423 lacrymis

2322 4455 2494 4526 prima
2523 4460 2892 4522 resurgentem
2944 4465 2973 4504 a
3018 4449 3254 4504 mortuis
3296 4449 3523 4510 videre,
3565 4449 3730 4499 sancta
3762 4428 3848 4524 Fel!-

2322 4545 2454 4576 λιιηο
2534 4543 2798 4576 nomn"...
2890 4539 3093 4576 Δαςιιη.
3180 4539 3379 4576 Annae
3452 4531 3680 4576 amitis-
3728 4521 3846 4576 Luem

3759 4530 3846 4572 “Clit

2322 4634 2633 4699 Anastasia,
2664 4641 2719 4688 et
2753 4644 2941 4686 omnes
2970 4637 3172 4684 sancta:
3201 4627 3495 4700 virgines,
3529 4623 3694 4678 viduae
3713 4623 3754 4668 et
3772 4621 3852 4662 con-

2324 4732 2578 4794 tinentes,
2603 4733 2756 4780 orate
2785 4736 2884 4794 pro
2913 4719 3088 4776 nobis.

1909 4867 2167 4926 ORATIO
2205 4868 2297 4924 XL
2343 4867 2455 4919 ⁸⁵⁸⁵.

1619 4977 1902 5018 ιιιιῑτιηιυε
1943 4979 2012 5018 AD
2062 4976 2210 5019 DSUI
2247 4978 2316 5017 ΕΤ
2369 4972 2539 5017 OINES
2605 4967 2859 5012 SLNCTOS.

703 5069 844 5128 Deus
872 5067 1046 5128 Pater‘
1060 5075 1420 5145 credentium,

632 5164 789 5220 Salus
812 5167 865 5220 in
889 5173 940 5222 te
961 5169 1318 5238 sperantium,

632 5255 840 5310 Exaudi
863 5272 1052 5327 preces
1084 5259 1306 5326 servuli,

631 5345 777 5412 Quas
795 5347 969 5404 fundit
1006 5350 1170 5405 corde
1195 5350 1445 5421 supplici.

699 5432 800 5489 Fili
830 5434 925 5491 Dei
964 5437 1228 5507 piissime,

1745 5078 2007 5148 Dignatus
2031 5079 2178 5134 nasci
2203 5077 2442 5148 Virgine,

1746 5165 1951 5220 Exaudi
1981 5166 2164 5221 cordis
2192 5165 2447 5227 hostiam,

1749 5257 1929 5314 Patris
1953 5260 2145 5315 sedens
2176 5259 2244 5314 ad
2269 5259 2570 5314 dexteram.

1818 5349 2112 5404 Amborum
2141 5357 2328 5404 sancte
2354 5347 2608 5418 Spiritus,

1747 5443 1958 5500 Dextra:
1981 5444 2075 5499 Dei
2104 5451 2160 5499 tu
2190 5444 2408 5516 digitus,

2863 5065 3057 5120 Mentis
3084 5071 3385 5119 secretum
3441 5064 3517 5096 ⁸⁸⁸
3549 5059 3716 5118 visita,

2865 5156 3085 5224 Tuaque
3113 5153 3268 5224 reple
3303 5154 3528 5225 gratia.

2931 5247 3186 5303 Personis
3219 5255 3443 5300 sancta
3476 5242 3733 5300 Trinitas,

2861 5340 2970 5396 Sed
3009 5339 3211 5396 deitate
3247 5336 3503 5403 Unitas.

2859 5438 3062 5494 Adesto
3091 5435 3231 5491 meis
3265 5437 3576 5508 precibus,

1966 5573 2201 5631 VARUS
2238 5569 2644 5628 LECTIONES.

705 5697 798 5734 ⁸⁸⁸⁸
830 5701 914 5755 Ex
953 5701 1083 5758 Mss.
1111 5701 1269 5759 Corb.
1294 5703 1416 5762 160.
1443 5715 1490 5760 οε
1533 5706 1664 5762 Vict
1703 5705 1827 5763 ΚΚι
1863 5708 1932 5764 16

2030 5707 2122 5740 ¹⁵⁸⁶
2152 5706 2256 5761 Ms.
2287 5705 2349 5763 C.
2387 5706 2581 5764 Mentis
2626 5712 2836 5762 secreta
2857 5720 2956 5759 ms.
3002 5701 3136 5759 Vict.
3163 5701 3398 5759 mentis
3450 5706 3730 5760 secretum
