4048 6288
194 320 290 381 935

196 438 338 494 Votis
366 434 556 492 favens
593 434 942 506 supplicibus.

256 528 405 598 Auge
442 527 624 592 ﬁdem,
661 533 716 578 tu
755 524 1012 586 Trinitas,

192 617 345 687 Spem
377 632 533 685 auge,
561 622 748 670 sancta
780 613 992 676 Unitas,

198 706 262 762 Ut
285 715 334 761 te
367 705 593 760 colendo
626 705 819 769 deitas,

194 798 269 854 Me
294 800 473 852 ﬁrmet
503 808 591 851 tua
618 796 857 851 charitas

258 889 357 956 Qui
398 889 539 943 Deus
586 888 747 941 homo
778 885 995 951 diceris,

190 980 253 1033 Et
282 994 440 1033 verus
465 979 623 1033 homo
649 977 908 1043 nosceris,

194 1066 459 1121 Memento
486 1067 589 1121 mei
620 1065 876 1129 hominis,

191 1158 322 1213 Cum
341 1157 589 1226 judicare
618 1156 850 1213 veneris.

258 1250 315 1303 In
347 1250 451 1304 hoc
480 1248 623 1319 quod
655 1263 843 1303 manes
872 1246 1060 1310 deitas,

196 1338 396 1394 Reatus
426 1339 543 1393 dele
567 1339 834 1403 sarcinas,

190 1428 257 1484 Ut
294 1430 395 1485 hoc
428 1429 569 1498 quod
599 1447 657 1485 es
684 1428 1014 1494 humanitas,

187 1520 377 1575 Adhuc
402 1520 491 1553 ³³⁸⁷
537 1520 789 1577 deﬂectat
818 1520 1011 1589 pietas.

258 1608 501 1679 Regnum
526 1609 723 1678 jurasti
756 1607 1029 1671 Patrihus,

187 1696 487 1756 Promisisti
512 1700 856 1770 sequacibus,

184 1790 347 1860 273
377 1790 446 1846 Ut
472 1798 717 1845 servetur
743 1788 1048 1858 promissio,

184 1880 433 1952 Regnum
458 1882 694 1937 concede
721 1881 940 1936 famulo.

246 1976 527 2033 Concedat
559 1987 645 2033 tua
678 1978 868 2048 pietas,

179 2065 314 2133 Quae
340 2068 583 2137 deposcit
607 2068 917 2123 humanitas
943 2069 1054 2134 “33,

179 2154 246 2211 Ut
277 2158 427 2226 quod
457 2159 707 2229 promisit
734 2160 972 2214 charitas
995 2199 1010 2223 ,

175 2244 522 2314 Assequatur
549 2248 879 2317 hereditas;

243 2336 423 2392 Maria
455 2339 605 2411 virgo
636 2341 902 2409 virginum
929 2357 943 2396 :

175 2424 596 2501 lledeinptionis
621 2432 821 2485 ostium
847 2470 862 2497 ,

171 2514 346 2570 Porta
379 2517 571 2573 salutis
598 2520 828 2588 integra,

170 2604 373 2679 Lapsis
398 2610 662 2665 cervicem
696 2612 891 2666 releva.

242 2698 470 2754 Potenti
502 2701 595 2733 “'9
628 2717 842 2757 manum
880 2706 1095 2775 porrige
1123 2748 1137 2772 ,

171 2786 397 2853 Quietis
425 2804 580 2859 opem
611 2790 820 2858 tribue,

169 2883 237 2937 Et
265 2899 375 2955 per
404 2892 552 2939 tuum
580 2885 838 2941 auxilium

167 2973 408 3029 Placare
440 2991 567 3031 cura
603 2976 788 3033 ﬁlium.

242 3064 459 3134 Regina
499 3066 622 3121 coeli
665 3068 774 3123 ﬁlia
812 3068 927 3135 “9°,

167 3154 358 3210 Mater
384 3154 479 3209 Dei
508 3157 809 3213 castissima
838 3201 851 3225 ,

170 3243 245 3299 Ut
276 3259 479 3299 manus
510 3256 729 3315 pnestet
751 3249 906 3315 Filii,

164 3337 339 3404 Quod
373 3353 559 3393 servus
590 3343 785 3409 poscit,
817 3346 1064 3401 subveni.

243 3430 338 3485 'l‘u
371 3430 597 3486 Michael
623 3434 950 3505 arehangele

164 3518 314 3575 lei
354 3521 605 3591 princeps
634 3524 859 3590 militiae,

162 3616 278 3671 Ora
317 3616 571 3672 draconis
600 3629 827 3675 concute
854 3662 868 3687 ,

160 3704 247 3763 Ne
285 3718 487 3764 noceat
517 3711 570 3765 in
605 3712 843 3768 vulnere.

241 3800 524 3870 lnterpres
562 3803 654 3858 Dei
686 3804 903 3861 Gabriel
926 3848 941 3875 ,

158 3892 235 3947 Et
279 3894 555 3950 medicina
594 3895 829 3968 Raphael
855 3940 871 3966 ,

157 3982 314 4036 Cum
360 3984 638 4041 cherubim
681 3997 736 4043 et
771 3991 1043 4061 serapliim
1068 4032 1086 4056 ,

154 4071 370 4128 Hostis
400 4084 592 4132 necate
629 4079 899 4136 Interesim.

234 4162 529 4220 Coelorum
556 4181 746 4224 omnes
775 4171 1025 4241 spiritus,

151 4254 387 4313 Novem
420 4256 576 4314 divisi
607 4261 862 4330 gradibus
879 4303 894 4330 ,

150 4343 265 4399 Dei
300 4356 608 4416 prmsentes
632 4350 870 4408 vultibus
895 4392 911 4419 ,

147 4434 312 4492 Meis
349 4435 521 4492 favete
545 4439 788 4496 vocibus.

232 4525 428 4583 Senes
457 4528 646 4601 viginti
673 4541 925 4601 quatuor,

143 4617 304 4673 Hec
338 4617 530 4673 oﬁ'erte
559 4635 678 4689 quae
704 4624 985 4693 deprecor.

141 4711 269 4779 Qui
312 4710 547 4766 citharis
577 4723 633 4768 et
667 4716 864 4782 phialis

140 4801 472 4859 Orationes
502 4802 743 4859 funditis.

224 4895 321 4952 Pa
333 4895 696 4949 triarcharum
732 4896 963 4967 dignitas
989 4937 1005 4961 .

135 4986 576 5056 Prophetarum
613 4986 945 5053 sublimitas,

132 5077 364 5137 Vestri
397 5080 537 5151 regis
568 5080 898 5147 praesentiae,

132 5168 363 5226 Verbo
392 5170 668 5238 precantis
699 5167 788 5201 ¹δ⁹⁸
817 5169 1028 5226 solvite.

219 5374 347 5409 ⁸⁸³⁷
387 5373 492 5429 Ms.
528 5373 683 5429 Corb.
716 5374 893 5429 adhuc
922 5392 1021 5430 ms.
1051 5375 1182 5431 Vict.
1233 5377 1300 5432 ad
1333 5392 1418 5432 me

1571 311 1989 369 ORATIONES.

1368 427 1603 483 Joannes
1631 426 1832 483 Christi
1864 426 2095 496 praevius
2123 466 2136 489 ,

1298 518 1536 589 Baptista
1573 520 1716 590 regis
1749 518 2011 588 inclytus,

1297 608 1546 676 Festina;
1575 627 1642 666 ne
1675 614 1970 669 tardaveris

1298 701 1499 757 Labem
1539 719 1727 759 secare
1760 706 2018 761 vulneris.

1370 792 1547 862 Quem.
1573 797 1763 852 matris
1794 797 2008 852 clausus
2036 807 2190 853 utero

1297 882 1441 940 Motu
1474 887 1659 955 prodis
1688 903 1949 958 corporeo
1968 930 1982 954 ,

1296 979 1465 1046 Quem
1493 981 1879 1036 demonstrasti
1908 982 2107 1053 digito,

1295 1070 1402 1126 Fac
1430 1072 1722 1126 subvenire
1752 1072 1971 1129 misero.

1363 1161 1614 1217 leestis
1646 1164 1796 1231 regni
1828 1163 2089 1235 claviger,

1298 1250 1680 1320 Apostolorum
1712 1254 1959 1324 signifer,

1292 1340 1451 1395 Petre
1477 1343 1684 1411 primus
1710 1343 1762 1397 in
1792 1345 2004 1410 ordine,

1293 1431 1662 1501 Fragilitatem
1693 1434 1895 1503 aspice.

1364 1522 1465 1578 Per
1498 1532 1547 1577 te
1574 1539 1726 1578 mens
1757 1533 1845 1578 tua
1876 1524 2075 1593 videat,

1292 1614 1429 1678 Quid
1459 1630 1577 1669 sors
1609 1615 1843 1671 humana
1874 1616 2083 1682 valeat;

1292 1706 1358 1760 Et
1386 1707 1509 1761 dum
1543 1709 1616 1761 tui
1651 1710 1985 1773 memineris,

1293 1799 1562 1856 Memento
1597 1817 1757 1857 casus
1787 1802 2045 1858 hominis.

1365 1891 1440 1946 Te
1468 1902 1725 1963 poscente
1756 1892 2123 1958 clementiam,

1299 1984 1567 2039 Extendat
1600 1986 1729 2040 mihi
1760 1986 2073 2051 dexteram,

1301 2076 1399 2143 Qui
1432 2088 1481 2132 te
1504 2078 1783 2147 suspendit
1814 2078 2032 2132 ﬂumine
2053 2118 2069 2144 ,

1301 2165 1433 2219 Dum
1470 2167 1564 2221 tibi
1591 2168 1726 2222 dixit
1752 2182 1766 2221 :
1800 2168 2029 2223 Modice.

1371 2256 1529 2313 Salve
1558 2268 1741 2315 reatus
1765 2259 2001 2325 vincula,

1297 2346 1378 2401 Ad
1410 2347 1513 2402 hoc
1537 2349 1660 2403 data
1688 2350 1949 2419 potentia,

1298 2438 1468 2503 Quem
1500 2434 1736 2493 Verbu'm
1768 2441 1859 2495 Dei
1894 2442 2161 2507 nominas,

1297 2528 1339 2581 A
1372 2542 1478 2596 quo
1504 2528 1719 2584 vocaris
1749 2527 1997 2596 Barjona.

1366 2618 1531 2674 Paule
1560 2631 1611 2674 ιιι
1641 2621 1829 2677 doctor
1856 2623 2122 2693 gentium,

1296 2706 1363 2761 Et
1386 2707 1585 2763 Christi
1618 2710 2007 2776 testimonium,

1299 2796 1432 2851 Dum
1466 2807 1632 2853 totmn
1664 2799 1923 2854 mundum
1955 2802 2239 2870 praedicas,

1296 2887 1462 2957 Opem
1493 2888 1742 2943 conferre
1771 2890 2010 2958 studeas,

1364 2976 1601 3033 Joannes
1638 2976 1732 3034 Dei
1765 2980 1957 3050 gratia,

1296 3068 1520 3123 Subtilis
1558 3069 1706 3125 velut
1742 3071 1916 3140 aquila
1933 3112 1949 3136 ,

1296 3161 1414 3231 Ipso
1455 3176 1540 3217 me
1572 3161 1719 3218 fonte
1755 3165 1912 3230 satia,

1294 3250 1460 3323 Cujus
1488 3257 1685 3321 potasti
1709 3253 1949 3315 ﬁumina.

1366 3343 1466 3410 Qui
1499 3343 1591 3398 tibi
1623 3354 1848 3399 matrem
1879 3346 2070 3409 sariat,

1297 3431 1362 3487 Et
1393 3433 1514 3489 σιηιί
1544 3435 1725 3493 clausa
1757 3445 1997 3501 reserat,

1296 3525 1427 3581 Mem
1453 3537 1641 3597 parcat
1668 3528 1931 3594 miserim,

1298 3613 1396 3668 Tui
1427 3612 1682 3684 precatus
1712 3629 1935 3671 munere
1950 3654 1967 3680 ,

1364 3706 1743 3777 Apostolorum
1775 3707 1982 3774 caeteri,

1292 3795 1648 3868 Evangelistaa
1675 3797 1765 3852 alii
1790 3837 1806 3863 ,

1294 3885 1687 3959 Discipulorum
1715 3887 1930 3958 agmina
1948 3927 1963 3955 ,

1293 3976 1420 4033 Haec
1444 3976 1633 4046 juvate
1670 3980 2005 4050 precamina.

1364 4067 1493 4135 Vos,
1529 4070 1843 4125 innocentes
1872 4068 2049 4139 pueri.

1292 4160 1393 4226 Qui
1432 4176 1530 4230 pro
1555 4159 1772 4216 Christo
1807 4159 2157 4225 truncamini,

1298 4249 1485 4306 Vestra
1516 4252 1641 4306 date
1669 4251 1908 4306 subsidia
1928 4291 1943 4317 ,

1293 4345 1392 4415 Qui
1422 4345 1668 4400 clamatis
1702 4362 1714 4397 :
1749 4343 1863 4399 Nos
1897 4344 2125 4399 vindica.

1364 4438 1431 4493 Et
1464 4444 1833 4509 protomartyr
1863 4435 2167 4507 Stephane,

1295 4530 1370 4585 Tu
1399 4531 1605 4601 primus
1635 4530 1687 4584 in
1716 4530 2014 4586 certamine
2037 4570 2052 4598 ,

1294 4623 1478 4677 Haeres
1505 4622 1702 4677 sacrati
1734 4618 1996 4689 nominis,

1292 4716 1492 4770 Adesto
1520 4714 1821 4769 desideriis.
1896 4741 1901 4746 -

1363 4805 1537 4874 Caput
1571 4806 1753 4859 nudas
1767 4804 2031 4874 lapidibus
2048 4847 2062 4873 ,

1293 4893 1425 4949 Coeli
1459 4902 1605 4964 patet
1635 4894 1885 4949 introitus
1899 4934 1915 4961 ,

1291 4984 1475 5040 Jesum
1503 4992 1733 5039 stantem
1762 4984 2108 5051 consideras,

1293 5077 1530 5132 Securus
1556 5076 1737 5129 hostes
1764 5075 1983 5131 toleras.

1361 5168 1540 5227 Orasti
1569 5169 1720 5222 ﬂexis
1749 5168 1977 5235 genibus

1454 5280 1687 5337 VARUE
1728 5278 2130 5334 LECTIONES.

3350 313 3460 373 934

2412 422 2516 476 Pro
2548 422 2781 477 inimicis
2811 437 3044 478 cernuus
3059 464 3073 488 ,
3552 407 3559 417 ’

2409 513 2515 569 Pro
2545 515 2865 584 supplicanti
2895 516 3111 570 servulo

2409 607 2686 663 lntercede
2699 649 2713 673 ,
2750 617 2801 662 te
2831 608 3041 677 postulo

2478 697 2556 752 Tu
2575 736 2590 764 ,
2625 707 2833 770 martyr
2860 698 3213 754 invictissime
3232 738 3249 765 ,

2406 880 2533 935 Pius
2563 881 2752 938 adesto
2782 884 2982 938 famulo
3014 885 3105 917 Μ’

2408 969 2483 1024 Te
2513 971 2825 1041 deprecanti
2864 976 3068 1029 scdulo.

2477 1063 2577 1129 Qui
2606 1066 2799 1121 sitiens
2826 1068 3167 1138 martyrium,

2406 1154 2572 1211 Prece
2599 1157 2812 1213 siceasti
2841 1160 3109 1226 ﬂt|\‘itltll,_l

2407 1245 2589 1315 Regna
2623 1260 2809 1316 petens
2838 1250 3074 1305 caelestia
3094 1294 3108 1317 _,

2406 1334 2631 1404 Capitali
2660 1340 2949 1393 sententia.

2484 1426 2725 1481 Dissolve
2754 1444 2922 1483 nexus
2954 1430 3238 1483 criminum
3262 1470 3276 1491 ,

2407 1514 2510 1568 Per
2531 1514 2712 1569 Iesum
2744 1515 3013 1571 Christum
3045 1519 3355 1585 Dominum,

2408 1606 2477 1661 Ut
2506 1616 2681 1662 tecum
2709 1608 2761 1663 in
2795 1609 3110 1666 cmlestihus

2407 1700 2731 1756 Sanctorum
2765 1705 2960 1777 jungar
2987 1706 3234 1760 ctetibns.

2485 1790 2757 1857 Vincenti,
2793 1803 2997 1864 martyr
3022 1794 3247 1864 inclyte,

2406 1878 2684 1936 Carbones
2715 1897 2946 1938 vernans
2973 1886 3235 1953 sanguine
3254 1925 3268 1949 ,

2411 1971 2615 2027 Caelum
2652 1983 2838 2029 tenens
2868 1975 2920 2028 in
2948 1990 3172 2029 munere
3192 2015 3207 2039 ,

2411 2064 2516 2119 Pro
2546 2081 2630 2120 me
2656 2067 2862 2135 precari
2890 2076 3096 2137 satage.

2476 2154 2734 2212 Laurenti
2764 2199 2777 2222 ,
2816 2156 2967 2211 miles
2998 2155 3274 2225 pertinax,

2411 2246 2466 2300 In
2503 2247 2607 2301 ﬁde
2629 2248 2713 2316 pie
2740 2257 3025 2302 contumax
3049 2286 3064 2312 ,

2407 2340 2503 2392 (lui
2535 2340 2585 2393 in
2624 2340 2746 2408 igne
2776 2337 3004 2403 militas,

2406 2430 2577 2484 Orare
2603 2445 2700 2497 pro
2728 2442 2813 2482 me
2840 2429 3077 2482 studeas.

2476 2510 2805 2571 Cunctorum
2834 2526 3006 2571 coctus
3047 2527 3339 2587 martyrum
3363 2557 3377 2579 ,

2406 2606 2603 2662 Curam
2648 2616 2965 2676 spernentes
2997 2606 3087 2636 “9’
3126 2621 3447 2676 corpormn,

2406 2697 2503 2752 Cui
2536 2696 2754 2751 funditis
2782 2695 3095 2766 sanguinem
3122 2736 3137 2760 ,

2406 2790 2559 2844 llunc
2590 2789 2827 2844 reddatis
2857 2770 3197 2858 placabilem.

2476 2881 2751 2952 Sylvester
2779 2878 3107 2934 admirabilis
3123 2919 3138 2945 ,

2402 2971 2753 3028 Confessione
2780 2971 2974 3025 nobilis
2991 3011 3006 3034 ,

2404 3062 2576 3133 Caput
2604 3062 2781 3125 factus
2810 3061 3064 3117 Ecclesia:
3088 3101 3103 3126 ,

2404 3152 2715 3208 Orationem
2750 3152 3041 3221 respicere.

2475 3241 2530 3293 In
2561 3243 2685 3295 sede
2714 3239 2855 3294 Petri
2887 3242 3095 3309 positus
3119 3278 3135 3302 ,

2405 3334 2532 3403 Ejus
2561 3334 2776 3402 quidem
2806 3334 3036 3386 vicarius
3061 3372 3076 3396 ,

2402 3424 2573 3492 Ipsius
2600 3437 2822 3477 consors
2850 3421 3065 3493 glorize,

2401 3513 2532 3569 (ΣαξΙί
2564 3512 2801 3584 gaudens
2829 3514 2881 3567 in
2909 3510 3165 3567 culmine.

2477 3605 2620 3661 Meos
2646 3603 2861 3660 intende
2890 3604 3151 3675 gemitus,

2405 3698 2536 3752 Tuis
2562 3696 2799 3767 juvando
2826 3696 3073 3767 precibus
3100 3735 3115 3759 ,

2404 3788 2504 3855 Qui
2538 3788 2793 3842 talentum
2828 3786 3151 3856 multiplicas
3174 3825 3193 3852 ,

2408 3877 2475 3932 Ut
2503 3886 2594 3931 tuo
2628 3876 2738 3946 regi
2769 3876 3003 3946 placeas.

2473 3967 2722 4038 Gregori,
2762 3968 2953 4035 prmsul
2982 3965 3209 4035 optime,

2404 4056 2592 4112 Totius
2617 4056 2714 4111 ﬁos
2743 4056 2999 4111 Ecclesiae
3021 4094 3036 4119 ,

2407 4147 2606 4201 Domus
2637 4145 2730 4199 Dei
2763 4143 3144 4199 candelabrmn
3172 4181 3188 4204 ,

2406 4229 2476 4293 Ut
2503 4246 2690 4306 parcat
2720 4249 2849 4305 roga
2881 4232 3187 4290 Dominum.

2476 4330 2707 4385 Martine
2733 4328 2884 4384 sidus
2910 4325 3128 4389 Gallia},

2407 4424 2676 4479 Virtutum
2702 4421 2919 4475 fervens
2941 4432 3196 4486 munere,

2406 4516 2577 4583 Quem
2616 4513 2780 4584 regis.
2823 4549 2838 4565 .
2884 4551 2898 4565 .
2942 4550 2958 4566 .
3002 4547 3018 4564 .

2405 4604 2512 4660 Fac
2544 4603 2635 4635 ”“
2663 4613 2718 4657 ut
2744 4610 3022 4657 succurrat
3057 4600 3337 4655 Dominus.

2477 4696 2826 4751 Sacerdotum
2852 4692 3146 4758 confessio,

2405 4788 2789 4844 Cunfessorum
2816 4791 2989 4845 oratio
3008 4827 3024 4852 ,

2407 4890 2613 4946 Summi
2643 4890 2781 4959 regis
2805 4883 3116 4953 conspectui

2406 4980 2606 5037 Otl‘erte
2637 4991 2823 5048 preces
2849 4972 3033 5028 famuli
3060 4972 3173 5026 Μ’.

2481 5073 2616 5128 Vere
2646 5068 2772 5124 felix
2802 5065 3057 5121 Felicitas
3073 5104 3089 5128 ,

2407 5164 2535 5231 Quae
2566 5160 2738 5231 prima
2770 5156 2912 5212 inter
2938 5156 3071 5209 alias
3092 5194 3105 5216 ,

1533 5375 1626 5406 “3°
1655 5372 1759 5426 Ms.
1805 5369 1961 5425 Corb.
1992 5371 2296 5426 humanitas
2328 5385 2426 5421 ma.
2467 5366 2600 5422 Vict.
2625 5367 2911 5422 humilitas.
3009 5365 3102 5397 “9’
3141 5362 3443 5419 MuCorb.

118 5444 397 5503 Potenti
428 5461 526 5498 ms.
573 5444 705 5498 Vict.
751 5446 949 5511 petenti
1029 5446 1118 5478 “9°
1166 5448 1270 5500 Ms.
1309 5447 1463 5500 Corb.
1494 5444 1630 5498 Filia
1668 5459 1766 5495 ms.
1817 5440 1953 5494 Vict.
2009 5442 2232 5495 Domina
2310 5440 2396 5511 ¹ξ¹’¹
2428 5438 2534 5492 Ms.
2582 5438 2740 5492 Corb.
2773 5435 2949 5511 verbo
3000 5437 3279 5506 peccantis
3306 5451 3439 5511 gms.

130 5515 317 5572 Vict.
349 5515 513 5567 verba
545 5505 824 5584 peccantis
899 5515 991 5546 ³⁸³³
1024 5516 1126 5571 Ms.
1151 5516 1305 5570 Corb.
1337 5516 1416 5569 Tn
1466 5525 1671 5584 martyr
1707 5511 2084 5584 invictissime,
2113 5513 2232 5584 pius
2277 5509 2468 5563 adesse
2519 5519 2617 5562 etc.
2653 5525 2749 5584 ηιξ,
2809 5505 2945 5561 Vict.
2974 5515 3029 5560 tu
3072 5516 3279 5584 martyr
3310 5505 3445 5559 invi:

118 5584 448 5648 ctissime,
479 5584 687 5656 Albane
718 5587 801 5656 vir
824 5655 828 5656 ν
851 5585 1161 5656 mitissime,
1194 5587 1315 5656 pius
1350 5586 1554 5656 adesto
1580 5594 1679 5656 etc.

1756 5581 1850 5613 “9’
1877 5580 1977 5633 Ms.
2032 5576 2191 5633 Corb.’
2221 5589 2509 5637 cernentes
2534 5595 2633 5632 ms.
2678 5576 2812 5632 Vict.
2839 5587 3139 5645 supuentes
3162 5576 3275 5645 #Icg.
3326 5590 3443 5629 ser-

112 5643 379 5730 pel-nes
436 5643 543 5687 'm.
569 5653 673 5709 Ms.
708 5654 862 5709 Corb.
898 5654 1057 5726 Regis
1092 5643 1301 5713 fac-ms.
1349 5654 1484 5710 Vict.
1517 5654 1657 5723 regis
1707 5652 2127 5706 calllCClllllClltlS
2153 5652 2234 5704 fac
2310 5648 2400 5680 “9"
2442 5649 2542 5704 Ms.
2579 5648 2738 5702 (ἐστι).
2782 5643 2990 5702 ιτωηιιιι
3019 5663 3119 5702 ms.
3160 5643 3296 5701 Vict.
3326 5662 3444 5700 ser-

123 5725 270 5780 i'ult
