4048 6288
619 387 730 443 93ἒῖ

621 501 706 556 Ob
737 497 1022 556 eharitatis
1049 495 1321 558 meritum,

624 591 739 647 lloc
766 599 917 645 tenes
945 585 1307 657 privilegium.

1368 764 1592 837 [spicis,,

621 865 860 918 Terrena
891 868 1083 916 cuncta
1110 857 1364 929 despicis,

618 955 773 1023 Apud
800 955 971 1024 ipsum
1003 967 1103 1006 nos
1129 951 1320 1019 adjuva
1339 987 1354 1013 ,

616 1044 675 1100 lu
707 1044 860 1112 cujus
886 1043 1088 1114 gaudes
1120 1041 1211 1074 ³⁸⁸⁸
1242 1040 1433 1111 gloria.

704 1137 748 1192 Ο
776 1137 942 1190 Maria
970 1133 1278 1206 Magdalene
1291 1171 1308 1198 ,

617 1227 845 1283 Festina
873 1241 1028 1295 Opem
1059 1225 1274 1278 tradere
1287 1262 1304 1288 ,

618 1318 718 1371 Cui
746 1317 976 1386 prinmm
1005 1330 1063 1370 se
1089 1312 1284 1368 obtulit

617 1410 888 1473 Christus,
921 1425 1042 1466 cum
1070 1418 1299 1464 mortem
1329 1407 1532 1462 interit.

689 1500 947 1555 Columba
978 1499 1200 1570 simplex
1235 1497 1447 1562 animo,

621 1593 811 1648 Oranti
835 1591 1004 1653 adsis,
1031 1589 1280 1654 obsecro,

616 1685 748 1752 Quae
774 1697 972 1738 corona
1001 1679 1248 1751 Hartyrii

615 1776 934 1844 Amplexum
958 1773 1097 1842 petis
1125 1771 1363 1826 Domini.

687 1865 890 1928 Omnes
917 1872 1146 1918 sacratae
1170 1861 1428 1932 virgines,

615 1955 878 2016 Ferentes
896 1969 1093 2024 sponso
1118 1953 1413 2021 lampades,

617 2044 779 2100 Vasis
807 2055 1053 2100 tenentes
1079 2043 1258 2105 oleum
1282 2082 1298 2107 ,

619 2135 794 2191 Meum
819 2137 1072 2205 q-uteratis
1097 2135 1460 2190 commodum.

691 2228 890 2284 Sancta
923 2235 1230 2288 sanctorum
1260 2227 1481 2289 concio,

1079 2371 1082 2375 -
1127 2339 1380 2396 ORATIO
1420 2339 1532 2395 ΧΗ
1575 2337 1684 2392 ηδε.

1079 2457 1092 2460 “
1130 2465 1196 2503 AD
1231 2464 1437 2504 ceuceu
1479 2462 1684 2502 DOMINI.

688 2565 886 2621 Sancta
929 2580 1062 2620 crux
1095 2564 1215 2631 Μ’,
1257 2579 1354 2635 per
1387 2580 1550 2634 quam
1588 2562 1742 2619 nobis
1776 2562 1841 2616 ad
1881 2559 2196 2615 memoriam

615 2673 748 2712 crux
801 2654 888 2710 illa
934 2654 1229 2722 reducitur,
1273 2655 1326 2709 in
1367 2669 1472 2724 qua
1513 2652 1771 2710 Dominus
1816 2659 2003 2706 noster
2041 2649 2224 2704 Jesus-

616 2748 865 2805 Christus
901 2763 998 2810 nos
1039 2762 1134 2818 per
1169 2755 1398 2802 mortem
1440 2761 1593 2802 suam
1631 2761 1662 2800 a
1697 2752 1870 2801 morte
1903 2751 2104 2799 {eterna
2140 2741 2194 2795 in

616 2855 778 2909 quam
817 2853 1006 2894 omnes
1037 2838 1128 2873 ¹⁵⁰⁰
1161 2838 1356 2893 misere
1383 2836 1762 2901 tendebamus,
1806 2835 1872 2890 ad
1902 2835 2069 2889 vitam
2103 2833 2194 2864 ¹⁸⁰¹

616 2938 876 2984 :eteruam
907 2929 997 2963 ¹⁸⁰²
1022 2943 1183 2998 quam
1210 2927 1483 2998 peccando
1509 2927 1933 2996 perdideramus,
1967 2925 2200 2980 resusci-

619 3018 791 3083 tavit;
826 3019 1012 3083 adoro,
1045 3032 1274 3072 veneror
1297 3026 1350 3072 et
1376 3017 1615 3088 glurilico
1643 3017 1694 3071 in
1729 3027 1781 3073 te
1808 3032 2024 3072 crucem
2049 3016 2194 3070 illam

619 3124 784 3179 quam
819 3108 971 3162 nobis
1002 3117 1378 3178 reprmsentas,
1408 3117 1462 3162 et
1490 3108 1542 3162 in
1575 3107 1663 3162 illa
1693 3108 1940 3162 eumdem
1971 3108 2198 3162 misera-

619 3208 791 3254 torem
821 3197 1105 3252 Dominum
1146 3209 1420 3263 nostrum,
1452 3207 1506 3254 et
1538 3214 1657 3270 quae
1687 3213 1783 3269 per
1808 3198 1951 3253 illam
1986 3199 2198 3254 miseri—

615 3287 855 3342 corditer
887 3297 1142 3357 operatus
1183 3298 1286 3344 est.
1327 3289 1371 3344 Ο
1410 3304 1539 3345 crux
1586 3277 1834 3346 amabilis
1874 3290 1928 3344 in
1972 3305 2077 3360 qua
2115 3300 2198 3345 est

615 3377 798 3444 Salus,
838 3379 944 3432 vita
974 3387 1026 3432 et
1070 3379 1394 3435 resurrectio
1424 3381 1634 3435 nostra!
1677 3380 1721 3437 Ο
1751 3380 1954 3450 lignum
1993 3381 2195 3450 pretio-

616 3484 770 3535 sum,
806 3484 902 3538 per
929 3471 1072 3540 quod
1107 3471 1297 3526 salvati
1323 3480 1378 3528 et
1421 3472 1628 3528 liberati
1670 3473 1886 3528 sumus!
1915 3487 1949 3527 ο
1986 3472 2195 3539 signum

615 3561 1007 3628 venerandum,
1051 3578 1148 3631 per
1180 3563 1322 3632 quod
1357 3565 1465 3618 Deo
1501 3565 1699 3635 signati
1729 3566 1941 3620 sumus!
1984 3563 2028 3620 Ο
2062 3580 2195 3620 crux

614 3651 873 3722 gloriosa,
902 3652 955 3706 in
986 3669 1090 3722 qua
1123 3654 1232 3708 sola
1261 3654 1475 3726 gloriari
1509 3670 1604 3709 nos
1632 3656 1869 3723 oportet!
2110 3660 2111 3663 “

688 3743 806 3798 Non
851 3743 994 3800 enim
1039 3760 1099 3799 es
1139 3743 1230 3774 ¹⁵⁰³
1273 3745 1613 3815 suscipienda
1662 3744 1957 3800 secundum
1995 3744 2192 3800 crude-

614 3836 770 3901 lium,
796 3835 887 3905 qui
929 3844 981 3891 te
1009 3837 1292 3893 mitissimo
1319 3838 1411 3874 ¹⁸⁰δ
1437 3845 1786 3910 paraverunt,
1818 3838 2197 3909 insipientissi-

615 3941 760 3981 mam
793 3925 1159 3996 impietatem;
1196 3927 1291 3983 sed
1327 3930 1621 3984 secundum
1652 3927 1768 3998 ejus
1801 3929 1890 4000 qui
1921 3939 1974 3986 te
2006 3928 2196 4000 sponte

610 4019 853 4089 suscepit
886 4019 1343 4090 sapientissimam
1382 4021 1656 4092 pietatem.
1688 4019 1824 4076 Nam
1854 4020 1929 4077 illi
1959 4037 2064 4077 non
2094 4037 2194 4093 po-

613 4116 836 4164 tuerunt
872 4109 1095 4181 aliquid,
1129 4111 1232 4166 nisi
1268 4111 1360 4166 illo
1386 4112 1659 4182 sapienter
1685 4112 2064 4182 permittente;
2095 4127 2194 4169 nec

614 4199 733 4268 ipse
760 4200 1052 4269 quidquam
1080 4202 1366 4268 sustinuit,
1398 4203 1501 4258 nisi
1541 4218 1602 4259 se
1642 4203 2063 4258 misericorditer
2098 4219 2189 4257 vo-

613 4289 778 4345 lente.
818 4289 894 4344 llli
928 4301 980 4347 te
1013 4291 1331 4362 elegerunt,
1377 4301 1435 4347 ut
1475 4309 1571 4363 per
1609 4303 1659 4348 Ie
1687 4295 1862 4350 scelus
1899 4291 2192 4365 impietatis

617 4395 729 4435 suae
752 4392 1152 4452 perpetrarent;
1179 4385 1270 4440 ille
1297 4394 1346 4442 te
1374 4385 1555 4456 elegit,
1585 4398 1646 4442 ut
1667 4403 1765 4458 per
1789 4398 1841 4444 te
1861 4403 1995 4460 opus
2021 4390 2194 4460 pieta-

618 4473 689 4528 tis
721 4487 833 4527 suze
862 4485 1282 4531 consummaret.
1321 4477 1434 4544 llli,
1467 4487 1526 4533 ut
1565 4494 1663 4549 per
1701 4489 1754 4536 te
1788 4478 1994 4548 justum
2031 4483 2192 4538 morti

613 4560 922 4628 traderent;
954 4563 1065 4629 ille,
1091 4572 1151 4618 ut
1172 4579 1268 4635 per
1294 4574 1345 4622 te
1373 4577 1683 4638 peccatores
1705 4585 1735 4625 a
1757 4579 1930 4628 morte
1957 4582 2192 4628 erueret.

611 4651 716 4720 Illi,
755 4662 814 4707 ut
850 4653 1014 4708 vitam
1040 4655 1445 4725 iuterlicerent;
1478 4660 1588 4726 ille,
1618 4672 1677 4718 ut
1703 4672 1930 4720 mortem
1959 4666 2190 4737 perime-

610 4751 720 4800 ret.
751 4743 852 4810 Illi,
881 4754 940 4800 ut
967 4743 1301 4802 Salvatorem
1335 4749 1688 4818 damnarent;
1723 4752 1844 4820 ille,
1881 4764 1940 4810 ut
1969 4757 2192 4812 damna-

609 4844 702 4891 tos
729 4835 986 4893 salvaret.
1015 4836 1118 4904 illi,
1149 4847 1212 4893 ut
1236 4838 1600 4897 viviﬁcantem
1635 4844 2051 4912 mortiﬁcarent;
2080 4848 2187 4912 ille,

1011 383 1070 439 S.
1101 379 1397 460 ANSELMI
1437 376 1787 436 CANTUAR.
1831 371 2150 430 ARClllEP.
2187 370 2340 428 OPP.
2368 368 2547 426 PARS
2574 369 2637 423 ll.
2667 368 3125 426 ~PARzENE't'.
3167 370 3256 426 ET
3285 367 3532 426 ASCET.
3770 369 3860 431 €53

1744 488 1858 543 Una
1891 487 2106 557 quidem
2137 477 2476 547 communio,

1736 578 1859 632 Mihi
1893 578 2112 647 quidem
2149 577 2242 606 “'7
2274 573 2604 638 succurrite,

620 680 786 754 274
824 651 960 736 cu...
999 651 1274 732 Christum
1320 682 1501 730 mente
1541 687 1666 732 ron-
1738 669 1805 722 Et
1844 667 2120 722 Christum
2152 651 2490 720 intercedite.

1804 761 1932 816 Esto
1949 800 1966 824 ,
1994 758 2231 817 Christe.
2259 753 2527 825 propitius
2543 791 2559 817 ,

1733 854 1884 920 Quos
1912 850 2076 906 fundo
2104 849 2224 903 vide
2250 846 2488 918 gemitus
2516 883 2532 908 ,

1735 953 1801 1007 Et
1827 963 1985 1019 quem
2016 944 2224 1003 creasti.
2250 942 2471 997 dextera
2491 980 2507 1006 ,

1729 1042 1812 1096 Ab
1835 1039 1983 1094 omni
2015 1035 2156 1092 malo
2184 1035 2352 1088 libera

1767 1129 1900 1196 -Qui
1932 1127 2103 1190 nasci,
2132 1123 2290 1185 mori,
2322 1134 2569 1190 surgere,

1730 1220 1786 1275 ln
1817 1218 2012 1274 ccelum
2038 1215 2122 1271 vis
2147 1213 2462 1278 ascendere,

1729 1313 1794 1368 Et
1819 1320 2065 1367 sanctum
2094 1307 2264 1362 mittis
2291 1304 2554 1375 Spiritum
2572 1345 2588 1370 ,

1727 1405 1810 1459 Me
1838 1403 2034 1459 munda
2061 1400 2221 1455 sorde
2247 1397 2560 1453 criminum.

1798 1495 1968 1550 Iudex
1997 1491 2147 1548 orbis
2172 1503 2296 1544 cum
2321 1485 2536 1540 veneris
2554 1524 2571 1548 ,

1729 1585 2029 1642 Mercedem
2057 1584 2191 1650 dare
2219 1577 2460 1642 famulis,

1731 1677 1864 1732 Cum
1891 1674 2082 1730 ovibus
2114 1672 2167 1725 iu
2194 1670 2450 1732 dextera,

1730 1768 1843 1823 Non
1872 1781 1993 1822 cum
2027 1763 2193 1817 haedis
2220 1773 2305 1813 me
2332 1757 2555 1812 colloca.

1798 1860 1934 1913 Para
1960 1869 2153 1926 panem
2182 1849 2455 1913 Ecclesiae,

1726 1948 1982 2016 Regendo
2010 1959 2129 2000 eam
2157 1948 2376 2012 protege
2394 1977 2410 2001 ,

1729 2040 1859 2107 Qum
1885 2038 2009 2090 dum
2041 2031 2230 2105 partim
2266 2027 2546 2091 dividitur,

1733 2134 1788 2187 lu
1823 2131 1930 2184 line
1955 2126 2180 2198 simplex
2209 2122 2468 2178 creditur.

1810 2224 2065 2277 llornanze
2093 2216 2236 2274 sedis
2267 2213 2542 2268 dominum
2565 2250 2582 2276 ,

2226 2331 2269 2386 A
2300 2323 2388 2380 ille
2418 2324 2694 2394 sapienter
2721 2327 2776 2375 et
2804 2314 3254 2384 misericorditer.
3288 2313 3404 2368 Non
3428 2326 3562 2382 ergo
3590 2326 3672 2377 es,
3696 2325 3862 2367 ocrux

2217 2478 2222 2482 ἡ
2302 2411 2798 2482 ¹⁶⁰⁸ίίιὼηίτ³ὺίιίῂ
2835 2407 3148 2463 mstimanda
3192 2405 3486 2475 secundum
3528 2403 3861 2458 intentionem

2853 483 3074 554 Sibique
3100 498 3317 554 gregem
3348 483 3622 536 subditum
3641 520 3656 547 ,

2851 574 2998 640 Quos
3029 573 3304 628 redemisti
3330 571 3623 641 sanguine,

2850 663 3095 731 Digneris
3119 678 3334 731 semper
3365 677 3576 733 regere.

2919 755 3080 808 Istius
3109 754 3210 808 loci
3239 753 3522 823 praesulem
3540 780 3560 819 ,

2847 842 2902 896 lu
2937 851 3024 896 tua
3056 842 3158 897 ﬁde
3185 841 3434 897 stabilem
3453 881 3468 904 ,

2847 933 2963 987 Tuo
2993 947 3253 987 conserva
3287 931 3514 1002 populo,

2848 1022 3108 1077 Munitum
3141 1021 3323 1076 crucis
3354 1019 3566 1089 clypeo.

2914 1109 3212 1164 Animabus
3243 1107 3482 1162 ﬁdelium

2845 1200 2956 1254 Ista
2985 1199 3108 1254 luce
3136 1198 3478 1262 carentium,

2845 1292 2924 1347 Ad
2952 1281 3166 1345 laudem
3197 1281 3275 1344 tui
3307 1295 3610 1359 perpetem,

2843 1384 3126 1439 Eternam
3162 1397 3298 1452 para
3332 1379 3600 1450 requiem.

2856 1529 2862 1534 _
2910 1475 3064 1545 Agne
3091 1473 3184 1528 Dei
3216 1471 3535 1534 mitissime,

2841 1567 2942 1635 Qui
2972 1566 3231 1622 mundum
3261 1578 3458 1636 purgas
3485 1560 3743 1626 crimine,

2839 1661 3066 1724 Exaudi,
3096 1675 3279 1729 parce,
3314 1657 3508 1727 adjuva
3527 1695 3545 1722 ,

2839 1752 3098 1807 Miserere
3120 1759 3176 1806 et
3199 1745 3390 1806 libera.

2909 1844 3150 1907 Christe,
3186 1843 3294 1908 via,
3327 1841 3445 1906 lux,
3478 1841 3712 1907 veritas,

2838 1933 2931 1989 Dei
2964 1921 3220 2002 splendor
3247 1940 3302 1985 et
3332 1929 3572 1984 Charitas

2849 2026 3010 2079 Soter
3038 2021 3196 2078 simul
3225 2030 3281 2076 et
3303 2020 3527 2084 Ottsion,

2850 2115 3023 2184 Alpha
3053 2121 3108 2168 et
3136 2127 3357 2182 omega,
3387 2109 3635 2180 eleyson.
3693 2105 3861 2161 Anien.

2299 2504 2537 2560 crudelis
2567 2499 2921 2573 insipientia},
2950 2498 3046 2554 sed
3074 2497 3375 2571 secundum
3399 2494 3649 2550 etfectum
3680 2495 3865 2548 miseri-

2300 2594 2485 2650 cordis
2526 2591 2827 2662 sapientia.

2372 2683 2654 2750 Quomodo
2681 2682 2844 2750 igitur
2873 2689 2925 2734 te
2965 2679 3058 2711 ¹⁸⁰⁶
3093 2675 3367 2734 laudabo?
3397 2674 3642 2744 Qualiter
3667 2683 3717 2729 te
3739 2672 3864 2728 exalo

2300 2776 2466 2831 tabo?
2505 2774 2622 2842 Quo
2651 2771 2841 2828 aﬂ‘eetu
2886 2780 2936 2827 te
2979 2770 3192 2826 orabo?
3230 2768 3347 2836 Qua
3370 2767 3709 2836 iucunditate
3742 2766 3788 2819 in
3824 2774 3868 2818 te

2302 2867 2620 2936 gloriabor?
2645 2865 2749 2919 Per
2780 2873 2832 2919 te
2857 2861 3100 2918 infernus
3128 2860 3411 2930 spoliatur,
3438 2867 3494 2915 et
3518 2858 3765 2914 omnibus
3785 2870 3868 2926 per

2301 2966 2354 3012 te
2391 2955 2685 3027 redemptis
2724 2955 3030 3010 obturatur.
3067 2951 3172 3006 Per
3205 2959 3256 3006 te
3290 2951 3566 3022 daemones
3597 2957 3868 3009 terrentur,

2302 3048 2756 3117 comprimuntur,
2801 3046 3093 3101 vincuntur
3133 3052 3188 3100 et
3233 3027 3646 3098 conculcantur.
3689 3039 3785 3094 Per
3823 3049 3868 3090 te

2299 3140 2531 3194 mundus
2567 3147 2879 3204 renovatur,
2929 3145 3092 3205 atque
3117 3134 3343 3190 veritate
3371 3133 3426 3189 in
3472 3147 3539 3188 eo
3588 3132 3788 3186 lucente
3821 3137 3870 3182 et

2289 3229 2500 3298 iustitia
2543 3238 2805 3300 regnante
2841 3229 3153 3282 decoratur.
3184 3224 3293 3282 Per
3335 3234 3387 3280 te
3416 3225 3654 3278 humana
3696 3230 3868 3277 natura

2297 3319 2571 3389 peccatrix
2609 3327 2694 3373 est
2729 3317 3024 3388 justiﬁcata
3048 3357 3064 3382 ,
3107 3316 3360 3372 danmata
3403 3313 3651 3378 salvata,
3696 3309 3868 3366 ancilla

2299 3410 2503 3482 peccati
2546 3418 2600 3465 et
2632 3408 2824 3463 tartari
2857 3408 3085 3463 liberata
3108 3447 3124 3473 ,
3154 3415 3363 3461 mortua
3412 3403 3754 3460 resuscitata.
3778 3399 3868 3454 Per

2301 3510 2352 3555 te
2379 3499 2573 3555 civitas
2593 3498 2682 3552 illa
2707 3497 2864 3552 beata
2890 3497 2943 3551 in
2968 3497 3122 3553 ccelis
3146 3503 3486 3552 restauratur
3509 3502 3566 3548 et
3587 3491 3863 3563 perﬁcitur.

2297 3591 2399 3646 Per
2429 3599 2478 3645 te
2508 3589 2649 3644 Deus
2677 3589 2769 3642 Dei
2798 3587 2970 3643 Filius
2996 3602 3093 3658 pro
3120 3587 3276 3642 nobis
3307 3585 3475 3640 voluit
3501 3584 3867 3638 obediensesso

2225 3700 2268 3758 η
2298 3684 2444 3738 Patri
2480 3699 2641 3753 usque
2669 3681 2740 3735 ad
2765 3691 3004 3753 _mortem
3047 3679 3303 3752 (Philipp.
3341 3695 3404 3742 ll,
3444 3679 3501 3746 8,
3548 3675 3637 3746 9);
3669 3682 3868 3745 propter

2267 3775 2444 3846 ,ψιοό
2477 3772 2743 3829 exaltatus
2765 3771 2990 3842 accepit
3026 3785 3232 3833 nomen,
3274 3768 3412 3839 quod
3447 3777 3522 3821 est
3555 3781 3710 3836 super
3733 3775 3870 3817 me

2299 3881 2506 3920 nomen.
2545 3865 2645 3920 Per
2677 3872 2730 3920 te
2768 3863 2972 3934 paravit
2999 3853 3245 3917 thronum
3278 3876 3432 3916 suum
3461 3858 3637 3930 (Psal.
3685 3872 3755 3920 Is,
3797 3853 3867 3922 8),

2300 3962 2355 4008 ct
2382 3951 2706 4008 instauravit
2731 3967 2955 4020 regnum
2988 3966 3165 4005 suum.

2371 4040 2416 4097 O
2445 4057 2575 4095 crux
2594 4081 2609 4106 ,
2637 4055 2756 4109 quae
2787 4041 2854 4093 ad
2886 4048 2992 4092 tam
3024 4037 3351 4093 inell’abililia
3377 4035 3517 4092 bona
3547 4051 3612 4092 es
3638 4034 3799 4092 electa
3825 4039 3874 4087 et

2302 4138 2634 4201 μωρίη-διε,
2665 4130 2889 4185 laudant
2927 4138 2983 4183 et
3017 4121 3341 4196 exaltau’tje
3368 4142 3474 4183 non
3508 4135 3619 4181 tam
3650 4127 3874 4182 humana

2298 4221 2412 4276 sive
2444 4221 2683 4290 angelica
2714 4235 2867 4274 mens
2887 4229 2940 4273 et
2965 4219 3166 4290 lingua,
3196 4227 3356 4289 quam
3381 4232 3549 4287 opera
3573 4232 3691 4287 qua:
3710 4231 3806 4286 per
3830 4221 3878 4268 to

2298 4318 2428 4366 sunt
2452 4309 2621 4366 facta!
2655 4307 2699 4365 Ο
2723 4319 2800 4376 tu,
2829 4310 2881 4365 in
2909 4324 3012 4381 qua
3036 4318 3092 4366 et
3112 4324 3210 4380 per
3229 4324 3392 4380 quam
3417 4317 3504 4364 est
3527 4308 3675 4363 salus
3698 4317 3752 4361 et
3772 4307 3881 4360 vita

2298 4403 2457 4456 mea!
2491 4401 2536 4459 Ο
2567 4411 2645 4467 tu,
2675 4401 2726 4481 in
2753 4417 2858 4472 qua
2891 4411 2946 4458 et
2985 4417 3083 4472 per
3109 4417 3270 4473 quam
3311 4409 3396 4458 est
3432 4409 3608 4456 totum
3633 4409 3690 4455 et
3728 4410 3880 4454 omne

2297 4495 2496 4551 bonum
2525 4510 2705 4550 meum
2721 4495 2834 4562 "‘°",
2851 4496 2984 4550 absit
3003 4495 3128 4550 mihi
3146 4495 3365 4566 gloriari
3394 4495 3497 4548 nisi
3521 4495 3578 4549 in
3597 4494 3670 4549 te!
3685 4490 3880 4564 (Colat.

2296 4601 2372 4649 vr,
2404 4585 2518 4658 ll.)
2574 4585 2705 4643 Nam
2741 4589 2889 4658 .quid
2945 4587 3077 4642 mihi
3125 4587 3366 4658 concipi,
3407 4586 3585 4653 nasci,
3627 4585 3884 4639 viverent

2299 4677 2552 4733 omnibus
2598 4677 2758 4747 hujus
2802 4678 2926 4733 vitae
2967 4677 3123 4734 bonis
3163 4676 3367 4747 perfrui
3416 4676 3640 4746 prodest
3677 4674 3799 4739 ⁸⁸⁵⁸,
3835 4680 3885 4726 ει

2297 4779 2486 4838 postea
2525 4769 2578 4824 in
2614 4769 2887 4826 infernum
2917 4755 3290 4826 descendere?
3334 4767 3530 4838 Utique
3559 4767 3608 4823 si
3645 4767 3733 4822 sic
3762 4760 3885 4819 mihi

2300 4865 2465 4923 esset,
2492 4857 2685 4914 melius
2710 4858 2804 4890 “‘°’
2826 4858 2956 4912 mihi
2983 4867 3101 4914 erat
3125 4857 3171 4914 si
3197 4872 3298 4914 nec
3320 4864 3617 4928 conceptus
3641 4855 3885 4910 fuissem.

607 4935 676 4981 ut
705 4933 948 5012 mortuos
972 4926 1288 4986 viviﬁcaret.
1316 4927 1400 4985 llli
1430 4930 1745 5002 insipienter
1771 4945 1826 4991 et
1863 4935 2191 5007 crudeliter;
2225 4945 2266 5003 (ζ
2301 4945 2368 5000 Ει
2391 4955 2539 5002 εει-ιθ
2569 4947 2646 5002 sic
2676 4961 2877 5014 essem,
2910 4948 2952 5002 si
2993 4943 3090 5016 pe,-
3121 4955 3174 5003 ιε
3201 4926 3513 5017 Mem“,
3551 4960 3661 5001 ηοη
3690 4956 3885 5000 essem,

1901 5048 2134 5105 νΑιιιιΕ
2175 5052 2583 5113 LECTIONES.

681 5151 778 5185 “9°
807 5151 909 5206 Ms.
958 5151 1112 5227 Gorb.
1141 5153 1354 5227 gaudet
1377 5171 1526 5227 wms.
1573 5155 1710 5221 Vict.
1743 5159 1946 5227 gon-les

2053 5163 2141 5235 337
2171 5163 2274 5218 Ms.
2298 5164 2455 5220 Corb.
2485 5166 2612 5220 Mihi
2639 5167 2852 5235 quidem
2877 5183 2974 5221 ms.
3025 5165 3161 5222 Vict.
3185 5166 3315 5221 mihi
3361 5166 3521 5222 simul

3637 5166 3744 5200 uss
3777 5164 3891 5220 εει.

606 5219 723 5278 lata
742 5233 817 5308 est
850 5239 966 5308 σπεῖρα
997 5221 1127 5277 Mss.
1161 5222 1450 5308 τζμιιιηεςῖῖ.
1488 5224 1643 5280 Corb.
1679 5219 1800 5308 “fit.
1847 5227 2242 5308 VictuKI‘t'J‘B.
2265 5235 2388 5290 Bec.
2419 5235 2486 5291 0.
2521 5219 2632 5292 Stat
2657 5219 3522 5308 saeiarum.astraque
3550 5219 3894 5308 et_Flor.Ad

610 5302 855 5372 sanctam
903 5293 1134 5372 Crucem
1174 5294 1510 5349 Dominieam
1540 5313 1664 5368 nus.
1713 5297 1848 5372 ΤΙῃι.
1885 5311 1932 5352 et
1979 5299 2240 5372 Corb.Ad
2302 5316 2544 5360 sanctam
2599 5322 2814 5362 crucem
2861 5307 3190 5362 adorandam
3235 5323 3360 5361 mss.
3394 5305 3526 5360 Vitr.
3571 5306 3821 5360 Val-lure.
3852 5311 3895 5356 et

609 5360 765 5447 ﬂor.
794 5361 980 5447 oratio
1007 5363 1074 5447 ad
1100 5375 1340 5447 sanctam
1375 5365 1590 5447 crucem
1617 5384 1742 5447 rma.
1770 5368 1892 5423 Bac.
1923 5381 1970 5423 et
2009 5370 2071 5426 S.
2094 5371 2276 5447 Germ.
2307 5374 2496 5447 Oratio
2526 5360 2826 5447 tle_i_sau_eta
2853 5360 3193 5447 Cru_c‘em“”
3223 5360 3420 5430 Sancta
3445 5375 3622 5444 Crux,
3663 5392 3774 5447 per
3800 5390 3894 5427 ιιι.

612 5430 824 5515 Theon.
847 5429 892 5486 Ο
920 5442 1104 5486 sancta
1127 5433 1292 5515 Cras,
1323 5448 1421 5504 per
1457 5435 1600 5515 “‘1”.
1624 5437 1678 5492 In
1705 5453 1809 5515 qua
1831 5455 2026 5515 omnes
2050 5459 2175 5497 mss.
2203 5441 2258 5497 S.
2298 5429 2484 5500 Germ.
2501 5456 2548 5500 et
2575 5429 2829 5499 vol-"lue.
2871 5455 2918 5498 et
2948 5429 3096 5500 Flor.
3127 5447 3180 5501 in
3210 5429 3373 5515 quam
3404 5429 3622 5502 omnes,
3666 5429 3788 5480 ’³³³⁸
3814 5443 3899 5515 Vi:

613 5505 1386 5588 tatareternam‘mssnitlam,‘
1453 5505 1548 5537 ⁸⁸⁰¹
1576 5505 2116 5588 Actuiis‘eri‘cordiarn
2167 5529 2330 5583 quam
2382 5531 2509 5569 mss.
2543 5516 2783 5569 omittunt
2851 5515 2944 5547 ³⁸⁸³
2995 5515 3109 5588 Non
3151 5505 3296 5570 enim
3344 5525 3552 5588 esWuc.
3611 5532 3794 5587 usque
3833 5512 3899 5566 Il

610 5572 893 5637 Ουοιιιοίιυ
923 5572 1084 5653 igitur
1113 5589 1209 5627 rm.
1251 5574 1314 5628 S.
1344 5573 1520 5629 Germ.
1566 5577 1728 5653 omit.
1757 5578 1883 5653 ff”
1914 5572 2200 5652 Mitissimo
2241 5600 2380 5652 agno
2410 5595 2736 5653 paraverunt
2773 5601 2901 5638 mu.
2965 5586 3130 5640 omitt.
3164 5600 3304 5653 agno
3371 5586 3463 5618 ¹⁸⁶⁸
3495 5586 3590 5653 Es,
3617 5601 3658 5641 ο
3698 5572 3897 5641 'sancla

615 5654 771 5717 erus,
805 5657 930 5717 mu.
958 5642 1124 5695 omiu.
1153 5658 1186 5696 ο
1211 5654 1559 5717 sancta_cr_ux
1638 5646 1730 5678 ’⁵⁸⁸
1757 5647 1922 5717 Igitur
1962 5660 2014 5705 te
2059 5649 2194 5707 crus
2238 5642 2364 5707 nisa.
2411 5642 2474 5709 'S.
2513 5654 2690 5708 Germ.
2727 5664 2773 5708 et
2826 5653 3052 5709 Val~luc.
3099 5666 3146 5710 et

3229 5654 3344 5709 'lor.
3395 5657 3540 5709 omit.
3573 5671 3726 5711 crux
3810 5653 3896 5686 “"

614 5709 1646 5798 Otnne‘bonutlnnln‘e‘umgms..$.r(;erm.
1672 5709 1843 5798 antiit.
1893 5734 2073 5798 meum
2125 5723 2242 5798 nm“
2272 5723 2479 5798 Perit-ui
2523 5726 2741 5798 prodest
2780 5740 2906 5778 mss.
2941 5709 3113 5780 omitt.
3158 5727 3377 5795 prodest
3406 5741 3503 5778 ms.
3534 5709 3770 5781 Thuriis.
3797 5722 3897 5780 frui

615 5779 899 5850 prodesset
972 5780 1063 5810 ιδοθ
1097 5780 1154 5834 Si
1176 5782 1254 5836 sic
1281 5783 1413 5836 mihi
1445 5795 1610 5850 esset,
1637 5786 1827 5852 melius
1857 5805 1982 5843 mu.
2009 5790 2071 5844 S.
2115 5789 2290 5847 Germ.
2323 5795 2368 5848 si
2418 5779 2536 5859 sic:
2566 5794 2755 5848 melius
