4048 6288
597 303 716 363 959⁷

911 305 970 359 ε.
1011 303 1308 359 ANSELMI
1341 301 1687 359 caurum.
1727 295 2049 354 ARCHIEP.
2084 293 2234 351 opp.
2275 290 2454 347 psus
2490 289 2554 346 Il.
2578 319 2650 337 .-
2683 291 3053 347 Priamum.
3086 290 3174 348 ET
3198 267 3442 350 Αεειέτ.

3739 297 3839 354 ιιι)

595 402 942 485 RedemptOri
971 429 1090 470 meo
1115 415 1339 470 Domino
1359 412 1483 468 Jesu
1518 412 1755 474 Christo,
1788 409 1881 478 qui
1915 408 2006 440 "“
2029 408 2081 461 in
2114 417 2167 462 te
2196 410 2241 469 Α
2270 404 2359 474 pio
2377 403 2674 472 jacentem,
2701 419 3028 476 recognosco
3060 406 3228 460 ﬁliam
3261 416 3410 460 tuum
3437 407 3493 460 in
3537 406 3736 478 templo
3759 409 3852 464 do.

603 508 896 564 cruciﬁxus
931 505 1022 538 ‘m
1050 505 1338 576 pependit,
1379 514 1497 573 post
1524 503 1662 557 hanc
1716 503 1879 557 vitam
1923 501 2175 556 miseram

598 601 695 635 ³⁸⁸⁷
723 616 810 656 me
840 600 1103 667 coniunge
1128 597 1238 650 ηδ’.
1265 597 1454 650 Amen.

877 687 1038 758 275
1075 686 1330 743 ORATIO
1369 686 1526 741 XLIII
1567 684 1663 759 [οι.
1705 683 1891 756 XLII].

1103 791 1172 828 AD
1210 791 1420 830 CRUCEI
1457 790 1665 829 DOMINI.

592 867 872 924 Desancta
910 881 1092 930 cruce,
1135 875 1182 919 et
1230 866 1380 919 beata
1420 863 1632 934 Virgine
1655 903 1670 928 ,
1713 871 1760 917 et
1791 863 1923 916 bono
1952 861 2172 915 latrone.

665 952 826 1010 Salve
847 969 980 1009 crux
1005 963 1190 1007 sancta
1209 994 1224 1016 ,
1251 952 1397 1008 salus
1421 961 1477 1008 et
1503 952 1614 1005 vita
1640 965 1779 1005 mea.
1810 948 1968 1003 Salve
1997 963 2130 1003 crux
2157 985 2174 1013 ,

593 1061 758 1116 quam
817 1047 1007 1099 adorat
1068 1055 1124 1099 et
1174 1044 1447 1099 desiderat
1503 1042 1778 1097 exercitus
1836 1040 2170 1110 angelorum.

596 1139 756 1195 Salve
793 1153 924 1193 crux
947 1177 961 1200 ,
993 1152 1154 1204 quam
1201 1136 1390 1191 adorat
1433 1143 1489 1190 et
1531 1135 1745 1188 invocat
1773 1133 1949 1187 omnis
1973 1132 2176 1186 chorus

599 1239 934 1284 sanctorum.
969 1227 1014 1283 0
1047 1241 1171 1281 vere
1211 1236 1396 1281 sancta
1424 1235 1481 1279 et
1508 1223 1833 1280 venerabilis
1857 1237 2015 1278 crux.
2037 1221 2175 1276 Ecce

591 1327 851 1388 peccator
877 1327 933 1372 et
961 1315 1146 1371 infelix
1183 1316 1366 1380 homo,
1396 1324 1520 1370 ante
1553 1326 1634 1378 te,
1665 1323 1720 1367 et
1753 1313 1806 1367 in
1838 1321 1889 1367 te
1915 1311 2176 1367 cruciﬁxo

597 1418 798 1470 manet,
828 1409 1074 1476 quamvis
1111 1407 1400 1476 indignus;
1437 1406 1530 1460 sed
1563 1420 1663 1474 pro
1687 1403 1922 1475 peccatis
1959 1403 2071 1457 suis
2099 1402 2176 1456 ita

595 1506 680 1552 est
706 1497 922 1561 anxius,
957 1505 1015 1550 ut
1045 1496 1158 1550 fere
1186 1497 1394 1550 nesciat
1430 1495 1558 1565 quid
1587 1509 1747 1563 agere
1777 1494 1991 1548 debeat.
2024 1492 2175 1546 Desi—

598 1587 753 1642 derat
785 1587 930 1642 enim
961 1597 1010 1642 te
1037 1587 1300 1652 adorare;
1339 1586 1434 1641 sed
1477 1601 1584 1640 non
1617 1586 1779 1639 audet
1817 1584 2001 1638 oculos
2030 1583 2099 1637 ad
2128 1593 2180 1637 te

596 1679 1168 1736 levare.~Desiderium
1195 1679 1412 1747 quidem
1440 1678 1642 1734 bonum
1670 1677 1836 1732 habet
1878 1676 1929 1729 in
1959 1683 2046 1741 te;
2083 1674 2176 1730 sed

2279 505 2524 559 centem;
2572 495 2667 548 sed
2708 495 2760 548 in
2809 494 2954 550 nullo
2983 495 3102 551 loco
3143 511 3269 549 eum
3304 497 3512 552 certius
3557 513 3855 567 cognosco,

2278 598 2442 653 quam
2471 585 2522 638 in
2562 599 2722 638 cruce
2757 585 3099 653 pendentem.
3150 586 3228 639 lbi
3274 587 3418 640 enim
3461 586 3698 655 ipsemet
3722 589 3781 640 de
3805 605 3858 643 se

2279 680 2507 726 testatur
2530 672 2716 726 dicens
2751 671 3002 740 :Mulier,
3031 689 3146 727 ecce
3181 675 3323 742 [ilius
3373 685 3494 730 tuus
3536 676 3743 747 (ibid.).
3771 677 3858 733 llic

2278 776 2429 832 ergo,
2455 761 2578 816 felix
2612 771 2787 817 mater
2813 773 2868 817 et
2894 764 3038 817 onmi
3071 764 3224 818 laude
3253 765 3437 833 digna,
3465 767 3554 820 hic
3592 767 3858 822 intercede

2276 868 2376 922 pro
2407 868 2493 923 me
2526 852 2724 908 misero
2750 853 2892 920 apud
2919 854 3092 923 ipsum
3122 857 3237 926 qui,
3260 856 3387 910 dum
3417 871 3478 912 se
3508 858 3687 911 ﬁlium
3721 869 3856 914 tuum

2275 942 2541 1005 nominat.
2564 945 2960 1013 quodammodo
2989 960 3048 1000 se
3073 945 3372 1002 debitorem
3405 947 3636 1020 obligat,
3664 959 3729 1002 ut
3752 966 3859 1019 prc-

2275 1049 2365 1090 ces
2402 1042 2522 1090 tuas
2548 1049 2670 1090 cum
2699 1050 2886 1091 amore
2906 1036 3185 1106 suscipiat.
3222 1039 3318 1094 Dic
3365 1039 3442 1094 illi
3475 1039 3706 1109 itaque:
3733 1041 3857 1108 l-‘ili,
3911 1066 3916 1070 ~

2277 1124 2378 1178 iste
2407 1130 2663 1194 peccator
2685 1122 2885 1179 clamat
2916 1125 2984 1179 ad
3006 1140 3118 1193 me,
3143 1136 3198 1180 et
3227 1126 3656 1199 lacrymabiliter
3681 1129 3861 1200 depre-

2275 1221 2434 1268 catur
2481 1221 2540 1268 ut
2585 1213 2917 1268 intercedam
2964 1229 3062 1283 pro
3095 1230 3160 1270 eo
3188 1216 3330 1286 apud
3360 1227 3445 1283 te,
3475 1228 3754 1288 quatenus
3783 1235 3862 1274 re-

2205 1309 2212 1320 '
2277 1303 2464 1358 mittas
2492 1303 2542 1358 ei
2568 1313 2791 1373 peccata
2833 1318 2928 1358 sua
2952 1345 2966 1368 ,
2993 1320 3112 1374 quae
3157 1306 3475 1376 insipienter
3501 1311 3782 1366 commisit
3811 1312 3860 1366 in

2280 1400 2353 1445 te.
2379 1389 2579 1446 Verum
2623 1401 2739 1458 est,
2770 1391 2995 1448 Domine
3037 1394 3143 1462 mi,
3171 1411 3357 1451 verum
3403 1409 3489 1453 est
3539 1410 3719 1456 certe.
3764 1402 3865 1471 Ego

2277 1497 2402 1538 reus
2449 1483 2712 1539 conﬁteor
2741 1499 2926 1539 coram
2962 1493 3033 1550 te,
3065 1486 3206 1542 Deus
3229 1526 3245 1551 ,
3284 1497 3340 1542 et
3378 1504 3562 1544 coram
3590 1490 3862 1546 Genitrice

2281 1582 2370 1629 tua
2398 1574 2526 1644 quia
2557 1575 2624 1629 ab
2655 1575 2881 1630 infantia
2932 1590 3051 1630 mea
3088 1570 3259 1646 usque
3307 1594 3453 1634 nunc
3487 1581 3720 1637 veniens
3750 1591 3866 1638 ante

2280 1662 2567 1732 gloriosam
2611 1678 2830 1719 crucem
2873 1673 3016 1718 tuam
3064 1675 3119 1720 et
3170 1680 3372 1723 sanetae
3426 1671 3738 1739 majestatis
3769 1681 3867 1726 tua

595 1773 802 1828 nullum
832 1773 1083 1826 meritum
1114 1771 1278 1826 sentit
1309 1772 1360 1824 in
1393 1785 1470 1834 se,
1494 1786 1594 1840 pro
1622 1784 1728 1838 quo
1753 1768 1988 1822 conﬁdat
2011 1767 2078 1821 de
2104 1775 2174 1821 te.

2280 1761 2628 1823 conspectum
2681 1769 2820 1820 non,
2854 1765 2912 1810 ut
2958 1757 3153 1824 debui,
3185 1761 3348 1826 veni,
3397 1763 3703 1831 supplicavi
3730 1805 3746 1828 ,
3774 1780 3866 1821 nec

596 1864 788 1920 Maneo
819 1866 999 1932 itaque
1046 1864 1100 1918 in
1149 1870 1441 1932 conSpectu
1485 1870 1575 1916 tuo
1612 1862 1851 1931 trepidus
1877 1868 1931 1913 et
1953 1859 2177 1924 dubius;

593 1956 676 2010 ita
707 1967 765 2008 nt
793 1971 974 2010 coram
1009 1964 1061 2010 te
1107 1964 1254 2009 stare
1301 1953 1617 2008 erubescam
1643 1991 1658 2017 ,
1690 1960 1746 2005 et
1782 1966 1812 2004 a
1849 1959 1900 2005 te
1927 1950 2182 2004 recedere

601 2047 996 2116 pertimescam.
1035 2045 1298 2099 llortatur
1329 2057 1414 2098 me
1458 2051 1604 2098 stare
1653 2051 1781 2097 ante
1826 2049 2180 2110 conspectum

603 2145 756 2190 tuum
786 2135 1042 2189 memoria
1087 2135 1281 2188 divinae
1307 2143 1361 2187 et
1391 2144 1495 2187 tua:
1519 2133 1767 2203 pietatis;
1803 2132 1896 2187 sed
1928 2132 2184 2186 dehorta-

604 2235 693 2281 tur
735 2240 822 2283 me
863 2225 1196 2280 conscientia
1237 2224 1560 2278 miserabilis
1594 2232 1648 2278 et
1693 2225 2004 2278 inveterata:
2048 2236 2182 2276 mea:

601 2316 918 2384 iniquitatis.
952 2316 1146 2368 Arctor
1182 2329 1398 2383 quoque
1439 2314 1676 2383 graviter
1712 2313 1779 2366 ab
1817 2313 1883 2366 iis
1929 2313 2138 2366 duobus
2163 2351 2178 2376 ,

599 2416 654 2460 ct
678 2407 804 2475 quid
841 2406 1033 2476 eligam
1085 2404 1196 2458 fere
1245 2405 1450 2473 ignoro.
1482 2403 1626 2474 Elogi
1663 2386 1841 2457 tamen
1885 2402 2054 2472 magis
2080 2418 2178 2472 op—

600 2509 833 2565 portuno
861 2495 1168 2565 conspectui
1204 2505 1295 2547 tuo
1324 2494 1628 2562 importune
1657 2494 1933 2556 assistere,
1964 2493 2180 2547 etiamsi

601 2587 799 2641 debeas
821 2600 905 2640 me
926 2585 1193 2640 occidere.
1221 2583 1411 2637 Melius
1438 2593 1512 2638 est
1542 2584 1684 2638 enim
1716 2584 1843 2637 mihi
1867 2583 2000 2636 mori
2024 2583 2179 2652 juxta

599 2685 673 2742 te,
700 2689 856 2746 quam
883 2677 1046 2730 vivere
1081 2675 1225 2746 (Jon.
1266 2691 1317 2729 tv
1345 2717 1358 2741 ,
1391 2674 1446 2746 8)
1496 2675 1653 2745 longe
1687 2690 1715 2728 a
1763 2683 1845 2739 te;
1877 2675 2001 2741 quia
2035 2674 2180 2728 nulla

598 2777 747 2822 mors
781 2767 986 2821 homini
1014 2765 1164 2836 pejor
1194 2776 1305 2829 est,
1336 2780 1496 2834 quam
1533 2778 1656 2818 cum
1693 2764 1853 2818 homo
1880 2763 2037 2833 longe
2065 2779 2094 2816 a
2129 2773 2184 2818 te

601 2867 685 2914 εει
1083 2871 1085 2873 ’
1345 2889 1348 2893 ι
1919 2894 1922 2897 -
2175 2872 2178 2876 ’

666 2947 997 3018 ’Snppliciter
1036 2962 1165 3017 ergo
1216 2948 1477 3016 deprecor
1512 2955 1564 3002 te
1588 2987 1602 3012 ,
1637 2945 1799 3002 chara
1843 2946 2096 3015 majestas
2124 2952 2182 2998 et

603 3053 794 3110 magna
826 3039 1064 3093 cltaritas
1086 3082 1100 3106 ,
1127 3040 1216 3108 qui
1249 3041 1450 3108 pendes
1478 3041 1531 3094 in
1556 3054 1738 3104 cruce,
1773 3047 1828 3092 ut
1856 3038 2176 3106 importtmi-
2205 3079 2250 3142 C

603 3133 767 3184 tatem
799 3143 976 3184 meam
1018 3143 1124 3182 non
1155 3129 1460 3198 importune
1484 3128 1748 3196 suscipias
1776 3167 1790 3192 ,
1838 3127 1934 3181 sed
1973 3126 2041 3180 ad
2087 3141 2182 3181 ne-

601 3218 911 3274 cessitatem
959 3231 1133 3273 meam
1177 3229 1477 3289 opportune
1506 3229 1560 3276 et
1595 3218 2024 3276 misericorditer
2065 3235 2182 3274 res-

598 3307 788 3380 picias.
821 3308 898 3363 Tu
925 3324 984 3364 es
1011 3310 1153 3365 enini
1181 3326 1303 3381 spes
1330 3326 1446 3367 mea
1464 3352 1480 3380 ,
1511 3320 1568 3367 tu
1597 3312 1862 3382 refugium
1888 3325 2092 3378 meum,
2121 3321 2178 3366 tu

599 3400 968 3456 misericordia
1002 3416 1143 3457 mea.
1184 3401 1441 3458 Miserere
1469 3391 1653 3474 igitur,
1687 3403 1944 3459 miserere
1973 3403 2100 3468 mei,
2126 3411 2182 3458 et

599 3490 735 3546 doce
759 3507 842 3546 me
863 3492 1129 3560 quomodo
1153 3493 1381 3548 adorare
1411 3503 1461 3548 te
1483 3493 1731 3560 debeam,
1753 3502 1807 3548 et
1833 3495 2103 3563 quomodo
2127 3502 2180 3549 te

600 3581 826 3652 diligere
856 3583 1084 3637 valeam.
1123 3583 1381 3650 Quamvis
1409 3585 1647 3653 peccatis
1677 3587 1810 3640 meis
1835 3586 2180 3656 exigentibus

602 3670 843 3724 nesciam
891 3671 1162 3739 quomodo
1215 3679 1268 3725 te
1293 3671 1522 3727 adorare
1560 3687 1620 3728 ac
1650 3673 1872 3740 diligere
1916 3675 2175 3740 debeam;

601 3761 782 3814 tamen
811 3761 912 3815 hoc
934 3768 1017 3814 est
1042 3774 1219 3814 meum
1242 3762 1589 3829 desiderium,
1617 3771 1674 3816 ut
1701 3771 1752 3818 te
1779 3763 1999 3818 adorem
2023 3773 2077 3818 et
2101 3765 2181 3818 di-

603 3849 788 3921 ligam.
828 3850 1066 3906 Obsecro
1129 3861 1209 3917 te,
1237 3866 1366 3907 vere
1406 3852 1510 3923 piis
1552 3852 1873 3909 exaudibilis
1897 3852 2051 3918 Jesu,
2083 3868 2182 3924 per

600 3956 818 3998 omnem
851 3944 1191 3999 dilectionem
1241 3960 1403 4014 quam
1461 3945 1628 4002 habes
1676 3948 1728 4000 in
1760 3948 1979 4013 homine
2005 3987 2021 4012 ,
2051 3949 2180 4004 dum

601 4033 804 4101 pendes
835 4033 885 4086 in
923 4033 1100 4104 ligno,
1155 4043 1210 4088 ut
1254 4035 1357 4090 hoc
1406 4037 1602 4091 bonum
1657 4036 1965 4106 specialiter
2011 4036 2181 4092 facias

601 4135 724 4175 cum
753 4136 910 4176 set-vo
946 4130 1072 4185 tuo,
1100 4137 1167 4177 ne
1209 4132 1355 4178 stare
1402 4125 1452 4177 in
1502 4132 1791 4192 conspectu
1834 4131 1923 4178 tuo
1966 4132 2020 4178 et
2053 4134 2179 4179 ante

599 4224 817 4266 erucem
850 4219 994 4264 tuam
1036 4226 1121 4266 me
1147 4211 1438 4282 aliquando
1470 4214 1662 4268 taedeat
1705 4221 1800 4268 aut
1840 4213 2054 4284 pigeat,
2086 4213 2180 4268 sed

595 4302 782 4370 potius
812 4301 1042 4356 delectet
1086 4311 1141 4356 et
1189 4303 1414 4374 placeat.
1455 4305 1692 4361 Delectet
1739 4305 1973 4359 animam
2003 4321 2179 4360 meam

2283 1848 2526 1902 adoravi.
2567 1847 2672 1903 Sed
2703 1858 2757 1903 tu
2781 1888 2798 1916 ,
2827 1851 2913 1904 cui
2949 1853 3225 1921 proprium
3259 1865 3342 1910 est
3369 1871 3595 1926 parcere
3626 1868 3685 1913 et
3716 1860 3864 1914 mise-

2284 1940 2414 2004 reri,
2438 1954 2505 1994 ne
2532 1941 2794 2011 respicias
2817 1941 3164 2011 fragilitatem
3191 1960 3366 2000 meam
3389 1959 3447 2002 ct
3467 1949 3864 2004 immunditiam

2283 2053 2459 2092 meam
2493 2039 2818 2108 pessimam,
2858 2043 2953 2096 sed
2998 2043 3211 2097 dimitte
3246 2041 3506 2111 quidquid
3535 2041 3866 2112 negligenter

2283 2125 2512 2196 deliqui;
2541 2127 2666 2196 quia
2697 2136 2750 2182 tu
2781 2143 2844 2183 es
2872 2145 2999 2199 spes
3048 2146 3164 2186 mea
3205 2131 3322 2186 soia
3363 2140 3419 2185 et
3466 2147 3596 2186 vera
3617 2173 3632 2196 ,
3678 2141 3732 2185 et
3762 2147 3858 2185 non

2283 2215 2456 2270 habeo
2504 2215 2558 2268 in
2587 2215 2694 2272 alio
2734 2216 2985 2273 fiduciam
3014 2234 3225 2286 meam,
3263 2220 3366 2275 nisi
3418 2219 3474 2274 in
3518 2228 3570 2274 te
3615 2220 3732 2276 solo
3759 2220 3862 2274 Deo

2282 2304 2404 2359 vivo
2432 2313 2488 2360 et
2513 2322 2663 2361 vero.
3145 2349 3148 2351 λ

2355 2395 2455 2450 Dat
2485 2396 2648 2450 etiam
2697 2397 2828 2452 milii
2871 2398 3130 2468 grandem
3179 2398 3469 2463 ﬁduciam,
3499 2411 3718 2452 summe
3761 2397 3861 2450 Re-

2281 2483 2530 2553 demptor
2557 2499 2706 2540 meus
2731 2527 2746 2552 ,
2775 2485 2864 2540 illa
2915 2487 3001 2556 pia
3034 2496 3090 2542 et
3123 2487 3296 2542 dulcis
3325 2486 3533 2549 oratio,
3578 2501 3744 2554 quam
3765 2499 3859 2554 pro

2281 2573 2725 2642 cruciﬁgentibus
2755 2582 2806 2628 te
2836 2575 2975 2643 apud
3004 2574 3224 2630 Patrem
3251 2575 3461 2639 fecisti,
3491 2575 3688 2628 dicens
3715 2591 3730 2628 :
3761 2573 3856 2626 Pu-

2281 2672 2362 2716 ter
2399 2664 2608 2732 ignosce
2650 2664 2790 2730 illis,
2845 2667 2968 2736 quia
3021 2667 3258 2720 nesciunt
3307 2667 3434 2737 quid
3475 2666 3687 2736 faciunt
3719 2663 3856 2735 (Luc.

2282 2768 2443 2818 χχιιι,
2468 2753 2581 2824 54).
2607 2753 2708 2821 Qui
2729 2755 2874 2809 enim
2903 2757 2984 2812 sic
3008 2756 3248 2812 exorasti
3274 2771 3372 2827 pro
3397 2757 3504 2810 luis
3529 2755 3862 2811 cruciﬁxori-

2280 2843 2402 2910 bus,
2419 2845 2661 2914 nunquid
2677 2860 2784 2900 non
2805 2847 2989 2911 orabis
3010 2862 3108 2917 pro
3127 2850 3236 2902 tuis
3249 2847 3670 2902 adoratoribus?
3695 2847 3754 2901 Et
3771 2845 3859 2914 qui

2279 2935 2336 2989 in
2358 2950 2518 2991 cruce
2548 2940 2863 2992 recordatus
2886 2953 2947 2993 es
2981 2939 3352 3009 indulgentiae,
3369 2939 3618 3007 nunquid
3649 2939 3702 2991 in
3723 2936 3852 2991 callo

2279 3028 2480 3084 oblitus
2509 3044 2569 3083 es
2597 3029 3017 3084 misericordiae?
3046 3029 3302 3085 Miserere
3321 3069 3341 3094 ,
3367 3044 3586 3098 quaeso,
3619 3029 3855 3091 Domine,

2284 3118 2544 3184 miserere
2566 3119 2674 3174 mei
2702 3120 2846 3174 servi
2874 3120 2987 3185 tui;
3027 3128 3084 3175 et
3116 3121 3200 3175 vel
3245 3130 3298 3175 tu
3330 3122 3586 3191 ignosce,
3616 3121 3701 3176 vel
3727 3120 3857 3190 apud

2281 3209 2498 3264 Patrem
2525 3209 2802 3265 intercede
2832 3219 2890 3264 ut
2927 3210 3186 3281 ignoscat.
3223 3211 3451 3280 Propter
3490 3212 3598 3266 hoc
3635 3223 3854 3279 namque

2282 3311 2478 3354 maneo
2501 3314 2688 3355 coram
2717 3308 2790 3366 te,
2813 3309 2868 3354 et
2889 3300 3058 3355 adoro
3083 3308 3330 3356 sanctam
3353 3315 3574 3356 crucem
3599 3310 3738 3356 tuam
3765 3313 3852 3369 per

2281 3404 2444 3460 quam
2496 3391 2771 3446 redemisti
2814 3393 3093 3447 mundum.
3127 3391 3301 3447 Credo
3344 3406 3585 3461 namque
3614 3403 3672 3447 et
3695 3389 3849 3446 couti-

2283 3491 2400 3536 teor
2424 3483 2550 3552 quia
2579 3497 2676 3552 per
2714 3481 3070 3538 elevationem
3110 3492 3166 3538 et
3212 3483 3591 3555 extensionem
3624 3481 3847 3552 corporis

2281 3573 2360 3628 tui
2391 3574 2446 3628 in
2477 3574 2621 3644 ligno
2654 3575 2869 3630 traxisti
2895 3589 3086 3630 omnes
3125 3576 3192 3630 ad
3241 3584 3293 3630 te
3321 3575 3414 3644 qui
3459 3583 3612 3629 recte
3639 3573 3846 3641 diligunt

2283 3675 2356 3722 te.
2387 3666 2564 3722 Trabe
2602 3667 2765 3736 igitur
2796 3683 2881 3723 me
2900 3708 2915 3734 ,
2949 3668 3288 3733 dulcissime,
3320 3666 3583 3732 Domine,
3614 3666 3844 3721 traham

2281 3765 2336 3814 et
2364 3758 2692 3820 desiderium
2743 3773 2922 3814 meum
2957 3769 3071 3829 post
3115 3771 3164 3814 te
3217 3760 3396 3831 (Cant.
3427 3775 3480 3828 ι,
3512 3758 3604 3828 3);
3654 3768 3718 3813 ut
3755 3771 3842 3826 ego

2281 3855 2512 3910 sentiam
2541 3854 2792 3909 virtutem
2819 3855 2997 3910 crucis
3023 3864 3126 3909 tua:
3155 3855 3208 3908 in
3237 3870 3344 3910 me.

2353 3946 2616 4018 Sentiam,
2647 3946 2898 4002 Salvator
2924 3961 3106 4013 meus,
3137 3946 3390 4001 virtutem
3436 3954 3490 4000 et
3519 3945 3732 3999 odorem
3757 3939 3836 4010 qui

2283 4044 2366 4090 est
2396 4036 2462 4090 de
2487 4049 2647 4090 cruce
2676 4045 2793 4099 tua,
2833 4035 2974 4090 sicut
3005 4034 3272 4090 sentiebat
3316 4033 3454 4088 latro
3488 4033 3578 4086 ille
3599 4031 3685 4102 qui
3707 4030 3834 4084 dice-

2282 4127 2377 4182 bat
2403 4142 2418 4181 :
2449 4126 2688 4191 Domine,
2712 4138 2967 4181 memento
3001 4129 3101 4182 mei
3128 4167 3144 4190 ,
3169 4128 3292 4180 dum
3328 4127 3525 4181 veneris
3561 4127 3615 4179 in
3649 4137 3837 4192 regnum

2283 4228 2430 4272 tuum
2457 4217 2640 4289 (Joan.
2679 4233 2847 4282 xxttt,
2874 4217 2988 4288 42).
3037 4217 3257 4272 Viderat
3298 4216 3526 4271 forsitan
3573 4215 3706 4269 latro
3747 4212 3837 4265 ista

2284 4315 2338 4363 te
2364 4314 2522 4361 antea
2545 4322 2720 4363 caecos
2758 4308 3146 4364 illuminantem
3165 4349 3179 4374 ,
3210 4309 3296 4364 vel
3325 4317 3568 4363 mortuos
3594 4306 3832 4362 suscitan-

597 4385 655 4444 in
684 4399 969 4460 conspectu
1005 4399 1096 4446 tuo
1124 4391 1351 4448 ﬁdeliter
1377 4394 1664 4462 assistere;
1696 4401 1750 4450 et
1774 4394 1984 4464 placeat
2007 4395 2178 4450 oculis
2209 4410 2256 4468 υ
2286 4406 2392 4453 tem
2416 4438 2431 4462 ,
2456 4407 2511 4453 et
2539 4413 2644 4452 non
2672 4399 2992 4455 adoraverat
3032 4409 3103 4454 te.
3136 4399 3286 4454 Tunc
3329 4413 3460 4455 vero
3488 4407 3685 4469 quanto
3710 4393 3832 4448 videt

598 4479 910 4534 Divinitatis
934 4490 1035 4536 tuae
1081 4483 1503 4540 misericorditer
1542 4485 1593 4539 in
1631 4500 1728 4540 me
1755 4485 2042 4554 respicere.
2082 4486 2182 4540 De-

598 4567 765 4623 lectet
793 4585 877 4623 me
921 4570 1102 4640 lugere
1140 4572 1411 4628 miseriam
1440 4589 1614 4629 meam
1635 4614 1649 4640 ,
1679 4583 1733 4629 et
1769 4574 1980 4644 placeat
2003 4575 2181 4630 omni-

599 4660 856 4730 potentiae
885 4669 988 4714 tua:
1016 4671 1225 4718 vertere
1264 4665 1318 4718 in
1367 4666 1624 4734 gaudium
1667 4665 1945 4720 tristitiam
1976 4679 2172 4720 meam.

668 4752 914 4808 Delectet
937 4765 1116 4811 autem
1144 4768 1230 4810 me
1254 4758 1528 4812 recordari
1554 4759 1656 4813 ltoc
1685 4758 1828 4827 quod
1846 4744 2095 4826 pendens
2119 4757 2172 4812 in

595 4848 765 4900 cruce
791 4846 1087 4902 benedictae
1129 4847 1322 4917 virgini
1369 4849 1524 4903 matri
1557 4858 1660 4904 tua:
1686 4849 1867 4906 dixisti
1898 4863 1914 4903 :
1944 4847 2172 4915 Mulier,

597 4942 713 4991 ecce
738 4936 881 5006 ﬁlius
907 4946 1028 4992 tuus
1051 4937 1232 5009 (Ioan.
1265 4953 1379 5005 xtx,
1403 4935 1518 5008 26).
1552 4940 1618 4994 Et
1647 4957 1788 4997 nunc
1808 4981 1824 5007 ,
1855 4954 2060 5012 quaeso,
2084 4940 2177 4995 be—

599 5026 914 5098 nignissiute
941 5026 1184 5093 Domine,
1218 5027 1305 5084 die
1330 5029 1461 5084 mihi
1489 5045 1647 5086 servo
1675 5040 1802 5088 tuo:
1829 5031 2020 5097 Homo,
2045 5045 2175 5086 ecce

597 5114 742 5169 Deus
763 5125 908 5183 tuus,
929 5130 1056 5172 ecce
1079 5117 1386 5188 redemptor
1407 5127 1548 5174 tuus.
1575 5119 1650 5174 Te
1671 5135 1907 5190 quoque,
1927 5119 2174 5185 obsecro,

595 5206 750 5273 virgo
768 5206 907 5260 inter
930 5222 1118 5262 omnes
1145 5209 1397 5264 mulieres
1415 5211 1716 5276 benedicta,
1749 5219 1807 5264 ut
1833 5210 1980 5266 dicas
2005 5210 2134 5264 mihi
2159 5226 2172 5265 :

597 5295 771 5352 llomo
793 5336 807 5363 ,
836 5312 964 5354 ecce
1007 5299 1148 5354 ﬁlius
1178 5316 1330 5356 meus
1354 5342 1368 5366 ,
1399 5316 1526 5357 cccc
1557 5302 1806 5357 Salvator
1830 5311 1974 5358 tuus.
2006 5301 2174 5356 Video

2287 4493 2338 4540 te
2367 4487 2602 4556 pendere
2629 4487 2683 4541 in
2711 4488 2876 4559 ligno,
2911 4490 3102 4546 adorat
3129 4498 3180 4544 te
3211 4491 3397 4545 dicens
3430 4508 3444 4558 ς
3477 4489 3719 4552 Domine,
3742 4500 3830 4537 me-

2281 4584 2455 4628 mento
2481 4576 2615 4643 mei,
2648 4577 2774 4630 dum
2820 4580 3018 4633 veneris
3056 4581 3109 4634 in
3142 4596 3354 4650 regnum
3386 4589 3556 4634 tuum.
3588 4579 3694 4632 Hoc
3725 4574 3829 4629 fecit

2282 4659 2336 4719 ιιι
2367 4664 2516 4720 illum
2546 4682 2679 4722 crux
2711 4676 2798 4723 tua
2821 4708 2834 4732 ,
2873 4670 3014 4738 quod
3044 4685 3148 4726 non
3177 4680 3463 4740 potuerunt
3493 4671 3670 4726 facere
3688 4670 3825 4724 mira-

2281 4755 2402 4810 cula
2443 4764 2552 4810 tua.
2602 4758 2799 4812 Verius
2841 4768 2895 4813 et
2940 4761 3232 4828 perfectius
3269 4762 3520 4830 cognovit
3568 4761 3666 4815 iste
3705 4767 3748 4812 te
3781 4756 3825 4808 in

2278 4862 2442 4904 οιίιοθ
2469 4849 2826 4918 Pendentem,
2869 4867 3032 4921 quam
3075 4853 3129 4907 in
3174 4853 3373 4923 templo
3423 4854 3726 4914 docentem,
3751 4853 3824 4901 aut

2281 4937 2542 4994 miracula
2571 4937 2877 4995 facientem.
2910 4941 2956 4997 Ο
2980 4952 3187 5012 quanta
3215 4953 3300 4998 est
3323 4943 3498 4997 virtus
3526 4941 3698 4996 crucis
3721 4948 3823 4997 tua.

2280 5040 2481 5101 quanta
2516 5041 2598 5088 est
2623 5033 2792 5103 gloria
2823 5034 3106 5103 pendentis
3136 5035 3190 5090 in
3233 5035 3415 5106 ligno!
3445 5034 3609 5089 Latro
3636 5034 3730 5088 istc
3752 5026 3824 5082 ubi

2280 5125 2414 5180 vidit
2442 5135 2589 5180 tuum
2620 5126 2854 5197 lignum,
2881 5143 3006 5182 mox
3047 5128 3300 5197 cognovit
3334 5137 3484 5182 tuum
3514 5137 3752 5197 regnum;
3777 5127 3823 5171 et

2281 5214 2370 5268 ubi
2403 5223 2453 5268 te
2477 5215 2711 5284 pendere
2737 5217 2976 5284 aspexit,
3011 5216 3080 5270 ibi
3107 5217 3251 5287 quod
3293 5232 3550 5287 regnares
3570 5208 3823 5270 intellexit.

2281 5305 2327 5361 Ο
2356 5315 2589 5374 quantus
2619 5307 2753 5362 odor
2797 5307 2864 5362 de
2891 5323 3052 5363 cruce
3079 5310 3284 5374 exibat,
3312 5309 3402 5380 qui
3427 5324 3636 5364 onmem
3661 5300 3823 5358 infide-

596 5390 794 5460 quippe
818 5430 833 5456 ,
867 5392 1187 5447 venerabilis
1217 5392 1462 5460 domina,
1495 5393 1659 5449 ﬁlium
1693 5403 1840 5450 tuum
1887 5394 1942 5448 in
1977 5407 2174 5462 praese-
2283 5397 2584 5463 litatem,ab
2623 5413 2689 5454 eo
2738 5399 3046 5469 repellebat.
3081 5399 3124 5456 0
3158 5416 3320 5472 quam
3360 5403 3519 5473 digne
3550 5399 3754 5456 vocabat
3781 5403 3825 5447 le

1871 5507 2104 5563 VARUE
2143 5507 2546 5565 LECTIONES’.

795 5595 908 5649 Meo
937 5596 1162 5677 Domino
1201 5599 1250 5652 J.
1289 5599 1348 5654 C.
1381 5599 1594 5678 quinis.
1637 5611 1844 5669 nostro,
1876 5602 1967 5672 qui
2043 5601 2136 5633 ⁸⁸⁸⁸
2163 5599 2467 5659 Crucifixus
2495 5619 2595 5660 ms.
2632 5602 2876 5662 conﬁxus
2947 5605 3043 5678 f3"
3069 5605 3320 5664 Miseram
3346 5623 3443 5661 ηις,
3492 5599 3828 5659 miserrimam

605 5660 694 5694 ‘m
724 5663 805 5717 Me
835 5667 1099 5738 conjungc
1124 5686 1217 5722 ms.
1251 5685 1348 5722 nos
1374 5660 1638 5738 conjnngc
