4048 6288
241 291 350 372 ἐπ

1657 300 2066 360 ORATIONES.

3400 314 3508 381 9η

242 427 529 480 Dominum
574 438 727 478 suum
752 463 767 487 ,
806 422 899 493 qui
939 417 1209 476 veraciter
1250 418 1456 476 sciebat
1503 424 1562 472 se
1603 431 1818 472 servum
1847 420 1894 476 Α
1921 426 2084 488 atque
2131 427 2319 476 contra
2379 422 2560 478 omnia
2612 422 2838 480 adversa
2878 432 3255 483 tutamentum.
3313 431 3505 489 Amen.

241 523 426 579 tuum;
461 515 584 584 quia
626 515 798 570 oculis
831 513 946 568 suis
971 511 1284 566 intuebatur
1311 509 1574 582 pretium,
1598 524 1706 578 quo
1733 525 1822 565 re-

240 602 486 657 dimebas
515 603 726 670 penitus
753 603 1008 656 mundum
1035 601 1369 655 universum.

310 695 417 753 Sed
443 696 570 764 quid
598 694 734 749 bone
756 692 880 748 Jesu
898 735 912 760 ,
942 693 1097 762 quid,
1121 691 1428 746 dulcissime
1458 691 1708 757 Domine,
1739 705 1821 745 re-

239 785 504 852 smndisti
533 785 727 838 latroni
773 793 823 837 te
865 783 1040 837 oranti
1086 782 1137 835 in
1183 782 1380 836 cruce?
1410 780 1587 836 Hodie
1617 798 1820 836 mecum

241 876 340 927 eris
365 875 418 926 iu
439 875 686 943 paradiso
723 873 872 942 (ibid.
904 889 980 937 ιχ,
1007 872 1119 940 45).
1148 872 1210 926 Ει
1233 872 1360 940 quid
1384 873 1485 926 hoc
1510 881 1594 926 est
1615 912 1630 938 ,
1663 887 1696 926 ο
1725 888 1820 927 rex

240 963 651 1017 desiderabilis?
677 962 756 1017 Tu
779 962 946 1016 clavis
967 959 1239 1031 alﬂigeris,
1267 970 1321 1015 et
1351 960 1662 1030 paradisum
1696 975 1825 1030 pro-'

241 1041 432 1108 mittis.
471 1053 550 1107 Tu
603 1036 803 1124 pendes
830 1053 882 1107 in
911 1043 1054 1122 ligno
1076 1092 1092 1116 ,
1122 1061 1180 1107 et
1215 1052 1408 1106 latroni
1439 1052 1573 1107 dicis
1600 1070 1613 1106 ε
1648 1051 1819 1107 Hodie

241 1161 442 1199 mecum
471 1147 574 1199 eris
599 1145 653 1198 in
681 1147 948 1215 paradiso.
978 1143 1065 1211 Et,
1091 1160 1122 1198 ο
1144 1144 1472 1200 desiderium
1507 1145 1826 1200 animarum'

238 1235 329 1290 ubi
369 1245 452 1291 est
479 1236 783 1306 paradisus,
821 1236 945 1305 quia
976 1236 1113 1291 dicis
1144 1237 1335 1290 latroni
1369 1253 1380 1288 :
1421 1234 1588 1289 Hodie
1615 1253 1826 1289 mecum

237 1325 342 1378 eris
379 1325 434 1378 in
461 1326 732 1394 paradiso.
767 1326 848 1377 An
882 1326 1160 1393 paradisus
1213 1337 1383 1380 tecum
1429 1335 1530 1388 est,
1557 1335 1610 1380 et
1631 1326 1728 1379 ubi
1762 1337 1816 1380 tu

235 1414 345 1479 vis,
377 1414 662 1484 paradisus
691 1414 810 1467 est?
832 1415 912 1467 Au
943 1425 998 1467 tu
1030 1414 1397 1469 indubitanter
1428 1415 1713 1484 paradisus
1733 1430 1812 1481 es,

237 1502 367 1572 quia
407 1511 517 1557 tam
565 1503 900 1558 confidenter
937 1504 1209 1572 promittis
1240 1520 1255 1556 :
1287 1503 1456 1557 Hodie
1481 1521 1682 1558 mecum
1712 1506 1813 1559 eris

233 1592 289 1644 in
320 1594 607 1662 paradiso!
642 1593 835 1659 Credo,
869 1593 1114 1659 Domine,
1159 1595 1320 1648 credo
1364 1605 1510 1649 certe
1548 1596 1690 1665 quod
1722 1596 1813 1651 ubi

235 1691 291 1736 tu
316 1682 419 1747 vis,
447 1692 502 1737 et
521 1683 608 1737 ubi
641 1692 697 1738 tu
727 1698 806 1747 es,
837 1682 909 1736 ibi
941 1683 1225 1752 paradisus
1248 1692 1360 1748 est;
1387 1693 1440 1738 et
1465 1698 1586 1739 esse
1613 1693 1809 1750 tecum,

235 1771 340 1826 hoc
389 1780 628 1842 estesse
678 1773 730 1826 in
772 1773 1045 1841 paradiso.
1079 1773 1342 1839 Quoniam
1380 1775 1700 1830 venerabilis
1728 1775 1818 1830 ille

231 1861 514 1918 confessor
541 1871 596 1918 et
639 1864 904 1933 gloriosus
945 1874 1153 1918 martvr
1191 1874 1365 1920 tecum
1396 1865 1495 1919 fuit
1521 1881 1617 1935 per
1647 1876 1815 1921 totum

229 1952 360 2007 illud
384 1953 560 2019 hodie,
595 1963 650 2007 et
677 1963 863 2022 postea
893 1955 1040 2008 omni
1071 1963 1330 2024 tempore.
1357 1954 1400 2010 Ο
1427 1971 1586 2025 quam
1615 1943 1814 2012 bonum

227 2050 316 2097 est
344 2057 467 2098 esse
496 2045 700 2097 tecum!
744 2042 788 2099 Ο
815 2059 975 2113 quam
1024 2045 1168 2099 beati
1206 2054 1331 2099 sunt
1377 2045 1475 2110 illi,
1514 2046 1603 2114 qui
1636 2055 1813 2102 tecum

227 2134 388 2185 sunt!
425 2131 499 2186 llli
523 2146 649 2187 vere
673 2142 798 2187 sunt
823 2135 874 2187 in
898 2134 1172 2204 paradiso,
1203 2150 1332 2191 vere
1365 2146 1490 2191 sunt
1523 2136 1578 2190 in
1611 2138 1810 2206 regnis,

227 2219 319 2288 qui
352 2229 527 2274 tecum
557 2230 684 2275 sunt
719 2222 824 2277 iide
850 2231 904 2277 et
933 2221 1241 2279 dilectione.
1285 2229 1288 2232 ’
1660 2243 1666 2253 ·

291 2308 445 2363 Crux
477 2319 588 2373 tua,
621 2310 869 2375 Domine,
921 2310 1247 2380 paradisum
1269 2314 1534 2382 promittit
1565 2324 1621 2369 et
1651 2331 1809 2384 para-

225 2401 408 2456 disum
467 2403 672 2457 tribuit.
715 2403 784 2457 Et
830 2403 950 2458 ideo
1005 2404 1322 2474 suppliciter
1374 2407 1544 2462 adoro
1595 2422 1806 2462 crucem

224 2501 397 2556 tuam,
441 2493 604 2548 adoro
649 2502 702 2548 te
738 2493 791 2547 in
822 2509 1002 2558 cruce,
1039 2503 1095 2550 et
1125 2510 1340 2549 crucem
1381 2496 1433 2550 in
1465 2506 1534 2552 te.
1570 2497 1810 2566 Denique

221 2583 394 2637 adoro
445 2597 662 2638 crucem
700 2591 922 2653 propter
969 2585 1290 2653 pendentem
1327 2586 1379 2639 in
1409 2602 1592 2641 cruce.
1623 2586 1808 2641 Δί]οό

221 2688 385 2742 quem
445 2673 586 2728 latro
637 2675 938 2738 adorabat,
990 2683 1045 2729 et
1097 2690 1194 2730 oro
1234 2675 1374 2731 sicut
1429 2677 1517 2731 ille
1571 2679 1803 2732 orabat:

218 2763 470 2828 Domine,
490 2774 747 2818 memento
767 2765 888 2829 mei,
920 2765 1044 2818 dum
1083 2767 1279 2820 veneris
1310 2768 1364 2820 in
1391 2783 1602 2837 regnum
1633 2777 1801 2825 tuum.

217 2853 572 2923 Recognosce
592 2855 646 2908 in
675 2869 780 2919 me,
814 2855 978 2925 276
1007 2855 1254 2920 Domine,
1308 2857 1448 2911 hanc
1477 2858 1806 2926 orationem,

217 2944 366 2998 sicut
391 2944 744 3011 recugnovisti
761 2958 880 2998 eam
895 2945 947 2997 in
970 2943 1191 2999 latrone.
1211 2943 1436 3016 Suscipe
1451 2946 1589 3001 hanc
1605 2948 1804 3004 oratio-

217 3027 348 3088 nem
381 3047 412 3085 a
435 3047 593 3104 servo
626 3041 736 3099 tuo,
771 3034 912 3088 sicut
937 3036 1221 3105 suscepisti
1246 3051 1366 3090 eam
1395 3053 1424 3090 a
1459 3036 1659 3092 famulo
1687 3048 1799 3097 tuo.
1828 3091 1844 3135 ί

216 3121 492 3177 Memento
523 3124 630 3178 mei
658 3125 725 3179 de
751 3140 934 3196 regno,
979 3126 1120 3180 sicut
1152 3126 1296 3181 fuisti
1325 3142 1530 3183 memor
1557 3129 1700 3186 illius
1732 3131 1800 3186 de

216 3212 500 3282 ligno.Dic
533 3213 717 3283 igitur,
741 3214 846 3279 dic,
875 3230 1077 3285 quaeso,
1107 3215 1355 3281 Domine,
1385 3217 1472 3272 dic
1496 3233 1652 3274 servo
1683 3230 1794 3288 tuo,

215 3307 305 3361 dic
338 3307 533 3363 anima:
571 3325 705 3365 meai
735 3329 748 3364 :
784 3311 955 3366 Hodie
986 3329 1188 3367 mecum
1217 3313 1320 3367 eris
1347 3314 1402 3367 in
1437 3315 1706 3384 paradiso,
1739 3327 1800 3371 ut

213 3413 319 3466 ego
350 3399 684 3457 confortatus
715 3404 1058 3458 desiderabili
1109 3413 1197 3459 tua
1238 3404 1595 3474 promissione
1622 3406 1795 3462 lldeli-

213 3495 303 3542 ter
339 3504 686 3558 permaneam
721 3493 773 3547 in
807 3503 896 3549 tua
927 3494 1032 3550 ﬁde
1055 3503 1110 3550 et
1133 3495 1440 3561 dilectione,
1469 3494 1797 3566 Redemptor

214 3596 396 3646 meus,
428 3584 697 3640 mediator
729 3585 821 3640 Dei
847 3594 904 3641 et
939 3587 1248 3652 hominum;
1278 3587 1369 3656 qui
1399 3603 1520 3642 cum
1549 3587 1708 3641 Patre
1741 3597 1796 3644 et

212 3667 426 3738 Spiritu
451 3680 640 3726 sancto
673 3672 808 3729 vivis
831 3681 890 3730 et
929 3689 1122 3745 regnas
1147 3674 1294 3744 Deus
1319 3676 1373 3730 in
1399 3675 1593 3732 saacula
1623 3691 1794 3731 saecu-

206 3755 410 3813 lorum.
448 3759 639 3816 Amen.

606 3849 862 3910 ORATIO
895 3853 1056 3909 XLIV
1084 3853 1178 3927 [οι.
1207 3853 1414 3927 XLIII].

731 3956 801 3996 AD
838 3957 1049 3999 CRUCEI
1088 3958 1298 3999 DOIINI.

702 4031 844 4088 Laus
870 4044 1070 4088 sancire
1119 4036 1312 4089 crucis.

249 4121 418 4189 .Ave,
449 4137 584 4177 crux
609 4132 818 4189 sancta,
861 4125 1036 4180 virtus
1081 4134 1290 4180 nostra.
1317 4125 1451 4191 Ave,
1491 4139 1623 4181 crux
1662 4125 1790 4183 adoo

206 4216 407 4278 randa,
452 4214 566 4270 laus
612 4225 666 4270 et
710 4215 882 4283 gloria
932 4226 1136 4271 nostra.
1167 4217 1303 4283 Ave,
1343 4233 1497 4283 crux,
1530 4219 1787 4274 auxilium

200 4317 260 4360 et
314 4307 578 4374 refugium
624 4316 889 4362 nostrum.
935 4308 1071 4373 Ave,
1112 4325 1268 4372 crux,
1323 4310 1623 4366 consolatio
1666 4326 1786 4366 om-

2311 511 2566 570 ORATIO
2600 514 2736 569 XLV
2779 515 2874 587 [ol.
2913 516 3116 590 XLIV]

2433 619 2501 657 AD
2541 620 2745 660 οιιυεωι
2789 623 2992 662 οοιιιυι.

2275 681 2507 745 Elevatio
2542 695 2610 746 ad
2644 705 2881 748 sanctam
2917 712 3150 752 erucem.

1995 777 2159 833 Salva
2191 797 2297 845 me,
2325 793 2511 838 sancta
2535 796 2688 850 crux,
2703 801 2822 854 qua:
2844 787 2896 840 in
2923 803 3152 859 corpere
3172 791 3372 848 Christi
3415 794 3506 849 deo

1922 858 2098 924 dicata
2119 881 2266 935 es,et
2292 887 2356 925 ex
2389 873 2752 929 membrorum
2790 875 2904 944 ejus
2940 858 3202 950 compage
3248 890 3501 952 tauquam

1921 959 2226 1031 margaritis
2241 969 2448 1027 ornata;
2464 979 2582 1032 qua:
2595 965 2840 1033 praetium
2857 977 3098 1023 nostrum
3115 981 3329 1040 portare
3344 974 3505 1042 digna

1924 1047 2068 1102 fuisti
2117 1056 2173 1103 et
2199 1049 2361 1104 vitam
2404 1061 2658 1107 aeternam
2708 1056 2862 1110 nobis
2902 1059 3150 1114 attulisti.
3183 1060 3308 1115 Jesu
3342 1063 3501 1128 bone,
3585 1051 3590 1056 ’

1919 1145 2112 1205 praesta
2135 1139 2264 1193 mihi
2278 1149 2334 1194 ut
2346 1155 2444 1210 per
2463 1141 2672 1212 signum
2685 1154 2741 1198 et
2764 1148 3155 1213 reparationem
3171 1162 3504 1206 sanetaecru-

1920 1224 2019 1290 cis,
2044 1241 2128 1280 me
2152 1229 2219 1281 ab
2251 1230 2503 1285 omnibus
2533 1231 2870 1288 inimicorum
2891 1235 3283 1293 incursionibus
3305 1239 3501 1296 liberes

1918 1322 1973 1366 et
2006 1323 2093 1368 tua
2123 1317 2361 1372 bonitate
2388 1334 2710 1389 conserves,
2754 1333 2974 1398 peccata
2998 1325 3258 1391 dimittas,
3287 1331 3500 1384 veniam

1918 1404 2258 1476 indulgentia:
2299 1409 2534 1472 tribuas;
2587 1412 2679 1479 qui
2724 1413 2860 1468 vivis
2897 1424 2954 1468 et
2978 1430 3169 1485 regnas
3197 1416 3362 1484 Deus,
3391 1428 3496 1474 etc.

2312 1498 2565 1556 ORATIO
2605 1500 2762 1557 XLVI
2798 1502 2897 1574 [οι.
2937 1503 3121 1577 XLV}.

2252 1621 2320 1659 AD
2359 1621 2599 1662 εΑΝετΑυ
2635 1626 2888 1665 νηιιιοικεη
2927 1628 3154 1667 ΙΑΒΙΑΙ.

1919 1692 2051 1746 Cum
2101 1697 2457 1752 recordatione
2500 1703 2804 1754 meritorum
2850 1705 3103 1772 ejusdem,
3147 1715 3196 1759 et
3233 1707 3496 1761 malorum

2557 1783 2731 1824 nasi-ro
2739 1789 2872 1826 rum.

1989 1853 2034 1908 Ο
2062 1853 2374 1910 beatissima
2413 1865 2468 1910 et
2497 1861 2844 1915 sanctissima
2887 1878 3102 1932 semper
3130 1866 3282 1935 virgo
3305 1866 3492 1932 Maria,

1917 1955 2045 1996 ecce
2092 1954 2211 1998 asto
2278 1959 2514 2000 tuan-ens
2561 1959 2688 2004 ante
2739 1949 2929 2005 faciem
2983 1953 3199 2021 pietatis
3253 1964 3378 2020 tuae,
3441 1966 3496 2011 et

1917 2031 2220 2086 confundor
2258 2034 2422 2090 nimis
2459 2051 2558 2105 pro
2610 2039 3101 2096 abominationibus
3142 2053 3492 2112 peccatorum

1915 2139 2181 2190 meorum,
2227 2126 2426 2195 quibus
2459 2128 2715 2184 deformis
2759 2130 2936 2186 factus
2963 2148 3084 2186 sum
3124 2143 3180 2188 et
3219 2135 3494 2192 horribilis

1914 2230 2101 2270 coram
2140 2215 2252 2271 Deo
2294 2226 2349 2273 et
2377 2227 2448 2284 te,
2486 2229 2538 2274 et
2579 2221 2785 2290 angelis
2828 2221 2945 2291 eius
2981 2233 3035 2278 et
3075 2226 3278 2281 sanctis
3317 2227 3494 2282 omni-

1913 2305 2036 2360 bus.
2097 2304 2411 2374 Expavesco
2471 2309 2823 2366 vehementer
2867 2313 3135 2382 judicium
3185 2325 3490 2372 extremum

1911 2396 2299 2466 damnationis,
2327 2402 2544 2469 quando
2586 2403 2874 2474 unicuique
2921 2407 3182 2462 divinitus
3215 2408 3485 2474 reddetur,

1907 2499 2059 2556 prout
2079 2491 2235 2560 gessit
2262 2492 2368 2546 sive
2405 2493 2618 2555 bonum,
2657 2495 2765 2548 sive
2801 2497 2996 2549 malum
3016 2496 3068 2566 (1
3079 2495 3102 2549 I
3129 2495 3254 2552 Cor.
3288 2514 3342 2565 v,
3374 2500 3485 2570 10).

1906 2580 1973 2635 Ει
1999 2583 2124 2652 quia
2169 2594 2392 2654 propter
2422 2585 2528 2642 hoc
2557 2587 2714 2640 timor
2751 2596 2799 2640 et
2839 2597 3033 2641 tremor
3061 2599 3304 2648 venerunt
3334 2606 3490 2659 super

1906 2686 2008 2736 me,
2051 2681 2098 2726 et
2124 2684 2462 2728 contexerant
2496 2691 2576 2729 me
2599 2675 2820 2729 tenebras
2845 2673 3020 2746 (l’sal.
3064 2692 3174 2742 Ltv,
3207 2679 3285 2749 6),
3318 2679 3488 2734 malo-

1907 2775 2026 2815 rum
2064 2772 2282 2818 actuum
2329 2779 2594 2831 meorum,
2643 2773 2700 2820 et
2748 2765 2962 2820 intueor
3001 2781 3087 2820 me
3129 2767 3400 2837 leprosum
3431 2776 3486 2823 et

1907 2849 2270 2918 immundum;
2325 2853 2528 2908 idcirco
2554 2868 2639 2908 me
2673 2853 2894 2924 dignum
2920 2855 3034 2910 scio
3068 2858 3312 2926 separari
3338 2873 3367 2910 a
3395 2872 3487 2912 so-

1905 2938 2103 2994 cietate
2139 2940 2396 3008 fidelium,
2437 2957 2574 3011 quos
2601 2957 2632 2996 a
2668 2957 2756 2997 me
2792 2943 3278 3000 discernitcandor
3306 2956 3362 3002 et
3383 2962 3482 3016 pu-

1907 3027 2038 3082 ritas
2085 3030 2390 3086 castitatis:
2425 3041 2706 3100 propterea
2753 3031 2889 3087 flens
2924 3043 2978 3088 et
3009 3034 3241 3104 ejulans,
3291 3037 3482 3106 depreo

1903 3132 2016 3182 cor,
2076 3119 2320 3185 Domine,
2376 3130 2644 3190 quatenus
2693 3139 2722 3176 a
2769 3138 2855 3178 me
2901 3126 3193 3193 quatriduo
3240 3139 3479 3197 mortuo,

1899 3207 2225 3264 intolerabili
2287 3211 2460 3266 fetore
2515 3213 2626 3282 jam
2683 3215 2861 3282 pleno,
2917 3215 3112 3270 faciem
3172 3227 3315 3272 tuam
3368 3236 3474 3274 non

1899 3309 2144 3366 avertas;
2203 3300 2299 3356 sed
2364 3303 2548 3372 potius
2615 3305 2850 3372 aspicias
2890 3321 3052 3375 quam
3095 3310 3244 3377 gravi
3297 3310 3477 3366 ulcere

1898 3404 2188 3458 percussus
2225 3405 2370 3458 sum,
2410 3401 2466 3447 et
2503 3393 2815 3449 consideres
2856 3395 3091 3464 qualiter
3137 3413 3222 3453 me
3265 3399 3471 3456 caelesti

1897 3480 2256 3536 medicamine
2295 3496 2478 3548 cures,
2522 3492 2686 3553 atque
2714 3483 2852 3539 Filio
2895 3493 2985 3539 tuo
3023 3487 3252 3544 Domino
3289 3499 3476 3546 nostro

1895 3569 2024 3626 Jesu
2057 3572 2296 3638 Christo,
2329 3572 2483 3642 cujus
2515 3583 2569 3629 tu
2599 3585 2774 3632 mater
2811 3589 2873 3632 es
2916 3587 2972 3632 et
3014 3579 3107 3649 qui
3136 3580 3202 3647 de
3231 3589 3283 3636 te
3313 3582 3470 3637 n'atus

1895 3673 2000 3732 est,
2026 3680 2112 3721 me
2140 3666 2492 3721 emundatum
2519 3667 2798 3724 restituas.
2841 3668 2922 3724 'l‘u
2967 3671 3112 3726 enim
3160 3673 3323 3738 nosti,
3373 3675 3471 3729 mi-

1895 3761 2327 3817 sericordissima
2366 3762 2574 3833 regina,
2621 3767 2766 3832 quod
2802 3764 2869 3818 ad
2897 3764 3002 3820 hoc
3031 3776 3156 3821 nata
3182 3783 3262 3833 es,
3291 3777 3347 3824 ut
3373 3785 3472 3838 per

1897 3859 1950 3906 te
1973 3860 2292 3906 nasceretur
2328 3852 2467 3906 idem
2510 3852 2772 3908 Dominus
2799 3863 2985 3910 noster
3011 3855 3172 3911 Jesus
3197 3856 3466 3925 Christus,

1893 3957 2054 3997 verus
2104 3941 2267 4009 Deus,
2332 3956 2493 3996 verus
2544 3942 2727 4008 homo,
2798 3943 2851 3996 in
2914 3957 3075 4012 quem
3121 3946 3470 4002 veracissime

1891 4033 2077 4100 credo,
2128 4041 2182 4087 ct
2233 4032 2302 4086 de
2343 4030 2498 4099 cujus
2531 4032 2734 4100 pietate
2755 4046 2862 4086 non
2905 4032 3160 4103 despero;
3194 4043 3332 4091 utet
3356 4036 3469 4106 ipse

1890 4126 1984 4195 qui
2035 4133 2155 4179 erat
2199 4122 2459 4178 Conditor
2516 4122 2819 4188 hominum,
2878 4125 3033 4180 fieret
3086 4136 3140 4181 et
3184 4125 3462 4195 Salvator;

1893 4223 2053 4283 teque
2087 4213 2246 4266 talem
2279 4211 2507 4267 haberet
2531 4218 2784 4276 matrem,
2820 4227 2940 4282 quae
2965 4228 3064 4283 pro
3092 4220 3466 4285 peccatoribus

1890 4305 2284 4367 interveniens,
2337 4301 2634 4371 perfectam
2681 4302 2958 4358 obtineres
2996 4305 3046 4358 ei
3093 4306 3343 4361 salutem.
3384 4308 3464 4363 'l'u

199 4397 359 4449 nium
399 4399 781 4463 merentium;
817 4399 986 4464 salve,
1009 4415 1164 4465 crux,
1200 4399 1425 4453 victoria
1455 4411 1508 4456 et
1539 4415 1662 4470 spes
1691 4417 1785 4454 no-
1817 4409 1864 4468 ι)
1891 4404 2096 4459 autem.
2141 4392 2360 4447 domina
2397 4401 2576 4445 male?
2625 4390 2764 4460 eius.
2801 4391 2951 4461 Vil‘80
2999 4391 3053 4446 ill
3093 4403 3272 4462 parm.
3313 4395 3466 4466 Virgo

197 4498 353 4550 etra;
416 4487 565 4542 salve
610 4504 766 4555 crux,
817 4489 1066 4546 defensio
1099 4498 1155 4545 et
1199 4491 1307 4544 vita
1347 4500 1550 4546 nostra.
1602 4491 1785 4556 Salve,

196 4592 363 4643 erttx,
418 4578 718 4647 redemptio
754 4588 808 4634 et
839 4580 1088 4636 liberatio
1131 4591 1339 4636 nostra.
1392 4581 1574 4648 Salve,
1627 4598 1782 4647 crux,

194 4684 420 4740 Signum
449 4670 660 4737 salutis,
691 4680 854 4741 atque
903 4672 1336 4744 inexpugnabilis
1381 4689 1568 4729 murus
1595 4683 1782 4729 contra

192 4777 426 4817 omnem
476 4763 733 4818 virtutem
795 4764 1022 4819 initnici.
1073 4764 1157 4820 Sit
1210 4766 1340 4819 mihi
1383 4781 1516 4820 crux
1571 4780 1784 4835 semper

190 4869 327 4925 spes
355 4852 779 4909 Christianitatis
819 4870 971 4909 mete.
1005 4855 1087 4910 Sit
1113 4855 1243 4911 mihi
1272 4871 1406 4909 crux
1437 4857 1780 4920 resurrectio,

189 4945 400 5002 mortis
423 4960 574 5000 mete.
606 4942 688 4998 Sit
711 4945 840 5000 mihi
868 4960 1000 5000 crux
1040 4945 1343 5013 triumphus
1388 4943 1646 4997 adversus
1677 4943 1782 4997 dre-

187 5044 414 5092 mones.
475 5037 559 5092 Sit
614 5038 742 5092 mihi
776 5053 909 5092 crux
954 5045 1128 5090 mater
1187 5033 1574 5090 consolationis
1626 5048 1778 5088 meas.

187 5127 278 5182 Sit
340 5127 474 5181 mihi
551 5144 685 5182 crux
760 5127 974 5197 requies
1049 5125 1411 5181 tribulationis
1480 5139 1631 5178 meae.
1699 5125 1782 5180 Sit

184 5219 334 5274 mihi
381 5231 516 5272 crux
561 5218 782 5273 baculus
823 5217 1121 5272 senectutis
1157 5231 1310 5269 meai.
1352 5213 1436 5269 Sit
1473 5214 1604 5269 mihi
1646 5230 1779 5270 crux

183 5306 469 5361 medicina
493 5309 862 5377 aagrotationis
893 5321 1043 5360 meze.
1078 5304 1159 5358 Sit
1189 5303 1320 5358 mihi
1354 5319 1486 5358 crux
1517 5306 1778 5374 protectio

182 5397 464 5453 nuditatis
494 5413 644 5454 meae.
681 5396 764 5452 Sit
803 5398 934 5453 mihi
978 5412 1107 5451 crux
1143 5393 1441 5450 consolatio
1469 5396 1594 5450 vita:
1621 5410 1774 5449 meae.

183 5489 275 5544 Sit
314 5489 450 5542 mihi
502 5505 637 5546 crux
679 5491 731 5544 in
771 5489 1022 5545 omnibus
1048 5487 1314 5558 angustiis
1343 5488 1477 5541 meis
1500 5486 1773 5542 solatium.

183 5577 278 5636 Sit
334 5578 467 5630 mihi
511 5595 644 5633 crux
677 5579 992 5634 remedium
1029 5580 1082 5634 in
1125 5577 1565 5634 tribulationibus
1617 5576 1772 5630 meis.

181 5665 278 5725 Sit
309 5665 444 5723 mihi
463 5683 596 5722 crux
619 5669 673 5723 in
703 5669 1107 5745 infirmitatibus
1130 5668 1264 5747 meis
1290 5666 1770 5748 medicamentum,

1890 4493 2017 4540 ante
2039 4493 2275 4555 partum,
2314 4495 2368 4538 ct
2407 4483 2559 4553 virgo
2583 4491 2704 4552 post
2729 4491 2964 4552 partum.
3007 4483 3064 4538 ln
3093 4494 3145 4540 te
3169 4497 3350 4541 manet
3375 4489 3460 4544 in-

1891 4584 2032 4630 tacta
2075 4577 2321 4640 castitas,
2371 4575 2542 4642 pudor
2584 4575 2816 4645 integer,
2851 4588 2907 4634 et
2944 4579 3098 4633 firma
3134 4581 3459 4636 constantia.

1887 4664 2015 4731 Quae
2063 4664 2262 4720 laetaris
2321 4665 2463 4734 quod
2510 4665 2661 4735 virgo
2708 4668 3022 4738 concepisti,
3059 4677 3116 4724 et
3157 4669 3301 4739 quod
3335 4671 3459 4726 cmli

1886 4756 2170 4811 Dominum
2207 4756 2371 4810 castis
2413 4754 2713 4826 visceribus
2761 4758 3015 4827 portasti,
3045 4767 3102 4814 et
3134 4759 3278 4828 quod
3307 4759 3460 4830 virgo

1885 4853 2098 4912 partum
2148 4843 2392 4910 edidisti,
2431 4852 2486 4898 et
2523 4845 2678 4917 quod
2715 4860 2776 4900 es
2812 4845 2881 4900 ab
2911 4845 3104 4914 angelo
3140 4848 3393 4910 salutata,
3425 4863 3456 4901 a

1886 4936 2090 5005 Spiritu
2127 4946 2320 4992 sancto
2345 4925 2666 4993 obumbrata
2708 4935 2863 5006 (Luc.
2891 4950 2930 5003 ι,
2961 4934 3072 5005 35).
3098 4935 3167 4990 Et
3191 4936 3333 5005 quod
3361 4953 3457 4992 an-

1883 5023 2053 5093 gelica
2085 5025 2354 5078 nuntiavit
2389 5027 2617 5095 put-itas,
2665 5023 2949 5079 inetfabilis
2983 5023 3212 5093 perfecit
3252 5025 3452 5091 Deitas,

1881 5123 2044 5184 atque
2101 5116 2268 5170 Deum
2321 5116 2468 5171 illum
2522 5117 2742 5186 gignere
2797 5116 3065 5182 meruisti,
3115 5118 3207 5186 qui
3259 5127 3452 5173 cuncta

1883 5209 2030 5263 nasci
2064 5224 2163 5262 suo
2195 5217 2326 5262 nutu
2356 5207 2627 5262 concessit

1951 5297 2052 5364 Tu,
2083 5298 2318 5360 domina,
2353 5297 2640 5352 mirabaris
2679 5307 2735 5352 et
2771 5297 3013 5366 corporis
3053 5299 3130 5354 tui
3162 5299 3447 5371 integrita-

1879 5397 2010 5456 tem,
2043 5398 2097 5444 et
2131 5397 2424 5454 conceptus
2460 5385 2862 5453 fecunditatem,
2889 5397 2945 5442 et
2980 5388 3250 5459 gaudebas
3287 5400 3436 5445 tuum

1875 5481 2116 5550 paritura
2153 5485 2456 5548 parentem,
2491 5478 2771 5533 Dominum
2802 5489 3042 5533 nostrum
3069 5477 3254 5535 Jesum
3279 5480 3436 5536 Cbri-
3465 5471 3468 5475 ’

1877 5582 2020 5626 stum
2051 5589 2063 5624 :
2094 5571 2301 5625 duobus
2342 5569 2484 5624 enim
2540 5571 2720 5642 gavisa
2763 5586 2823 5626 es
2869 5573 3200 5627 muneribus.
3231 5573 3442 5630 Miraris

1877 5664 2016 5734 quod
2046 5663 2197 5734 virgo
2225 5662 2501 5732 peperisti,
2546 5672 2599 5717 et
2630 5663 2827 5720 laetaris
2853 5662 2994 5736 quod
3024 5663 3442 5739 Redemptorem
