4048 6288
538 301 646 360 943

860 299 919 355 S.
952 296 1248 355 ANSELMI
1290 293 1639 353 CANTUAR.
1670 290 1985 347 ARCHIEP.
2018 289 2123 346 OPI

2226 288 2387 346 :‘ARS
2427 289 2491 345 ll.
2540 320 2609 329 -ο
2640 288 3009 346 ΡΑΒᾹΞΝΕΤ.
3045 291 3135 347 ΕΤ
3174 292 3415 349 ASCET.

3699 294 3806 355 9M

537 413 725 469 mundi
774 414 1013 478 edidisti,
1053 412 1236 468 Jesum
1267 410 1540 466 Christum
1569 408 1763 463 Filium
1816 406 1930 462 Dei.
1975 404 2119 472 Qua-
2146 408 2194 465 Α
2222 402 2461 472 cupisco.
2501 402 2581 457 Tu
2610 417 2758 469 vero,
2803 404 3042 471 domina,
3074 407 3334 462 omnibus
3371 407 3436 461 iis
3464 406 3810 478 adiutoribus

540 516 788 575 propter,
860 504 1150 560 inclfabilis
1218 501 1606 557 misericordiae
1668 500 1895 568 regina,
1957 498 2119 552 credo

540 598 680 666 quin]
731 611 839 650 non
885 610 946 650 es
993 608 1164 648 vacua
1206 608 1236 646 a
1271 593 1571 648 visceribus
1603 591 1842 661 pietatis,
1876 604 1997 658 qua:
2027 603 2121 658 ge-

541 687 703 739 nuisti
738 686 910 753 ipsum
958 682 1162 737 fontem
1217 682 1401 737 totius.
1433 681 1497 736 Et
1537 696 1657 750 qua:
1693 680 1904 735 iactasti
1941 678 2120 749 magni

538 777 751 831 «:misilii
782 775 1067 845 Angelum,
1106 784 1259 844 potes
1294 783 1349 829 et
1381 774 1513 829 mihi
1544 788 1665 829 esse
1692 772 1870 843 magni
1908 769 2119 826 consilii

538 867 780 935 angelus,
807 866 851 919 si
875 880 977 935 pro
1004 880 1089 919 me
1116 865 1426 934 depreceris
1458 864 1551 919 Dei
1579 863 1797 929 Filium,
1815 862 1918 932 qui
1944 875 2040 932 per
2069 867 2122 917 te

538 956 773 1022 mundo,
819 954 873 1010 in
897 971 1062 1011 carne
1102 957 1375 1025 apparuit,
1407 964 1467 1009 ut
1504 970 1666 1025 quem
1691 954 1948 1009 latentem
1981 953 2121 1021 apud

458 1030 465 1036 ’
538 1048 754 1101 Patrem
813 1047 1145 1116 incognitum
1187 1045 1420 1101 habebat
1474 1046 1726 1110 mundus,
1770 1051 2120 1115 apparentem

537 1153 638 1207 per
682 1152 903 1211 carnem
952 1145 1295 1207 agnosceret,
1357 1145 1411 1191 et
1456 1137 1698 1207 agnitum
1749 1135 2018 1199 crederet,
2067 1142 2119 1188 et

537 1226 809 1281 credendo
834 1227 887 1280 in
913 1242 1034 1282 eum
1068 1228 1373 1282 salvaretur
1395 1242 1488 1296 per
1530 1226 1712 1280 fidem.
1746 1225 1845 1292 Qui
1875 1239 1978 1280 suo
2004 1226 2123 1279 ine-

537 1315 800 1371 narrabili
852 1330 1079 1372 munere
1135 1317 1387 1387 praistitit
1434 1328 1491 1371 ut
1526 1325 1719 1371 natura
1766 1317 1996 1370 humana
2053 1315 2120 1371 ad

543 1407 952 1463 similitudinem
1007 1409 1087 1463 sui
1138 1410 1353 1464 condita
1401 1409 1695 1472 Creatoris,
1724 1407 2000 1463 dissimilis
2024 1422 2122 1478 per

538 1506 822 1566 peccatum
864 1506 919 1551 et
953 1508 1183 1551 mortem
1223 1494 1412 1553 effecta
1463 1512 1803 1568 nequaquam
1837 1497 1889 1550 in
1917 1505 2118 1551 aeterna

540 1588 887 1642 damnatione
936 1588 1166 1656 periret;
1201 1589 1294 1643 sed
1338 1587 1482 1641 illam
1528 1602 1622 1655 per
1648 1597 1699 1642 te
1726 1602 1821 1642 sua
1853 1587 2119 1640 immensa

540 1675 748 1743 pietate
776 1686 1084 1745 repararet,
1110 1686 1163 1731 et
1195 1686 1247 1730 nt
1284 1686 1337 1730 tn
1376 1692 1510 1730 nova
1538 1687 1589 1731 et
1619 1677 1938 1731 intemerata
1967 1675 2119 1747 virgo

539 1764 750 1821 {acinus
778 1768 1015 1835 antiquae
1043 1767 1302 1836 viraginis
1331 1768 1604 1835 expiarcs.

612 1860 773 1928 277
802 1858 846 1913 0
870 1860 1242 1913 admirandam
1266 1860 1461 1913 divinae
1475 1858 1896 1929 dispensationis
1926 1872 2119 1930 opera-

542 1950 786 2004 tionem?
816 1950 894 2003 Τιι
926 1950 1205 2005 benedicta
1249 1951 1391 2005 inter
1434 1965 1624 2005 omnes
1652 1950 1905 2005 mulieres
1944 1952 2118 2007 virum

540 2054 646 2093 non
679 2039 1011 2109 cognovisti;
1058 2048 1114 2093 et
1153 2049 1328 2094 mater
1352 2057 1433 2105 es,
1460 2049 1514 2094 et
1547 2050 1671 2111 post
1709 2040 1903 2097 Filium
1933 2052 2120 2100 natum

541 2129 693 2200 virgo
736 2129 1105 2199 permansisti.
1150 2129 1303 2185 Hanc
1350 2130 1511 2185 fidem
1559 2140 1803 2185 sanctam
1836 2141 2121 2201 postquam

541 2220 783 2290 suscepi,
829 2220 1070 2285 domina,
1110 2235 1215 2275 non
1263 2234 1481 2291 semper
1508 2231 1658 2276 recto
1700 2222 1915 2277 tramite
1952 2224 2118 2289 tenui,

540 2302 796 2379 quoniam
828 2311 1111 2380 praeceptis
1150 2311 1267 2378 ejus
1297 2326 1404 2364 non
1447 2310 1681 2365 obedivi.
1711 2310 1919 2377 Quibus
1950 2313 1993 2367 si
2028 2329 2123 2381 pa-

538 2415 663 2456 rere
690 2401 1038 2467 studuissem,
1094 2415 1179 2454 me
1214 2403 1279 2454 ad
1319 2411 1370 2455 te
1415 2401 1735 2457 clamantem
1766 2403 1926 2458 facile
1970 2404 2123 2458 audi-

539 2506 651 2557 res,
699 2506 860 2561 quem
897 2491 1110 2562 placere
1154 2492 1265 2548 ﬁlio
1293 2501 1387 2546 tuo
1433 2493 1624 2548 scires.
1655 2495 1723 2547 At
1750 2495 1876 2564 quia
1909 2496 2123 2550 seduxit

538 2597 629 2638 me
654 2584 827 2638 hostis
866 2584 1147 2653 antiquus,
1189 2593 1244 2639 et
1270 2585 1486 2651 sagittis
1514 2586 1633 2639 suis
1681 2587 1987 2641 vulneravit
2014 2604 2120 2654 me,

537 2680 593 2727 et
613 2674 853 2727 vestibus
880 2674 1126 2728 candidis
1153 2674 1322 2738 exuit,
1350 2682 1514 2742 atque
1542 2674 1710 2745 nigris
1734 2685 1788 2729 et
1810 2676 2126 2746 lacrymosis

540 2779 606 2819 ac
643 2765 916 2820 semiustis
964 2768 1086 2838 igne
1132 2779 1482 2839 peccatorum
1533 2783 1773 2824 meorum
1807 2771 2003 2834 lflllllll,
2047 2769 2125 2824 id-

540 2856 689 2910 circo
747 2857 1079 2915 deformibus
1135 2862 1377 2916 vestibus
1407 2861 1625 2916 indutus
1677 2861 1950 2929 apparebo
2008 2860 2122 2915 tibi.

540 2944 861 3015 Propterea,
923 2950 1345 3006 clementissima
1400 2953 1584 3022 regina
1638 2962 1693 3006 et
1750 2953 2001 3017 domina,
2061 2968 2127 3008 ne

542 3047 860 3094 contemnas
915 3054 1031 3105 me;
1083 3041 1175 3096 sed
1233 3056 1443 3096 memor
1490 3042 1797 3112 fragilitatis
1851 3044 2121 3109 humanis,

2224 494 2415 547 melior
2458 503 2513 547 et
2558 493 2828 549 excelsior
2872 510 2961 559 es;
3010 497 3137 564 quia
3189 497 3305 551 istis
3353 506 3408 551 et
3438 497 3560 553 aliis
3605 500 3814 553 sanctis

2220 581 2493 645 omnibus,
2528 580 2692 635 etiam
2742 582 3009 651 angelicis
3045 584 3346 653 spiritibus.
3394 601 3493 641 nec
3526 594 3637 642 n‘on
3671 589 3812 659 regi-

2221 672 2322 726 bus
2360 681 2414 728 et
2458 673 2815 742 potestatibus
2861 676 3080 739 mundi,
3122 677 3411 741 divitibus,
3452 681 3812 749 pauperibus,

2222 762 2478 828 dominis,
2500 764 2695 827 servis,
2724 765 3022 834 majoribus
3045 775 3100 820 et
3127 768 3430 823 minoribus
3460 770 3687 824 domina
3719 787 3813 839 es,

2221 863 2276 907 et
2314 854 2457 923 quod
2506 864 2731 923 possunt
2774 870 2966 923 omnes
3014 858 3103 911 isti
3156 867 3357 922 tecum,
3408 870 3461 912 tu
3510 860 3627 915 sola
3658 872 3815 932 potes

2222 947 2340 1015 sine
2366 945 2473 1000 illis
2512 947 2785 1002 omnibus.
2815 948 2996 1015 Quare
3022 949 3128 1004 hoc
3157 958 3309 1020 potes
3333 951 3360 1005 ?
3383 951 3524 1018 Quia
3550 962 3731 1009 mater
3754 970 3815 1010 es

2223 1034 2521 1091 Salvatoris
2548 1039 2741 1101 nostri,
2779 1055 2977 1109 sponsa
3026 1036 3141 1106 Dei,
3173 1044 3354 1112 regina
3386 1046 3511 1098 εωιὶ
3548 1055 3605 1101 et
3629 1054 3811 1112 terra,

2220 1133 2278 1179 et
2316 1126 2557 1181 omnium
2601 1128 3013 1185 elementorum.
3067 1130 3143 1187 Te
3184 1147 3318 1202 ergo
3358 1134 3609 1203 requiro,
3642 1135 3713 1189 ad
3762 1146 3815 1192 te

2221 1214 2497 1285 confugio,
2524 1227 2579 1271 et
2609 1226 2661 1271 tu
2709 1233 2796 1272 me
2839 1234 2935 1288 per
2962 1221 3144 1274 omnia
3190 1222 3435 1290 adiuves,
3486 1224 3815 1292 suppliciter

2221 1313 2364 1372 peto.
2395 1304 2472 1360 Te
2500 1314 2733 1372 tacente,
2775 1308 2953 1364 nullus
2997 1310 3195 1374 orabit,
3248 1312 3426 1367 nullus
3446 1311 3685 1381 iuvabit.
3739 1316 3816 1371 'l‘e

2221 1403 2433 1461 orante,
2471 1410 2662 1452 omnes
2690 1399 2945 1463 orabunt,
2983 1399 3481 1467 omnesiuvabunt.

2292 1482 2485 1538 lﬁllies
2511 1495 2738 1541 centena
2789 1487 2956 1541 millia
2989 1488 3269 1542 hominum
3299 1491 3509 1559 (regina
3540 1492 3814 1566 piissima)

2221 1575 2287 1629 ad
2319 1584 2371 1631 te
2399 1576 2657 1637 clamant.
2688 1587 2743 1632 at
2770 1594 2961 1635 omnes
2988 1579 3307 1645 salvantur;
3335 1590 3391 1636 et
3431 1596 3534 1652 ego
3559 1583 3817 1640 clamabo

2221 1666 2287 1720 ad
2316 1673 2388 1730 te,
2436 1676 2622 1721 etnon
2672 1667 3016 1722 anxiliabor?
3058 1669 3283 1724 forsitan
3334 1686 3475 1737 non;
3529 1674 3664 1741 quia
3707 1674 3817 1729 illis

2152 1754 2196 1809 B
2223 1756 2474 1813 omnibus
2519 1772 2635 1811 sum
2668 1758 2817 1827 pejor
2858 1768 2912 1814 et
2957 1761 3246 1829 pessimus.
3298 1760 3439 1828 Quid
3469 1764 3645 1819 inde?
3683 1764 3818 1821 Pro-

2222 1857 2408 1918 pterea
2448 1864 2555 1904 non
2590 1851 2800 1905 tacebo.
2833 1852 3086 1907 Clamans
3120 1853 3285 1922 igitur
3332 1853 3611 1911 vociferor
3638 1858 3710 1911 ad
3740 1866 3816 1913 te.

2222 1937 2449 2009 Egregia
2490 1941 2661 2010 virgo,
2702 1948 2758 1995 et
2788 1941 3032 2009 piissima
3083 1943 3339 2009 domina,
3369 1960 3536 2014 parce
3578 1948 3716 2003 mihi
3763 1958 3817 2003 et

2222 2030 2419 2083 exaudi
2461 2044 2566 2083 me.
2604 2031 2809 2085 Exaudi
2840 2032 3123 2097 miserum,
3150 2043 3204 2086 et
3229 2034 3408 2090 solare
3452 2049 3813 2104 maerentem;

2224 2121 2481 2190 recollige
2500 2132 2803 2190 errantem,
2827 2123 3009 2178 refove
3029 2124 3435 2194 desperantem.
3464 2125 3616 2181 Sana
3646 2129 3702 2182 in
3729 2143 3816 2185 me

2224 2225 2344 2279 quae
2372 2212 2640 2280 conspicis
2668 2212 2913 2277 vulnera,
2951 2227 3048 2282 per
3088 2223 3178 2269 tua
3208 2225 3397 2270 sancta
3426 2218 3813 2284 medicamina,
3889 2250 3896 2258 -

2227 2303 2523 2372 tollensque
2551 2318 2581 2357 a
2609 2319 2694 2358 me
2724 2306 2938 2359 sordida
2966 2306 3299 2372 indumenta,
3324 2309 3515 2364 viridia
3545 2320 3603 2364 et
3636 2311 3815 2380 splen-

2214 2394 2347 2450 dida
2380 2396 2594 2466 porrige
2625 2398 2970 2463 vestimenta,
3002 2399 3200 2467 quibus
3243 2416 3328 2455 me
3358 2412 3683 2457 renovatum
3724 2418 3811 2458 re-

2226 2496 2526 2556 praesentes
2578 2487 2686 2541 ﬁlio
2737 2498 2827 2542 tuo
2856 2488 3088 2544 Domino
3142 2498 3328 2545 nostro
3380 2489 3509 2546 Jesu
3570 2494 3812 2549 Christo.

2227 2577 2355 2631 Esto
2397 2577 2527 2630 mihi
2568 2587 2754 2631 contra
2798 2579 3073 2633 diabolum
3116 2582 3281 2634 turris
3309 2582 3672 2646 fortitudinis,
3700 2599 3814 2637 tuu-

2228 2682 2322 2721 rus
2386 2666 2837 2737 inexpugnabilis,
2890 2669 3176 2724 brachium
3235 2670 3595 2726 defensionis.
3661 2673 3811 2728 illum

2227 2767 2413 2812 contra
2468 2772 2553 2813 me
2602 2758 2913 2814 saevientem
2966 2761 3201 2831 suscipe,
3255 2770 3310 2817 et
3362 2777 3431 2818 ne
3474 2778 3562 2818 me
3611 2765 3817 2821 viribus

2230 2847 2548 2902 imbecillem
2595 2850 2793 2903 astutia
2837 2866 2933 2904 sua
2968 2850 3261 2917 confodiat,
3318 2861 3373 2906 tu
3419 2852 3815 2910 invincibiliter

2229 2954 2488 3010 repugna.
2538 2939 2632 2994 Ille
2678 2941 2907 2995 callidus
2944 2951 3028 2996 est
3073 2952 3128 2997 et
3156 2942 3555 3008 fraudulentus,
3612 2956 3668 3000 et
3713 2962 3816 3001 non

2230 3031 2419 3083 metuit
2468 3045 2709 3100 pugnare
2758 3040 2948 3086 contra
2979 3032 3185 3098 fortes,
3230 3035 3325 3089 sed
3379 3035 3617 3105 majores
3674 3038 3813 3091 vires

542 3140 720 3181 annue
750 3142 818 3183 ne
846 3088 1138 3197 despeians
1186 3129 1411 3201 fugiam,
1451 3132 1546 3186 sed
1576 3088 1901 3200 compede,“
1932 3088 2196 3191 consolc
2228 3118 2389 3174 infert
2422 3120 2737 3175 tentationis
2775 3131 2964 3176 contra
2990 3122 3198 3178 validos
3237 3137 3399 3193 quam
3430 3134 3630 3179 contra
3662 3126 3811 3180 infir-

542 3217 800 3273 lationem
833 3227 1000 3284 tuam,
1048 3235 1211 3290 quam
1261 3230 1389 3277 tunc
1434 3221 1652 3277 evenire
1682 3225 1941 3292 probabo,
1976 3224 2023 3278 si
2058 3240 2121 3278 ea

540 3320 664 3375 qua
686 3317 813 3361 sunt
843 3309 895 3362 in
929 3326 1015 3364 me
1063 3311 1310 3367 incendia
1351 3312 1639 3366 criminum
1669 3322 1723 3367 et
1753 3313 2120 3383 iniquitatum,

541 3408 598 3454 et
644 3402 915 3471 praecipue
969 3402 1184 3457 illarum
1243 3402 1442 3474 quibus
1495 3402 1910 3473 infatigabiliter
1962 3420 2121 3469 uror,

541 3493 803 3564 paulatim
850 3495 904 3549 in
951 3510 1036 3549 me
1080 3495 1313 3551 deficere
1360 3506 1447 3549 tua
1497 3496 1703 3550 virtute
1741 3504 1903 3564 atque
1952 3496 2124 3549 imbre

528 3586 999 3641 'intercessionum
1047 3598 1262 3642 tuarum
1314 3588 1585 3657 exstingui
1634 3587 1685 3641 in
1714 3590 1880 3643 corde
1925 3604 2045 3643 meo
2072 3598 2127 3643 et

543 3691 772 3746 corpore
794 3691 1132 3745 persensero.

616 3766 662 3822 Ο
708 3767 783 3820 ιιιὶ
822 3768 1059 3832 domina,
1102 3768 1230 3838 quid
1259 3768 1461 3833 dicam,
1495 3766 1578 3821 vel
1628 3767 1753 3836 quid
1799 3766 2042 3821 faciam?
2070 3769 2124 3821 ln

545 3858 783 3913 tenebris
803 3874 943 3925 sum,
972 3868 1027 3914 et
1050 3859 1231 3915 lumen
1259 3859 1380 3915 (εωιί
1413 3875 1520 3913 non
1549 3860 1725 3913 video.
1756 3859 1869 3925 Quo
1895 3861 2000 3925 ibo,
2032 3870 2124 3914 aut

542 3963 646 4018 quo
707 3965 739 4002 a
798 3948 933 4017 facie
989 3948 1086 4002 filii
1148 3950 1221 4004 tui
1283 3948 1580 4017 iudicantis
1634 3948 1882 4018 fugiam?
1949 3948 2120 4019 (Psal.

548 4051 810 4103 cxxxvm,
829 4037 907 4108 5.)
939 4037 1054 4091 Non
1084 4040 1150 4092 ad
1205 4038 1467 4093 orientem
1498 4046 1593 4091 aut
1618 4038 1921 4102 meridiem,
1948 4038 2029 4093 vel
2058 4039 2125 4092 ad

543 4144 793 4184 occasum
822 4138 915 4183 aut
954 4129 1021 4183 ad
1067 4130 1393 4199 aquilonem,
1438 4128 1522 4182 vel
1567 4128 1619 4182 in
1648 4129 1916 4197 profundo
1944 4130 2123 4199 abyssi

543 4221 718 4276 habeo
759 4220 1044 4291 effugium;
1091 4221 1288 4290 ubique
1334 4219 1479 4275 filius
1519 4228 1661 4285 tuus,
1707 4220 1905 4289 ubique
1958 4230 2123 4285 totus,

543 4311 745 4379 ubique
787 4326 1044 4379 praesens,
1091 4311 1290 4380 ubique
1334 4310 1647 4364 discernens
1685 4318 1739 4364 et
1781 4310 1960 4364 omnia
1986 4310 2125 4379 iudi-

2225 3228 2364 3267 mos.
2401 3213 2480 3267 Tu
2513 3223 2711 3278 tamen,
2742 3215 2979 3272 caelestis
3010 3217 3341 3281 auxiliatrix,
3374 3232 3497 3287 qua:
3541 3221 3687 3274 nosti
3715 3220 3811 3275 do—

2226 3303 2469 3360 lositatcs
2497 3305 2632 3374 ejus,
2668 3307 2748 3361 sic
2770 3322 3062 3363 commune
3086 3310 3255 3363 robur
3283 3309 3419 3377 ejus,
3453 3318 3514 3363 ut
3547 3326 3637 3367 me
3667 3312 3807 3365 nulla

2227 3394 2396 3464 ipsius
2461 3396 2656 3450 callida
2733 3399 3005 3468 suggestio
3079 3399 3314 3469 decipiat
3368 3401 3654 3467 tentando;
3721 3402 3811 3459 sed

2226 3499 2349 3539 cum
2381 3486 2570 3541 nititur
2597 3487 2865 3556 decipere,
2900 3489 3015 3557 ipse
3059 3490 3340 3555 contusus,
3383 3505 3452 3546 ex
3493 3502 3584 3546 tua
3611 3494 3806 3546 virtute

2228 3588 2517 3645 superatus
2553 3578 2819 3643 discedat,
2858 3588 2913 3633 et
2948 3594 3052 3651 ego
3097 3580 3337 3635 misellus
3375 3590 3463 3636 tua
3497 3582 3806 3640 defensione

2227 3676 2524 3737 protectus,
2567 3683 2598 3722 a
2646 3680 2733 3723 tua
2764 3669 2971 3740 ﬁliique
3022 3671 3099 3726 tui
3145 3671 3305 3728 laude
3357 3688 3639 3744 nunquam
3668 3675 3805 3745 quie-

2225 3774 2394 3815 scam.

2296 3850 2427 3915 Fac,
2456 3865 2489 3905 ο
2520 3851 2642 3906 felix
2675 3850 2893 3906 domina
2924 3860 2979 3907 et
3011 3852 3156 3906 omni
3188 3852 3350 3908 laude
3375 3853 3715 3923 dignissima,
3745 3861 3796 3908 ut

2226 3957 2325 4012 ego
2372 3942 2601 3997 famulus
2646 3952 2771 3997 tuus
2814 3943 2905 4011 qui
2952 3944 3004 3997 in
3053 3953 3161 3998 tota
3210 3943 3555 4015 longaevitate
3598 3946 3791 4000 dierum

2227 4047 2469 4088 meorum
2502 4034 2885 4088 miserabiliter
2913 4050 3010 4104 per
3044 4036 3275 4105 abrupta
3296 4046 3652 4105 peccatorum
3678 4052 3791 4091 cor-

2230 4124 2334 4187 rui,
2368 4137 2512 4177 nunc
2549 4123 2604 4177 in
2645 4125 2909 4178 extremis
2937 4124 3146 4193 positus
3176 4123 3392 4189 diebus,
3437 4140 3597 4195 agam
3637 4124 3791 4196 potni-

2233 4216 2455 4268 tentiam
2494 4229 2594 4284 pro
2638 4216 2875 4283 peccatis
2920 4216 3054 4270 meis
3082 4230 3418 4287 quaecunque
3465 4218 3609 4288 gessi
3639 4218 3790 4272 inoo-

2226 4308 2506 4378 gitatione,
2559 4309 2857 4374 voluntate,
2903 4310 3218 4385 operatione
3263 4319 3319 4365 et
3362 4310 3699 4382 negligentia.
3729 4308 3784 4363 Et

544 4415 704 4463 cans,
755 4409 810 4454 ct
853 4415 1016 4471 super
1060 4402 1301 4456 cmlestia
1348 4401 1619 4455 habitans.
1668 4400 1767 4467 Qui
1819 4400 1863 4454 si
1901 4416 1986 4455 me
2030 4416 2127 4470 pro
2160 4398 2480 4479 unamvis
2506 4398 2829 4461 diutissime,
2874 4400 2975 4454 hoc
3002 4409 3105 4465 est,
3150 4401 3218 4456 ab
3243 4402 3471 4457 exordio
3494 4402 3619 4456 vita:
3648 4415 3781 4464 mea,

545 4488 683 4541 meis
736 4487 945 4542 actibus
1000 4488 1147 4558 iuste
1188 4488 1553 4559 iudicaverit,
1609 4488 1941 4556 expediisset
1993 4489 2125 4542 tnihi

546 4578 720 4646 magis
762 4586 820 4630 ut
849 4587 1144 4647 conceptus
1191 4594 1296 4633 non
1345 4593 1543 4643 essem,
1599 4590 1691 4632 ant
1747 4588 1905 4632 natus
1938 4579 2122 4633 statim

546 4667 897 4722 interiissem.
939 4666 1050 4722 Nec
1081 4668 1181 4722 hoc
1223 4669 1352 4722 mihi
1383 4671 1646 4738 prollcere
1676 4670 1969 4739 potuisset,
2002 4669 2126 4738 quia

545 4760 599 4812 in
643 4758 882 4828 peccatis
933 4767 1062 4812 tunc
1112 4768 1406 4827 conceptus
1433 4767 1485 4812 et
1536 4768 1718 4822 natus,
1755 4770 1807 4814 et
1876 4759 1991 4814 sine
2035 4763 2127 4814 ba-

546 4850 743 4919 ptismo
766 4859 1009 4904 mortuus
1024 4848 1229 4919 absque
1248 4848 1408 4903 dubio
1428 4849 1727 4918 periissem.
1763 4851 1874 4919 Ego
1897 4865 2128 4920 namque

545 4942 612 4993 de
639 4940 1014 5009 peccatoribus
1044 4950 1338 5011 conceptus
1363 4948 1417 4995 et
1444 4948 1603 4995 natus
1633 4950 1910 5009 peccator,
1948 4941 2128 5009 bapti-

545 5044 699 5087 zatus
729 5043 783 5086 et
811 5031 1070 5096 salvatus,
1104 5033 1297 5086 iterum
1344 5040 1599 5100 peccator
1651 5031 1827 5086 factus
1869 5046 2009 5085 sum.
2063 5031 2128 5085 Et

545 5139 650 5177 non
717 5122 838 5176 talis
891 5132 950 5176 ut
1007 5132 1188 5187 antea,
1239 5122 1335 5179 sed
1387 5123 1657 5178 sordidior
1704 5131 1759 5177 et
1804 5122 2138 5187 immanior;-

544 5216 799 5283 qnouiam
870 5216 993 5270 talis
1060 5231 1178 5270 sum
1238 5216 1453 5285 qualem
1517 5215 1754 5284 peiorem
1812 5230 1917 5269 non
1967 5216 2129 5270 habet

545 5304 799 5358 mundus.
858 5304 982 5359 Ideo
1034 5305 1198 5360 talem
1248 5304 1549 5374 adiutorem
1607 5305 1844 5374 requiro,
1911 5308 2125 5373 qualem

544 5404 666 5463 post
692 5395 860 5450 lilium
886 5405 1033 5450 tuum
1065 5398 1326 5465 potiorem
1357 5405 1411 5449 et
1436 5399 1712 5451 meliorem
1744 5398 1989 5451 invenire
2020 5413 2124 5450 non

545 5495 723 5552 potest
757 5486 1011 5542 mundus.
1063 5486 1236 5543 Habet
1263 5488 1412 5543 orbis
1441 5489 1730 5557 apostolos,
1764 5489 2125 5558 patriarchas,

547 5580 858 5646 p'ophetas,
911 5589 1200 5649 martyres,
1245 5580 1605 5646 confessurus,
1649 5582 1907 5650 virgines,
1958 5582 2129 5637 bones

552 5677 607 5721 et
648 5672 879 5733 optimos
924 5671 1214 5737 adiutores,
1253 5658 1388 5741 quos
1418 5686 1516 5740 ego
1561 5672 1781 5743 supplex
1811 5687 1969 5727 orare
1999 5689 2128 5727 con~

2235 4499 2404 4554 usque
2435 4486 2487 4538 in
2529 4485 2669 4540 hanc
2699 4486 2909 4550 horam,
2942 4489 3401 4556 perseveraverim
3449 4490 3501 4543 in
3533 4489 3661 4560 ipsis
3685 4499 3788 4558 qua:

2233 4576 2370 4646 coepi
2420 4576 2686 4645 peccatis;
2739 4587 2794 4630 tu
2844 4586 3051 4642 tamen,
3082 4577 3347 4633 editorum
3392 4577 3601 4647 regina,
3627 4577 3787 4633 obtine

2232 4668 2374 4737 apud
2399 4667 2879 4722 clementissimum
2915 4668 3083 4722 filium
3115 4678 3288 4734 tuum,
3313 4680 3372 4724 ut
3399 4670 3540 4724 ultra
3580 4686 3683 4725 non
3710 4682 3779 4722 re-

2231 4765 2357 4825 gnet
2386 4756 2641 4824 iniquitas
2688 4757 2742 4811 in
2783 4772 2889 4821 mc,
2921 4757 3018 4812 sed
3063 4758 3235 4812 virtus
3260 4758 3589 4815 divinitatis.
3623 4759 3787 4815 Virtu-

2232 4856 2344 4901 tum
2388 4857 2444 4902 et
2472 4849 2779 4903 orationum
2830 4849 2989 4919 copia
3023 4865 3110 4905 me
3153 4850 3439 4917 iustificet,
3491 4851 3789 4908 mundetet

2230 4938 2459 5003 muniat,
2501 4949 2555 4993 et
2587 4955 2682 5006 per
2719 4941 2942 4994 semitas
2981 4940 3207 5008 iustitiae
3229 4941 3554 4997 deducendo
3602 4943 3670 4997 ad
3706 4942 3786 4994 bo-

2230 5046 2357 5084 num
2408 5032 2827 5099 perseverantiae
2879 5033 3145 5102 perducat
3179 5042 3234 5088 et
3285 5035 3569 5102 provehat.
3614 5035 3667 5089 In
3710 5048 3791 5088 ex-

2231 5122 2419 5177 tremis
2461 5138 2676 5191 quoque
2724 5125 2849 5179 vitze
2895 5125 3132 5192 positum
3169 5124 3313 5178 nulla
3348 5141 3434 5180 me
3473 5126 3674 5180 oblivio
3710 5126 3791 5178 he-

2228 5210 2396 5276 betet,
2444 5211 2640 5282 lingua:
2678 5212 2912 5268 offcium
2951 5211 3148 5269 nullius
3191 5215 3462 5283 passionis
3487 5214 3674 5268 vitium
3705 5214 3788 5264 im-

2229 5300 2431 5368 pediat.
2471 5300 2804 5370 Expletoqne
2830 5302 3037 5355 dierum
3066 5317 3311 5355 meorum
3362 5316 3613 5365 numero,
3643 5310 3793 5369 atque

2228 5389 2469 5458 perfecto
2509 5390 2561 5443 in
2588 5404 2675 5443 me
2711 5389 2964 5447 Ecclesia:
2990 5400 3178 5444 Sancto
3215 5390 3546 5455 ministerio,
3594 5400 3791 5444 merear

2230 5485 2430 5553 suscipi
2454 5485 2524 5539 ab
2547 5482 2740 5551 angelo
2764 5481 2920 5547 lucis,
2948 5493 3002 5537 et
3026 5478 3245 5537 liberari
3276 5483 3346 5538 ab
3373 5482 3568 5554 angelo
3597 5478 3796 5541 mortis,

2230 5592 2296 5632 ac
2321 5575 2550 5645 perferri
2576 5584 2703 5630 ante
2726 5574 2962 5631 tribunal
2988 5576 3213 5645 piissimi
3238 5576 3460 5646 iudicis,
3490 5576 3581 5631 ubi
3611 5588 3704 5647 per
3730 5580 3797 5635 te.

2232 5673 2470 5735 domina,
2497 5662 2791 5742 percipiam
2818 5671 3053 5740 quietem
3068 5670 3349 5742 pacisvitaa
3360 5680 3598 5728 uterne.
3618 5669 3800 5726 Amen.
