4048 6288
242 403 348 467 9ιὸ

605 521 866 580 ORATIO
905 519 1089 577 XLVII
1123 519 1223 595 [οι.
1262 517 1469 592 XLVI].

579 628 647 668 AD
683 629 924 670 SANC'I‘AII
962 626 1219 667 VIRGINEII
1258 624 1485 666 IARIAI.

312 707 630 763 Beatissima
678 707 771 760 Dei
802 706 1036 776 genitrix
1061 714 1117 759 et
1146 705 1297 772 virgo
1340 710 1598 775 perpetua
1635 699 1823 765 Maria,

241 799 546 856 sacrarium
588 799 833 853 omnium
881 798 1164 860 virtutmn,
1219 794 1487 867 gignendo
1538 793 1825 848 Dominum

242 891 506 945 virtutum
536 897 591 944 et
634 902 816 959 regem
866 887 1050 959 gloria:
1098 881 1396 949 Christum,
1434 900 1531 957 per
1572 885 1824 939 eumdem

245 980 415 1036 Deum
458 987 513 1033 et
538 978 825 1034 Dominum
873 988 1117 1033 nostrum
1146 975 1332 1032 Jesum
1354 975 1633 1031 Christum
1663 974 1822 1046 quem

245 1070 491 1127 meruisti
535 1085 825 1141 generare,
878 1069 973 1124 tibi
1002 1070 1097 1125 ad
1154 1078 1415 1123 :eternam
1463 1068 1716 1140 gloriam,
1771 1076 1828 1123 et

240 1160 401 1213 nobis
444 1158 513 1212 ad
542 1166 799 1212 aeternam
848 1156 1099 1219 salutem,
1134 1171 1327 1225 precor
1370 1172 1468 1227 per
1523 1166 1668 1211 tuam
1716 1156 1827 1211 cle-

243 1248 502 1304 mentiam
527 1246 826 1319 sull‘ragare
855 1248 984 1303 mihi
1016 1249 1161 1302 onmi
1193 1248 1565 1305 misericordia
1601 1247 1824 1320 indigno

239 1340 384 1410 apud
425 1339 661 1396 divinam
706 1339 1064 1409 maiestatem,
1115 1340 1559 1413 exorabilemque
1607 1346 1659 1395 te
1700 1355 1826 1411 pre-

237 1432 399 1488 cibus
429 1431 559 1485 tanti
586 1431 890 1501 peccatoris
911 1432 1176 1501 praebere,
1214 1430 1453 1497 domina,
1491 1445 1561 1485 ne
1583 1428 1823 1496 diﬁ‘eras,

236 1538 309 1577 ea
352 1538 456 1593 qua
487 1532 542 1579 et
570 1523 922 1578 beatitudinis
966 1521 1196 1577 felicitas
1237 1531 1293 1577 et
1337 1521 1639 1593 redemptio
1666 1523 1826 1579 nobis

237 1615 413 1669 venit.
459 1614 735 1686 Siquidem
767 1613 1008 1677 omnino,
1054 1612 1272 1668 Deifera
1324 1613 1670 1668 sanctissima
1715 1612 1826 1684 Ma-

238 1704 348 1768 ria,
374 1704 627 1774 indignus
652 1718 771 1757 sum
811 1711 864 1758 te
892 1703 1046 1758 adire
1082 1693 1397 1772 precatum;
1432 1701 1527 1757 sed
1572 1702 1825 1758 liduciam

237 1793 357 1862 spei
389 1809 523 1848 mea:
567 1794 817 1849 attribuit
860 1792 1173 1848 recordatio
1204 1791 1496 1848 multorum
1542 1790 1819 1849 Christum

1660 398 2069 458 ORATIONES.

1851 521 1904 580 Α
1954 528 1958 534 λ

3399 392 3503 453 946

2258 513 2514 572 ORATIO
2552 511 2763 570 XLVIII
2803 513 2897 588 [οἱ.
2926 513 3156 590 XLVII].

2251 620 2320 659 AD
2369 620 2611 660 SANC'I'AI
2657 619 2911 660 VIBGINEI
2957 620 3184 661 IARIAI'.

1998 698 2199 753 Sancta
2227 705 2284 752 et
2310 697 2543 771 gloriosa
2580 695 2675 752 Dei
2703 696 2957 768 genitrix,
2993 712 3312 767 semperque
3350 698 3504 765 virgo

1926 788 2114 854 Maria,
2164 804 2284 859 quze
2313 789 2514 844 mundo
2564 788 2810 843 meruisti
2841 802 3103 863 generare
3141 788 3502 855 Salvatorem,

1926 881 2120 937 exaudi
2152 896 2238 936 me
2262 890 2318 935 et
2358 881 2617 936 miserere
2647 881 2750 936 mei
2777 898 2923 937 nunc
2960 893 3015 938 et
3038 898 3252 954 semper
3282 890 3505 952 prepler

1929 970 2186 1024 honorem
2216 978 2419 1024 sancta:
2447 977 2504 1023 et
2531 969 2998 1026 excellentissima;
3024 969 3349 1043 virginitatis
3375 979 3502 1025 tute.

1927 1057 2007 1116 Te
2044 1060 2307 1133 deprecor
2334 1058 2638 1126 humiliter,
2687 1070 2804 1116 esto
2848 1062 2976 1116 mihi
3031 1063 3291 1118 salvatrix
3321 1071 3376 1116 et
3405 1060 3504 1116 ad—
3544 1052 3557 1063 ’

1921 1150 2094 1221 jutrix
2136 1152 2278 1223 apud
2322 1152 2492 1207 Deum
2522 1152 2971 1223 omnipotentem,
3005 1164 3064 1208 ut
3106 1154 3222 1224 ipse
3261 1169 3347 1209 me
3386 1153 3519 1223 pius-

1925 1250 2112 1312 pastor
2138 1249 2193 1296 et
2216 1241 2469 1312 princeps
2495 1241 2651 1311 pacis
2679 1256 2709 1295 a
2740 1250 3090 1312 peccatorum
3116 1258 3361 1298 meorum
3378 1258 3505 1296 'ma-

1925 1332 2062 1388 culis
2084 1332 2362 1399 emundet,
2407 1340 2464 1387 et
2490 1332 2560 1387 ab
2605 1330 2801 1387 inl‘erni
2847 1332 3084 1388 tenebris
3112 1333 3331 1403 eripiat,
3358 1341 3416 1387 et
3441 1331 3511 1387 ad

1926 1421 2093 1499 vitam
2136 1420 2397 1491 perducat
2424 1430 2702 1477 aeternam.
2738 1420 2801 1475 Et
2832 1421 2923 1492 qui
2952 1436 3049 1492 per
3094 1428 3168 1486 te,
3204 1420 3511 1475 castissima

1925 1512 2100 1583 virgo,
2145 1513 2293 1591 venit
2336 1513 2389 1567 in
2440 1511 2584 1566 hunc
2613 1511 2896 1575 mundum,
2930 1521 2986 1566 et
3013 1512 3308 1566 humanum
3339 1525 3529 1580 genus...

1924 1620 2025 1660 suo
2061 1604 2328 1675 sanguine
2359 1603 2611 1670 salvavit,
2638 1612 2692 1656 et
2725 1601 2921 1657 inferni
2946 1602 3186 1657 claustra
3217 1601 3511 1667 destruxit,

1922 1703 1980 1749 et
2018 1692 2261 1749 cmlestis
2285 1692 2433 1759 regni
2465 1692 2662 1763 ianuas
2689 1692 2930 1762 aperuit;
2977 1691 3065 1746 ille
3095 1707 3180 1745 me
3223 1705 3323 1760 per
3350 1690 3514 1746 mise-

1925 1784 2214 1840 ricordiam
2244 1798 2397 1839 suam
2421 1783 2632 1838 salvere
2669 1791 2726 1837 et
2755 1797 3084 1838 conservare
3126 1783 3410 1853 dignetur;
3458 1789 3514 1837 et

242 1892 410 1954 teque
457 1885 792 1956 negantium,
834 1883 928 1954 qui
978 1883 1194 1938 tandem
1241 1884 1489 1939 conversi
1535 1883 1825 1954 pristinam
1858 1867 1903 1922 Β
1931 1882 2053 1951 Post
2098 1873 2260 1929 ﬁnem
2311 1871 2474 1943 huius
2524 1872 2651 1927 Viue
2700 1872 2951 1938 labentia
3012 1872 3249 1941 aliquam
3301 1879 3511 1941 partem

240 1987 571 2033 meruerunt.
604 1993 702 2048 per
728 1987 815 2032 tua
865 1975 1121 2047 suﬂ‘ragia
1170 1991 1284 2032 suae
1313 1975 1519 2032 mentis
1549 1975 1832 2047 integrita-

241 2074 374 2125 tem,
400 2065 535 2121 licet
558 2068 658 2121 sim
691 2067 921 2136 amplius
946 2075 1223 2136 peccator,
1252 2080 1415 2136 quam
1445 2067 1618 2136 possit
1647 2066 1829 2137 lingua

243 2168 369 2210 mea
393 2153 641 2211 conﬁteri
671 2173 685 2209 :
712 2156 850 2225 proh
874 2155 1065 2211 dolor!
1095 2154 1246 2226 plura
1280 2163 1408 2210 sunt
1436 2163 1655 2224 peccata
1686 2170 1828 2221 mea,

239 2260 409 2317 quam
440 2246 532 2301 vix
567 2262 793 2302 numero
821 2246 1032 2315 possint
1071 2245 1479 2316 comprehendi.
1534 2245 1598 2300 Et
1637 2260 1828 2316 quam-

240 2337 327 2392 vis
352 2334 750 2405 professionem
781 2335 1207 2391 Christianitatis
1235 2336 1413 2390 minus
1449 2345 1600 2390 recte
1640 2337 1829 2391 obser-

242 2424 490 2480 vaverim
514 2434 635 2495 post
680 2425 1030 2495 baptismum,
1057 2436 1236 2479 tamen
1275 2438 1553 2492 nunquam
1582 2423 1633 2478 in
1659 2438 1828 2495 nega-

246 2513 416 2570 tionis
439 2502 651 2569 l'oveam
680 2513 843 2569 corde
868 2515 948 2569 vel
975 2527 1075 2567 ore
1103 2512 1288 2568 incidi.
1319 2511 1687 2581 Omnipotenti
1719 2512 1830 2568 Deo

247 2605 473 2678 gratias,
506 2605 599 2675 qui
631 2620 717 2659 me
774 2604 947 2659 tenuit
988 2603 1094 2658 tuis
1121 2603 1331 2658 sanctis
1356 2602 1716 2657 orationibus.
1747 2597 1834 2657 Ad

247 2696 354 2753 hoc
396 2707 449 2751 te
490 2695 633 2751 Deus
679 2695 823 2759 fecit,
857 2704 916 2748 ut
950 2708 1256 2765 speramus,
1302 2694 1388 2749 sui
1438 2700 1714 2757 matrem;
1772 2700 1831 2748 ut

244 2796 427 2842 mater
472 2785 586 2842 fieri
636 2786 861 2841 deberes
892 2785 1136 2839 omnimn
1186 2786 1243 2839 in
1290 2799 1416 2840 eum
1469 2784 1826 2851 credentium,

242 2892 358 2948 quo
383 2893 445 2933 se
477 2884 687 2946 patrem
712 2891 811 2931 nos
830 2875 998 2945 jussit
1029 2876 1294 2932 vocitare.

320 2966 461 3036 Quid
501 2981 742 3037 unquam
784 2955 967 3037 potest
994 2968 1211 3037 dignius
1253 2967 1536 3033 restimari,
1574 2981 1738 3038 quam
1770 2974 1830 3022 ut

241 3060 328 3116 ais
376 3068 551 3115 mater
590 3075 819 3131 quorum
848 3060 1098 3116 Christus
1146 3061 1401 3132 dignatur
1424 3076 1548 3117 esse
1593 3069 1750 3131 pater
1774 3068 1830 3116 et

247 3150 440 3206 frater.
488 3151 605 3223 Ipse
635 3168 888 3223 namque,
919 3161 1143 3223 propter
1167 3168 1320 3207 suam
1367 3153 1640 3208 insolitam
1671 3152 1828 3208 boni-

248 3252 443 3308 tatem,
468 3244 719 3299 omuibus
756 3253 1013 3315 paternos
1042 3244 1302 3313 praebebit
1324 3243 1597 3314 profectus
1622 3286 1637 3309 ,
1678 3243 1725 3299 si
1752 3252 1827 3308 te,

245 3331 491 3397 domina,
522 3334 754 3389 senserit
800 3345 1078 3389 maternos
1125 3350 1232 3389 non
1276 3333 1546 3403 denegare
1581 3332 1828 3389 aa‘ectus.

245 3422 371 3491 Quo
399 3439 634 3495 namque
660 3425 821 3480 modo
857 3425 985 3480 mibi
1029 3439 1136 3480 non
1164 3423 1493 3491 miserearis,
1523 3431 1697 3478 mater
1727 3423 1833 3478 mi-

245 3514 607 3571 sericordiae?
632 3514 730 3571 Ubi
759 3524 843 3570 est
867 3515 971 3570 nisi
1002 3515 1055 3569 in
1085 3516 1218 3580 Deo,
1247 3522 1305 3569 et
1330 3515 1383 3568 in
1411 3525 1485 3580 te,
1513 3528 1638 3583 spes
1666 3527 1783 3568 mea
1809 3512 1835 3566 ?

244 3604 397 3675 Ergo
423 3604 542 3661 sine
584 3612 637 3660 te
681 3604 818 3660 nihil
860 3604 1077 3674 pietatis
1104 3615 1219 3672 est,
1265 3603 1507 3675 nihilque
1546 3603 1831 3670 bonitatis,

241 3696 381 3767 quia
433 3705 606 3752 mater
638 3696 858 3752 virtutis
899 3706 954 3753 et
996 3697 1258 3751 virtutum
1288 3711 1349 3754 es
1377 3697 1643 3754 omnium.
1688 3695 1834 3764 Qua-

242 3796 476 3860 propter
499 3786 694 3857 adjuva
722 3803 828 3852 me,
860 3788 1101 3852 domina,
1136 3803 1351 3858 quaeso;
1390 3788 1517 3858 quia
1549 3787 1684 3843 nihil
1711 3802 1830 3843 sum

241 3879 406 3936 ει-θά
444 3878 674 3935 nihilum
721 3895 810 3935 me
855 3888 1148 3936 venturum
1199 3880 1366 3951 278
1414 3880 1548 3946 scio,
1597 3879 1704 3935 nisi
1751 3879 1835 3934 di-

246 3970 440 4042 gneris
468 3986 556 4026 me
605 3970 880 4043 adjuvare.
913 3972 1124 4042 Adjuva
1170 3987 1257 4028 me
1296 3987 1452 4042 ergo,
1480 3986 1581 4026 nec
1618 3970 1710 4026 uni
1742 3972 1836 4027 de-

246 4074 420 4132 neges
446 4061 792 4129 beneﬁcium,
825 4063 967 4135 quod
997 4064 1254 4119 omnibus
1284 4062 1502 4119 confers
1530 4062 1692 4116 etiam
1724 4077 1832 4117 non

247 4160 463 4221 rogata.
494 4150 612 4208 Non
644 4154 820 4209 habeo
863 4168 972 4224 quo
997 4167 1219 4224 pergam
1253 4151 1505 4208 solatium
1532 4152 1658 4206 vita:
1693 4165 1836 4221 qum-

247 4258 409 4307 rens,
451 4244 556 4300 nisi
603 4245 670 4300 ad
703 4260 864 4316 quam
915 4260 1105 4300 omnes
1147 4245 1224 4300 rei
1271 4242 1607 4312 confugiunt.
1654 4241 1737 4297 Ad
1785 4251 1837 4298 te

246 4332 534 4405 confugio,
576 4336 704 4404 quia
737 4346 788 4390 te
836 4334 980 4390 illius
1026 4343 1153 4389 tuus
1181 4333 1440 4389 Dominus
1470 4340 1655 4387 noster
1679 4330 1838 4387 Jesus

244 4423 510 4480 Christus
543 4425 778 4496 providit
823 4427 978 4482 nobis
1018 4423 1287 4492 refugium
1331 4432 1453 4495 post
1498 4439 1575 4480 se.
1608 4424 1839 4494 Suscipe

246 4529 366 4579 lue,
393 4530 600 4585 oraque
634 4530 757 4571 eum
796 4526 1066 4587 quatenus
1092 4531 1179 4572 me
1206 4517 1367 4571 talem
1398 4514 1597 4572 elliciat
1621 4517 1836 4586 qualem
1872 4549 1916 4604 Β

248 4620 345 4662 me
362 4603 519 4676 jubet
549 4606 697 4674 lleri;
731 4622 831 4663 nec
855 4607 1057 4665 diutius
1086 4608 1229 4662 sinat
1264 4608 1437 4673 decipi
1468 4606 1835 4678 suggesrioni-

243 4695 360 4753 bus
379 4696 703 4763 daemonum,
735 4698 828 4752 sed
872 4697 1037 4753 faciat
1059 4713 1156 4752 sua
1190 4698 1410 4768 pietate,
1441 4708 1638 4768 tuaque
1669 4698 1838 4752 inter-

242 4788 508 4843 cessione
550 4783 636 4841 me
680 4789 758 4843 sic
809 4786 912 4842 lrui
969 4788 1250 4858 temporali
1294 4788 1426 4853 vita,
1479 4803 1586 4857 quo
1630 4788 1833 4857 possim

241 4884 519 4937 aeternam
548 4879 826 4948 consequi,
881 4879 996 4942 ipso
1034 4877 1349 4948 auxiliante,
1394 4878 1485 4948 qui
1517 4892 1638 4931 cum
1671 4877 1835 4932 Patre

241 4979 309 5026 et
339 4968 545 5041 Spiritu
592 4981 779 5026 saneto
809 4971 941 5026 vivit
967 4979 1023 5025 et
1065 4978 1249 5041 regnat
1278 4983 1375 5039 per
1412 4970 1593 5023 omnia
1637 4968 1834 5023 smcula

241 5060 596 5117 naucularum.
631 5061 825 5116 Amen.

1931 1974 2146 2020 aeternae
2169 1964 2520 2021 beatitudinis
2562 1964 2815 2035 precibus
2848 1962 2955 2018 tuis
2990 1963 3044 2018 in
3084 1973 3396 2018 sanctorum
3427 1977 3514 2018 so-

1931 2056 2129 2112 cietate
2159 2054 2447 2111 concedat.
3018 2050 3021 2053 ’

2215 2141 2473 2201 ORATIO
2513 2142 2677 2201 XLIX
2717 2141 2813 2217 [οι.
2846 2138 3079 2216 XLVIII]
3114 2140 3229 2205 ιω.

2356 2249 2420 2288 ΑΒ
2458 2248 2677 2288 EAIDEI
2711 2248 2803 2287 DEI
2840 2246 3084 2289 IATREI.

2003 2314 2307 2396 Singularis
2351 2323 2552 2390 meriti,
2605 2324 2720 2379 sola
2769 2325 2891 2379 sine
2938 2321 3209 2393 exemplo,
3256 2329 3432 2376 mater
3459 2330 3528 2377 et

1931 2417 2087 2485 virgo
2128 2413 2319 2481 Maria,
2373 2429 2537 2486 quam
2568 2415 2711 2471 Deus
2755 2415 2827 2470 ita
2876 2421 3058 2470 mente
3083 2422 3139 2469 et
3179 2427 3409 2484 corpore
3434 2413 3519 2468 in-

1929 2505 2188 2560 violatam
2216 2504 2510 2559 custodivit
2550 2503 2666 2570 ηδο,
2695 2512 2757 2559 ut
2777 2504 2938 2575 digna
2974 2501 3264 2567 existeres,
3293 2516 3361 2556 ex
3402 2515 3511 2570 qua

1932 2601 2034 2657 sibi
2066 2610 2269 2659 nostra:
2305 2597 2693 2670 redemptionis
2725 2597 2956 2667 pretium
2995 2595 3089 2651 Dei
3113 2593 3285 2649 Filius
3310 2606 3516 2662 corpus

1931 2704 2182 2765 aptaret:
2223 2696 2449 2751 obsecro
2495 2700 2568 2758 te,
2620 2687 3155 2752 misericordissima,
3204 2700 3303 2758 per
3348 2698 3515 2753 quam

1932 2795 2077 2842 totus
2104 2785 2344 2841 salvatus
2364 2792 2454 2841 est
2481 2781 2735 2847 mundus,
2764 2779 3038 2834 intercede
3066 2793 3165 2849 pro
3209 2790 3298 2831 me
3328 2773 3519 2829 miser-

1931 2878 2072 2931 rimo
2103 2876 2196 2909 "“
2224 2885 2281 2931 et
2303 2873 2519 2931 eunetis
2549 2868 2929 2941 iniquitatibus
2957 2868 3164 2924 foedata
3196 2866 3313 2931 ιη’,
3343 2874 3402 2920 ιιι
3428 2862 3535 2918 vel,

1923 2965 2038 3038 iam
2077 2967 2243 3022 donet
2299 2963 2560 3019 Dominus
2604 2958 2809 3017 infelici
2853 2956 3051 3012 animae
3097 2970 3233 3011 meae
3274 2967 3529 3010 amorem.

1930 3058 2204 3129 puritatis,
2265 3054 2511 3112 aﬁ'ectnm
2575 3049 2877 3113 munditiae,
2931 3055 3171 3102 tenorem
3228 3043 3515 3100 castitatis.

1934 3151 2048 3222 Ego
2076 3150 2243 3214 enim,
2271 3162 2371 3220 ego
2398 3144 2607 3210 infelix,
2641 3156 2742 3215 ego
2774 3140 2939 3196 totius
2965 3136 3313 3198 innocentiae,
3351 3134 3516 3188 totius

1934 3238 2307 3296 sanctimonia:
2353 3237 2586 3309 gratiam
2649 3227 2903 3302 pei'didi;
2959 3242 3059 3299 ego
3117 3225 3373 3296 templum
3425 3223 3521 3277 Dei

1932 3340 2181 3388 sanctum
2215 3327 2585 3398 multipliciter
2610 3321 2826 3378 violavi.
2858 3319 2971 3377 Sed
3004 3317 3135 3389 quid
3163 3333 3297 3387 ago,
3328 3315 3521 3369 obsce-

1933 3424 2136 3479 nitates
2176 3433 2326 3488 meas
2374 3415 2618 3472 referens
2658 3411 2883 3467 auribus
2925 3405 3194 3463 illihatis?
3224 3400 3514 3467 Horresco,

1933 3513 2175 3577 domina,
2232 3510 2525 3573 horresco;
2588 3513 2645 3559 et
2692 3509 2955 3572 arguente
3009 3511 3097 3554 me
3155 3493 3518 3557 conscientia,

1935 3604 2076 3661 male
2103 3602 2279 3657 nudus
2309 3614 2494 3655 coram
2536 3604 2589 3650 te
2628 3592 2914 3649 erubesco.
2944 3588 3043 3646 Cui
3075 3601 3205 3643 vero
3236 3585 3518 3641 moribun-
3558 3608 3574 3620 -

1935 3695 2037 3750 dus
2075 3691 2298 3747 oll'eram
2339 3687 2531 3743 vulnus
2569 3682 2794 3740 meum?
2831 3681 2917 3737 Ad
2943 3694 3104 3752 quem
3134 3677 3244 3742 ibo,
3291 3683 3346 3731 et
3376 3672 3521 3744 apud

1932 3780 2408 3855 quem'deploraho
2435 3776 2677 3833 dolorem
2708 3787 2885 3828 meum
2904 3813 2919 3836 ,
2945 3778 3038 3824 aut
3065 3765 3281 3839 quando
3303 3762 3520 3855 aliunde

1935 3852 2149 3944 sperem
2187 3868 2450 3924 beneﬁcia
2498 3865 2768 3930 sanitatis,
2819 3862 2864 3918 si
2911 3860 3042 3915 mihi
3072 3855 3343 3917 clauditur
3386 3852 3519 3907 illud

1938 3965 2156 4021 unicum
2193 3957 2600 4016 reclinatorium
2645 3963 2866 4010 materna:
2898 3948 3162 4021 pietatis?
3192 3945 3329 4001 Audi
3367 3957 3518 4014 ergo,

1939 4054 2180 4116 domina,
2224 4050 2348 4106 audi
2379 4047 2632 4119 propitia,
2671 4044 2797 4100 audi
2834 4052 2889 4098 et
2914 4041 3107 4097 exaudi
3143 4039 3316 4116 civem
3342 4036 3522 4107 perdi~

1939 4155 2050 4201 tum
2080 4146 2147 4197 de
2175 4151 2322 4198 sorte
2349 4138 2680 4196 lnereditatis
2707 4144 2812 4192 tute
2843 4134 2938 4168 ¹⁸³³
2966 4140 3091 4205 post
3113 4131 3272 4201 longa
3295 4125 3545 4190 exsilia,‘

1938 4244 2063 4306 post
2097 4234 2253 4304 longa
2281 4230 2513 4301 suspiria
2533 4269 2546 4292 ,
2579 4236 2704 4298 post
2733 4241 2876 4282 saeva
2901 4222 3158 4293 ludibria,
3187 4227 3310 4291 post
3340 4217 3510 4273 multa

1940 4324 2229 4396 supplicia,
2284 4328 2645 4377 revertentem
2689 4316 2784 4350 "“
2812 4316 2881 4371 ad
2919 4314 3088 4370 ubera
3132 4307 3547 4371 consolationis,

1942 4428 2066 4472 IIIS.

2013 4506 2229 4563 Memini
2266 4514 2323 4559 et
2350 4502 2663 4558 meminisse
2698 4495 3019 4556 delectabile
3046 4501 3153 4558 est,
3188 4490 3428 4581 qualiter
3453 4487 3554 4581 ad‘

1943 4593 2430 4656 commendandum
2480 4592 2696 4647 miseris
2743 4589 2837 4623 ¹⁸⁸⁸
2896 4586 3115 4643 unicum
3163 4578 3524 4653 patrocinium

1946 4700 2118 4755 tuum,
2147 4687 2361 4743 cuidam
2387 4694 2478 4740 tuo
2511 4697 2671 4739 servo
2693 4680 2870 4753 agenti
2897 4679 2951 4734 in
2983 4675 3246 4734 extremis
3274 4668 3522 4727 revelasti

1945 4778 2300 4835 memorabile
2342 4789 2536 4831 nomen
2582 4782 2754 4828 tuum.
2794 4772 3076 4843 Apparens
3104 4767 3250 4822 enim
3280 4763 3352 4825 ei,
3399 4774 3555 4853 cum:

1942 4879 2088 4928 esset
2115 4871 2167 4924 in
2198 4867 2480 4939 angustiis,
2525 4875 2577 4922 et
2609 4866 2891 4935 requirens
2933 4870 3112 4915 utrum
3143 4866 3199 4912 te
3230 4855 3322 4889 ¹⁶⁸⁶
3346 4866 3524 4922 agno-

1942 4973 2142 5027 sceret,
2173 4938 2296 5016 cum
2340 4957 2452 5027 ille,
2495 4959 2724 5020 minime,
2754 4954 2990 5019 domina,
3030 4960 3267 5005 tremens
3298 4938 3555 5014 respon-'

1940 5056 2112 5120 deret,
2141 5062 2196 5107 tu
2230 5052 2279 5107 ei
2306 5065 2404 5120 pro
2439 5049 2774 5118 benignitate
2805 5053 2895 5098 tua
2919 5057 3081 5114 quam
3112 5037 3329 5104 blande,
3357 5050 3521 5105 quam

1541 5209 1774 5265 VARUE
1810 5206 2211 5271 LEC'I'IONES.

333 5356 428 5393 ““
456 5355 663 5423 Collata
696 5366 769 5410 est
822 5373 940 5409 cum
996 5354 1100 5409 Ms.
1141 5352 1477 5408 Bibliothectr
1518 5350 1911 5431 Sun-Germani
1952 5364 1983 5401 a
2019 5345 2209 5429 .Pratis
2257 5357 2471 5422 numero
2515 5339 2639 5394 545.
2687 5336 2776 5420 ξιρξ

333 5444 431 5460 ...ορ
465 5427 574 5460 .3...
598 5428 808 5460 nnma'nn
845 5426 1072 5460 πυρίη-οε.
1144 5423 1205 5460 ΙσἾ
1235 5439 1353 5460 mm.
1393 5421 1469 5460 ιι.
1535 5420 1763 5460 νηιλςιη
1806 5420 1906 5460 ιιΙηΔ
1932 5417 2122 5460 Innum-
2159 5413 2253 5460 sub
2287 5426 2494 5460 nomme
2528 5408 2767 5460 Maurtltt
2867 5421 2909 5460 Dl

240 5432 431 5483 tiones
462 5408 808 5480 siﬁneﬁnomine
828 5408 1072 5479 iuncturis
1102 5466 1116 5479 .
1141 5423 1205 5476 Et
1235 5439 1353 5477 cum
1387 5421 1489 5476 Ma.
1535 5420 1767 5475 Val-lue.
1806 5420 1906 5471 ubi
1932 5417 2122 5485 legitur
2159 5410 2494 5485 subgnomine
2528 5408 2767 5485 Maurilii

2897 5336 2910 5349 Ο

2913 5345 3000 5386 tur
3024 5333 3162 5385 inter
3182 5331 3358 5386 varias
3402 5346 3525 5383 ora-

2867 5399 3060 5472 ῥεπορὶ
3100 5399 3525 5472 Rotlromagensis

245 5469 1925 5562 iiii'eliiﬁéié'édéiiiaiinii;.Eoiﬁdréiiiviaiétan?"caelestia
1957 5469 2380 5562 imbiiserrimo
2400 5496 2500 5534 ms.
2530 5469 3023 5562 miseropeccatore
3097 5469 3525 5562 ttFltjlziiﬁif‘lio

242 5568 365 5623 rm.
630 5537 2050 5629 peace—torum
2084 5537 2579 5629 praegravatura“.
2623 5537 2864 5629 omiitunt
2902 5545 3019 5629 haec,
3232 5537 3524 5629 adite-dila-
3555 5570 3563 5578 ι

248 5639 335 5694 tis
383 5651 493 5688 sua-
518 5651 642 5688 mss.
694 5634 1029 5689 hmreditatis
1060 5644 1164 5688 tua}
1238 5630 1330 5664 ¹⁸⁸⁸
1355 5627 1490 5685 Post
1515 5644 1653 5684 saeva
1683 5627 1936 5691 ludibria,

1965 5609 2098 5695 post'
2123 5609 2516 5695 multaj‘lagitia
2552 5625 2913 5695 revertentem
2945 5620 3206 5695 m_s..;post
3241 5609 3525 5695 longa‘su:

244 5681 1609 5774 é'Jsri'if'isgi'miiiXiiﬁﬁiiéaifievengniag
1641 5681 1872 5753 γάιέιιέε.
1907 5681 2027 5764 ῥοέι
2054 5706 2193 5774 saeva
2225 5681 2455 5749 ludibria
2484 5699 2609 5761 post
2639 5686 2805 5746 multa
2852 5681 3114 5756 supplicia
3160 5686 3521 5736 revertentem

248 5765 363 5817 ⁸⁵⁸⁸
399 5765 564 5832 Nobis
613 5775 828 5831 miseris
858 5765 982 5829 ritis.
1009 5773 1176 5831 omitt.
1221 5772 1375 5828 nobis
1416 5769 1509 5805 ¹⁵⁵⁶
1544 5765 1716 5827 Unum
1752 5776 1803 5823 te
1831 5781 1929 5822 ms.
1960 5775 2137 5821 utrum
2168 5771 2220 5820 te
2348 5791 2356 5798 ·
