4048 6288
431 311 464 351 ’·
504 344 614 408 9n

827 345 887 404 S.
927 345 1228 404 ANSELMI
1265 344 1617 402 CANTUAB.
1656 345 1983 433 ARCHIEP.
2020 343 2186 402 OPP.
2217 343 2396 402 PARS
2421 343 2483 400 ll.
2508 375 2576 385 —
2614 343 2980 403 PAR/ENET.
3021 346 3109 402 ΕΤ
3145 345 3387 405 ASCET.

3678 349 3780 413 θη

408 446 417 455 ’
505 458 852 518 familiariter
894 469 977 527 tu,
1003 460 1247 523 domina,
1275 459 1586 517 dixistim"
1612 478 1631 516 :7
1660 459 1772 531 Ego
1798 476 1917 514 sum
1939 458 2094 513 mise-
2122 460 2170 525 Α
2198 457 2340 539 riosa
2392 457 2508 525 ¹⁸⁶⁰,
2558 457 2770 513 meritis
2812 457 3247 530 qualemcunque
3294 459 3527 530 recipiat
3572 470 3781 517 vestem

507 552 752 608 ἧσαι-ἄξω
780 561 969 608 mater.
996 550 1149 620 Apud
1179 565 1337 620 quem
1366 566 1497 622 ergo
1522 551 1728 615 miseri,
1760 553 1901 622 apud
1923 564 2085 621 quem
2116 546 2119 551 ’

506 644 734 701 desolati
767 644 968 701 rectius
1004 643 1411 713 ingemiscimus
1448 643 1791 712 deplorantes
1832 641 1974 697 mala
2013 649 2089 697 to-

506 736 616 789 tius
660 733 984 790 calamitatis
1020 742 1076 787 et
1120 733 1354 788 miseriae
1394 740 1618 798 nostrae,
1655 746 1816 803 quam
1866 730 2004 800 apud
2038 738 2091 786 te

502 839 691 879 veram
719 832 774 879 et
800 823 1159 878 indubitatam
1205 831 1431 877 matrem
1465 822 1895 878 misericordiae?
1920 820 2093 876 Mater

502 926 715 982 sancta,
747 924 924 971 mater
969 917 1150 980 unica,
1182 924 1359 971 mater
1390 915 1735 969 immaculata
1772 914 1887 981 ³⁵⁵⁸,
1917 920 2091 966 mater

446 1054 463 1069 .
504 1008 849 1078 incorrupta,
873 1017 1048 1062 mater
1095 1006 1508 1071 misericordiae,
1548 1014 1725 1059 mater
1770 1003 1989 1073 pietatis
2037 1012 2092 1058 et

503 1094 872 1167 indulgentiae,
925 1095 1073 1166 aperi
1122 1095 1301 1149 sinmn
1352 1094 1570 1163 pietatis
1616 1103 1671 1148 et
1697 1093 1910 1163 suscipe
1941 1106 2091 1147 mor-

504 1197 660 1244 tuum
709 1188 764 1244 iu
812 1190 1071 1259 peccatis.
1112 1186 1285 1251 Ecce,
1336 1186 1578 1253 domina,
1624 1184 1766 1240 ﬁlius
1810 1184 2089 1254 prodigus,

502 1281 682 1337 nudus
717 1289 775 1335 et
807 1278 1035 1334 attritus
1056 1276 1149 1308 ’⁸³³
1176 1275 1425 1345 pedibus,
1465 1275 1532 1329 de
1572 1274 1692 1329 loco
1728 1274 1996 1337 horroris,
2025 1273 2092 1326 de

503 1368 702 1425 nebula
749 1367 1105 1422 immunditize
1150 1376 1205 1421 et
1236 1364 1424 1419 fetoris
1472 1364 1730 1436 suspirat,
1776 1361 1998 1427 clamat,
2038 1371 2092 1416 et

490 1439 741 1530 'appellat
772 1467 1007 1517 matrem
1033 1473 1139 1512 non
1167 1458 1452 1511 immemor
1477 1455 1686 1525 quoties
1712 1469 1835 1509 eum
1868 1453 2090 1518 foveris,

507 1550 730 1616 texeris,
765 1547 1298 1618 excusaverisapud
1334 1546 1575 1601 Patrem.
1625 1545 1694 1601 Et
1740 1546 1956 1615 quidem
2004 1544 2093 1617 ille

503 1639 785 1709 piissimus
814 1649 978 1710 atque
1007 1638 1430 1710 benignissimus
1463 1646 1636 1706 pater.
1689 1645 1741 1689 tu
1777 1644 1886 1690 tam
1917 1636 2097 1711 dulcis

2191 549 2510 618 nuptialem.
2560 548 2825 620 Denique.
2869 558 2925 606 et
2955 551 2999 604 si
3036 565 3145 605 non
3195 552 3467 619 merebor,
3516 553 3630 606 imo
3656 555 3777 622 quia

2191 650 2298 689 non
2356 634 2607 689 merebor
2665 634 2896 688 vicinius
2962 636 3227 690 accedere
3290 647 3458 707 atque
3522 638 3782 694 interesse

2189 726 2456 807 aurigeris
2505 735 2668 795 atque
2718 726 3007 781 odoriferis
3068 728 3253 798 gloriae
3311 741 3512 786 vestrae
3571 732 3781 798 choris;

2189 818 2407 873 eminus
2451 818 2649 872 saltem
2675 818 2893 889 positus
2915 827 2970 874 et
3021 820 3177 890 longe
3221 823 3557 878 constitutus
3602 823 3784 881 videre

2191 923 2406 964 merear
2438 917 2494 962 et
2534 909 2723 963 audire
2754 924 3045 979 processus
3073 922 3329 976 .vestros,
3398 924 3662 988 tympana
3693 930 3780 971 ve-

2192 1009 2325 1064 stra,
2358 1009 2656 1057 concentus
2698 1002 2790 1033 ⁸³⁷⁸
2816 1012 3050 1068 vestros,
3085 1014 3140 1058 et
3175 1005 3436 1074 quidquid
3486 1007 3623 1060 illud
3672 1007 3781 1078 gle-

2190 1092 2287 1147 ria:
2335 1100 2391 1147 et
2441 1091 2823 1147 exsultationis
2848 1093 2974 1160 erit,
3013 1099 3228 1164 quando
3276 1096 3655 1166 tripudiabitis
3699 1112 3779 1154 se-

2190 1192 2423 1255 quentes
2449 1198 2648 1253 agnum
2674 1198 3001 1254 quocunque
3027 1185 3172 1241 ierit.

2263 1270 2566 1342 Singularis
2607 1272 2783 1343 virgo,
2819 1287 3034 1327 summa
3063 1283 3120 1329 et
3144 1284 3409 1343 perpetua
3439 1277 3629 1346 virgo,
3676 1278 3781 1333 sola
3840 1258 3849 1265 ’

2193 1370 2368 1415 mater
2395 1369 2452 1417 et
2478 1361 2649 1431 virgo,
2678 1369 2867 1416 sancta
2894 1361 3085 1427 Maria,
3126 1363 3178 1417 in
3205 1363 3312 1418 liue
3331 1365 3605 1418 orationis
3634 1381 3783 1431 meai.

2192 1451 2245 1505 in
2288 1460 2532 1509 extremo
2563 1451 2724 1522 hujus
2756 1452 2920 1506 fatuae
2951 1453 3369 1523 supplicationis
3402 1455 3495 1490 ’⁸⁷⁸
3532 1456 3786 1527 indignus

2193 1542 2286 1574 ¹⁵⁷¹
2313 1543 2416 1598 hoc
2445 1558 2611 1598 unum
2658 1558 2812 1614 rogo,
2862 1543 2967 1598 hoc
3006 1558 3173 1599 unum
3221 1558 3417 1615 precor
3453 1554 3512 1600 et
3562 1546 3784 1605 obsecro
3850 1566 3854 1571 ’

2194 1633 2377 1690 "min
2419 1633 2641 1690 nomine
2688 1634 2874 1690 dilecti
2921 1634 3020 1690 lilii
3071 1635 3171 1704 tui,
3224 1635 3364 1691 dona
3397 1638 3536 1692 mihi
3593 1639 3787 1694 misero

503 1738 561 1785 et
587 1730 771 1786 suavis
796 1739 990 1786 mater.
1016 1731 1289 1801 Agnosce,
1318 1728 1622 1793 benedicta,
1648 1726 1787 1783 ﬁlios
1811 1738 1931 1783 tuos
1955 1741 2092 1799 quos
2185 1724 2368 1796 jugem
2409 1734 2466 1781 et
2508 1740 2802 1795 perennem
2842 1727 3163 1785 memoriam
3204 1728 3517 1784 suavissimi
3552 1731 3785 1787 nominis

502 1820 664 1877 unice
690 1820 917 1875 dilectus
939 1819 1249 1891 unigenitus
1274 1828 1395 1875 tuus
1424 1833 1531 1873 non
1557 1819 1775 1874 erubuit
1800 1818 1893 1850 ³⁸⁸⁸
1918 1819 2095 1874 nomi-
2127 1808 2169 1864 Β
2199 1816 2296 1870 tui.
2332 1815 2416 1871 Sit
2439 1816 2595 1874 cibus
2618 1817 2987 1886 dulcissimus,
3014 1819 3170 1877 cibus
3191 1820 3563 1877 suavissimus
3595 1823 3785 1878 anima

503 1924 635 1967 nare
679 1909 878 1965 fratres
917 1925 1063 1965 suos.
1107 1910 1177 1968 Et
1200 1908 1244 1963 si
1276 1924 1375 1978 pro
1408 1908 1500 1965 illo
1528 1912 1821 1965 innocente
1856 1908 1967 1964 lilio
2001 1920 2093 1965 tuo

503 1998 766 2053 eruciﬂxo
812 1998 1165 2069 pertransivit
1193 1998 1406 2068 gladius
1453 1997 1690 2052 animam
1743 2005 1889 2051 tuam
1937 1996 2090 2067 (Luc.

504 2104 569 2154 ιι,
603 2087 718 2158 55),
749 2088 1021 2158 quomodo
1067 2103 1229 2158 super
1256 2088 1485 2143 mortuis
1531 2087 1622 2119 ¹⁵⁶¹
1650 2087 1703 2143 in
1745 2096 1969 2158 peccato
1994 2103 2095 2159 pu-

503 2177 649 2247 pillis
678 2179 788 2234 tuis
818 2187 871 2233 te
901 2178 1214 2244 continere;
1255 2178 1530 2252 quomodo
1555 2194 1793 2249 unquam
1823 2181 2093 2237 maternis

507 2269 601 2301 ²⁸⁶²
632 2268 848 2325 Ιιριίὺιιθ
883 2278 938 2325 et
979 2269 1255 2346 laerymis,
1293 2285 1326 2324 ο
1372 2270 1609 2334 domina,
1657 2269 1862 2340 poteris
1891 2278 2094 2342 tempe-

505 2361 676 2417 rare?
726 2362 1127 2427 Abstrabimur,
1192 2362 1499 2434 diripimur,
1551 2363 1924 2433 captivamur;
1980 2377 2093 2423 non.

503 2452 705 2522 estqui
727 2461 881 2508 eruat
911 2453 1023 2521 ηδ’,
1057 2469 1162 2507 non
1193 2463 1276 2509 est
1300 2454 1388 2523 qui
1415 2443 1649 2509 redimat
1692 2452 1805 2519 ‘5“,
1841 2453 1934 2523 qui
1965 2469 2095 2509 con-

501 2553 692 2616 surgat
731 2545 964 2601 diluculo
998 2555 1053 2601 et
1083 2547 1345 2615 spondeat
1396 2546 1488 2577 ¹⁸⁶⁹
1531 2560 1631 2617 pro
1664 2544 1841 2601 nobis.
1896 2545 2090 2616 Surge,

502 2633 622 2705 pia;
672 2648 853 2703 surge,
887 2636 1157 2704 propitia;
1189 2636 1335 2690 intra
1377 2636 1677 2691 sacrarium
1702 2634 2090 2699 exauditiouis,

502 2732 561 2778 et
600 2726 847 2795 expaude
895 2741 1090 2783 manus
1142 2727 1523 2784 immaculatas
1567 2738 1694 2783 ante
1741 2728 1913 2783 altare
1962 2726 2090 2782 illud

506 2832 731 2878 aureum
760 2818 1011 2878 humana:
1056 2819 1529 2876 reconciliationis.
1569 2820 1686 2877 Erit
1720 2836 1818 2890 per
1842 2828 1896 2874 te
1927 2821 2093 2889 impr»

507 2909 704 2964 trabile
749 2911 891 2978 quod
936 2927 1031 2980 pcr
1061 2920 1113 2966 te
1144 2911 1460 2982 ingerimus,
1507 2911 1616 2965 erit
1643 2927 1742 2980 per
1772 2919 1824 2967 te
1859 2925 2091 2965 excusa-

504 2999 613 3054 bile
648 2999 743 3031 ¹⁸⁶⁶
778 3001 919 3070 quod
951 3001 1221 3057 timemus.
1254 3000 1365 3056 Nec
1386 3002 1475 3055 diu
1506 3002 1707 3070 poterit
1739 3010 1789 3056 te
1815 3000 2089 3056 sustinere

502 3106 604 3165 pro
633 3092 791 3148 nobis
818 3092 1231 3164 supplicantem,
1275 3107 1435 3162 quem
1468 3101 1523 3147 tu
1552 3090 1852 3163 sepissime
1896 3107 2090 3146 consc-

2195 1922 2351 1963 mete.
2401 1908 2557 1964 Adsit
2592 1909 2725 1965 mihi
2773 1910 2828 1965 in
2870 1910 3147 1979 periculis,
3199 1912 3347 1967 adsit
3389 1912 3445 1966 in
3492 1915 3783 1984 angustiis.

2196 1999 2337 2055 adsit
2384 2000 2441 2055 in
2485 2000 2755 2072 principio
2804 2000 3006 2059 laetitia:
3056 2017 3210 2058 meae.
3247 2001 3315 2083 Si
3353 2002 3505 2059 enim
3562 2005 3667 2060 hoc
3697 2004 3785 2061 Dei

2194 2096 2337 2150 dono
2361 2105 2416 2149 et
2447 2104 2540 2151 tuo
2574 2110 2793 2151 mereor
2817 2095 2913 2129 ⁸⁵⁷⁸
2949 2096 3223 2161 obtinere,
3266 2095 3594 2152 nullatenus
3621 2107 3783 2161 certe,

2194 2202 2476 2257 nunquam
2527 2187 2770 2243 funditus
2818 2184 3014 2244 vereor
3068 2189 3236 2259 279
3289 2189 3544 2246 interire.
3603 2188 3785 2243 Aderit

2192 2276 2338 2331 enim
2385 2292 2602 2347 semper
2649 2278 2783 2333 mibi
2826 2279 3003 2350 gratia
3053 2290 3166 2341 tua.
3194 2280 3372 2334 aderit
3418 2279 3707 2334 miseratio
3735 2286 3788 2332 et

2196 2370 2465 2441 protectio
2491 2380 2601 2425 tua.
2632 2371 2699 2425 Et
2726 2372 2770 2426 si
2801 2372 2856 2429 in
2882 2371 3150 2427 infernum
3178 2373 3270 2405 ’⁵⁷³
3297 2374 3589 2428 demersus
3614 2372 3785 2439 fuero,

2193 2475 2259 2515 eo
2299 2475 2385 2514 me
2416 2461 2691 2529 requires,
2724 2472 2779 2515 et
2804 2461 2929 2516 inde
2965 2477 3052 2517 me
3080 2463 3341 2517 extrabes
3368 2461 3485 2527 "7‘,
3516 2472 3580 2517 et
3602 2463 3786 2517 reddes

2192 2550 2303 2605 lilio
2331 2560 2446 2618 tuo,
2469 2553 2561 2622 qui
2594 2567 2681 2607 me
2709 2552 2941 2609 redemit
2958 2561 3014 2607 et
3040 2553 3169 2607 lavit
3201 2554 3469 2623 sanguine
3493 2568 3621 2617 suo,
3646 2551 3779 2607 Iesu.

2192 2645 2414 2700 Christo
2448 2645 2683 2701 Domino
2719 2656 2907 2702 nostro
2947 2647 3061 2711 "‘7",
3104 2646 3196 2716 qui
3228 2662 3352 2701 cum
3386 2646 3558 2702 Patre
3588 2657 3642 2703 el
3669 2642 3784 2717 Spi-

2193 2735 2301 2790 ritu
2328 2742 2520 2791 sanclo
2544 2735 2672 2789 vivit
2692 2745 2747 2790 et
2771 2744 2963 2807 regnat
2990 2736 3138 2791 Deus
3168 2737 3284 2790 “7°.

2581 2843 2842 2900 οιιΑτιο
2874 2845 2915 2900 ι.
2960 2844 3057 2917 [οι.
3087 2845 3273 2919 XLIX]
3303 2847 3403 2879 ειη

2513 2952 2580 2991 Δί)
2617 2952 2857 2993 SANCTAM
2886 2953 3144 2994 VIRGINEH
3174 2955 3402 2994 NARIAM.

2191 3018 2322 3074 Cum
2362 3021 2718 3076 recordatione
2756 3034 3124 3090 peccatorum,
3187 3023 3258 3077 ad
3294 3023 3637 3078 excitandum
3686 3034 3779 3079 to»

2888 3107 3091 3160 parem.

503 3159 615 3236 lata
658 3196 740 3246 es,
789 3159 961 3238 dulcis
1012 3159 1221 3248 mater,
1259 3159 1524 3238 infantem
1572 3159 1912 3253 vagientem.
1956 3181 2086 3248 Qua;
2116 3159 2160 3217 C
2264 3180 2481 3243 Sancta,
2505 3192 2560 3236 et
2582 3159 2956 3238 intersanctos
2973 3193 3088 3252 post
3105 3184 3270 3239 Deum
3290 3185 3632 3252 singularite!
3663 3202 3781 3242 sati-

501 3283 632 3343 ergo
671 3273 943 3345 potentior
984 3274 1194 3330 meritis
1226 3273 1293 3330 ad
1346 3273 1664 3345 placandam
1698 3273 2083 3343 iramjudicis,

499 3375 663 3433 quam
694 3372 747 3416 tu
781 3377 901 3435 quae
946 3364 1191 3424 meruisti
1237 3373 1414 3420 mater
1436 3380 1556 3420 esse
1591 3365 1830 3436 ejusdem
1858 3364 2089 3421 Redem-

498 3455 675 3525 ptoris
723 3464 777 3511 et
817 3455 1062 3526 iudicis?
1108 3456 1187 3512 Ne
1220 3458 1434 3516 dubites
1486 3457 1617 3524 “‘7,
1672 3458 1890 3513 domina
1934 3474 2087 3525 mea;

500 3546 617 3615 ipse
644 3545 789 3599 enim
819 3556 901 3602 est
922 3562 984 3602 os
1012 3563 1194 3603 meum
1221 3556 1278 3608 et~
1313 3562 1445 3604 caro
1472 3563 1614 3611 mea,
1641 3548 1882 3605 salutare
1909 3563 2087 3605 meum

502 3643 556 3686 et
581 3634 751 3703 gloria
776 3650 898 3691 mea
925 3636 1040 3702 ‘5“,
1072 3637 1187 3707 ipse
1213 3646 1383 3708 caput,
1409 3646 1679 3705 nostrum,
1710 3639 1821 3709 ipse
1852 3640 2089 3710 cognorit

498 3725 816 3795 figmentum.
833 3736 1066 3785 nostrum
1088 3727 1260 3800 (Psal.
1288 3744 1387 3796 cn,
1412 3730 1525 3800 14).
1779 3790 1788 3799 ,

574 3815 750 3871 Decus
774 3818 1067 3888 virginum,
1099 3820 1317 3875 domina
1362 3821 1628 3892 gentium,
1655 3822 1840 3893 regina
1871 3822 2089 3894 angelo-

501 3922 648 3972 rum,
674 3906 1141 3979 fonsbortorum,
1177 3913 1391 3972 ablatio,
1411 3924 1783 3983 peccatorum,
1816 3924 2002 3971 sancta
2031 3926 2089 3971 et

499 3990 759 4069 perpetua
822 4002 973 4073 virgo
1026 4003 1217 4071 Maria,
1259 4021 1518 4062 succurre
1567 4007 1795 4072 misero,
1856 4007 2087 4062 subveni

500 4090 745 4159 perdito;
787 4100 848 4146 ut
887 4082 978 4161 Qui
1009 4094 1143 4164 jam,
1189 4095 1324 4164 proh
1357 4096 1548 4151 dolor!
1584 4111 1693 4153 non
1732 4099 1895 4151 audet
1923 4112 2090 4168 ange-

2193 3273 2508 3339 c!a,Maria,
2535 3281 2708 3328 mater
2737 3274 3072 3329 admirabilis
3090 3274 3436 3344 virginitatis,
3464 3275 3617 3347 virgo
3642 3291 3779 3329 ama.

2196 3365 2319 3420 bilis
2346 3363 2709 3429 fecunditatis,
2731 3379 2851 3433 qua:
2875 3364 3070 3419 Filium
3096 3365 3356 3420 Altissimi
3379 3366 3641 3436 genuisti.
3669 3380 3782 3434 qua

2199 3453 2412 3523 perdito
2439 3455 2870 3525 humauogencri
2889 3455 3226 3511 Salvatorem
3253 3456 3534 3526 peperisti,
3566 3457 3776 3510 llotnina

2198 3546 2526 3618 prtefulgcus
2549 3555 2699 3602 tanta
2723 3547 3039 3613 sanctitate,
3074 3548 3489 3617 supereminens
3519 3548 3612 3580 ’⁵⁸⁸
3637 3556 3778 3601 tanta

2196 3637 2485 3709 dignitate,
2523 3652 2686 3706 quam
2721 3638 2913 3707 utique
2947 3647 3154 3695 certum
3196 3646 3275 3693 est
3313 3653 3419 3692 non
3472 3637 3663 3693 min0ri
3692 3636 3771 3667 m'

2194 3727 2472 3795 praeditam
2499 3742 2622 3783 esse
2654 3726 2750 3759 ’⁵⁸³
2786 3728 3029 3796 potentia
3056 3738 3110 3782 et
3139 3729 3363 3799 pietate.
3396 3726 3544 3795 Tibi,
3573 3744 3607 3783 ο
3631 3726 3779 3799 genis

2195 3820 2299 3874 trix
2324 3819 2477 3884 vitae,
2513 3833 2548 3874 ο
2587 3827 2762 3890 mater
2800 3819 3027 3886 salutis,
3074 3835 3107 3873 ο
3169 3820 3424 3895 templum
3475 3821 3685 3893 pietatis
3719 3828 3776 3875 ct

2194 3910 2606 3976 misericordiae,
2638 3910 2736 3964 tibi
2763 3926 2882 3966 sese
2922 3920 3153 3965 conatur
3189 3919 3520 3979 priesentarc
3556 3912 3770 3967 misera-

2195 4002 2320 4057 bilis
2353 4003 2529 4056 anima
2555 4001 2696 4065 mea,
2726 4005 2935 4087 morbis
2962 4003 3214 4058 vitiorum
3240 4004 3518 4072 languida,
3544 4002 3769 4058 vulneri-

2199 4096 2300 4150 bus
2329 4094 2629 4150 facinorum
2663 4096 2754 4127 ¹¹⁵⁸³
2786 4096 2955 4152 scissa
2975 4136 2989 4160 ,
3023 4095 3294 4151 ulceribus
3324 4096 3650 4165 ﬂagitiorum
3683 4093 3771 4129 'm

2201 4186 2445 4256 putrida,
2478 4186 2570 4241 tibi
2599 4187 2793 4243 nititur
2835 4195 3096 4257 quantum
3129 4187 3448 4243 moribunda
3488 4188 3625 4243 valet
3651 4202 3773 4258 sup-

501 4179 662 4237 iicam
696 4168 843 4261 illam
884 4198 1104 4244 sacrare
1144 4184 1340 4245 stolam
1392 4185 1739 4257 virginalem;
1787 4186 1915 4251 tuis,
1972 4187 2086 4255 κιο..

1307 4298 1313 4303 ’
1776 4295 2010 4350 γΑιιιΑῖ
2055 4294 2458 4352 LECTIONES.

575 4406 667 4441 *m
722 4407 802 4462 'l'u
853 4409 1068 4465 domina
1117 4411 1299 4466 dixisti
1362 4428 1461 4466 ms.
1500 4410 1649 4464 omit.
1708 4420 1762 4463 tu
1807 4411 2025 4465 domina
2156 4411 2250 4461 ³⁸⁸³
2309 4408 2510 4464 Sancta
2574 4406 2748 4464 mater
2810 4410 3153 4466 immaculata
3210 4428 3310 4465 ms.
3360 4422 3545 4467 sancta
3602 4420 3764 4465 mater

499 4478 921 4549 unica,_tnaler
969 4481 1313 4543 immaculata
1368 4482 1538 4534 Mater
1604 4482 1915 4549 incorrupta
1983 4490 2158 4537 mater
2223 4479 2609 4549 misericordiae
2657 4498 2756 4533 m8.
2822 4479 3053 4534 Val-Inc.
3096 4492 3269 4535 mater
3329 4483 3638 4549 incorrupta
3674 4482 3767 4533 tui-

501 4547 844 4603 sericordire'
892 4549 983 4585 ³⁸⁸³
1022 4549 1192 4605 Nudis
1226 4560 1283 4605 et
1323 4551 1526 4603 attritis
1572 4568 1677 4605 ms.
1713 4547 1889 4605 nudus
1918 4560 1973 4605 et
2016 4553 2236 4606 attritus
2310 4550 2405 4580 ‘5“
2430 4547 2545 4602 Non
2585 4550 2855 4604 erubescit
2896 4566 2993 4602 nis.
3047 4568 3151 4605 non
3190 4551 3407 4606 erulmit
3502 4547 3593 4584 W“
3636 4554 3765 4617 Quo-

502 4617 664 4672 modo
721 4632 889 4689 super
936 4619 1161 4675 mortuis
1209 4636 1307 4673 ms.
1348 4619 1581 4674 Val-lue.
1648 4621 1922 4689 quomodo
1988 4637 2222 4689 unquam
2283 4634 2445 4688 super
2506 4622 2733 4672 mortuis
2849 4619 2939 4650 ¹⁵⁶²
2977 4620 3275 4689 Quomodo’
3324 4623 3588 4678 maternis
3651 4637 3763 4674 mss.

502 4688 796 4760 quomodo;
835 4701 1111 4757 unquam:
1141 4689 1419 4760 maternis
1487 4690 1593 4760 ff“
1620 4688 1734 4744 Non
1795 4699 1879 4760 cst
1933 4691 2023 4759 qui
2086 4688 2244 4745 eruat
2285 4705 2390 4743 nou
2431 4697 2516 4760 est
2551 4690 2642 4756 qui
2700 4689 2930 4760 redimat
2975 4707 3070 4742 ms.
3116 4688 3353 4744 Val-lac.
3396 4708 3502 4745 nou
3557 4703 3638 4745 est
3678 4690 3759 4760 qui

501 4767 661 4814 eruat
707 4758 798 4827 qui
850 4760 1104 4823 redimat,
1145 4768 1249 4814 etc.
1356 4759 1451 4792 ³⁵⁸³⁸
1486 4758 1599 4813 Non
1637 4769 1723 4813 est
1757 4759 1847 4829 qui
1908 4758 2137 4814 redimat
2182 4777 2282 4813 ms.
2311 4760 2401 4823 qui
2440 4758 2636 4829 eripiat
2712 4759 2804 4792 ¹δ⁶⁵
2848 4759 2913 4811 Et
2954 4762 3274 4828 respondeat
3316 4779 3414 4815 ms.
3461 4759 3556 4814 Val
3583 4758 3758 4814 lue-{ct

501 4829 834 4899 respondeat,
903 4829 997 4860 ¹⁵⁶⁶
1027 4831 1129 4887 Der
1158 4839 1209 4884 te
1253 4830 1567 4885 excusabile
1597 4845 1722 4889 mss.
1768 4828 1917 4899 certe
1966 4830 2280 4884 excusabile
2309 4829 2400 4860 ⁸³⁸⁷
2440 4828 2548 4882 Nec
2592 4829 2806 4899 dubites
2844 4845 2972 4881 mss.
3006 4846 3077 4899 ne
3117 4830 3331 4885 dubites
3411 4832 3504 4865 ηδε
3534 4832 3767 4886 Salutare

502 4914 683 4954 meum
707 4907 760 4951 et
788 4898 954 4969 gloria
986 4917 1100 4955 nica
1136 4917 1259 4957 mss.
1294 4900 1407 4953 Im’c
1439 4899 1609 4952 omitt.
1689 4899 1787 4969 “ﬁ”
1812 4898 1942 4969 Tuis
1964 4899 2217 4969 gloriosis
2246 4915 2372 4953 mss.
2409 4900 2530 4956 luis.
2564 4898 2796 4969 gloriosa
2832 4916 2842 4928 ·
2874 4899 2965 4929 ¹⁶⁷⁰
3004 4898 3191 4952 Vestra
3224 4911 3275 4954 et
3309 4912 3609 4965 concentus
3646 4916 3764 4969 pansa.

502 4969 672 5023 ouzitt.
715 4976 770 5022 et
800 4967 810 4969 ⁷
965 4969 1384 5044 Sumilivatimuis
1426 4985 1558 5023 mea!
1586 4986 1685 5022 ms.
1729 4967 2162 5044 Valclucfongitt.
2189 4984 2362 5044 _tne:n_
2445 4968 2536 4999 ¹⁸⁷²
2573 4967 2825 5036 Indignus
2855 4985 2981 5044 mss.
3008 4968 3238 5036 indigine
3326 4972 3418 5003 ¹⁸⁷³
3459 4968 3762 5044 llogo,'prc-

499 5054 600 5091 cor
626 5049 682 5092 et
712 5039 976 5108 supplicio
1006 5038 1129 5093 nias.
1165 5056 1316 5107 rogo,
1351 5041 1453 5094 hoc
1493 5055 1667 5092 mnum.
1697 5053 1891 5107 precor
1918 5055 2017 5090 ιιιδ.
2058 5038 2158 5092 Val
2180 5038 2285 5091 [νο.
2323 5038 2432 5108 Hoc
2462 5053 2625 5092 unum
2659 5053 2808 5105 rogo,
2865 5040 2965 5093 hoc
3022 5055 3186 5091 unum
3248 5055 3441 5107 precor
3466 5038 3770 5108 pct'obserm

502 5110 597 5149 ’⁸⁷⁵
626 5107 684 5162 Si
715 5107 860 5163 enim
908 5108 1022 5166 Dei.
1054 5118 1107 5163 et
1146 5110 1290 5163 dono
1326 5120 1418 5163 tuo
1452 5111 1553 5163 hoc
1581 5123 1794 5163 mereor
1823 5124 1949 5161 mss.
1989 5108 2033 5162 si
2061 5108 2205 5162 enim
2249 5109 2353 5161 hoc
2392 5107 2484 5161 Dei
2516 5109 2665 5161 dono
2692 5116 2741 5160 et
2788 5121 2879 5159 tuo
2923 5121 3137 5163 mereor
3212 5111 3302 5142 ⁸⁵⁷⁸
3335 5112 3388 5164 Ιιι
3416 5112 3627 5165 inferno
3653 5126 3764 5161 nm.

501 5179 558 5238 in
591 5178 863 5233 infernum
943 5178 1035 5212 ¹⁵⁷⁶
1062 5178 1189 5232 lude
1217 5180 1472 5233 extrabcs
1503 5196 1631 5233 mss.
1663 5179 1788 5233 inde
1821 5192 1907 5232 me
1930 5179 2188 5233 extrabes
2262 5178 2353 5215 ¹⁵⁷⁷
2392 5177 2520 5233 Jesu
2562 5177 2779 5230 Christo
2803 5177 3029 5231 Domino
3073 5188 3258 5234 nostro
3288 5198 3411 5233 mss.
3444 5178 3603 5235 .lcsus
3625 5179 3767 5233 Ciri-

499 5261 620 5304 Stus
662 5249 923 5304 Dominus
962 5256 1149 5303 uoster
1225 5248 1318 5279 ¹⁸⁷⁸
1367 5251 1429 5302 Et
1474 5257 1665 5316 regnat
1699 5249 1841 5301 Deus
1888 5263 1986 5302 ms.
2040 5246 2273 5316 Val-lue.
2320 5257 2375 5303 ct
2419 5257 2610 5316 regnat
2652 5247 2790 5316 Deus
2842 5262 2943 5316 per
2987 5246 3169 5300 omnia
3221 5252 3401 5304 secula
3455 5252 3764 5305 seculorum.

497 5324 674 5377 Amen
776 5319 871 5355 “7’1
898 5318 1103 5373 Collata
1123 5328 1198 5373 est
1230 5334 1346 5370 tum
1380 5317 1508 5372 Mss.
1537 5314 1683 5372 Vict.
1712 5317 1836 5371 ΚΔ.
1872 5318 1958 5371 i6.
1980 5326 2029 5371 et
2054 5315 2091 5370 Ii

2209 5318 2264 5372 5.
2306 5318 2428 5371 Bec.
2458 5314 2524 5370 υ.
2558 5316 2713 5369 Corb.
2749 5314 2868 5369 160.
2904 5314 3039 5374 Tim.
3085 5317 3210 5372 2&7.
3246 5320 3493 5374 Certima.
3544 5319 3764 5372 Val-'1“.

499 5397 552 5460 et:
574 5386 726 5460 Flor.
759 5388 841 5442 Ad
872 5387 1191 5460 B._Mariam
1222 5386 1517 5460 Virginem
1536 5403 1658 5443 cum
1694 5388 2084 5460 recordatione
2098 5400 2446 5460 peccatorum
2465 5403 2575 5460 grus.
2609 5384 2745 5460 νζὶιειἶ
2781 5385 2835 5460 ὃ.
2864 5386 3215 5460 ad_sanclam
3251 5388 3526 5460 Yirginrtn
3561 5389 3650 5442 Dci
3672 5388 3766 5442 Ge»

502 5457 752 5525 nitricem
786 5475 908 5513 ms.
955 5456 1088 5518 Vict.
1121 5458 1208 5512 16.
1233 5468 1282 5513 et
1302 5456 1457 5514 Flor.
1486 5457 1675 5514 Oratio
1700 5460 1768 5514 ad
1792 5466 2037 5513 sanctam
2067 5455 2291 5513 Mariam
2321 5474 2418 5511 ms.
2451 5456 2609 5510 Corb.
2636 5455 2910 5525 incipiunt
2936 5455 3222 5511 Orationes
3251 5455 3431 5513 Beata:
3458 5460 3639 5513 Mariae
3677 5475 3765 5509 trs.

504 5524 854 5585 Tltu..0ratin
877 5528 1049 5597 prima
1076 5529 1142 5583 ad
1181 5539 1425 5585 sanctam
1458 5529 1683 5584 Mariam
1711 5544 1832 5585 eum
1865 5544 2019 5584 mens
2065 5537 2324 5597 gravatur
2355 5539 2590 5595 torpore.
2618 5523 2816 5597 _l_n_ms.
2856 5523 3083 5579 Val—(uc.
3127 5539 3267 5580 curet
3303 5531 3475 5581 titulo.
3562 5529 3651 5560 "3°
3678 5526 3769 5597 Stt-

502 5598 829 5667 perveniens
879 5593 1011 5652 me
1042 5613 1208 5667 super
1234 5615 1426 5653 nomen
1451 5601 1699 5654 eminens
1723 5615 1847 5654 mss.
1878 5597 2030 5653 Becc.
2066 5593 2202 5652 Vict.
2232 5597 2283 5651 5.
2311 5593 2493 5650 Curtii.
2536 5606 2581 5649 et
2617 5593 2850 5667 Val-Inc.
2876 5598 3292 5664 supereminens
3370 5600 3459 5630 ¹⁸³¹
3497 5598 3609 5652 Non
3641 5596 3767 5650 mori

503 5679 631 5722 mss.
661 5664 842 5723 Curtii.
882 5666 1017 5734 για.
1047 5664 1367 5728 αι’ΥαΙ-ιιιε.
1415 5685 1519 5723 uon
1553 5670 1747 5725 minori
1802 5668 1919 5727 ,ηδ’
1955 5669 2277 5722 Prmclaram
2325 5682 2445 5721 esse
2476 5682 2600 5718 mu.
2638 5665 2922 5734 praeditam
2961 5680 3085 5721 esse
3160 5668 3254 5699 ⁸⁸⁸³
3288 5667 3609 5724 Vulneribus
3653 5666 3766 5720 lari-

506 5749 699 5795 ttorutu
729 5751 826 5794 Ius.
879 5732 1016 5794 Via.
1061 5737 1146 5797 16,.
1176 5738 1447 5798 ulceribus
1494 5737 1795 5799 [aeinorum
1876 5737 1969 5799 ἕδη
2005 5732 2771 5808 Ulceribus,ﬂagitiorumms.
2826 5732 2956 5788 νεα.
2990 5736 3074 5797 16,.
3106 5738 3421 5796 vulneribus
3451 5738 3767 5813 ﬂagitiorum
