4048 6288
241 379 347 438 957

232 493 427 565 cepisti
447 509 462 557 ;
484 485 599 549 non
628 487 710 549 est
737 491 1076 562 justiticatio,
1110 491 1215 548 nisi
1243 487 1408 563 quam
1431 487 1486 546 tu
1517 490 1724 560 integra
1752 489 1806 544 in
1838 495 1884 551 Λ

233 593 389 639 utero
422 583 634 648 fovisti;
675 600 777 638 non
823 594 909 640 est
951 584 1116 650 salus,
1163 584 1266 639 nisi
1305 599 1466 653 quam
1491 623 1506 648 ,
1547 580 1814 649 tu'virgo,

233 675 508 746 peperisti.
567 675 724 745 Ergo,
763 690 796 729 ο
832 676 1070 740 domina,
1118 675 1294 731 mater
1326 689 1386 730 es
1410 672 1816 744 justifieationis

232 774 283 817 et
306 764 750 830 justiticatorum,
788 763 1019 833 genitrix
1055 779 1114 818 es
1147 761 1602 818 reconciliationis
1640 770 1692 816 et
1726 775 1815 815 re-

228 853 662 917 conciliatorum,
712 869 909 923 parens
951 871 1008 910 es
1038 854 1226 909 salutis
1267 863 1323 907 et
1370 853 1722 909 salvatorum.
1769 849 1814 906 Ο

229 942 388 998 beata
439 942 670 997 fiducia!
724 959 757 997 ο
795 953 966 997 tutum
1009 943 1313 1013 refugium!
1369 942 1542 997 Mater
1587 941 1682 996 Dei
1729 951 1812 996 est

230 1041 406 1086 mater
435 1042 654 1098 nostra;
681 1041 853 1086 mater
878 1032 997 1102 ejus
1021 1034 1073 1088 in
1100 1034 1193 1066 ¹⁶⁸⁹
1227 1048 1333 1102 quo
1358 1032 1473 1087 solo
1496 1046 1809 1111 _speramus,

227 1131 281 1178 et
308 1139 470 1192 quem
513 1124 683 1178 solum
723 1125 993 1203 timemus,
1019 1133 1104 1180 est
1144 1136 1318 1179 mater
1355 1132 1568 1188 nostra;
1616 1131 1807 1188 mater,

229 1213 472 1283 inquam,
503 1214 620 1283 ejus
647 1215 739 1285 qui
770 1216 914 1272 solus
941 1215 1133 1281 salvat,
1157 1216 1307 1272 solus
1329 1216 1574 1281 damnat,
1596 1224 1682 1271 est
1703 1229 1812 1269 ma-

230 1312 314 1359 ter
349 1313 555 1360 nostra.

296 1393 429 1460 Sed,
473 1408 508 1448 o
543 1393 824 1448 benedicta
863 1402 916 1449 et
943 1393 1177 1449 cxaltata
1208 1409 1313 1448 non
1359 1394 1455 1450 tibi
1481 1394 1602 1458 soli,
1632 1393 1726 1450 sed
1754 1403 1810 1448 et

224 1481 381 1538 nobis
399 1483 616 1551 quidem
649 1483 740 1514 “9°
775 1498 936 1552 quam
963 1499 1235 1554 magnum,
1269 1499 1431 1554 quam
1453 1485 1684 1539 amabile
1716 1484 1804 1515 ¹⁶⁹¹

222 1579 307 1626 est
337 1572 480 1639 quod
504 1567 671 1627 ‘video
707 1586 802 1640 per
847 1581 898 1627 te
943 1574 1165 1628 evenire
1212 1574 1389 1636 nobis,
1428 1574 1571 1642 quod
1617 1574 1807 1638 videns

221 1662 450 1730 gaudeo,
475 1661 617 1732 quod
647 1654 886 1732 gaudens
915 1663 1093 1718 dicere
1130 1679 1234 1718 non
1267 1665 1458 1719 audeo.
1493 1663 1548 1718 Si
1579 1665 1722 1718 enim
1751 1673 1803 1718 tu

219 1750 442 1804 domina
467 1765 530 1807 es
557 1761 731 1806 mater
757 1751 893 1820 ejus,
917 1768 1096 1808 nonne
1121 1761 1174 1808 et
1201 1753 1291 1808 alii
1324 1754 1418 1807 lilii
1443 1754 1516 1807 tui
1547 1763 1672 1808 sunt
1697 1753 1805 1808 fra-

1645 371 2056 432 ORATIO'NES.
2110 347 2152 364 “‘

3393 375 3496 433 958

1985 486 2176 558 Magne
2224 485 2470 553 Domine,
2509 495 2567 542 tu
2610 494 2799 543 noster
2839 486 3012 557 major
3055 487 3246 553 frater,
3299 507 3491 562 magna

1917 577 2153 641 domina,
2192 585 2246 631 tu
2286 587 2468 632 nostra
2511 577 2702 634 melior
2733 590 2926 646 mater,
2972 579 3161 636 docete
3190 597 3285 636 eor
3315 598 3492 638 meum

1915 682 2021 737 qua
2075 671 2377 723 reverentia
2429 685 2526 726 vos
2566 671 2762 724 debeat
2809 672 3067 742 cogitare.
3106 672 3255 728 Bone
3304 685 3382 742 tu,
3439 683 3498 730 et

1913 759 2053 813 bona
2079 769 2168 825 tu;
2193 760 2366 814 dulcis
2395 770 2469 823 tu,
2502 768 2556 815 et
2585 761 2756 816 dulcis
2784 769 2836 814 tu
2865 762 3026 816 dicite
3055 773 3111 816 et
3133 763 3258 817 date
3297 764 3492 818 anima:

1914 864 2068 915 mete,
2095 864 2204 918 quo
2231 849 2424 904 atl'ectu
2459 865 2554 906 vos
2585 852 2935 905 memorando
2973 852 3038 907 de
3079 854 3229 907 vobis
3257 855 3490 909 delecte-

1917 949 2023 1006 tur,
2072 939 2391 996 delectando
2427 940 2772 1009 jucundetur,
2810 943 3155 1011 jucundando
3194 946 3494 1016 impingite-

1916 1042 2021 1085 tur.
2055 1030 2390 1102 lmpinguate
2414 1040 2468 1085 et
2493 1032 2812 1102 succendite
2852 1033 2941 1064 ¹⁷⁰⁷
2976 1049 3094 1086 eam
3141 1044 3322 1088 vestra
3359 1035 3493 1089 dile-

1912 1122 2118 1190 ctione;
2171 1131 2356 1178 vestro
2405 1123 2498 1155 ¹⁷⁰⁸
2551 1123 2807 1178 continuo
2853 1138 3039 1177 amore
3092 1125 3346 1195 langueat
3397 1139 3494 1180 eor

1911 1227 2120 1281 meum,
2145 1213 2425 1289 liquefiant
2457 1214 2640 1269 omnia
2669 1227 2792 1268 ossa
2824 1228 2942 1268 mea
2967 1214 3082 1280 ‘7”,
3115 1215 3333 1270 deficiat
3363 1231 3491 1270 caro

1909 1317 2052 1356 mea.
2088 1302 2309 1357 Utinam
2357 1303 2435 1358 sic
2461 1304 2667 1358 viscera
2699 1303 2892 1358 animae
2923 1319 3056 1359 meae
3085 1304 3225 1359 dulci
3277 1305 3492 1360 fervore

1908 1400 2102 1446 vestra:
2122 1391 2427 1447 dilectionis
2441 1393 2818 1455 exardescant,
2839 1401 2899 1446 ut
2921 1393 3127 1447 viscera
3149 1393 3329 1448 carnis
3354 1410 3487 1449 meae

1906 1491 2253 1537 exarescant!
2283 1482 2499 1538 Utinam
2525 1483 2604 1538 sic
2627 1482 2814 1537 intima
2838 1484 3060 1554 spiritus
3073 1485 3175 1537 mei
3201 1484 3488 1540 dulcedine

1905 1577 2072 1632 vestri
2099 1575 2323 1632 atl‘eetns
2345 1576 2440 1610 ¹⁷¹⁰
2464 1577 2849 1648 impinguetur,
2884 1586 2942 1633 ut
2966 1560 3212 1633 medulla:
3242 1579 3491 1648 corporis

1906 1669 2010 1724 inci
2042 1668 2420 1725 exsiccentur!

1979 1760 2204 1816 Domine
2232 1761 2332 1816 Fili
2365 1761 2595 1816 dominae
2626 1775 2781 1824 mete,
2818 1760 3036 1816 domina
3073 1770 3247 1815 mater
3275 1762 3488 1816 Domini

218 1847 334 1894 tres
361 1838 517 1907 ejus?
556 1840 663 1896 Sed
705 1842 795 1912 qtti
847 1842 1068 1908 fratres,
1119 1851 1174 1898 et
1226 1841 1380 1911 cujus
1430 1841 1569 1912 ejus,
1616 1843 1807 1912 loquar
1838 1839 1881 1894 Β
1909 1849 2032 1911 mei,
2075 1849 2118 1904 si
2145 1865 2246 1920 ego
2282 1864 2388 1904 non
2421 1865 2539 1905 sum
2588 1851 2780 1919 dignus
2811 1851 2899 1918 qui
2932 1851 3010 1904 sic
3049 1851 3273 1905 debeam
3305 1861 3488 1907 vestro

221 1929 368 1984 unde
419 1931 510 1963 ³⁶⁹²
550 1933 882 2001 jucundatur
909 1948 1006 1988 cor
1047 1949 1257 1997 meum;
1300 1949 1369 1988 an
1409 1933 1604 1998 silebo,
1637 1949 1707 1988 ne
1736 1933 1804 1990 de

216 2015 456 2074 elatione
481 2021 572 2063 li”
600 2031 860 2092 arguatur
884 2037 947 2076 os
976 2037 1159 2076 meum.
1181 2022 1307 2076 “9‘?
1337 2022 1442 2077 Sed
1469 2024 1612 2091 quod
1642 2024 1804 2078 credo

216 2112 473 2174 amando,
500 2128 598 2166 cur
618 2128 724 2166 non
752 2113 1054 2168 confitebor
1081 2114 1384 2169 laudando?
1419 2115 1604 2168 Dicam
1639 2115 1804 2182 igitur

216 2215 324 2254 non
358 2201 742 2269 superbiendo,
768 2202 860 2256 sed
887 2204 1090 2272 gratias
1112 2204 1342 2273 agendo.
1369 2204 1468 2270 Qui
1501 2203 1644 2257 enim
1671 2203 1802 2258 fecit

214 2300 272 2344 ut
305 2291 423 2358 ipse
454 2306 550 2359 per
581 2301 878 2345 maternam
913 2295 1313 2361 generationem
1350 2295 1622 2364 particeps
1652 2307 1800 2350 esset

211 2389 422 2434 naturae
461 2380 552 2412 ¹⁶⁹⁸
587 2391 808 2445 noslrm,
857 2392 912 2434 et
955 2399 1052 2436 nos
1095 2399 1192 2451 per
1229 2385 1352 2437 vitae
1400 2385 1798 2440 restitutionem

212 2486 461 2526 essemus
507 2470 602 2527 lilii
653 2473 842 2527 matris
883 2472 998 2541 ejus
1040 2475 1152 2538 “9°,
1189 2476 1302 2544 ipse
1339 2491 1436 2530 nos
1480 2477 1695 2542 invitat,
1743 2487 1802 2532 ut

212 2562 576 2616 confiteantur
605 2577 702 2616 nos
745 2554 941 2618 fratres
969 2564 1059 2596 ¹⁶⁰⁷
1088 2564 1226 2632 ejus.
1259 2566 1398 2635 Ergo
1419 2566 1583 2635 judex
1616 2577 1801 2621 noster

209 2660 294 2708 est
315 2652 488 2706 frater
513 2661 724 2717 noster;
758 2653 1006 2709 Salvator
1037 2656 1220 2708 mundi
1253 2655 1344 2686 ³⁸³⁸
1370 2664 1454 2710 cst
1487 2655 1658 2709 frater
1700 2671 1801 2710 no-

211 2752 356 2807 ster;
403 2743 637 2812 denique
680 2743 822 2798 Deus
871 2754 1056 2799 noster
1088 2752 1172 2798 est
1212 2744 1387 2800 factus
1431 2760 1528 2814 per
1577 2744 1798 2799 Mariam

211 2835 378 2889 frater
434 2847 634 2890 noster.
676 2834 792 2902 Qua
827 2835 988 2904 igitur
1016 2835 1342 2891 eertitudine
1385 2837 1644 2890 debenms
1680 2823 1799 2906 spe-

209 2938 360 2989 rare,
414 2939 521 2992 qua
567 2924 938 2978 consolatione
965 2925 1056 2956 ¹⁶⁹⁹
1085 2941 1370 2994 possumus
1421 2926 1631 2990 timere,
1665 2941 1800 2995 quo-

209 3029 333 3068 rum
378 3013 493 3068 sive
523 3014 691 3080 salus,
721 3015 835 3068 sive
864 3015 1160 3080 damnatio,
1200 3017 1265 3070 dc
1308 3017 1432 3070 boni
1465 3015 1650 3071 fratris
1681 3016 1796 3082 ¹⁷⁰⁰,

209 3111 268 3156 ct
283 3103 354 3157 de
384 3103 486 3172 piae
511 3106 702 3158 matris
717 3108 952 3174 pendent
974 3106 1230 3161 arbitrio!
1264 3108 1380 3173 Quo
1405 3108 1570 3162 etiam
1602 3108 1794 3164 affectu

208 3194 355 3248 hunc
377 3194 602 3249 fratrem
639 3207 693 3250 et
718 3196 858 3250 lianc
880 3207 1110 3252 matrem
1138 3213 1322 3251 amare
1353 3200 1647 3254 debemus?
1677 3203 1792 3268 Qua

209 3286 581 3342 familiaritate
611 3303 708 3343 nos
738 3288 843 3344 illis
879 3286 1316 3344 committemus?
1354 3290 1466 3356 Qua
1496 3294 1791 3347 securitate

207 3379 277 3431 ad
333 3379 454 3435 illos
495 3379 902 3452 confugiemus?
929 3382 1043 3450 Qua
1089 3384 1372 3438 dulcedine
1420 3383 1792 3453 confugientes

208 3468 301 3499 ³⁷⁸³
346 3469 723 3538 suseipiemur.
766 3471 948 3526 Bonus
978 3471 1142 3542 igitur
1168 3472 1337 3526 frater
1372 3475 1529 3528 nobis
1553 3475 1791 3530 dimittat

202 3561 351 3629 quod
376 3561 699 3630 deliquimus
726 3562 846 3623 ‘7”;
875 3563 988 3631 ipse
1015 3564 1380 3633 avertatquod
1401 3565 1787 3634 delinquentes

205 3649 528 3715 meruimus,
585 3652 699 3720 ipse
755 3653 918 3706 donet
965 3654 1106 3721 quod
1145 3654 1472 3722 pwnitentes
1526 3654 1781 3724 petimus.

199 3739 353 3793 Bona
383 3748 552 3794 mater
592 3753 708 3796 oret
737 3751 790 3796 et.
826 3751 1012 3795 exoret
1042 3740 1351 3811 pro'nobis,
1392 3744 1506 3812 ipsa
1553 3744 1813 3813 pustulet-

198 3841 259 3884 et
309 3831 561 3899 impetret
604 3832 747 3901 quod
801 3832 1022 3899 expedit
1073 3833 1230 3887 nobis
1276 3833 1391 3887 ‘7”.
1449 3834 1566 3902 ipsa
1633 3845 1786 3904 roget

201 3921 373 3974 lilium
405 3936 503 3990 pro
535 3921 678 3985 filiis,
703 3923 1034 3992 unigenitum
1069 3937 1163 3991 pro
1185 3923 1476 3991 adoptatis,
1509 3925 1783 3979 dominum

196 4027 302 4081 pro
331 4013 527 4065 servis.
566 4011 744 4066 Bonus
782 4013 946 4067 Filius
978 4015 1162 4067 audiat
1206 4025 1434 4068 matrem
1475 4030 1572 4084 pro
1605 4014 1789 4070 fratri-

193 4104 323 4167 bus,
373 4103 690 4174 Unigeuitus
731 4121 830 4174 pro
879 4107 963 4160 liis
998 4121 1135 4175 quos
1173 4106 1472 4175 adoptavit,
1528 4109 1789 4164 Dominus

192 4210 297 4265 pro
352 4195 438 4249 bis
476 4212 612 4264 quos
639 4196 908 4250 liberavit.
943 4196 987 4252 0
1031 4197 1194 4250 Maria
1231 4198 1350 4252 ‘7“!
1393 4208 1655 4267 quantum
1691 4199 1784 4253 tibi

191 4288 483 4351 debemus,
511 4288 727 4341 domina
774 4299 947 4342 mater
979 4305 1076 4357 per
1100 4305 1263 4358 quam
1300 4291 1393 4322 ¹⁷⁰⁵
1420 4292 1584 4361 2—82
1621 4291 1783 4346 talem

1907 1953 2093 1993 amore
2142 1938 2464 2003 beatiﬁcari,
2511 1948 2658 1994 certe
2699 1954 2794 1994 vos
2828 1939 2914 1970 ‘7“
2948 1954 3052 1994 non
3099 1940 3230 1994 estis
3259 1940 3486 2010 indigni,

1906 2029 1996 2097 qui
2039 2029 2138 2094 sic,
2188 2029 2298 2084 imo
2337 2029 2429 2061 ¹⁷¹¹
2477 2028 2594 2098 plus
2629 2029 2871 2083 debeatis
2915 2029 3105 2082 amari.
3141 2029 3304 2098 Ergo,
3336 2031 3492 2083 beni-

1905 2120 2170 2189 gnissimi,
2207 2134 2273 2173 ne
2301 2121 2381 2175 sic
2421 2119 2698 2190 denegetis
2739 2119 2866 2172 milii
2912 2119 3114 2188 petenti
3155 2120 3207 2172 id
3245 2135 3354 2188 quo
3401 2135 3488 2174 me

1905 2211 2170 2266 confiteor
2198 2211 2500 2282 indignum,
2529 2219 2589 2264 ut
2619 2209 2900 2264 auferatur
2925 2209 3078 2264 vobis
3122 2210 3174 2264 id
3205 2225 3313 2277 quo
3337 2219 3486 2264 certe

1903 2314 2000 2354 vos
2041 2316 2239 2370 negare
2270 2316 2374 2355 non
2413 2301 2639 2369 potestis
2682 2301 2890 2370 dignos.
2934 2300 3066 2354 Date
3117 2301 3318 2370 itaque,
3356 2301 3487 2371 piis-

1904 2389 2048 2452 simi,
2097 2389 2242 2451 date,
2275 2390 2522 2454 obsecro,
2573 2389 2888 2458 supplicanti
2932 2389 3124 2442 anima;
3171 2405 3321 2452 mem,
3373 2406 3480 2445 non

1903 2491 2122 2549 propter
2166 2479 2415 2534 meritum
2466 2493 2665 2544 meum,
2707 2481 2801 2533 sed
2844 2487 3066 2548 prepter
3096 2479 3343 2532 meritum
3393 2497 3485 2533 vc-

1905 2579 2106 2634 strum;
2136 2569 2260 2623 date
2282 2567 2355 2621 illi
2381 2575 2584 2636 quanto
2607 2567 2752 2636 digni
2774 2567 2923 2626 estis,
2951 2581 3190 2619 amorem
3211 2576 3480 2629 vestrum.

1905 2660 2057 2724 Date,
2086 2659 2329 2728 inquam,
2362 2657 2492 2710 milii
2535 2671 2643 2725 quo
2669 2671 2786 2709 sum
2823 2656 2913 2686 "‘3
2967 2655 3238 2725 indignus,
3273 2665 3330 2709 ut
3364 2657 3486 2710 red-

1904 2749 2064 2802 datur
2105 2747 2258 2801 vobis
2283 2762 2390 2816 quo
2421 2747 2552 2802 estis
2589 2744 2682 2777 ‘7“
2706 2745 2873 2816 digni.
2923 2744 2979 2800 Si
3009 2746 3153 2798 enim
3181 2761 3286 2799 non
3315 2747 3478 2800 vultis

1904 2839 2056 2904 dare,
2092 2848 2150 2893 ut
2179 2835 2408 2893 habeam
2454 2837 2596 2907 quod
2641 2837 2914 2901 desidero,
2951 2834 3142 2890 saltem
3189 2837 3355 2906 nolite
3386 2852 3484 2891 ue-

1903 2945 2030 3001 garc
2054 2939 2111 2983 ut
2133 2929 2352 2984 reddam
2382 2929 2536 2984 vobis
2564 2928 2708 2997 quod
2740 2927 2930 2981 debeo.

1973 3019 2222 3074 Forsitan
2254 3020 2630 3089 pmsumendo
2673 3017 2884 3086 loquar,
2922 3017 3016 3071 sed
3050 3016 3240 3085 utique
3264 3015 3482 3071 bonitas

1903 3121 2081 3164 vestra
2111 3109 2240 3165 facit
2270 3113 2368 3163 me'
2388 3108 2670 3162 audacem.
2693 3105 2904 3175 Loquar
2926 3121 3056 3176 ergo
3081 3107 3260 3160 adhuc
3281 3107 3350 3159 ad
3376 3105 3484 3160 Do-

1826 3172 1868 3232 C
1904 3201 2101 3253 minum
2131 3215 2309 3252 meum
2339 3207 2394 3252 et
2430 3198 2703 3252 dominam
2738 3211 2915 3250 meam
2953 3212 3070 3248 cum
3113 3197 3211 3249 sim
3237 3195 3405 3263 pulvis
3430 3205 3482 3250 et

1898 3294 2029 3346 cinis
2069 3291 2224 3362 (Gen.
2279 3307 2436 3357 xvm,
2479 3290 2594 3361 27).
2646 3291 2872 3345 Domina
2921 3299 2977 3344 et
3015 3289 3254 3355 domina,
3303 3306 3485 3345 nonne

1901 3385 2070 3438 multo
2101 3384 2290 3437 melius
2317 3390 2399 3437 est
2435 3397 2558 3436 cum
2593 3397 2690 3436 vos
2718 3381 2887 3452 gratis
2915 3381 3129 3435 donatis
3151 3381 3244 3413 ⁸⁷⁸⁵
3273 3382 3478 3449 petenti

1899 3475 2037 3544 quod
2086 3474 2200 3543 ipse
2229 3487 2332 3526 non
2361 3482 2623 3535 meretur,
2647 3486 2807 3540 quam
2840 3485 2964 3524 cum
2995 3469 3150 3524 vobis
3190 3470 3472 3524 subtrahi-

1901 3577 1988 3621 tur
2031 3567 2172 3636 quod
2204 3565 2356 3618 vobis
2387 3564 2532 3634 juste
2563 3563 2823 3618 debetur?
2853 3563 2986 3617 Illud
3031 3563 3230 3632 quippe
3276 3561 3476 3632 prindi-

1895 3657 2079 3712 t.andae
2106 3656 2489 3710 misericordia:
2524 3665 2638 3718 est,
2689 3654 2830 3708 istud
2865 3663 2949 3707 est
2987 3653 3234 3708 nefandae
3266 3652 3477 3722 injusti-

1897 3749 2002 3800 tiar.
2031 3746 2325 3813 lmpenditc
2348 3745 2529 3814 igitur,
2557 3741 2805 3812 piissimi,
2839 3742 3089 3810 gratiam,
3117 3751 3176 3794 ut
3200 3742 3478 3811 recipiatis

1895 3838 2165 3901 debitum;
2211 3836 2375 3890 facite
2423 3850 2517 3888 vos
2568 3833 2698 3888 mihi
2756 3832 3183 3886 misericordiam
3238 3843 3477 3888 vestram

1893 3942 2012 3996 quin
2051 3927 2182 3980 milii
2211 3925 2426 3994 expedit
2453 3934 2506 3978 et
2535 3940 2629 3978 vos
2653 3924 2825 3986 decet,
2856 3938 2924 3977 ne
2955 3922 3150 3976 faciam
3186 3938 3284 3992 ego
3321 3924 3475 3976 vobis

1893 4016 2212 4083 iniustitiam
2243 4029 2415 4068 meam
2443 4029 2562 4082 qua:
2594 4013 2722 4067 nulli
2755 4012 2970 4082 expedit
2991 4021 3047 4065 et
3073 4012 3274 4064 nullum
3301 4012 3474 4065 decet.

1893 4105 2074 4159 Estote
2127 4102 2408 4158 vosmilii
2463 4101 2861 4167 misericordes,
2912 4101 3056 4170 quod
3103 4100 3330 4155 obsecro
3379 4117 3477 4157 vos

1889 4198 1999 4260 ‘7‘“,
2048 4213 2113 4252 ne
2145 4197 2245 4251 siin
2275 4210 2374 4266 ego
2403 4195 2556 4250 vobis
2582 4193 2830 4262 iniustus,
2855 4195 2996 4264 quod
3021 4209 3294 4249 exsecror.
3344 4196 3476 4250 Date

1889 4291 1979 4322 ¹⁷¹⁷
2007 4289 2238 4360 benigne
2263 4296 2316 4342 et
2343 4287 2597 4356 benigna,
2633 4302 2698 4340 ne
2741 4286 2861 4340 sitis
2893 4285 2984 4318 ¹⁷¹⁸
3011 4295 3238 4340 exorato
3280 4286 3476 4341 dillici-

190 4377 424 4430 fratrem
457 4377 739 4432 habemus!
780 4378 918 4445 Quid
949 4381 1268 4449 gratiarum,
1312 4382 1440 4450 quid
1474 4381 1650 4437 laudis
1682 4383 1778 4438 tibi
1885 4382 1983 4449 les,
2020 4382 2144 4435 date
2172 4380 2366 4434 anima:
2399 4379 2490 4410 ¹⁷¹⁹
2519 4392 2650 4432 meae
2682 4391 2921 4430 amorem
2956 4377 3144 4443 vestri,
3173 4392 3332 4446 quem
3359 4379 3473 4448 ipsa

183 4469 697 4524 retribuemusm"!
1241 4485 1244 4488 ’
1811 4529 1852 4542 ,κ
1887 4490 1990 4529 non
2015 4472 2213 4542 injuste
2237 4472 2395 4542 petit,
2427 4479 2481 4526 et
2514 4485 2609 4524 vos
2632 4467 2779 4538 juste
2802 4468 3050 4540 exigitis;
3076 4483 3142 4525 ne
3176 4469 3288 4540 ipsa
3317 4471 3477 4524 bonis

1489 4648 1722 4705 VARIAﬂ
1764 4646 2169 4704 LECTIONES.

263 4778 362 4811 “3'
387 4778 555 4856 Mater
571 4779 686 4856 ejus
705 4782 755 4836 in
773 4800 896 4856 mss.
919 4784 1039 4839 160.
1054 4797 1098 4838 et
1118 4784 1323 4842 Tltttan.
1349 4787 1518 4842 Mater
1535 4789 1622 4843 Dei
1643 4789 1693 4842 in
1761 4789 1851 4822 ¹⁶¹⁵⁰
1869 4787 2038 4844 Nobis,
2055 4786 2183 4856 quid
2200 4793 2283 4840 est
2314 4800 2412 4838 ms.
2431 4783 2563 4839 Vict.
2592 4783 2658 4838 16
2687 4784 3077 4856 nobisquidem
3095 4791 3176 4836 cst
3206 4780 3470 4856 tils§.V(tl—

176 4851 296 4929 (ire.
330 4859 384 4929 et
401 4848 548 4929 flor.
583 4848 689 4906 Sed
717 4863 770 4906 et
797 4855 968 4929 nobis
983 4857 1511 4929 quidern_(omit.est)
1583 4860 1670 4892 ¹⁶⁹¹
1689 4858 1858 4926 Quam
1887 4848 2348 4929 admirabilemss.
2377 4855 2795 4929 quatnan‘tabile
2835 4848 2926 4887 “‘9’
2958 4853 3170 4920 Loquar
3198 4868 3264 4903 un
3290 4854 3334 4905 le
3362 4861 3485 4904 ms.‘

196 4919 718 4994 Vicl.16.|oquatttr
740 4925 880 4979 unde
956 4919 1048 4957 ‘6”
1071 4925 1150 4981 Ne
1167 4919 1399 4980 elatione
1415 4919 1535 4984 mas.
1556 4919 1752 4983 Thufét
1771 4929 1994 4982 Val-luo.
2013 4943 2079 4980 ne
2096 4932 2158 4978 de
2175 4919 2411 4980 elatione
2486 4925 2578 4957 “"9"
2595 4926 2865 4994 Arguatur
2882 4919 3067 4994 meum
3087 4937 3167 4994 ut;
3191 4931 3470 4994 arguatur

171 5006 246 5045 os
274 5005 459 5044 meum
529 4992 617 5022 ¹⁶⁹⁵
651 4993 806 5067 Esset
837 5002 1041 5067 natura:
1060 5012 1195 5067 mss.
1225 5008 1368 5052 esset
1392 5001 1660 5067 particeps
1683 5009 1888 5053 natura:
1962 4997 2052 5028 ³⁵9⁸
2070 4996 2254 5050 Matris
2283 5012 2392 5050 sua!
2436 5012 2560 5049 mss.
2611 4990 2799 5067 matris
2844 4993 2959 5067 ejus
3006 5060 3017 5067 _
3056 4991 3145 5067 ‘f”
3191 4990 3301 5043 Non
3347 5005 3471 5045 esse

173 5070 377 5128 patres
398 5076 520 5114 mss.
539 5077 636 5115 nos
663 5062 856 5118 fratres
937 5066 1027 5096 ¹⁶⁹⁸
1053 5065 1302 5121 Salvator
1331 5060 1511 5122 mundi
1540 5060 2115 5123 uias.Tlman.etCorb.
2133 5067 2380 5121 Salvator
2405 5076 2587 5120 noster
2639 5062 2855 5128 “"Qua
2873 5060 3200 5116 desolationc
3225 5075 3466 5129 mss.qua

171 5129 562 5205 consolatione
603 5132 1706 5205 ¹⁷⁰⁶ῡίξΙιοηῐεΐιοίιιτίεηιεεείιοΙιοιιὶ1ἰ’τηι·ἰε
1749 5137 2367 5205 ‘7‘"Confugicntcsmss.
2387 5135 2652 5204 fugientes
2691 5132 2785 5163 ¹⁷⁰²
2802 5133 2952 5205 Quod
2970 5131 3464 5205 delinquimusmss.

167 5201 332 5279 quod
355 5201 692 5279 deliquimus
758 5203 850 5279 mf
881 5206 1302 5279 lgspedit‘noliis
1341 5228 1461 5263 mss.
1501 5210 1654 5264 nobis
1695 5210 1946 5279 expediat
2002 5201 2108 5240 "6°"
2137 5201 2571 5279 Fratribusquod
2602 5205 2858 5279 bis_quos
2882 5201 3157 5279 adoptavit
3183 5202 3466 5279 Dominus,

167 5286 284 5351 pro
308 5270 572 5351 hisquos
610 5270 1052 5351 l_iber_a_vit_tiliu_s.
1085 5276 1252 5330 Maria
1287 5295 1410 5332 uisa.
1443 5279 1701 5336 fratribus
1732 5270 2036 5351 uitigenitns
2067 5295 2160 5348 pro
2190 5279 2254 5331 εἰς
2283 5270 2750 5351 φιφξςἮφυιειῩῇῐ
2781 5270 3185 5351 Βοηιίίιιὶιξηρνο
3215 5271 3296 5351 liis
3328 5285 3464 5337 quos

163 5340 467 5419 libem‘tvit.
498 5341 663 5419 Maria
743 5343 835 5374 ¹⁷⁰⁸
869 5345 1093 5399 Domina
1119 5363 1389 5419 perquam
1415 5368 1538 5403 mss.
1564 5352 1786 5406 Domina
1814 5340 2006 5413 uiator,
2028 5340 2314 5419 perquam
2361 5345 2454 5377 ⁵⁷⁰⁶
2477 5340 2594 5399 Tibi
2625 5342 2954 5419 tribuemus?
2981 5341 3074 5419 tibi
3103 5342 3466 5393 retribuemus

165 5412 279 5490 Ἰν
311 5410 378 5464 Et
405 5413 679 5467 ³¹¹⁰θθάί¹θ
702 5430 835 5490 πίδὲο.
857 5424 905 5469 9'
929 5410 1262 5490 _Stt‘ccetidite'
1324 5419 1415 5451 ¹¹¹⁰⁸
1437 5421 1570 5474 Cum
1598 5423 1762 5475 vestri
1787 5410 2095 5481 dilectione,
2119 5410 2280 5471 vestri
2312 5433 2437 5490 mss.
2468 5430 2586 5490 eam
2616 5423 2794 5490 vestra
2827 5412 3129 5474 dilectione,
3157 5420 3336 5490 vestro
3363 5425 3464 5490 ms.

161 5482 312 5560 Bgc.
346 5494 466 5534 eam
501 5493 744 5560 vestram.
767 5484 1314 5560 dilectionemvestro
1388 5491 1481 5521 ""9
1511 5491 1777 5560 Liquetiat
1807 5492 1988 5560 anima
2023 5477 2136 5560 mea
2163 5504 2293 5560 mss.
2327 5487 2605 5560 liquetiant
2624 5485 2800 5560 omnia
2824 5495 3139 5560 ossa__u_tea_u
3162 5479 3254 5560 ‘_“°
3283 5477 3460 5560 Vestri

159 5551 380 5605 cﬂ’ecta
422 5568 543 5625 uias.
580 5554 744 5608 vestri
769 5553 992 5610 effectus
1068 5556 1154 5587 *7“
1185 5556 1346 5612 Forte
1362 5573 1457 5613 vos
1479 5550 1604 5614 mss:
1633 5572 1779 5616 certe
1803 5576 1898 5616 vos
1974 5559 2064 5590 "“
2097 5558 2206 5611 lino
2249 5550 2522 5624 ejus'msa.
2565 5556 2672 5608 imo
2722 5554 2838 5625 plus
2916 5550 3180 5625 ""‘lmji
3217 5550 3305 5625 τινί
3339 5564 3463 5625 δίνη

158 5637 314 5700 ψει.
362 5621 497 5675 mihi
529 5639 636 5700 quo
656 5639 784 5700 sum
806 5695 818 5700 _
863 5625 1152 5700 ‘"_‘__Yobis
1183 5628 1271 5694 qui
1301 5630 1432 5683 estis
1455 5646 1576 5684 mss.
1608 5631 1760 5700 vobis
1785 5646 1892 5700 quo
1921 5629 2053 5682 estis
2086 5619 2404 5700 tilSLJJél'III.
2437 5627 2590 5700 vobis
2617 5619 2759 5694 quod
2785 5625 2923 5679 estis
3001 5621 3093 5653 ¹⁷¹⁸
3116 5619 3334 5700 Gratias
3366 5619 3464 5700 ﬁt};

157 5693 251 5770 tis
287 5705 415 5770 mss.
444 5687 612 5759 gratis
632 5687 854 5770 donatis
927 5696 1020 5728 ¹⁷¹⁶
1049 5687 1284 5770 Obsecro
1302 5714 1418 5770 vos.
1450 5715 1515 5752 nc
1565 5697 1701 5754 mss.
1741 5687 1972 5756 olisecro
1999 5713 2067 5752 ne
2131 5689 2235 5764 ,¹⁷”¹⁷
2278 5697 2502 5763 Execro,
2551 5687 2681 5754 dare
2725 5712 2849 5752 mss.
2900 5703 3135 5750 execror
3165 5692 3287 5748 date
3366 5687 3467 5724 ⁸⁷⁸³⁸

155 5761 293 5816 Nec
324 5761 447 5815 sitis
478 5778 605 5818 mas.
628 5763 780 5828 Tltu‘.
819 5765 936 5820 Bec.
973 5781 1038 5821 ne
1070 5767 1186 5822 sitis
1265 5769 1361 5800 "'9‘
1385 5770 1522 5827 Dare
1551 5771 1742 5827 animae
1774 5788 1896 5827 mas.
1932 5772 2052 5841 date
2083 5761 2276 5824 auium:
2490 5761 2495 5763 ⁷
3011 5789 3013 5791 ‘
