4048 6288
572 317 762 423 959‘

902 365 971 422 Β.
1009 362 1309 422 A'NSELMI
1360 360 1713 416 CANTUAR.
1750 357 2069 414 ARCHIEP.
2109 354 2260 413 OPP.
2301 354 2482 412 PARS
2518 357 2581 412 ll.
2622 388 2692 400 —
2719 358 3085 417 PARAESET.
3114 361 3201 416 ET
3228 361 3470 418 ASCET.

3715 364 3829 421 960

590 480 684 512 ιη’
713 478 906 534 vestris
932 478 1005 533 sit
1039 478 1278 546 ingrata;
1318 474 1459 543 quod
1491 474 1605 543 ipsa
1650 471 1793 541 iuste
1820 472 2009 528 horret
2034 470 2151 537 πυ,
2181 472 2227 533 Α
2255 467 2351 524 Dei
2391 469 2719 544 unigenitus,
2763 471 2835 527 ob
2870 470 3252 529 sincerissime
3291 471 3620 543 virginitatis
3662 477 3833 532 meri‘

584 579 643 625 et
665 584 759 626 vos
786 584 891 624 non
931 554 1126 637 injuste
1153 566 1372 636 punitis.

656 658 834 719 Certe,
864 655 988 709 Jesu
1029 653 1101 707 lili
1139 654 1252 719 Dei,
1295 662 1351 707 et
1382 662 1458 714 tu,
1504 651 1668 706 Maria
1716 659 1910 714 mater,
1956 658 2014 704 et
2054 663 2149 704 vos

584 746 766 813 vultis,
791 754 847 800 et
877 759 1087 813 aequum
1111 753 1190 797 est
1221 754 1272 797 ut
1301 743 1556 812 quidquid
1585 758 1679 798 vos
1705 742 1928 811 diligitis
1957 740 2150 811 diliga-

586 844 674 890 tur
696 851 727 890 a
746 835 919 889 nobis.
950 834 1108 904 Ergo,
1130 833 1264 886 bone
1286 833 1411 893 Fili,
1444 847 1572 901 rogo
1601 840 1649 884 te
1672 846 1767 900 per
1786 830 2147 894 dilectionem,

578 939 687 995 qua
720 924 898 995 diligis
928 924 1020 956 ‘7"
1038 931 1261 977 matrem
1285 933 1452 988 tuam,
1478 930 1534 975 ιιι
1554 922 1692 976 sicut
1722 930 1774 974 tu
1802 935 1928 974 vere
1952 919 2146 990 diligis,

580 1014 637 1069 et
663 1015 809 1085 diligi
834 1015 917 1069 vis
947 1029 1084 1071 eam.
1120 1015 1191 1067 ita
1224 1014 1353 1069 mihi
1384 1015 1478 1068 des
1510 1023 1568 1067 ut
1593 1027 1719 1067 vere
1759 1013 1975 1082 diligam
2000 1027 2142 1065 eam.

581 1103 726 1157 Bona
753 1114 945 1168 mater,
977 1118 1105 1173 rogo
1143 1114 1195 1158 te
1235 1118 1331 1173 per
1381 1103 1740 1167 dilectionem,
1801 1118 1905 1170 qua
1970 1102 2147 1172 diligis

581 1193 749 1249 lilium
778 1204 951 1261 tuum,
991 1207 1052 1249 nt
1079 1198 1219 1252 sicut
1247 1204 1300 1249 tu
1324 1209 1450 1250 vere
1470 1194 1647 1265 diligis
1670 1203 1724 1249 et
1755 1193 1901 1261 diligi
1944 1193 2036 1225 "“
2066 1193 2148 1248 vis

577 1297 738 1349 eum,
769 1284 842 1338 ita
875 1285 1005 1340 mihi
1046 1285 1324 1354 impetres,
1356 1291 1414 1337 ut
1439 1297 1566 1337 vere
1584 1282 1802 1348 diligam
1830 1296 1977 1337 eum.
2008 1281 2149 1337 Ecce

577 1372 720 1426 enim
750 1383 873 1441 peto
900 1377 1040 1443 quod
1070 1386 1127 1428 ut
1164 1376 1257 1429 liat
1282 1389 1409 1429 vere
1449 1364 1532 1428 est
1577 1372 1628 1426 in
1665 1381 1844 1427 vestra
1872 1373 2148 1430 voluntate

581 1462 693 1517 ‘7“.
720 1463 830 1519 Cur
855 1480 983 1535 ergo
1004 1475 1221 1535 propter
1250 1472 1468 1533 peccata
1498 1477 1613 1519 mea
1644 1477 1750 1518 non
1782 1462 1895 1528 llet,
1927 1477 2049 1519 cum
2074 1465 2147 1522 sit

576 1565 634 1609 et
657 1556 709 1609 in
739 1556 830 1589 ¹⁷¹⁸
860 1567 1036 1612 vestra
1067 1556 1367 1627 potestate?
1398 1557 1623 1610 Amator
1648 1563 1703 1610 et
1732 1557 2018 1613 miserator
2040 1557 2145 1613 hoe

577 1645 804 1712 minum,
842 1656 898 1701 tu
938 1649 1162 1717 posuisti
1193 1663 1315 1703 reos
1348 1656 1467 1702 tuos
1496 1656 1548 1701 et
1572 1662 1741 1717 usque
1771 1649 1864 1682 ‘7”
1903 1650 1971 1704 ad
2001 1664 2147 1705 mor-

575 1744 683 1790 tem
711 1752 916 1803 amare,
946 1747 1002 1794 et
1025 1740 1227 1808 poteris
1250 1748 1301 1796 te
1325 1738 1534 1810 roganti
1577 1753 1818 1794 amorem
1850 1739 1925 1795 tui
1952 1748 2008 1795 et
2027 1755 2145 1795 ma—

2255 566 2401 623 lum,
2450 561 2754 617 dilectionis
2799 576 2909 617 sure
2965 562 3308 618 conﬁrmavit
3354 563 3718 633 privilegium,
3767 566 3830 625 in

2248 662 2411 703 cruce
2440 649 2678 718 pendens
2710 648 2805 707 uni
2836 658 3074 706 vestrum
3099 650 3174 706 ita
3203 652 3388 707 dicens
3413 670 3427 705 :
3473 652 3689 719 Mulier,
3708 670 3831 708 ecce

2249 738 2393 807 ﬁlius
2417 749 2537 793 tuus
2566 739 2747 809 (Joau.
2780 755 2892 806 xlv,
2926 740 3039 808 26).
3065 741 3269 796 Deinde
3291 743 3356 805 ad
3378 742 3608 796 alterum
3639 760 3653 795 :
3687 741 3829 796 Ecce

2250 838 2418 882 mater
2442 838 2533 884 tua
2569 830 2743 897 (ibid.,
2767 829 2879 899 27).
2896 829 2954 884 1η
2981 831 3140 902 hujus
3157 846 3288 902 ergo
3312 832 3664 887 sacratissimi
3679 846 3829 886 amo~

2252 919 2328 975 ris
2362 920 2663 988 dulcedine,
2696 935 2801 990 qua
2828 921 2903 976 ita
2944 930 3073 977 tunc
3098 937 3194 977 ore
3222 923 3504 979 Dominico
3530 923 3679 978 velut
3708 937 3826 977 ma-

2250 1019 2333 1066 ter
2360 1020 2415 1068 et
2443 1012 2584 1067 lilius
2628 1013 2856 1068 invicem
2896 1011 3170 1081 conjuncti
3206 1013 3361 1078 estis,
3408 1013 3561 1069 vobis
3586 1013 3821 1077 duobus,

2248 1116 2349 1172 ego
2369 1101 2433 1157 N.
2458 1113 2709 1172 peccator
2731 1119 2927 1173 corpus
2944 1116 3000 1160 et
3018 1105 3255 1177 animam
3278 1118 3454 1159 meam
3475 1104 3822 1169 commendo,

2250 1202 2311 1250 ut
2333 1195 2585 1251 omnibus
2611 1195 2760 1251 horis
2787 1204 2950 1266 atque
2975 1196 3263 1253 momentis
3304 1196 3450 1253 intus
3476 1204 3533 1251 et
3577 1195 3825 1255 exterius

2250 1281 2388 1337 lirmi
2418 1285 2669 1340 custodes
2701 1295 2755 1341 et
2792 1287 2863 1357 pii
2893 1287 3034 1356 apud
3065 1287 3229 1341 Deum
3268 1287 3660 1347 intercessores
3688 1287 3824 1345 mihi

2247 1370 2481 1427 existere
2505 1372 2819 1442 dignemini.
2848 1373 3027 1430 Credo
3055 1375 3199 1429 enim
3233 1373 3480 1439 ﬁrmiter,
3518 1374 3697 1433 lateor
3733 1375 3825 1433 in.

2247 1460 2559 1519 dubitanter
2578 1465 2720 1532 quod
2743 1464 2881 1522 velle
2904 1475 3162 1532 vestrum,
3186 1465 3324 1521 velle
3345 1466 3436 1521 Dei
3463 1475 3550 1523 est
3565 1482 3583 1531 ;
3597 1474 3657 1522 et
3677 1466 3835 1522 nolle-

2245 1558 2507 1614 vestrnm,
2541 1550 2682 1607 nolle
2724 1551 2819 1608 Dei
2863 1562 2964 1608 est.
3015 1553 3168 1609 Unde
3210 1563 3266 1609 et
3301 1553 3566 1626 quidquid
3613 1554 3824 1626 petitis.

2247 1638 2365 1694 sine
2402 1655 2549 1693 mora
2580 1642 2855 1698 obtinetis.
2891 1643 2993 1699 Per
3022 1642 3324 1717 lianc'ergo
3352 1657 3463 1700 tam
3506 1634 3827 1715 potentissi-

2247 1741 2392 1783 mam
2433 1738 2627 1784 vestrae
2656 1729 2932 1800 dignitatis
2966 1734 3242 1797 virtutem,
3276 1735 3481 1802 poscite
3523 1735 3659 1793 mihi
3700 1749 3824 1791 cor-

574 1822 674 1876 tris
709 1832 812 1879 tua:
853 1801 1087 1896 negare?
1115 1826 1285 1883 Mater
1322 1801 1480 1897 hujus
1510 1828 1769 1883 amatoris
1802 1829 1994 1894 nostri,
2023 1845 2139 1898 quae

2246 1818 2392 1887 poris
2416 1828 2471 1875 et
2495 1819 2689 1876 animas
2716 1822 2962 1877 salutem.
3000 1823 3181 1894 Agite,
3210 1801 3418 1894 quaeso.
3451 1826 3595 1897 agite
3625 1828 3823 1882 vestris

573 1909 724 1994 illum
755 1913 807 1968 in
836 1924 1024 1971 ventre
1045 1927 1281 1986 portare,
1312 1926 1370 1972 et
1407 1918 1461 1973 in
1492 1918 1612 1973 sinu
1650 1919 1892 1973 meruisti
1918 1919 2141 1985 lactare.

571 2019 639 2058 an
663 2011 719 2058 tu
749 2020 856 2060 non
894 2007 1121 2077 poteris,
1151 2016 1245 2061 aut
1269 2024 1373 2062 non
1400 2008 1545 2063 voles
1572 2010 1811 2079 poscenti
1837 2008 1954 2078 ejus
1984 2026 2138 2067 amo-

575 2108 688 2149 tem
732 2104 790 2148 et
830 2105 978 2151 tuum
1007 2096 1328 2168 impetrare?
1370 2100 1669 2156 Veneretur
1696 2102 1788 2135 ""
1837 2100 1999 2173 igitur
2021 2119 2139 2170 vos,

571 2184 712 2239 sicut
756 2186 851 2219 ³⁷⁸⁸
887 2187 1033 2258 digni
1075 2188 1229 2253 estis,
1274 2203 1428 2244 mens
1474 2205 1625 2256 mea;
1666 2202 1812 2247 amet
1856 2208 1971 2258 vos,
2004 2195 2143 2248 sicut

569 2289 782 2343 equum
809 2285 915 2343 est,
946 2293 1042 2334 cor
1066 2294 1277 2345 meum;
1321 2280 1507 2350 diligat
1531 2296 1644 2344 vos.
1674 2283 1808 2338 sicut
1835 2283 1937 2339 sibi
1971 2299 2140 2354 expe-

569 2367 668 2431 dit,
715 2367 895 2423 anima
946 2383 1094 2437 mea;
1138 2370 1336 2425 serviat
1382 2372 1555 2435 vobis,
1603 2373 1747 2428 sicut
1785 2372 1964 2437 debet,
2010 2389 2140 2430 caro

567 2470 704 2518 mea,
735 2464 790 2510 et
812 2455 870 2512 in
892 2455 998 2512 hoc
1027 2469 1435 2514 consummatur
1467 2460 1575 2514 vita
1606 2476 1747 2524 mea,
1792 2470 1851 2517 ut
1890 2463 1946 2516 in
1976 2471 2140 2518 teter—

566 2561 695 2601 num
719 2547 811 2580 ⁸⁷³⁸
833 2548 1029 2617 psallat
1059 2556 1166 2603 tota
1189 2552 1494 2606 substantia
1522 2565 1662 2606 mea.
1695 2552 2018 2610 Beziedictus
2040 2553 2139 2609 Do-

566 2637 744 2694 minus
770 2638 827 2695 in
848 2648 1149 2706 aeternum;
1176 2641 1289 2708 liat,
1315 2640 1410 2696 ﬁat
1434 2642 1548 2697 "’0.

983 2749 1242 2810 ORATIO
1281 2752 1389 2808 Llll
1427 2753 1522 2827 [οι.
1577 2752 1709 2828 LII].

563 2851 633 2891 AD
669 2852 911 2896 SANCTAII
947 2855 1205 2897 VIRGINEK
1235 2858 1461 2910 IARIAI,
1499 2859 1570 2900 ET
1605 2863 1673 2901 AD
1708 2860 1951 2904 εΑαοτωι
1981 2862 2135 2903 δομι-

1055 2926 1163 2967 ΝΕΙ
1201 2927 1627 2969 ενΑιιθειιδτΑκ.

634 2996 680 3054 0
727 2998 1045 3055 intemerata
1075 3012 1126 3057 et
1156 3003 1209 3058 in
1234 3013 1496 3059 :eternum
1534 3005 1837 3072 benedicta,
1878 3006 2134 3077 specialis

564 3094 622 3141 et
654 3086 1092 3158 incomparabilis
1137 3094 1309 3163 virgo,
1362 3093 1456 3150 Dei
1503 3094 1738 3164 genitrix
1775 3092 1965 3160 Maria,
2008 3112 2134 3168 gra-

564 3177 831 3234 tissimum
862 3182 955 3237 Dei
990 3182 1270 3252 templum,
1310 3184 1548 3256 Spiritus
1591 3186 1765 3241 sancti
1812 3187 2132 3256 sacrarium,

556 3265 721 3336 janua
766 3271 914 3340 regni
954 3271 1239 3338 ctelorum,
1281 3288 1379 3343 per
1418 3290 1578 3344 quam
1620 3285 1744 3346 post
1770 3275 1944 3331 Deum
1995 3285 2137 3333 totus

558 3358 693 3415 vivit
717 3361 866 3416 orbis
894 3371 1184 3426 terrarum,
1229 3364 1428 3419 inclina
1473 3381 1633 3421 aures
1664 3375 1774 3422 tute
1808 3367 2054 3437 pietatis,
2081 3375 2137 3423 et

560 3444 681 3502 illos
711 3457 830 3504 tuos
854 3452 1232 3507 misericordes
1257 3453 1445 3509 oculos
1471 3454 1705 3524 indignis
1726 3455 2137 3526 supplicationi-

561 3537 662 3592 bus
706 3539 858 3603 meis,
911 3551 967 3596 et
1010 3554 1128 3598 esto
1174 3544 1305 3599 mihi
1354 3547 1628 3614 peecatori
1662 3549 1755 3617 pia
1791 3548 1846 3602 in
1884 3549 2134 3605 omnibus

561 3627 892 3683 auxiliatrix.

633 3717 769 3781 Et,o
796 3720 1103 3778 beatissime
1122 3722 1378 3789 Joannes,
1405 3725 1602 3792 Christi
1631 3726 1915 3784 familiaris
1937 3731 2129 3797 amice,

560 3807 650 3876 qui
679 3809 747 3864 ab
780 3811 968 3867 eodem
1017 3813 1244 3869 Domino
1272 3825 1460 3871 nostro
1498 3815 1624 3872 Jesu
1671 3819 1886 3874 Christo
1929 3820 2135 3879 electus

558 3911 640 3962 cs,
695 3906 747 3953 et
791 3898 935 3954 inter
978 3912 1203 3957 czeteros
1252 3905 1427 3975 magis
1462 3905 1705 3962 dilectus
1726 3915 1888 3978 atque
1927 3919 2132 3980 myste—

560 3985 658 4040 riis
702 3986 1014 4045 cmlestibus
1074 4006 1234 4061 supra
1285 4007 1474 4049 omnes
1524 3994 1797 4062 imbutus,
1850 3999 2132 4069 apostolus

557 4074 672 4144 ejus
696 4087 751 4132 et
788 4082 1118 4151 evangelista
1143 4083 1318 4139 factus
1339 4086 1805 4155 praeclarissimus,
1835 4102 2131 4161 custosque

484 4231 493 4243 ι
557 4167 750 4223 matris
796 4169 913 4239 ejus
954 4172 1279 4237 individuus.
1315 4184 1366 4231 te
1392 4177 1582 4232 invoco
1604 4179 1770 4234 etiam
1806 4194 1929 4235 cum
1956 4192 2131 4238 matre

558 4254 799 4323 ejusdem
837 4258 1155 4329 Salvaturis,
1207 4274 1264 4318 ut
1303 4264 1430 4318 mihi
1459 4279 1615 4335 opera
1660 4277 1809 4322 tuam
1849 4282 1972 4325 cum
2009 4268 2127 4341 ipsa

556 4346 700 4405 ferre
723 4348 978 4417 digneris.

2242 1908 2648 1978 gloriosissimis
2688 1913 2938 1981 precibus
2965 1921 3022 1969 ut
3056 1929 3152 1969 cor
3179 1929 3356 1970 meum
3390 1917 3627 1972 invisere
3650 1924 3711 1970 et
3734 1916 3821 1971 in-

2243 2002 2486 2058 habitare
2510 2005 2761 2075 dignetur
2796 2004 3029 2074 Spiritus
3055 2006 3251 2074 almus,
3293 2009 3383 2077 qui
3418 2023 3509 2062 me
3536 2024 3567 2061 ιι
3610 2009 3821 2064 eunetis

2241 2091 2494 2146 vitiorum
2540 2095 2791 2150 sordibus
2821 2106 3102 2166 expurget,
3123 2099 3424 2170 virtutibus
3453 2100 3628 2155 sacris
3653 2116 3819 2155 exor-

2241 2190 2355 2246 net,
2384 2182 2437 2236 in
2467 2182 2755 2240 dilectione
2801 2185 2894 2240 Dei
2934 2197 2990 2241 et
3030 2188 3263 2257 proximi
3303 2189 3545 2259 perfecte
3572 2199 3729 2245 stare
3764 2201 3818 2245 et

2240 2286 2589 2341 perseverare
2624 2273 2804 2339 faciat,
2851 2285 2905 2331 et
2944 2287 3064 2351 post
3107 2277 3266 2346 hujus
3312 2280 3435 2335 vitae
3478 2295 3702 2335 cursum
3750 2280 3819 2335 ad

2238 2364 2432 2432 gaudia
2461 2366 2624 2421 ducat
2650 2366 2947 2422 electorum
2994 2383 3211 2423 suorum
3256 2370 3683 2441 benignissimus
3718 2369 3822 2425 Pa—

2240 2456 2493 2523 racletus,
2532 2459 2827 2528 gratiarum
2878 2459 3101 2528 largitor
3134 2460 3390 2529 optimus,
3441 2463 3532 2531 qui
3579 2460 3728 2516 Patri
3763 2470 3818 2518 et

2237 2543 2375 2601 Filio
2403 2557 2706 2604 comternus
2733 2558 2790 2604 et
2832 2551 3306 2607 consubstantialis
3344 2567 3464 2606 cum
3506 2553 3611 2618 eis,
3656 2561 3716 2606 et
3758 2551 3813 2607 in

2236 2635 2317 2690 eis
2337 2636 2465 2691 vivit
2496 2647 2555 2693 et
2583 2649 2768 2710 regnat
2793 2641 3138 2711 omnipotens
3175 2642 3315 2697 Deus
3338 2657 3440 2713 per
3479 2642 3696 2699 inlinit:
3719 2657 3816 2697 sa-

2235 2725 2479 2785 culorutn
2505 2729 2721 2785 saecula.
2743 2730 2935 2786 Anien.

2555 2820 2719 2892 233
2755 2819 3013 2878 ORATIO
3063 2821 3175 2879 Ltv
3206 2821 3301 2896 [ol.
3335 2821 3491 2896 LIII].

2562 2922 2634 2962 AD
2669 2923 2907 2964 εΑιιιουι-Αιι
2945 2924 3199 2965 VIBGINEI
3236 2925 3466 2965 ΙΔΙΙΔΙ.

2301 3000 2349 3058 0
2376 3011 2586 3067 sancta,
2614 3017 2649 3059 ο
2686 3001 3000 3068 benedicta,
3037 3003 3091 3058 in
3132 3002 3551 3059 necessitatibus
3604 3002 3802 3058 nostris

2235 3091 2426 3147 adesse
2447 3091 2685 3162 digneris
2710 3102 2958 3153 nostrum
2984 3092 3265 3149 consilium
3294 3101 3348 3150 et
3373 3092 3663 3157 auxilium.
3690 3107 3809 3162 qua:

2237 3184 2491 3240 omnibus
2540 3199 2599 3239 es
2639 3185 2960 3255 promptior,
3000 3184 3294 3254 potentior,
3329 3183 3625 3248 eliicacior,
3661 3199 3809 3239 ana-

2236 3273 2422 3339 bilior,
2453 3274 2745 3346 gratiosior
2764 3283 2821 3330 et
2849 3275 3076 3330 dulcior.
3110 3274 3291 3331 Dulcis
3318 3289 3378 3330 es
3404 3277 3459 3330 iu
3480 3290 3585 3331 ore
3606 3284 3663 3330 te
3689 3276 3805 3330 lau-

2237 3364 2501 3425 dantium,
2544 3367 2596 3419 in
2619 3364 2784 3420 corde
2811 3373 2863 3420 te
2883 3365 3240 3435 diligentiam,
3262 3364 3316 3420 in
3342 3364 3605 3423 memoria
3640 3376 3693 3419 te
3718 3364 3807 3418 de-

2236 3456 2595 3526 precantium.
2647 3455 2929 3526 Magnilica
2969 3471 3031 3512 es
3066 3458 3119 3511 in
3153 3456 3303 3512 omni
3353 3470 3507 3519 sexu,
3563 3456 3620 3510 in
3660 3457 3800 3511 enini

2233 3555 2412 3609 aetate,
2452 3546 2505 3600 in
2532 3546 2681 3602 omni
2712 3546 3045 3611 conditione,
3083 3547 3136 3602 in
3173 3545 3445 3611 tribubus,
3487 3546 3703 3617 populis
3744 3554 3803 3600 et

2234 3636 2451 3708 linguis.
2480 3635 2557 3691 Tu
2593 3652 2652 3693 es
2686 3637 2809 3692 luna
2842 3638 2895 3692 in
2942 3637 3120 3693 medio
3164 3639 3510 3702 ﬁrmamenti,
3553 3636 3803 3694 candela-

2235 3730 2390 3783 brum
2426 3730 2479 3783 in
2510 3728 2686 3784 medio
2709 3729 2918 3791 mundi,
2953 3728 3156 3800 lignum
3187 3729 3313 3784 vita:
3353 3729 3405 3784 in
3438 3729 3619 3785 medio
3646 3743 3803 3798 para-

2233 3820 2373 3886 disi;
2406 3830 2461 3874 tu
2490 3834 2551 3874 es
2570 3820 2789 3891 myrrha
2817 3819 3011 3886 electa,
3033 3820 3237 3890 piscina
3260 3820 3313 3875 in
3338 3818 3795 3888 Esebon.virgula

2234 3911 2364 3967 fumi
2410 3926 2479 3966 ex
2533 3912 2901 3977 aromatibus,
2952 3910 3238 3967 fasciculus
3284 3912 3601 3981 myrrhaet
3633 3910 3802 3965 thuris

2233 4003 2376 4057 inter
2419 4004 2583 4058 ubera
2632 4002 2838 4070 sponsi,
2896 4002 3233 4057 terebinthus
3266 4002 3570 4057 extendens
3620 4014 3796 4054 ramos

2232 4092 2419 4161 gratiae
2439 4100 2493 4147 et
2514 4091 2728 4156 salutis,
2752 4091 2893 4147 inter
2915 4090 3228 4148 benedictas
3246 4089 3684 4161 superhenedicta
3711 4105 3797 4151 es.

2231 4181 2565 4250 superelecta
2592 4194 2700 4247 es,
2757 4180 3192 4250 superspeciosa,
3231 4179 3665 4251 supergratiosa.
3702 4191 3804 4229 sn—

2229 4269 2583 4340 pergloriosa,
2614 4279 2790 4323 mater
2822 4270 2965 4324 illius
3007 4270 3098 4339 qui
3119 4269 3374 4341 gratiam,
3403 4278 3458 4323 et
3493 4268 3707 4340 gloriam
3736 4275 3799 4321 et

2230 4361 2513 4428 honorem,
2536 4368 2596 4413 et
2615 4348 2969 4414 aeternitatem
2992 4367 3230 4429 praestat.

627 4433 674 4490 0
695 4437 812 4491 duae
833 4454 1057 4508 gemmae
1081 4442 1351 4509 cmlestes,
1392 4445 1557 4501 Maria
1580 4456 1640 4503 et
1663 4446 1935 4507 Joannes!
1969 4466 2002 4508 ο
2023 4454 2128 4509 duo
2158 4471 2206 4530 ι)
2303 4448 2498 4519 Surge.
2540 4448 2851 4503 bealiSSima
2886 4447 3069 4520 Virgo,
3115 4447 3542 4505 misericordi!“
3564 4461 3655 4502 0ra
3690 4459 3798 4512 Ρτο

557 4523 844 4581 luminaria
874 4529 1129 4588 divinitus
1157 4545 1284 4589 ante
1313 4536 1476 4591 Deum
1509 4538 1773 4594 lucentia!
1807 4541 2005 4597 vestris
2036 4558 2125 4596 ra-
2158 4523 2196 4530 —
2229 4540 2405 4606 nobis;
2429 4554 2608 4610 surge,
2629 4548 2685 4595 et
2699 4538 3461 4610 amplecteremisericordiam
3480 4537 3800 4604 Redempto-

558 4612 662 4673 diis
681 4612 909 4688 ell‘ugate
937 4621 1201 4676 scelerum
1227 4639 1465 4681 meorum
1503 4629 1704 4683 nubila.
1737 4630 1846 4686 Vos
1876 4632 2008 4688 estis
2049 4633 2124 4689 illi
2224 4633 2333 4699 ris;
2359 4641 2416 4688 et
2438 4631 2506 4687 da
2531 4646 2722 4702 preces
2750 4630 2953 4701 iugiter
2987 4647 3085 4701 pro
3115 4632 3291 4695 nobis,
3320 4645 3459 4701 quos
3479 4628 3650 4684 cernis
3678 4636 3791 4677 tam

556 4707 684 4774 duo,
725 4707 780 4763 in
808 4710 1005 4783 quibus
1040 4712 1182 4771 Dens
1204 4715 1361 4770 Pater
1394 4733 1489 4788 per
1510 4718 1702 4775 Filium
1734 4737 1892 4777 suum
1919 4725 2128 4793 specia-
2225 4725 2463 4799 graviter
2489 4722 2724 4779 oli‘ensos
2745 4732 2870 4777 ante
2893 4722 3078 4778 oculos
3116 4720 3433 4783 conditoris.
3468 4718 3571 4774 Per
3599 4727 3667 4781 te,
3686 4716 3788 4769 do-

554 4798 680 4861 liter
702 4801 985 4861 :edilicavit
1013 4807 1114 4863 sibi
1147 4809 1381 4875 domum,
1413 4820 1466 4866 et
1506 4812 1557 4867 in
1585 4813 1780 4884 quibus
1805 4813 1919 4885 ipse
1956 4814 2124 4870 Filius
2226 4798 2375 4872 mina
2424 4814 2680 4884 gloriosa,
2709 4813 2777 4869 ad
2822 4811 3006 4869 Jesum
3056 4812 3223 4868 lilium
3275 4822 3424 4868 tuum
3482 4822 3791 4866 mereamur

1811 4970 2043 5027 VARLE
2080 4967 2486 5027 ιΕοτιοΝΕς.

628 5097 725 5179 ¹⁷¹ξ
750 5096 876 5180 Nec.
898 5098 1011 5180 ipsa
1249 5116 1502 5180 nus_.___nc
1552 5102 1665 5171 ipsa
1690 5105 1843 5180 bouis
1918 5104 2009 5135 ¹⁷¹¹
2044 5101 2337 5180 Justeoret
2363 5103 2881 5180 mss._j_i_istc_horret
2955 5102 3045 5133 '7“
3065 5100 3181 5180 Qua
3202 5100 3379 5168 diligis
3402 5117 3503 5180 eis.
3545 5096 3670 5180 Vict.
3693 5100 3783 5154 l6.

554 5181 659 5243 qua
682 5167 761 5221 sic
789 5167 965 5243 diligis
1040 5168 1304 5243 ""Siettt
1328 5171 1473 5243 diligi
1505 5167 1629 5226 mss.
1664 5183 1720 5227 ut
1747 5174 1885 5228 sicut
1914 5181 1967 5226 tu
2002 5187 2127 5243 vicre
2160 5172 2355 5243 diligis,
2388 5167 2617 5243 ctgdiligi
2645 5171 2738 5203 ‘7“
2771 5172 2829 5227 In
2861 5180 3037 5225 vestra
3066 5167 3343 5239 utriusque
3365 5171 3636 5243 voluntate
3661 5185 3786 5243 nisa2

555 5238 608 5292 lu
641 5247 816 5291 vestra
848 5237 1121 5292 voluntate
1189 5239 1283 5320 ’Ὗ
1315 5237 1454 5296 Cum
1500 5243 1653 5320 ρει-ιιι
1690 5259 1816 5297 mss.
1844 5256 1965 5320 cuni
1998 5242 2069 5295 sit
2089 5249 2151 5320 et_
2174 5242 2226 5295 in
2257 5237 2772 5320 f’iff_1‘iios'tisque
2804 5256 2929 5320 mss.
2969 5251 3086 5295 tuos
3106 5249 3161 5320 et
3187 5237 3359 5320 usuite
3432 5238 3524 5271 ""
3552 5237 3792 5320 Negare?

554 5316 842 5361 veneretur
876 5323 1002 5360 mss.
1042 5309 1272 5378 negare?
1308 5321 1487 5365 mater
1510 5312 1668 5381 hujus
1699 5312 1958 5368 amatoris
1986 5313 2175 5375 nostri,
2200 5326 2322 5381 qua:
2350 5312 2500 5367 illum
2525 5312 2579 5367 in
2606 5307 2794 5366 ventre
2814 5319 3052 5381 portare,
3111 5319 3166 5363 et
3214 5309 3265 5364 in
3296 5311 3423 5381 sinu
3454 5307 3792 5381 {uenustiu-

554 5384 816 5451 ctare,_a_n
835 5383 887 5430 ιιι
908 5391 1014 5431 non
1033 5377 1258 5451 poteris,
1274 5390 1367 5451 aut
1388 5396 1491 5451 non
1513 5377 1656 5438 voles
1674 5382 1914 5451 poscenti
1936 5381 2054 5450 ejus
2084 5377 2321 5436 amorem
2348 5392 2401 5437 et
2432 5390 2580 5437 tuum
2606 5377 2930 5450 impetrare?
2967 5386 3255 5451 veneretur
3328 5377 3421 5410 ¹⁷¹⁸
3458 5377 3623 5449 igitur
3647 5377 3793 5429 sicin

554 5459 680 5500 mss.
729 5445 895 5522 igitur
924 5445 1199 5522 vos'sicut
1275 5450 1368 5522 mf
1394 5449 1558 5522 Mens
1587 5445 1703 5506 mea
1727 5469 1863 5507 vos:
1900 5445 2038 5506 sicut
2060 5451 2205 5522 digni
2252 5452 2415 5522 estis,
2454 5466 2606 5522 mens
2634 5445 2753 5522 nica
2783 5464 2876 5504 vos
2909 5460 3072 5512 amet,
3101 5449 3240 5503 sicut
3274 5445 3507 5522 aequum'
3540 5459 3644 5510 cst;
3685 5460 3789 5497 our

557 5526 734 5599 meum
764 5514 957 5585 diligat
982 5531 1097 5598 vos.
1125 5518 1264 5572 sicut
1307 5519 1408 5574 sibi
1438 5522 1686 5590 expedit;
1715 5524 1895 5577 anima
1923 5535 2042 5576 mea
2067 5514 2269 5576 se'rviat
2301 5514 2473 5599 vobis,
2499 5520 2637 5576 sicut
2660 5520 2817 5599 debet
2842 5534 2973 5574 caro
3000 5534 3116 5572 mea
3143 5536 3157 5571 :
3181 5527 3252 5599 et
3272 5514 3466 5599 infboc
3505 5526 3789 5599 consume:

559 5589 647 5635 tur
671 5597 799 5667 caro
820 5581 939 5667 mea
971 5595 1030 5640 ut
1057 5587 1109 5641 in
1135 5599 1394 5667 aeternum
1431 5581 1745 5667 inss_._mens
1768 5608 1884 5667 mea
1905 5609 1924 5667 ;
1962 5600 2107 5645 amet
2128 5606 2242 5656 vos,
2269 5591 2409 5646 sicut
2430 5581 2640 5667 aequum
2662 5598 2767 5653 est,
2791 5603 2884 5644 cor
2911 5603 3091 5667 meum
3116 5605 3130 5641 :
3161 5588 3349 5659 diligat
3374 5601 3491 5667 V953.
3519 5587 3653 5667 Si?!“

556 5652 792 5725 expellit,
811 5654 1001 5725 anima
1032 5672 1152 5725 mea
1186 5675 1200 5711 :
1239 5660 1440 5713 serviat
1464 5661 1635 5725 vobis,
1667 5663 1807 5717 sicut
1832 5652 2011 5721 debet.
2038 5677 2170 5717 raro
2197 5652 2314 5717 mea
2343 5670 2435 5715 :et
2461 5652 2514 5716 in
2547 5662 2649 5716 hoc
2675 5652 3019 5717 consumetur
3044 5658 3154 5714 vita
3195 5652 3336 5722 méa,
3368 5663 3427 5710 ut
3452 5656 3505 5710 in
3528 5662 3790 5709 aeternum

558 5733 681 5773 mu.
720 5717 946 5780 Vill-(uc.
1000 5736 1047 5784 et
1094 5724 1243 5781 Flor.
1273 5729 1458 5781 habent
1505 5717 1947 5793 consummentur
1978 5717 2111 5764 ”¹⁷³⁰
2152 5730 2271 5790 Fiat
2313 5733 2407 5791 [lat
2434 5746 2610 5786 amen.
2641 5746 2764 5787 mss.
2809 5728 3037 5786 l'al-luc.
3061 5737 3108 5784 et
3138 5725 3290 5786 Flor.
3314 5717 3481 5782 omitt.
3510 5735 3660 5782 auten
