4048 6288
228 289 319 345 961

1648 284 2055 342 ORATIONES.

3374 283 3479 340 969

225 401 537 469 ascendere,
567 401 658 473 qui
703 417 797 474 per
836 412 886 457 te
914 402 979 457 ad
1013 417 1110 458 nos
1153 402 1404 471 dignatus
1446 410 1529 457 est
1573 401 1795 456 descen-
1825 406 1872 462 Α
1902 399 2170 463 labanmr,
2200 413 2436 468 pragsens
2462 397 2531 455 sit
2562 406 2649 454 tua
2689 408 2874 454 sancta
2915 380 3113 456 oratio.
3146 400 3238 458 Sic
3270 418 3473 475 quaeso,

224 495 369 548 dere.
400 492 606 560 Perrte,
636 493 791 549 beata
822 494 1005 566 Virgo,
1035 495 1223 549 venire
1248 493 1521 547 valeamus
1548 499 1600 547 tn
1633 492 1800 562 ipsius

205 585 475 654 .gloriam,
498 586 589 655 qui
617 600 714 655 per
744 594 794 639 te
821 586 871 639 in
902 595 1140 641 nostram
1166 585 1313 640 venit
1356 584 1653 639 miseriam.
1697 583 1801 637 Per

227 686 275 731 te
303 692 582 731 accessum
616 678 907 732 habeamus
931 678 997 732 ad
1034 677 1228 731 Filium
1279 689 1449 739 tuum,
1490 675 1587 747 qui.
1621 691 1719 745 per
1749 684 1800 729 te

227 765 458 819 redemit
511 766 790 819 mundum.
837 765 881 820 Ο
921 767 1204 820 benedicta
1262 766 1529 819 inventrix
1571 766 1797 834 gratiae,

222 855 456 926 genitrix
489 855 638 919 vitm,
691 866 864 909 mater
895 856 1105 919 salutis,
1153 872 1249 927 per
1290 866 1341 910 te
1379 856 1636 924 suscipiat
1680 868 1798 921 nos,

221 944 311 1012 qui
344 959 441 1012 per
466 953 514 997 te
540 944 697 998 datus
721 953 803 998 est
833 943 1006 999 nobis.
1043 946 1291 1009 Excuset,
1320 946 1559 1014 piissima
1584 945 1798 998 domina

224 1034 379 1104 virgo
401 1032 591 1099 Maria,
627 1035 766 1103 apud
802 1036 1101 1105 piissimum
1132 1037 1298 1090 filium
1335 1048 1482 1090 tttum
1518 1037 1800 1108 integritas

224 1132 309 1176 tua
337 1112 799 1193 culpam‘nostrte
850 1127 1235 1197 corruptionis,
1283 1136 1338 1181 et
1394 1128 1669 1183 humilitas
1710 1137 1800 1180 tua

222 1214 329 1268 Deo
350 1224 507 1282 grata
535 1223 733 1269 nostra:
758 1217 969 1270 veniam
996 1218 1245 1286 impetret
1266 1219 1542 1272 vanitatis.
1570 1218 1798 1287 Cepiosa

221 1305 464 1359 Charitas
503 1313 591 1358 tua
619 1304 907 1374 gloriosam
952 1306 1337 1363 fecunditatem
1375 1308 1527 1361 nobis
1557 1308 1802 1361 coniferat

219 1395 566 1448 meritorum.
610 1393 953 1449 Generaliter
1001 1412 1189 1451 omnes
1243 1406 1315 1460 te,
1364 1397 1595 1466 gloriosa
1650 1399 1800 1467 virgo

216 1484 409 1552 Maria,
439 1486 752 1541 invocantes
783 1488 1002 1551 exaudi,
1033 1490 1283 1543 omnibus
1317 1491 1524 1553 adesto,
1550 1491 1801 1545 onmibus

214 1574 465 1639 subveni,
497 1589 687 1630 omnes
712 1575 764 1630 in
792 1578 1053 1647 angustiis
1080 1588 1134 1631 et
1157 1578 1570 1633 necessitatibus
1595 1588 1644 1633 te
1674 1594 1801 1633 sen-

214 1664 353 1719 tiant
380 1667 700 1738 adjutricem
731 1669 1043 1739 quicunque
1083 1679 1135 1725 te
1166 1669 1394 1724 credunt
1422 1684 1541 1725 esse
1572 1670 1662 1724 Dei
1703 1685 1797 1740 ge-

211 1754 488 1812 nitricem.

284 1843 606 1913 Specialiter
624 1861 750 1901 vero
772 1847 891 1902 illos
914 1856 1003 1901 tua
1035 1846 1351 1918 quotidiana
1383 1857 1437 1902 et
1462 1847 1674 1901 assidua
1700 1848 1793 1902 de-

211 1931 399 1988 fendat
442 1936 637 2000 oratio,
686 1953 916 2007 quorum
972 1938 1227 2008 frequens
1261 1938 1353 1991 tibi
1385 1936 1675 1992 famulatur
1702 1940 1794 1992 dc-

213 2026 391 2091 votio,
449 2035 503 2081 et
547 2028 859 2098 quicunque
909 2040 1035 2083 sunt
1082 2043 1352 2084 memores
1389 2030 1465 2084 tui
1509 2029 1560 2083 in
1612 2030 1791 2096 terris,

209 2131 424 2171 memor
452 2117 528 2172 sis
555 2117 766 2171 illorum
795 2127 919 2172 ante
952 2120 1250 2188 piissimmn
1294 2118 1462 2172 filium
1495 2128 1645 2173 tuum
1686 2120 1791 2174 Do-

207 2206 422 2259 minum
452 2215 696 2261 nostrum
721 2208 773 2261 in
810 2206 983 2261 etelis.
1009 2206 1235 2261 Domina
1265 2213 1472 2273 nostra,
1500 2206 1792 2261 mediatrix

207 2306 421 2365 nostra,
475 2310 566 2353 tuo
618 2299 727 2353 ﬁlio
777 2314 875 2354 nos
938 2299 1277 2363 commenda,
1348 2298 1635 2353 reconcilia
1696 2314 1795 2355 nos

205 2387 325 2441 ﬁlio
354 2397 465 2453 tuo,
493 2397 584 2443 tuo
610 2388 720 2442 ﬁlio
756 2405 856 2445 nos
885 2398 1230 2459 repraesenta.
1266 2388 1391 2455 Fac,
1428 2405 1460 2444 ο
1485 2390 1791 2455 benedicta,

203 2492 307 2548 per
355 2478 587 2549 gratiam
665 2494 827 2549 quam
893 2480 1166 2540 invenisti,
1226 2495 1321 2549 per
1376 2482 1792 2551 praerogativam

202 2582 374 2640 quam
406 2568 673 2634 meruisti,
705 2583 801 2638 per
841 2570 1271 2625 misericordiam
1307 2585 1467 2639 quam
1514 2573 1792 2641 peperisti,

204 2666 262 2711 ut
295 2658 394 2727 qui
430 2666 482 2713 te
513 2660 787 2715 mediante
830 2659 947 2715 ﬁeri
978 2661 1232 2731 dignatus
1267 2671 1351 2716 est
1386 2663 1660 2733 particeps
1696 2664 1794 2719 mi-

198 2748 370 2805 seriae
394 2758 450 2802 et
477 2748 809 2805 inﬁrmitatis
832 2760 1053 2817 nostrae,
1084 2761 1136 2805 te
1165 2766 1380 2821 quoque
1421 2753 1794 2811 intercedente

199 2840 485 2909 particeps
518 2854 616 2895 nos
644 2839 812 2896 faciat
857 2856 971 2897 suae
1016 2841 1203 2913 gloriae
1239 2852 1403 2913 atque
1445 2844 1795 2901 beatitudinis

198 2942 309 2987 tete
317 2946 450 2986 l'lliBo

645 3022 903 3080 ORATIO
939 3023 1029 3079 Lv
1058 3023 1152 3096 [οι.
1208 3022 1365 3098 LIV].

420 3129 487 3167 AD
525 3130 741 3169 EAMDEI
780 3131 1023 3171 SANCTAI
1060 3132 1315 3171 VIRGINEM
1356 3133 1582 3172 κΔιιιΑιι.

276 3205 331 3260 υ
367 3204 509 3258 alma
563 3206 716 3279 virgo
757 3207 947 3273 Maria,
988 3217 1137 3263 tanto
1184 3209 1435 3265 omnibus
1479 3212 1792 3281 angelorum

198 3297 282 3365 api
293 3296 490 3350 ritibus
505 3298 862 3368 omnibusque
881 3297 1176 3354 electorum
1201 3299 1503 3364 animabus,
1528 3301 1579 3355 iu
1602 3312 1793 3355 cuncta

200 3387 300 3441 ﬁlii
334 3386 407 3440 tui
430 3387 629 3442 Christi
646 3388 855 3443 Domini
881 3390 1052 3443 nostri
1071 3390 1384 3445 inmeditate
1405 3405 1462 3444 es
1486 3390 1791 3461 gloriosior,

198 3487 417 3546 quanto
440 3476 507 3531 ab
539 3477 653 3547 ipso
685 3477 801 3532 ﬁeri
854 3479 1100 3533 meruisti
1160 3479 1391 3533 beatior.
1431 3479 1795 3536 Obsecramus

198 3585 345 3641 ergo
384 3580 437 3623 te
489 3570 806 3641 lacrymosis
856 3571 1125 3641 suspiriis,
1158 3582 1217 3625 ut
1246 3589 1389 3626 nunc
1440 3572 1506 3627 ad
1534 3574 1794 3643 gemitum

198 3662 387 3716 nostri
416 3662 668 3717 maeroris
717 3677 878 3717 aures
932 3663 1157 3718 inclines
1208 3664 1507 3735 magniﬁca:
1557 3666 1791 3734 pietatis.

197 3753 321 3808 Nos
351 3752 616 3822 siquidem
646 3763 960 3823 peccatores
987 3755 1143 3825 proni
1176 3755 1665 3811 innumerabilibus
1696 3757 1790 3811 de-

199 3845 358 3917 lictis
384 3845 647 3902 infernale
678 3847 998 3917 supplicium
1028 3848 1341 3911 meruimus,
1374 3848 1460 3901 ubi
1491 3848 1797 3903 nullatenus

198 3936 552 4008 paenitentiae
598 3937 755 3991 datur
791 3937 943 3992 locus
999 3937 1255 4007 quoniam
1296 3937 1452 3991 Iidem
1497 3938 1790 4008 aliquando

200 4030 328 4085 Deo
356 4028 727 4099 promisimus,
755 4029 848 4084 sed
880 4028 1019 4083 male
1038 4029 1265 4083 vivendo
1297 4029 1559 4084 hactenus
1587 4030 1792 4083 mentiti

199 4135 428 4176 sumus.
457 4118 501 4175 0
531 4128 718 4174 sancta
748 4120 840 4175 Dei
864 4119 1126 4185 Genitrix,
1153 4120 1391 4174 omnium
1422 4129 1796 4175 creaturarum

200 4208 536 4280 dignissima
564 4218 725 4279 atque
751 4208 1060 4278 purissima,
1092 4223 1357 4263 caecorum
1389 4210 1631 4264 cordium
1667 4225 1800 4263 ocu-

198 4299 291 4354 los
361 4308 530 4369 terge,
607 4308 768 4369 atque
810 4300 1031 4354 semitas
1067 4298 1293 4368 iustitia:
1340 4301 1496 4355 nobis
1545 4301 1793 4356 ostende.

199 4388 442 4444 Orando
471 4404 501 4442 a
530 4388 682 4444 nobis
716 4389 844 4443 vitia
878 4389 1160 4455 subtrahe,
1194 4400 1357 4459 atque
1387 4406 1666 4445 sacrarum
1696 4389 1798 4443 vir—
1827 4427 1877 4485 υ

199 4489 397 4534 tutum
424 4479 690 4549 plantaria
714 4480 914 4535 insere.
945 4480 1176 4550 lmpetra
1207 4482 1393 4534 a:terni
1428 4481 1644 4551 tripudii
1668 4496 1799 4535 cur-

199 4587 366 4637 sum,
394 4585 553 4641 quem
576 4570 792 4627 assidue
823 4573 1066 4642 sequitur
1094 4587 1390 4641 supernum
1423 4574 1689 4627 bravium.

282 4664 412 4729 Sic,
465 4680 671 4734 quaeso,
712 4665 952 4736 piissima
1014 4665 1253 4731 domina,
1300 4680 1401 4734 pro
1429 4666 1584 4720 nobis
1621 4680 1715 4719 ora
1747 4664 1800 4719 in

200 4753 402 4820 caelis,
423 4762 484 4807 ut
508 4753 691 4809 deleas
720 4754 983 4825 quidquid
1013 4755 1341 4825 deliquimus
1383 4756 1433 4808 in
1468 4755 1648 4809 terris.
1684 4753 1799 4809 Non

200 4854 301 4901 est
333 4844 484 4900 enim
514 4844 718 4916 aliquid
749 4855 857 4900 tam
894 4860 1121 4915 parvum
1166 4846 1219 4899 in
1257 4846 1415 4900 nobis
1439 4836 1579 4916 quod
1603 4848 1799 4913 oratio,

196 4938 253 4993 si
283 4936 394 4991 tibi
422 4935 621 5006 placet,
649 4937 829 4992 delere
856 4953 961 4992 non
992 4938 1182 5008 possit.
1215 4936 1259 4992 Ο
1289 4938 1627 4993 sanctissima
1653 4939 1806 5009 virgo

196 5026 414 5090 Maria,
464 5042 561 5083 nos
600 5028 690 5097 qui
744 5028 1015 5083 credimus
1060 5030 1201 5097 quod
1233 5029 1384 5099 virgo
1422 5037 1478 5083 et
1506 5040 1679 5084 mater
1710 5030 1803 5085 Dei

197 5121 315 5184 sis,
366 5118 640 5174 credendo
668 5120 967 5174 sentiamus
995 5121 1137 5189 quod
1162 5136 1257 5189 pro
1289 5119 1446 5174 nobis
1472 5120 1803 5190 depreceris.

196 5214 279 5268 Et
316 5211 416 5279 qui
448 5212 770 5266 conﬁtenmr
813 5222 864 5267 te
903 5215 1173 5282 peperisse
1213 5214 1377 5268 Deum
1418 5223 1471 5268 et
1510 5214 1802 5279 hominem,

196 5302 564 5374 gaudeamus
605 5318 702 5371 per
742 5312 792 5357 te
822 5306 978 5357 nobis
1012 5304 1270 5358 advenire
1317 5306 1569 5359 salutem.
1620 5305 1685 5358 Et
1714 5306 1805 5374 qui

196 5396 466 5449 fatemur
493 5403 543 5447 te
566 5393 818 5448 omnibus
840 5395 1147 5450 hominibus
1172 5397 1451 5451 meliorem
1477 5399 1807 5468 gaudeamus

195 5500 319 5556 per
363 5492 415 5535 te
446 5483 728 5553 percipere
754 5484 1089 5541 felicitatem.
1125 5487 1190 5541 Et
1218 5489 1644 5557 quotiescunque
1683 5504 1809 5559 pro-

192 5575 461 5633 cesserit
486 5578 551 5630 ad
593 5592 691 5631 nos
726 5577 906 5631 divina
965 5577 1244 5633 miseratio
1289 5587 1398 5646 tua,
1440 5594 1507 5635 ne
1554 5581 1810 5647 inticmur

192 5668 375 5722 adsit
429 5666 601 5721 tuitio.
630 5667 696 5723 Et
725 5670 769 5723 si
797 5670 1002 5725 venerit
1033 5671 1325 5740 tribulatio,
1358 5673 1441 5729 vel
1466 5676 1694 5731 teutatio
1742 5692 1810 5729 ne

1902 489 2119 543 domina
2176 492 2434 553 clemens,
2482 507 2580 561 pro
2625 491 2803 545 salute
2850 500 3033 546 nostra
3089 508 3277 563 preces
3313 496 3477 553 funde

1902 580 1955 634 in
1985 580 2159 644 caelis,
2198 589 2251 633 ut
2284 582 2521 651 paradisi
2580 591 2701 651 post
2745 582 2950 638 obitum
3018 584 3124 639 frui
3172 601 3479 642 mereamur

1902 674 2133 741 gaudiis.

1972 759 2017 814 0
2067 761 2223 814 beata
2267 761 2358 814 Dei
2399 762 2651 831 genitrix,
2680 764 2833 834 virgo
2860 764 3053 829 Maria,
3083 766 3337 835 templum
3383 768 3476 822 Dei

1904 849 2031 910 vivi,
2061 850 2184 903 aula
2227 849 2393 918 Regis
2419 853 2627 917 mterni,
2665 855 2963 909 sacrarium
3012 857 3247 925 Spiritus
3281 858 3475 912 sancti.

1904 939 1983 994 Tu
2014 940 2162 1010 virga
2195 942 2261 994 de
2284 942 2467 995 radice
2499 940 2671 1005 Jesse,
2706 953 2760 997 tu
2812 945 3007 999 cedrus
3056 946 3122 1000 de
3171 946 3396 1014 Libano,
3422 957 3477 1001 tu

1902 1047 2023 1085 rosa
2074 1047 2344 1101 purpurea
2404 1032 2454 1084 in
2505 1031 2747 1097 Jerieho,
2790 1043 2845 1087 tu
2876 1050 3160 1105 cypressus
3213 1036 3265 1091 in
3296 1048 3479 1094 monte

1904 1120 2070 1185 Sion;
2107 1137 2224 1189 quin
2249 1122 2504 1191 singulari
2539 1123 2818 1192 privilegio
2849 1126 2988 1179 sicut
3020 1128 3194 1182 nescis
3217 1130 3265 1181 in
3298 1129 3477 1183 omni-

1901 1210 2003 1264 bus
2050 1212 2539 1279 comparationem,
2588 1214 2661 1265 ita
2704 1213 3055 1270 nihilominus
3083 1226 3139 1270 et
3178 1216 3475 1287 angelicam

1903 1316 2129 1369 superas
2161 1302 2504 1369 dignitatem,
2551 1303 2634 1356 cui
2682 1319 2820 1357 novo
2861 1314 2917 1359 et
2944 1305 3184 1361 inaudito
3216 1309 3478 1365 miraculo

1862 1450 1875 1455 ,
1902 1393 2086 1446 datum
2116 1402 2199 1447 est
2242 1402 2299 1446 ut
2347 1393 2578 1448 Verbum
2627 1395 2769 1465 quod
2805 1407 2930 1450 ante
2977 1398 3169 1452 saecula
3221 1400 3361 1453 Deus
3387 1416 3480 1470 ge-

1902 1485 2043 1547 nuit,
2086 1484 2237 1539 ﬁeret
2271 1485 2409 1538 ﬁlius
2457 1496 2598 1551 tuus,
2641 1488 2783 1541 Deus
2817 1497 2871 1541 et
2908 1488 3092 1543 homo.
3128 1490 3205 1543 Tu
3252 1506 3375 1546 eum
3422 1492 3476 1546 in

1904 1573 2010 1627 ﬁne
2045 1574 2225 1628 saeculi
2261 1577 2519 1640 genuisti,
2553 1586 2610 1630 ut
2638 1594 2801 1634 verus
2830 1590 2991 1649 atque
3029 1582 3305 1649 perfectus
3332 1592 3480 1639 esset

1904 1664 1995 1717 Dei
2029 1662 2197 1718 Filius
2218 1666 2426 1733 gemina
2461 1668 2675 1735 quidem
2708 1679 2925 1733 natura,
2959 1672 3051 1725 sed
3085 1687 3188 1725 una
3221 1687 3474 1740 persona,

1827 1755 1871 1813 B
1902 1754 2043 1807 Dens
2065 1764 2121 1807 et
2141 1754 2324 1820 homo,
2342 1772 2479 1809 unus
2506 1756 2844 1813 Emmanuel.
2870 1760 2915 1815 Ο
2940 1760 3170 1830 gloriosa
3188 1778 3475 1833 puerpera,

1897 1841 1949 1896 in
1974 1859 2078 1911 qua
2118 1843 2231 1897 sola
2264 1844 2534 1912 reperitur
2567 1846 2791 1901 fecunda
2816 1850 3117 1918 virginitas,
3149 1866 3268 1920 qua:
3286 1852 3363 1906 sic
3395 1853 3480 1906 in-

1897 1932 2175 1987 temeratis
2202 1932 2499 1988 visceribus
2522 1934 2713 1988 Filium
2741 1937 2834 1990 Dei
2874 1939 3144 2007 protulisti
3175 1951 3230 1993 Ill.
3259 1940 3477 1997 illibatte

1895 2021 2169 2087 pudicitia:
2196 2030 2469 2077 cresceret
2500 2023 2803 2094 integritas,
2849 2042 2955 2079 non
3011 2028 3175 2082 libido
3199 2031 3477 2101 virginalis

1896 2109 2227 2181 integritatis
2255 2112 2487 2182 sigillum
2518 2113 2765 2169 violaret.

1968 2201 2111 2268 Tibi,
2139 2204 2267 2258 dum
2305 2197 2642 2273 concipere's,
2677 2206 2914 2276 Spiritus
2941 2218 3160 2263 sanctus
3187 2211 3479 2266 obumbra-

1894 2295 2004 2359 vit;
2036 2310 2141 2349 non
2180 2297 2344 2365 (quod
2384 2297 2594 2367 absit!)
2624 2307 2681 2351 ut
2735 2300 2851 2367 ipse
2896 2300 2950 2353 in
3003 2309 3094 2353 tuo
3134 2301 3478 2357 sanctissimo

1898 2395 2054 2441 utero
2088 2387 2237 2441 fieret
2281 2403 2380 2456 pro
2415 2390 2623 2445 semine
2669 2391 2892 2458 sobolis,
2933 2395 3026 2447 sed
3062 2392 3240 2462 potius
3272 2394 3475 2448 virtute

1898 2492 1960 2531 ac
1991 2479 2231 2547 potentia
2260 2478 2557 2535 Creatoris.
2588 2481 2664 2535 De
2687 2493 2736 2535 te
2756 2498 2999 2537 summus
3025 2484 3271 2539 Pontifex
3294 2492 3479 2540 noster

1895 2566 1978 2620 sui
2016 2568 2260 2636 corporis
2310 2568 2540 2623 hostiam
2588 2572 2839 2639 sumpsit,
2887 2576 3047 2641 quam
3080 2573 3131 2625 in
3163 2587 3258 2626 ara
3298 2574 3479 2630 crucis

1896 2671 1996 2726 pro
2036 2658 2203 2713 totius
2228 2658 2413 2712 mundi
2447 2659 2619 2714 salute
2656 2660 2979 2715 sacriﬁcium
3013 2662 3230 2716 obtulit.
3266 2661 3345 2717 Tu
3384 2664 3478 2720 lux

1895 2748 2079 2803 oriens
2110 2748 2401 2803 Nazareth.
2433 2748 2511 2803 Tu
2536 2750 2719 2805 laetitia
2750 2751 2936 2807 Israel.
2974 2753 3052 2807 Tu
3078 2754 3243 2809 decus
3269 2757 3474 2810 mundi.

1898 2835 1976 2890 Tu
2022 2836 2275 2891 nobilitas
2314 2837 2493 2907 populi
2525 2838 2840 2893 Christiani.
2875 2842 2920 2896 Ο
2958 2842 3140 2912 regina
3182 2852 3236 2897 et
3260 2844 3477 2899 domina

1897 2929 2103 2992 mundi,
2130 2928 2273 2982 scala
2296 2929 2442 2993 caeli,
2476 2930 2705 2985 thronus
2732 2930 2847 2995 Dei,
2870 2930 3035 3000 janua
3064 2935 3320 3002 paradisi,
3349 2937 3474 2990 audi

1896 3035 2088 3090 preces
2116 3037 2438 3092 pauperum,
2468 3037 2535 3076 ne
2562 3023 2830 3093 despicias
2870 3026 3101 3095 gemitus
3130 3028 3474 3083 miserorum.

1821 3095 1865 3156 (ἶ
1899 3108 2205 3165 Inferantur
2248 3126 2347 3180 per
2402 3120 2454 3164 te
2522 3122 2642 3167 vota
2694 3123 2876 3169 nostra
2923 3123 3086 3186 atque
3136 3118 3367 3186 suspiria
3424 3120 3476 3173 itt

1897 3211 2243 3268 Conspectum
2268 3200 2682 3270 Redemptoris;
2712 3214 2770 3258 ut
2796 3204 2885 3273 qui
2917 3206 3116 3260 nostris
3140 3208 3482 3265 excludimur

1898 3294 2127 3356 meritis,
2152 3310 2247 3363 per
2275 3303 2325 3347 te
2341 3294 2517 3350 locum
2546 3297 2890 3351 obtineamus
2906 3298 3150 3367 ad;aures
3176 3307 3279 3354 tuae
3304 3300 3478 3369 pictae

1900 3385 1986 3439 tis.
2042 3386 2171 3441 Dele
2225 3396 2473 3454 peccata,
2507 3386 2691 3441 relaxa
2742 3387 3007 3454 facinora,
3058 3388 3205 3459 erige
3264 3390 3474 3459 lapsos,

1898 3476 2045 3532 solve
2070 3478 2424 3547 compeditos.
2466 3477 2569 3533 Per
2597 3486 2647 3533 te
2675 3479 3025 3535 succidantur
3050 3495 3239 3550 vepres
3268 3491 3323 3536 et
3355 3499 3479 3552 ger-

1900 3569 2047 3623 mina
2084 3570 2363 3635 vitiorum,
2396 3570 2659 3639 prodeant
2686 3568 2847 3625 ﬂores
2886 3579 2942 3624 et
2965 3581 3284 3626 ornamenta
3312 3572 3480 3626 virtu-

1899 3670 2035 3715 tum.
2068 3659 2227 3715 Placa
2257 3662 2507 3731 precibus
2540 3659 2810 3725 Judicem,
2837 3676 2998 3732 quem
3027 3661 3284 3734 singulari
3312 3679 3477 3732 puer-

1898 3753 2049 3822 perio
2074 3752 2304 3822 genuisti
2356 3752 2718 3819 Salvatorem,
2753 3760 2811 3805 ut
2849 3754 2939 3823 qui
2989 3768 3085 3822 per
3116 3763 3166 3808 te
3202 3756 3478 3825 particeps

1898 3840 2073 3898 factus
2102 3852 2187 3898 est
2227 3843 2578 3897 humanitatis
2619 3853 2838 3907 llOSll‘tC,
2884 3859 2980 3911 per
3025 3853 3077 3898 te
3115 3859 3330 3915 quoque
3379 3861 3478 3902 nos

1899 3944 2178 3988 consortes
2207 3933 2403 3987 efﬁciat
2440 3932 2741 3986 divinitatis
2779 3946 2909 3986 sure.
2942 3932 3040 3999 Qui
3070 3948 3191 3987 cum
3230 3933 3390 3989 Patre
3423 3944 3482 3992 et

1900 4023 2102 4093 Spiritu
2132 4032 2320 4076 sancto
2342 4022 2475 4075 vivit
2499 4030 2554 4076 et
2583 4030 2771 4091 regnat
2793 4020 2933 4076 Deus
2953 4025 3050 4092 per
3074 4024 3256 4079 omnia
3280 4025 3477 4082 sarcula

1901 4116 2236 4172 smculorum.
2273 4115 2464 4168 Amen.

2004 4208 2009 4211 ·
2215 4205 2382 4277 284
2417 4204 2672 4261 omne
2709 4204 2819 4259 LVI
2861 4204 2978 4277 [a!.,
3020 4204 3154 4278 LV].

2234 4315 2302 4353 AD
2338 4314 2579 4354 εΑΝετΑιι
2621 4312 2872 4352 VIBGINEH
2910 4313 3136 4353 HARIAI.

2414 4390 2443 4444 1
2449 4406 2481 4442 ιι
2512 4388 2800 4443 Nativitute
2833 4389 2967 4458 ejus.

1980 4486 2211 4557 Dignare
2247 4498 2335 4539 me
2376 4484 2598 4538 laudare
2642 4493 2716 4550 te,
2747 4483 2897 4554 virgo
2940 4493 3181 4550 sacrata;
3234 4484 3301 4538 da
3347 4485 3482 4541 mihi

1904 4578 2154 4632 virtutem
2185 4584 2369 4632 contra
2400 4576 2582 4631 hostes
2606 4587 2747 4641 tuos,
2780 4584 2831 4629 et
2854 4585 3040 4631 contra
3076 4577 3285 4632 hostem
3316 4579 3484 4633 totius

1904 4670 2123 4727 humani
2157 4670 2391 4739 generis.
2425 4668 2500 4722 Da
2546 4668 2677 4724 tuihi
2712 4668 2965 4724 virtutem
3012 4678 3064 4724 te
3092 4670 3367 4725 humiliter
3390 4672 3483 4724 de-

1903 4762 2180 4832 precandi.
2211 4761 2285 4815 Da
2313 4760 2441 4814 mihi
2478 4760 2729 4815 virtutem
2774 4771 2825 4816 te
2859 4778 2980 4817 cum
3009 4764 3259 4831 precibus
3283 4761 3483 4816 obnixe

1907 4851 2183 4915 laudandi,
2227 4865 2324 4919 per
2362 4852 2555 4905 merita
2591 4860 2696 4906 tute
2727 4852 3110 4907 sacratissimm
3156 4850 3482 4915 nativitatis,

1905 4956 2025 5011 qua:
2082 4950 2204 4994 nata
2258 4955 2316 4995 es
2348 4940 2399 4994 in
2460 4942 2718 4995 mundum
2772 4941 3037 4994 universa:
3085 4940 3482 4996 Christianitati

1907 5030 2185 5102 gaudium,
2239 5045 2364 5099 spes
2412 5032 2536 5084 vita:
2568 5039 2621 5084 et
2652 5029 2923 5083 solatium.
2968 5027 3196 5094 Quando
3219 5040 3367 5100 gnata
3399 5046 3479 5096 es,

1908 5127 2076 5196 Virgo
2125 5127 2487 5190 sanctissima,
2532 5134 2659 5179 tunc
2726 5123 3061 5177 illuminatus
3101 5133 3179 5177 est
3226 5124 3477 5177 mundus.

1909 5217 2089 5287 Stirps
2121 5221 2297 5281 beata,
2336 5217 2489 5270 radix
2541 5223 2751 5275 sancta,
2805 5222 2861 5266 et
2910 5212 3225 5266 benedictus
3278 5212 3479 5265 fructm

1910 5321 2053 5377 tuus,
2084 5326 2204 5380 qua:
2245 5309 2355 5363 sola
2386 5308 2632 5362 meruisti
2667 5306 2870 5375 Spiritu
2928 5315 3117 5359 sancto
3146 5306 3302 5373 plena
3334 5305 3483 5367 vir;

1910 5400 2077 5455 Deum
2106 5400 2413 5465 concipere,
2435 5398 2589 5467 virgo
2612 5397 2777 5450 Deum
2811 5404 3050 5464 portare,
3075 5394 3228 5463 virgo
3266 5408 3330 5462 pa
3342 5409 3483 5453 rere,

1910 5492 2063 5561 virgo
2091 5498 2212 5559 post
2244 5497 2455 5558 partum
2488 5501 2827 5559 permanere.
2860 5484 3120 5540 Miserere
3159 5486 3322 5556 igitur
3352 5482 3484 5536 mihi

1909 5579 2207 5651 peccaturi,
2237 5588 2292 5635 et
2320 5578 2512 5648 adjuva
2546 5594 2650 5645 me,
2679 5577 2922 5642 domina,
2955 5584 3009 5629 ut
3049 5576 3189 5630 sicut
3228 5574 3486 5629 nativitas

1915 5683 2003 5729 tua
2042 5672 2276 5742 gloriosa
2302 5686 2367 5727 ex
2390 5672 2595 5727 semine
2629 5671 2881 5737 Abrahae,
2912 5679 3027 5725 orta
3057 5670 3121 5726 de
3150 5667 3290 5724 tribu
3324 5666 3485 5730 Juda.
