4048 6288
607 294 719 353 963

928 294 988 353 S.
1043 292 1343 353 ANSELMI
1386 290 1734 351 CANTUAB.
1767 288 2089 347 ARCHIEP.
2126 289 2172 346 O

2273 327 2279 341 .
2310 285 2492 343 PAIIS
2517 286 2581 342 ll.
2610 318 2680 327 —
2710 287 3080 346 ΡΑΒΑΞΝΕΤ.
3123 291 3210 347 ΕΤ
3249 293 3494 352 ASCET.

3744 299 3846 357 9H

608 405 756 461 clara
783 420 852 461 ex
880 405 1049 476 stirpe
1078 405 1244 460 David
1267 404 1524 476 gaudium
1566 401 1910 457 annuntiavit
1931 402 2185 457 universo
2213 403 2260 460 Α
2289 404 2365 458 tui
2426 402 2759 458 sanctissimi
2792 402 3017 471 virginei
3059 412 3248 475 partus
3293 408 3553 464 miserere
3607 412 3740 475 mel,
3777 412 3860 467 do-

608 498 841 563 mundo;
870 500 944 552 ita
973 513 1061 553 me
1076 498 1275 567 gaudio
1310 511 1439 551 vero
1477 495 1708 564 repleat,
1741 501 1798 549 et
1841 494 2193 551 emundet‘ab,
2264 493 2434 546 mina
2469 506 2618 556 mea,
2651 500 2709 546 et
2733 494 2929 548 exaudi
2950 497 3250 551 orationem
3273 513 3471 553 meam.
3504 497 3641 555 Ecce
3660 502 3860 559 eui-tiu

605 588 753 642 omni
792 596 1035 656 peccato.
1063 586 1169 641 Ora
1200 601 1298 655 pro
1339 599 1447 649 me,
1479 585 1641 655 Virgo
1686 582 2186 654 providentissima,

606 675 690 730 vel
738 675 1011 729 laetissima
1060 676 1253 745 gaudia
1305 683 1411 729 tua:
1463 672 1841 729 saluberrimae
1889 672 2188 726 nativitatis

606 765 854 821 velamen
888 765 1235 836 indulgentia:
1256 766 1541 821 conferant
1583 762 1795 819 cunctis
1821 762 1960 817 meis
1995 776 2189 832 pecca-

609 856 699 910 tis.
730 854 932 909 Sancta
960 856 1053 912 Dei
1084 855 1360 921 Genitrix,
1384 854 1584 910 ﬂorens
1615 863 1669 909 ut
1693 854 1886 920 lilium,
1904 868 2001 909 ora
2036 863 2187 910 tuum

604 944 817 1002 dulcem
847 954 1036 1000 natum
1066 961 1164 1015 pro
1193 961 1279 1001 me
1308 946 1508 1002 misero
1532 954 1840 1015 peccatore.
1860 944 2057 1000 Amen.

1006 1036 1289 1094 ORATIO
1324 1036 1460 1101 LVII
1500 1035 1595 1108 [οι.
1634 1035 1792 1106 LVII.

944 1146 1014 1185 ΑΒ
1052 1146 1296 1186 ελπατλιι
1337 1144 1589 1186 νιιισιδειι
1624 1143 1850 1183 manu.

1062 1219 1133 1274 In
1153 1221 1564 1274 Anuuntiatioue
1590 1220 1726 1289 ejus.

678 1313 881 1370 Precor
907 1321 980 1377 te,
1021 1311 1188 1382 Virgo
1211 1311 1544 1376 dulcissima,
1572 1326 1672 1380 per
1697 1310 1888 1365 merita
1918 1318 2023 1365 tua:
2042 1308 2189 1364 salu-

600 1403 854 1459 berrima:
910 1403 1372 1469 annuntiationis,
1425 1411 1481 1457 et
1544 1417 1642 1471 per
1693 1400 1823 1456 illud
1887 1401 2186 1468 angelicum

599 1508 733 1559 ave,
776 1494 919 1564 quod
951 1494 1207 1563 accepisti
1235 1509 1265 1547 a
1287 1502 1474 1549 sancto
1502 1492 1754 1549 Gabriele
1786 1492 1976 1547 nuntio
1997 1492 2187 1546 salutis

602 1592 731 1650 tuae,
764 1585 954 1640 nuntio
993 1584 1388 1640 Incarnatiouis
1422 1584 1582 1639 Verbi
1614 1584 1806 1650 divini,
1842 1584 2032 1638 nuntio
2062 1584 2187 1638 vita:

602 1684 841 1739 mternz,
876 1676 1069 1731 nuntio
1106 1676 1297 1732 salutis
1347 1686 1550 1732 nostra:
1603 1691 1701 1745 per
1741 1686 1814 1740 te,
1864 1686 1923 1730 ut
1950 1676 2185 1746 accipias

599 1777 793 1831 preces
855 1773 1092 1819 nostras.
1142 1764 1647 1820 Ilisericordissima
1689 1764 1939 1830 domina,
1988 1780 2181 1835 magna

598 1861 726 1908 sunt
762 1863 984 1922 peccata
1015 1869 1155 1921 mea,
1174 1856 1267 1910 sed
1298 1856 1472 1925 major
1491 1864 1575 1910 est
1606 1856 1777 1925 gratia
1807 1864 1895 1909 tua
1921 1871 1936 1921 ;
1967 1856 2093 1926 quia
2125 1866 2180 1910 tu

598 1957 661 1998 es
691 1944 869 2013 gratia
896 1943 1080 2012 plena,
1104 1953 1157 1999 et
1179 1945 1438 2000 Dominus
1462 1954 1638 2000 tecum
1667 1954 1783 2010 est;
1813 1944 2097 2000 benedicta
2127 1955 2181 2000 tu

600 2032 655 2087 in
688 2032 1026 2097 nmlieribus,
1052 2042 1107 2087 et
1132 2034 1449 2089 benedictus
1477 2034 1687 2089 fructus
1711 2035 1916 2089 ventris
1944 2035 2041 2090 tui.
2072 2035 2177 2090 Ma-

607 2128 694 2173 ter
726 2121 889 2176 totius
916 2122 1132 2192 gratim,
1158 2138 1255 2177 ora
1281 2138 1378 2193 pro
1416 2137 1524 2187 me,
1557 2132 1615 2178 ut
1662 2124 1801 2178 sicut
1838 2125 2181 2180 aunuutiatio

600 2216 692 2264 tua
719 2210 842 2265 tiuis
892 2211 1338 2283 appropinquans
1367 2213 1580 2269 exstitit
1617 2214 1787 2270 veteri
1821 2214 2013 2285 culpae,
2055 2231 2179 2285 spes

598 2308 780 2356 autem
823 2303 1101 2373 promissae
1125 2304 1335 2375 gratiae,
1376 2314 1432 2360 et
1459 2306 1711 2361 omnibus
1738 2308 2179 2377 exspectantibus

600 2405 722 2448 eam
755 2391 807 2446 in
838 2393 1067 2449 veritate
1093 2395 1247 2464 origo
1273 2404 1329 2450 et
1351 2396 1435 2449 via
1467 2394 1568 2449 fuit
1601 2397 1791 2467 gratia:
1818 2397 2046 2465 lutum;
2103 2399 2177 2453 ita

594 2501 632 2558 ξι
661 2502 750 2542 me
772 2487 825 2541 in
855 2487 1118 2543 honorem
1148 2470 1223 2544 tui
1248 2489 1432 2559 gaudii
1458 2490 1622 2544 corde
1645 2490 1908 2561 recogita,
1932 2507 2029 2547 ore
2054 2507 2177 2561 pro-

596 2578 855 2635 nunciata
913 2580 1154 2650 ejusdem
1210 2582 1642 2638 annuntiationis
1705 2594 1811 2639 tua:
1870 2586 2177 2642 recordatio

597 2672 697 2739 liat
720 2671 774 2725 in
811 2686 898 2726 me
927 2670 1055 2727 linis
1076 2682 1132 2729 et
1154 2674 1380 2730 abolitio
1409 2675 1573 2729 totius
1612 2676 1784 2747 culpae
1813 2692 1948 2732 mea;
1975 2679 2176 2736 veteris

595 2779 661 2818 ac
691 2779 865 2831 novze,
878 2774 931 2819 et
956 2766 1129 2836 gratia
1147 2765 1405 2822 salutaris
1425 2766 1572 2839 jugis
1596 2769 2177 2839 eastimouize.Adjuva

595 2865 715 2917 tne,
767 2853 1011 2908 domina
1043 2869 1187 2919 mea,
1241 2870 1365 2925 spes
1417 2857 1735 2923 viventium,
1774 2866 1830 2913 et
1876 2858 2175 2914 consolatio

595 2952 938 3009 mmstorum,
962 2944 1279 3001 subveutrix
1301 2947 1537 3016 inopum,
1562 2949 1869 3002 miseratrix
1898 2950 2139 3004 omnium
2156 2989 2172 3016 ,

592 3041 655 3086 ut
681 3032 772 3101 qui
817 3034 1028 3102 culpam
1074 3049 1250 3089 meam
1307 3049 1405 3103 per
1436 3036 1549 3104 ipsa
1586 3034 1791 3106 ﬂagella
1822 3039 2077 3094 maeroris
2116 3048 2174 3095 et

594 3124 828 3194 tristitiae
880 3135 939 3181 et
984 3126 1315 3185 infirmitatis
1357 3144 1627 3201 agnosco;
1676 3145 1774 3201 per
1818 3132 2013 3201 gaudia
2070 3140 2172 3187 tua:

592 3216 949 3272 sanctissima:
971 3219 1405 3276 annuntiationis
1427 3221 1494 3275 de
1516 3220 1835 3276 infirmitate
1849 3221 2168 3289 remedium,

589 3304 742 3360 etde
774 3320 1009 3361 maerore
1046 3310 1301 3378 gaudium
1350 3318 1438 3365 tua
1485 3309 1859 3366 misericordia
1910 3310 2172 3380 consequi

591 3413 832 3464 merear;
864 3406 925 3454 ut
953 3399 1007 3455 in
1037 3400 1155 3455 utili
1187 3415 1445 3466 uumore,
1472 3401 1527 3457 in
1551 3402 1874 3457 castimonia
1905 3403 2087 3457 cordis
2116 3409 2178 3461 et.

587 3491 858 3558 corporis,
885 3491 939 3545 in
964 3492 1272 3548 humilitate
1296 3494 1514 3559 mentis,
1533 3494 1586 3549 iu
1614 3494 1734 3550 titlei
1758 3494 2094 3563 integritate,
2116 3503 2173 3550 et

588 3581 737 3636 omni
764 3581 1007 3636 bonitate
1048 3583 1293 3638 studeam
1338 3584 1405 3639 de
1463 3594 1663 3639 caetero
1705 3584 1922 3653 placere
1957 3584 2084 3649 Deo,
2116 3594 2172 3642 et

588 3670 823 3726 exsultet
846 3670 1068 3740 spiritus
1089 3687 1241 3727 meus
1266 3674 1318 3727 in
1344 3672 1453 3729 Deo
1476 3674 1701 3729 salutari
1718 3688 1836 3730 meo
1858 3675 2006 3730 omni
2037 3686 2172 3731 tem-

588 3777 721 3832 pore
756 3762 879 3817 vitm
909 3776 1063 3817 meas.
1096 3761 1301 3818 Sancta
1351 3763 1442 3819 Dei
1476 3764 1762 3831 Genetrix,
1808 3779 2069 3821 succurre
2116 3776 2173 3822 et

589 3851 864 3931 intercede
890 3854 1035 3926 apud
1067 3854 1278 3911 dulcem
1310 3864 1496 3911 natum
1543 3866 1692 3912 tuum
1722 3872 1822 3929 pro
1846 3870 1934 3913 me
1966 3872 2168 3928 pecea-

589 3946 728 3998 tore.
758 3942 953 4000 Amen.

967 4028 1226 4111 onsfrto
1259 4031 1418 4089 Lvm
1454 4032 1554 4106 [οι.
1594 4032 1779 4107 LVII].

920 4138 988 4177 Αι»
1026 4124 1271 4180 sariam!
1309 4140 1562 4182 “nomen
1601 4141 1827 4182 laetu.

924 4271 930 4277 ,
1066 4244 1069 4245 ν
1164 4212 1235 4293 In
1262 4211 1431 4270 Parta
1455 4216 1589 4286 ejus.

660 4302 830 4375 Virgo
857 4303 1228 4373 sanctissima,
1279 4307 1345 4363 da
1377 4308 1510 4369 mihi
1556 4309 1808 4365 virtutem
1842 4323 1937 4380 per
1975 4310 2168 4367 merita

2289 582 2653 653 iniquitatibus
2704 594 2981 653 conceptus
3028 603 3177 655 sunt,
3208 598 3257 642 et
3299 590 3355 642 in
3376 593 3602 660 peccatis
3641 595 3858 664 concepit

2289 689 2371 727 me
2392 682 2560 726 mater
2579 688 2693 726 mea
2720 670 2894 744 (Psal.
2921 691 2976 740 ι..
3004 673 3084 745 6).

2359 761 2418 816 In
2449 762 2690 831 peccatis
2715 777 2836 817 sum
2869 773 3051 830 natus,
3080 774 3137 821 et
3158 765 3213 820 in
3243 767 3482 836 peccatis
3518 780 3858 827 conversatus

2288 868 2408 909 smn
2432 869 2530 924 per
2551 868 2714 909 omne
2741 864 2953 926 tempus
2979 858 3103 912 vitae
3125 873 3278 914 meae.
3306 858 3386 913 Tu
3415 868 3619 921 autem,
3653 861 3856 919 domina

2289 958 2433 1009 mea,
2463 944 2581 999 sine
2621 954 2763 1001 tactu
2802 947 3023 1016 pudoris
3060 948 3277 1003 inventa
3304 964 3366 1004 es
3416 959 3593 1004 mater
3629 949 3857 1007 Salvato-

2290 1034 2385 1089 ris.
2437 1033 2693 1089 Miserere
2733 1037 2863 1091 mihi
2909 1038 3212 1102 immundo,
3249 1039 3342 1109 qui
3379 1040 3433 1093 in
3463 1040 3709 1109 peccatis
3743 1056 3857 1097 con-

2288 1131 2479 1193 ceptus
2517 1134 2573 1177 et
2613 1124 2850 1181 nutritus
2897 1141 3051 1189 sum;
3085 1135 3142 1181 et
3164 1126 3363 1195 adjuva
3402 1143 3489 1183 me
3531 1128 3642 1184 tuis
3670 1130 3857 1184 salictis

2288 1217 2576 1287 precibus,
2639 1216 2804 1289 Virgo
2872 1220 3220 1275 serenissima
3255 1237 3270 1274 :
3304 1229 3362 1274 ut
3421 1222 3563 1276 sicut
3615 1221 3857 1278 nativitas

2290 1307 2383 1362 lilii
2420 1310 2492 1363 tui
2526 1308 2737 1363 Domini
2770 1310 2940 1366 nostri
2970 1309 3098 1366 Jesu
3131 1311 3333 1367 Christi
3362 1312 3517 1366 ruina
3553 1312 3657 1366 fuit
3695 1314 3857 1368 borri-

2288 1398 2413 1453 bilis
2464 1399 2732 1465 tristitiae,
2789 1401 3046 1455 nativitas
3091 1401 3360 1457 universis
3409 1401 3662 1457 ﬁdelibus
3721 1419 3859 1458 novze

2289 1489 2701 1555 exsultationis;
2734 1491 2807 1546 ita
2837 1500 2893 1546 et
2920 1491 3052 1546 mihi
3084 1492 3200 1548 haec
3233 1494 3422 1547 eadem
3458 1493 3657 1562 gaudia
3691 1494 3858 1548 Domi-

2268 1580 2423 1636 .nicze
2448 1580 2761 1637 Nativitatis
2786 1582 2898 1637 sint
2938 1583 3152 1637 initium
3191 1584 3317 1639 vita:
3343 1584 3611 1654 religiosa!
3647 1594 3707 1638 et
3730 1586 3861 1639 salu-

2290 1672 2423 1727 taris
2445 1674 2815 1739 continentiaz,
2845 1684 2902 1728 et
2931 1674 3086 1728 ruina
3114 1675 3281 1731 totius
3308 1675 3494 1745 iniusti
3524 1677 3782 1731 mteroris
3810 1687 3857 1731 et

2216 1742 2256 1800 Β
2288 1761 2483 1832 iniquae
2522 1763 2774 1829 tristitiae,
2825 1772 2881 1818 et
2926 1765 3184 1819 nativitas
3236 1742 3537 1836 spiritualis
3585 1767 3771 1835 gaudii
3811 1778 3859 1822 et

2197 3078 2244 3141 C

2283 1852 2685 1919 exsultatiouis,
2707 1864 2763 1909 et
2791 1870 2946 1909 amor
2966 1863 3021 1909 et
3046 1855 3374 1910 desiderium
3405 1857 3648 1911 caelestis
3681 1859 3857 1927 patria:

2282 1954 2338 1997 et
2364 1960 2612 2015 superine
2658 1945 2880 1999 laetitiar.
2929 1946 3130 2001 Sancta
3173 1946 3268 2001 Dei
3299 1948 3559 2016 genitrix,
3609 1963 3855 2005 succurre

2280 2041 2331 2085 et
2356 2031 2631 2089 iutercede
2648 2033 2789 2104 apud
2803 2034 3015 2089 dulcem
3043 2043 3192 2089 tuum
3220 2040 3409 2091 uatum
3436 2052 3536 2107 pro
3566 2052 3654 2092 me
3677 2052 3856 2108 pecca-

2281 2128 2417 2176 tore.
2441 2122 2636 2177 Amen.

2597 2214 2760 2286 285
2797 2214 3054 2273 ORATIO
3092 2216 3206 2271 LIX
3236 2216 3332 2290 [οι.
3378 2217 3581 2291 LVIII].

2617 2320 2686 2359 AD
2724 2320 2969 2361 SANCTAI
3010 2321 3266 2362 νιιιοικειι
3308 2323 3533 2364 ΙΙΔΒΙΔΙ.

2752 2395 2816 2450 lu
2849 2393 3228 2465 Puri/icatione
3248 2398 3387 2468 ejus.

2347 2485 2392 2541 Ο
2412 2487 2564 2557 virgo
2587 2487 2959 2555 serenissima,
2991 2504 3089 2558 per
3113 2490 3309 2544 merita
3342 2500 3445 2544 tua:
3474 2490 3740 2560 piissimae
3768 2506 3857 2562 pu-

2279 2578 2602 2633 rificationis
2640 2579 2709 2632 da
2753 2578 2886 2632 mihi
2926 2579 3180 2634 virtutem
3216 2590 3407 2635 contra
3454 2581 3642 2637 boues
3699 2593 3854 2647 tuos;

2276 2670 2442 2740 Virgo
2469 2670 2834 2743 sanctissima,
2871 2685 3101 2740 corpore
3119 2673 3461 2738 castissima,
3481 2674 3729 2731 moribus
3750 2690 3859 2729 om-

2276 2764 2424 2820 nium
2468 2762 2854 2832 pulcherrima.
2880 2763 3043 2835 Virgo
3091 2765 3380 2833 virginum,
3424 2781 3527 2821 nec
3566 2766 3735 2823 corde
3766 2781 3858 2821 ua-

2274 2868 2434 2923 quam
2465 2853 2691 2923 polluta,
2739 2868 2840 2910 nec
2867 2869 2984 2919 ore,
3016 2853 3112 2919 sed
3156 2863 3271 2909 tota
3305 2854 3554 2924 pulchra,
3586 2863 3698 2910 tota
3746 2857 3856 2911 sine

2275 2945 2508 3000 macula.
2535 2945 2860 3000 lntemerata
2887 2946 3045 3017 virgo
3073 2960 3319 3015 corpore,
3358 2945 3681 3002 intemerata
3712 2948 3858 3016 virgo

2274 3044 2473 3100 mente,
2507 3034 2641 3089 nihil
2660 3035 2861 3091 debens
2883 3035 3112 3107 legibus,
3148 3036 3312 3090 nullis
3339 3044 3485 3090 tacta
3522 3038 3851 3099 excessibus,

2274 3136 2330 3181 ut
2360 3126 2680 3183 humilitatis
2708 3128 2760 3182 in
2787 3137 2839 3183 te
2857 3127 3173 3184 ostenderes
3201 3128 3735 3199 exemplum,imples
3761 3144 3857 3198 pu-

2272 3215 2598 3275 rificationis
2625 3215 2859 3272 oﬂleium
2890 3216 3133 3286 pollutis,
3159 3217 3424 3273 matribus
3451 3228 3737 3272 statnunn.
3777 3219 3852 3272 Ad

2273 3306 2531 3376 templum
2566 3306 2806 3362 detulisti
2843 3316 3019 3362 tecum
3057 3308 3443 3373 mandandum,
3475 3309 3568 3376 qui
3604 3308 3698 3362 tibi
3722 3308 3856 3362 inte-

2272 3398 2487 3468 gritatis
2516 3398 2681 3453 decus
2721 3398 2884 3453 homo
2927 3398 3140 3467 genitus
3181 3397 3425 3452 adauxit.
3459 3398 3667 3453 Intacta
3709 3397 3851 3469 geni-

2274 3493 2379 3546 trix
2411 3494 2479 3547 ad
2522 3492 2779 3563 templum
2823 3493 3063 3547 detulisti
3108 3502 3285 3549 tecum
3340 3495 3737 3561 mandandum,
3765 3492 3849 3563 qui

2272 3584 2467 3641 delicta
2507 3596 2690 3639 nostra
2722 3585 3049 3655 intelligens,
3078 3586 3202 3656 quia
3229 3586 3304 3641 illi
3331 3587 3517 3641 omnia
3563 3587 3703 3641 nuda
3731 3595 3851 3641 sunt

2273 3686 2330 3732 ct
2353 3687 2565 3745 aperta,
2597 3677 2666 3730 ab
2693 3676 2923 3745 occultis
2940 3676 3143 3732 nostris
3173 3677 3412 3746 quotidie
3433 3692 3533 3747 per
3562 3676 3853 3734 confessio-

2272 3779 2397 3819 nem
2427 3773 2484 3819 et
2503 3765 2881 3835 paenitentiam
2925 3767 3169 3833 mundat,
3196 3778 3251 3822 et
3274 3769 3343 3823 ab
3374 3768 3570 3823 alienis
3609 3783 3709 3838 per
3747 3767 3854 3838 spi-

2271 3854 2435 3910 ritum
2461 3855 2810 3912 coutinentia‘.
2832 3854 3006 3927 parcit
3027 3857 3200 3912 servis
3228 3858 3342 3913 suis
3369 3856 3720 3927 (Psalavm,
3744 3856 3851 3930 μ).

2269 3944 2353 3999 Ad
2380 3943 2635 4015 templum
2666 3945 2906 4002 detulisti
2939 3954 3118 4002 tecum
3139 3946 3704 4017 mundandum,eujus
3732 3963 3851 4004 sau-

2270 4033 2391 4105 guis
2425 4035 2477 4090 in
2504 4051 2665 4091 cruce
2689 4036 2958 4107 passionis
2999 4052 3113 4093 sua:
3137 4037 3207 4093 ab
3248 4037 3496 4109 originali
3539 4053 3640 4094 nos
3666 4038 3853 4093 lavsus

2270 4127 2520 4199 contagio
2545 4129 2789 4199 quotidie
2818 4129 2985 4184 etiam
3012 4130 3068 4185 in
3108 4144 3203 4185 ara
3238 4129 3413 4185 crucis
3442 4144 3542 4200 per
3565 4145 3855 4185 sacrosan-

2268 4227 2358 4274 cta
2391 4220 2647 4290 mysteria
2693 4229 2748 4275 et
2787 4234 2886 4276 nos
2909 4220 3237 4290 poenitentes
3270 4229 3324 4276 et
3358 4220 3637 4275 confessos
3664 4235 3854 4275 enitun-

2270 4311 2364 4368 dat
2402 4326 2433 4367 a
2459 4313 2665 4368 nostris
2691 4300 3036 4369 criminibus.
3067 4313 3150 4369 Ad
3199 4313 3458 4384 templum
3486 4312 3729 4371 detulisti
3779 4323 3855 4368 tc-

586 4393 665 4447 tui
706 4396 1035 4451 sanctissimi
1064 4397 1291 4469 virginei
1332 4408 1538 4471 partus,
1578 4410 1768 4456 contra
1803 4401 1988 4457 hostes
2019 4410 2161 4458 tuos.
2193 4414 2244 4475 υ
2269 4416 2391 4456 cum
2442 4402 2841 4468 mundandnm,
2878 4403 2970 4474 qui
3025 4419 3125 4474 pro
3164 4402 3322 4458 nobis
3371 4403 3619 4459 Pontifex
3674 4403 3854 4458 factus

584 4478 879 4557 Benedicta
920 4499 981 4540 es
1015 4486 1159 4541 enim
1208 4486 1398 4551 Maria,
1441 4504 1562 4559 quae
1606 4490 1892 4544 Dominum
1919 4491 2163 4547 omnium

584 4572 814 4641 portasti
832 4572 1146 4630 Creatorem
1176 4576 1518 4643 saeculorum.
1548 4578 1793 4634 Ceuuisti
1816 4580 1906 4648 qui
1934 4591 1984 4636 te
2008 4581 2160 4649 fecit,

581 4668 642 4718 et
660 4662 715 4717 iu
743 4673 1007 4720 aeternum
1049 4682 1334 4736 permanes
1362 4666 1545 4739 Virgo.
1586 4672 1754 4729 Beata
1783 4676 2015 4743 viscera,
2042 4691 2179 4747 quae

581 4762 935 4823 portaveruut
972 4759 1159 4813 aeterni
1200 4760 1374 4817 Patris
1393 4761 1608 4819 Filium.
1638 4765 1801 4822 Beata
1836 4769 2002 4824 ubera
2047 4778 2159 4834 tua,

582 4859 703 4916 qua:
727 4845 1065 4903 Iactaverunt
1091 4848 1364 4906 Christum
1397 4854 1702 4912 Dominum.
1729 4856 1889 4913 Beata
1915 4868 1971 4913 et
1997 4873 2162 4914 vene-

582 4935 771 4991 rabilis
791 4951 871 5004 es,
889 4936 1051 5009 Virgo
1072 4940 1265 5008 Maria,
1282 4944 1522 4999 omnium
1540 4946 1803 5003 bonorum
1825 4947 2161 5005 beatitudine

578 5022 759 5093 plena.
800 5025 968 5082 Beata
1016 5038 1218 5097 mater,
1254 5048 1375 5103 quae
1402 5032 1512 5089 sola
1544 5034 1662 5093 siue
1688 5036 1874 5094 dolore
1905 5038 2156 5109 genuisti,

579 5116 705 5185 quia
737 5125 791 5172 tu
823 5118 937 5173 sola
960 5121 1214 5191 peperisti
1238 5121 1599 5195 Virgo.Beata
1627 5134 1682 5181 et
1708 5126 1990 5182 benedicta
2019 5128 2160 5183 inter

577 5206 860 5275 mulieres;
895 5212 1018 5280 quia
1069 5222 1233 5269 natus
1258 5227 1328 5269 ex
1373 5224 1425 5270 te
1470 5216 1696 5287 Virgine
1731 5216 1979 5273 Christus
2017 5218 2159 5274 Deus

578 5313 929 5371 noster,rsua
980 5310 1326 5375 sanctissima
1368 5311 1650 5368 nativitate
1687 5312 1845 5384 primi
1894 5314 2156 5383 parentis,

576 5405 632 5449 et
659 5395 847 5465 prima
878 5399 1122 5456 mulieris
1166 5402 1222 5456 in
1254 5402 1445 5458 dolore
1472 5404 1764 5472 poenaliter
1790 5405 2157 5477 parturientis

577 5485 836 5542 solvendo
885 5489 1348 5556 maledictionem,
1382 5493 1531 5550 dedit
1570 5503 1665 5565 per
1709 5503 1762 5552 te
1804 5495 1923 5552 sine
1971 5495 2159 5552 dolore

579 5578 997 5649 parturientem,
1030 5582 1255 5639 dimissa
1277 5586 1448 5641 veteri
1478 5568 1655 5658 culpa,
1687 5603 1841 5647 novae
1884 5587 2073 5657 gratiae
2100 5596 2159 5644 et

581 5663 773 5721 salutis
793 5677 1011 5727 aeternae
1033 5673 1339 5730 mellilluam
1357 5676 1808 5735 benedictionem.
1835 5679 1938 5736 Per
1959 5678 2154 5755 gaudia

2267 4490 2564 4548 secundum
2589 4493 2837 4548 ordinem
2885 4492 3283 4549 Melchisedech
3314 4495 3559 4563 quotidie
3587 4493 3855 4564 compati-

2267 4592 2355 4637 tur
2377 4582 2784 4637 infirmitatibus
2807 4583 3029 4647 nostris,
3060 4592 3117 4638 et
3143 4592 3229 4639 est
3251 4583 3563 4638 misericors
3590 4583 3775 4645 nobis,
3799 4589 3854 4635 et

2263 4672 2513 4729 Pontifex
2539 4672 2715 4728 fidelis
2738 4675 2806 4727 ad
2830 4673 2998 4729 Deum
3022 4674 3364 4745 propitiaudo
3390 4684 3614 4742 peccata
3644 4670 3855 4742 populi.

2264 4761 2509 4831 quotidie
2557 4778 2658 4817 nos
2690 4761 2801 4818 Deo
2830 4762 2979 4818 Patri
3024 4762 3364 4835 reconciliet,
3402 4772 3462 4818 et
3490 4778 3587 4833 per
3613 4763 3666 4817 id
3707 4760 3855 4830 quod

2264 4851 2377 4908 Deo
2402 4852 2551 4906 Patri
2580 4844 2739 4909 oll‘ert
2774 4853 2919 4909 Deus
2962 4854 3039 4909 de
3065 4853 3177 4925 Deo
3217 4854 3484 4924 quotidie,
3508 4854 3556 4910 si
3598 4850 3858 4910 conversi

2262 4943 2527 5000 fuerimus
2549 4954 2604 4999 et
2633 4954 2854 5014 peccata
2882 4953 3068 5000 nostra
3091 4945 3346 5002 confessi.
3373 4945 3577 5001 Fidelis
3595 4953 3649 5001 et
3669 4942 3861 5012 justus

2261 5044 2318 5091 et
2344 5036 2554 5105 patiens
2579 5036 2721 5090 Deus
2750 5035 2994 5107 ignoscet
3026 5036 3181 5093 nobis
3221 5046 3277 5093 et
3310 5037 3556 5094 absolvet
3578 5051 3710 5092 nos.

2331 5126 2389 5180 In
2424 5127 2642 5182 nomine
2671 5127 2810 5195 ejus,
2861 5126 3023 5199 Virgo
3058 5128 3434 5199 integerrima,
3484 5128 3750 5198 cumfugio
3792 5126 3864 5180 ad

2262 5228 2332 5273 te.
2362 5217 2419 5272 In
2447 5218 2566 5286 ejus
2591 5232 2718 5287 ergo
2739 5217 2957 5273 nomine
2986 5217 3295 5273 dulcissimo
3314 5228 3371 5272 et
3399 5231 3609 5284 amore,
3632 5215 3867 5286 suscipe

2259 5325 2367 5375 me,
2396 5308 2613 5364 domina
2638 5322 2758 5362 mea
2783 5307 3224 5372 clementissima,
3246 5306 3642 5375 confugientem
3680 5306 3759 5360 ad
3785 5314 3862 5369 te,

2257 5415 2313 5460 et
2342 5399 2532 5469 adiuva
2566 5392 2653 5455 ine
2682 5414 2779 5470 per
2813 5400 3009 5454 merita
3041 5410 3146 5453 tum
3169 5400 3490 5455 castissima:
3514 5397 3864 5469 puriﬁcatio-

2257 5493 2360 5557 nis,
2393 5500 2451 5546 ut
2472 5492 2706 5546 sentiam
2733 5499 2789 5546 et
2811 5490 3073 5561 gaudeam
3116 5504 3202 5546 me
3225 5504 3257 5544 a
3279 5488 3533 5545 sordibus
3560 5487 3867 5544 conscien-

2259 5586 2348 5645 tia:
2371 5584 2445 5640 ita
2476 5583 2786 5655 perenniter
2806 5581 3107 5659 purificari,
3144 5591 3201 5638 ut
3230 5596 3507 5651 nunquam
3537 5577 3764 5634 doleam
3794 5575 3865 5630 de

2257 5684 2456 5743 cetero
2482 5690 2568 5733 me
2602 5679 2781 5747 aliqua
2810 5674 3133 5746 contagione
3165 5682 3261 5733 aut
3292 5671 3704 5743 perpetratione
3730 5684 3865 5727 soe-
