  <div class='ocr_page' id='page_1' title='image "/cluster/home/n/w/nwhite01/storage/ocr_20150623/158/hvd.32044024236689/536.png"; bbox 0 0 4048 6288; ppageno 0'>
   <div class='ocr_carea' id='block_1_1' title="bbox 221 269 328 328">
    <p class='ocr_par' dir='ltr' id='par_1_1' title="bbox 221 269 328 328">
     <span class='ocr_line' id='line_1_1' title="bbox 221 269 328 328; baseline -0.037 0"><span class='ocrx_word' id='word_1_1' title='bbox 221 269 328 328; x_wconf 79' lang='lat'><strong>965</strong></span> 
     </span>
    </p>
   </div>
   <div class='ocr_carea' id='block_1_2' title="bbox 1643 253 2059 315">
    <p class='ocr_par' dir='ltr' id='par_1_2' title="bbox 1643 253 2059 315">
     <span class='ocr_line' id='line_1_2' title="bbox 1643 253 2059 315; baseline -0.002 -3"><span class='ocrx_word' id='word_1_2' title='bbox 1643 253 1780 312; x_wconf 76' lang='lat' dir='ltr'><strong>OBA</strong></span> <span class='ocrx_word' id='word_1_3' title='bbox 1789 255 2059 315; x_wconf 77' lang='lat' dir='ltr'><strong>TIONES.</strong></span> 
     </span>
    </p>
   </div>
   <div class='ocr_carea' id='block_1_3' title="bbox 3330 248 3482 320">
    <p class='ocr_par' dir='ltr' id='par_1_3' title="bbox 3330 248 3482 320">
     <span class='ocr_line' id='line_1_3' title="bbox 3330 248 3482 320; baseline -0.033 0"><span class='ocrx_word' id='word_1_4' title='bbox 3330 248 3345 285; x_wconf 78' lang='grc'><strong>’⁵</strong></span> <span class='ocrx_word' id='word_1_5' title='bbox 3375 261 3482 320; x_wconf 83' lang='lat'><strong>966</strong></span> 
     </span>
    </p>
   </div>
   <div class='ocr_carea' id='block_1_4' title="bbox 216 367 3483 447">
    <p class='ocr_par' dir='ltr' id='par_1_4' title="bbox 216 367 3483 447">
     <span class='ocr_line' id='line_1_4' title="bbox 216 367 3483 447; baseline -0.003 -12"><span class='ocrx_word' id='word_1_6' title='bbox 216 381 340 436; x_wconf 86' lang='lat' dir='ltr'><strong>leris</strong></span> <span class='ocrx_word' id='word_1_7' title='bbox 383 375 740 447; x_wconf 86' lang='lat' dir='ltr'><strong>coinquinari.</strong></span> <span class='ocrx_word' id='word_1_8' title='bbox 785 373 985 431; x_wconf 86' lang='lat' dir='ltr'><strong>Sancta</strong></span> <span class='ocrx_word' id='word_1_9' title='bbox 1030 373 1124 428; x_wconf 94' lang='lat' dir='ltr'><strong>Dei</strong></span> <span class='ocrx_word' id='word_1_10' title='bbox 1171 369 1437 433; x_wconf 83' lang='lat' dir='ltr'><strong>Genitrix,</strong></span> <span class='ocrx_word' id='word_1_11' title='bbox 1471 367 1686 438; x_wconf 75' lang='lat' dir='ltr'><strong>suscipe</strong></span> <span class='ocrx_word' id='word_1_12' title='bbox 1737 377 1794 422; x_wconf 90' lang='lat' dir='ltr'><strong>et</strong></span> <span class='ocrx_word' id='word_1_13' title='bbox 1821 377 1869 434; x_wconf 79' lang='grc' dir='ltr'><strong>Α</strong></span> <span class='ocrx_word' id='word_1_14' title='bbox 1893 385 1990 424; x_wconf 90' lang='lat' dir='ltr'><strong>ore</strong></span> <span class='ocrx_word' id='word_1_15' title='bbox 2017 385 2136 442; x_wconf 82' lang='lat' dir='ltr'><strong>meo</strong></span> <span class='ocrx_word' id='word_1_16' title='bbox 2165 370 2446 427; x_wconf 85' lang='lat' dir='ltr'><strong>hahere.0</strong></span> <span class='ocrx_word' id='word_1_17' title='bbox 2469 371 2628 442; x_wconf 75' lang='lat' dir='ltr'><strong>Virgo</strong></span> <span class='ocrx_word' id='word_1_18' title='bbox 2651 370 3040 441; x_wconf 69' lang='lat' dir='ltr'><strong>gloriosa,qu:e</strong></span> <span class='ocrx_word' id='word_1_19' title='bbox 3059 381 3290 428; x_wconf 86' lang='lat' dir='ltr'><strong>mortem</strong></span> <span class='ocrx_word' id='word_1_20' title='bbox 3311 373 3483 428; x_wconf 82' lang='lat' dir='ltr'><strong>subti-</strong></span> 
     </span>
    </p>
   </div>
   <div class='ocr_carea' id='block_1_5' title="bbox 215 459 1793 540">
    <p class='ocr_par' dir='ltr' id='par_1_5' title="bbox 215 459 1793 540">
     <span class='ocr_line' id='line_1_5' title="bbox 215 459 1793 540; baseline -0.011 -12"><span class='ocrx_word' id='word_1_21' title='bbox 215 473 486 528; x_wconf 87' lang='lat' dir='ltr'><strong>intercede</strong></span> <span class='ocrx_word' id='word_1_22' title='bbox 510 484 608 540; x_wconf 93' lang='lat' dir='ltr'><strong>pro</strong></span> <span class='ocrx_word' id='word_1_23' title='bbox 652 483 734 521; x_wconf 84' lang='lat' dir='ltr'><strong>me</strong></span> <span class='ocrx_word' id='word_1_24' title='bbox 764 475 1046 537; x_wconf 84' lang='lat' dir='ltr'><strong>peccatore</strong></span> <span class='ocrx_word' id='word_1_25' title='bbox 1083 463 1223 534; x_wconf 90' lang='lat' dir='ltr'><strong>apud</strong></span> <span class='ocrx_word' id='word_1_26' title='bbox 1257 472 1404 515; x_wconf 90' lang='lat' dir='ltr'><strong>tuum</strong></span> <span class='ocrx_word' id='word_1_27' title='bbox 1445 459 1657 515; x_wconf 85' lang='lat' dir='ltr'><strong>dulcem</strong></span> <span class='ocrx_word' id='word_1_28' title='bbox 1696 473 1793 512; x_wconf 86' lang='lat' dir='ltr'><strong>na-</strong></span> 
     </span>
    </p>
   </div>
   <div class='ocr_carea' id='block_1_6' title="bbox 216 549 1794 617">
    <p class='ocr_par' dir='ltr' id='par_1_6' title="bbox 216 549 1794 617">
     <span class='ocr_line' id='line_1_6' title="bbox 216 549 1794 617; baseline -0.008 -1"><span class='ocrx_word' id='word_1_29' title='bbox 216 573 327 617; x_wconf 88' lang='lat' dir='ltr'><strong>tum</strong></span> <span class='ocrx_word' id='word_1_30' title='bbox 371 561 552 615; x_wconf 79' lang='lat' dir='ltr'><strong>Jesnm</strong></span> <span class='ocrx_word' id='word_1_31' title='bbox 584 558 860 613; x_wconf 76' lang='lat' dir='ltr'><strong>Christum</strong></span> <span class='ocrx_word' id='word_1_32' title='bbox 908 555 1249 611; x_wconf 77' lang='lat' dir='ltr'><strong>benedictum</strong></span> <span class='ocrx_word' id='word_1_33' title='bbox 1301 549 1537 605; x_wconf 89' lang='lat' dir='ltr'><strong>fructum</strong></span> <span class='ocrx_word' id='word_1_34' title='bbox 1588 549 1794 604; x_wconf 76' lang='lat' dir='ltr'><strong>ventris</strong></span> 
     </span>
    </p>
   </div>
   <div class='ocr_carea' id='block_1_7' title="bbox 220 645 843 714">
    <p class='ocr_par' dir='ltr' id='par_1_7' title="bbox 220 645 843 714">
     <span class='ocr_line' id='line_1_7' title="bbox 220 645 843 714; baseline -0.008 -11"><span class='ocrx_word' id='word_1_35' title='bbox 220 650 315 714; x_wconf 91' lang='lat' dir='ltr'><strong>tui,</strong></span> <span class='ocrx_word' id='word_1_36' title='bbox 354 658 408 703; x_wconf 93' lang='lat' dir='ltr'><strong>et</strong></span> <span class='ocrx_word' id='word_1_37' title='bbox 436 648 696 702; x_wconf 90' lang='lat' dir='ltr'><strong>miserere</strong></span> <span class='ocrx_word' id='word_1_38' title='bbox 719 645 843 699; x_wconf 89' lang='lat' dir='ltr'><strong>mei.</strong></span> 
     </span>
    </p>
   </div>
   <div class='ocr_carea' id='block_1_8' title="bbox 655 727 1354 804">
    <p class='ocr_par' dir='ltr' id='par_1_8' title="bbox 655 727 1354 804">
     <span class='ocr_line' id='line_1_8' title="bbox 655 727 1354 804; baseline -0.013 -14"><span class='ocrx_word' id='word_1_39' title='bbox 655 734 910 790; x_wconf 73' lang='lat' dir='ltr'><strong>ORATIO</strong></span> <span class='ocrx_word' id='word_1_40' title='bbox 943 733 1031 789; x_wconf 67' lang='lat' dir='ltr'><strong>nx</strong></span> <span class='ocrx_word' id='word_1_41' title='bbox 1071 731 1165 804; x_wconf 77' lang='grc' dir='ltr'><strong>[οι.</strong></span> <span class='ocrx_word' id='word_1_42' title='bbox 1195 727 1354 801; x_wconf 80' lang='lat' dir='ltr'><strong>LIX].</strong></span> 
     </span>
    </p>
   </div>
   <div class='ocr_carea' id='block_1_9' title="bbox 565 833 1442 892">
    <p class='ocr_par' dir='ltr' id='par_1_9' title="bbox 565 833 1442 892">
     <span class='ocr_line' id='line_1_9' title="bbox 565 833 1442 892; baseline -0.01 -12"><span class='ocrx_word' id='word_1_43' title='bbox 565 841 634 880; x_wconf 67' lang='lat' dir='ltr'><strong>AD</strong></span> <span class='ocrx_word' id='word_1_44' title='bbox 662 840 903 880; x_wconf 69' lang='lat' dir='ltr'><strong>SANCTAI</strong></span> <span class='ocrx_word' id='word_1_45' title='bbox 931 836 1184 892; x_wconf 66' lang='lat' dir='ltr'><strong>YIRGINEI</strong></span> <span class='ocrx_word' id='word_1_46' title='bbox 1216 833 1442 874; x_wconf 72' lang='grc' dir='ltr'><strong>ΙΔΒΙΑὶΙο</strong></span> 
     </span>
    </p>
   </div>
   <div class='ocr_carea' id='block_1_10' title="bbox 689 913 1325 982">
    <p class='ocr_par' dir='ltr' id='par_1_10' title="bbox 689 913 1325 982">
     <span class='ocr_line' id='line_1_10' title="bbox 689 913 1325 982; baseline -0.008 -13"><span class='ocrx_word' id='word_1_47' title='bbox 689 915 755 969; x_wconf 87' lang='lat' dir='ltr'><strong>In</strong></span> <span class='ocrx_word' id='word_1_48' title='bbox 779 917 1149 982; x_wconf 72' lang='lat' dir='ltr'><strong>Assumptioue</strong></span> <span class='ocrx_word' id='word_1_49' title='bbox 1188 913 1325 980; x_wconf 79' lang='lat' dir='ltr'><strong>ejus.</strong></span> 
     </span>
    </p>
   </div>
   <div class='ocr_carea' id='block_1_11' title="bbox 285 996 1797 1077">
    <p class='ocr_par' dir='ltr' id='par_1_11' title="bbox 285 996 1797 1077">
     <span class='ocr_line' id='line_1_11' title="bbox 285 996 1797 1077; baseline -0.009 -15"><span class='ocrx_word' id='word_1_50' title='bbox 285 1007 452 1077; x_wconf 76' lang='lat' dir='ltr'><strong>Virgo</strong></span> <span class='ocrx_word' id='word_1_51' title='bbox 492 1005 861 1066; x_wconf 80' lang='lat' dir='ltr'><strong>serenissima,</strong></span> <span class='ocrx_word' id='word_1_52' title='bbox 893 1005 984 1058; x_wconf 86' lang='lat' dir='ltr'><strong>Dei</strong></span> <span class='ocrx_word' id='word_1_53' title='bbox 1019 1004 1251 1074; x_wconf 82' lang='lat' dir='ltr'><strong>genitrix</strong></span> <span class='ocrx_word' id='word_1_54' title='bbox 1275 1009 1460 1056; x_wconf 87' lang='lat' dir='ltr'><strong>sancta</strong></span> <span class='ocrx_word' id='word_1_55' title='bbox 1488 996 1677 1062; x_wconf 81' lang='lat' dir='ltr'><strong>Maria,</strong></span> <span class='ocrx_word' id='word_1_56' title='bbox 1701 1009 1797 1066; x_wconf 85' lang='lat' dir='ltr'><strong>per</strong></span> 
     </span>
    </p>
   </div>
   <div class='ocr_carea' id='block_1_12' title="bbox 214 1095 1796 1168">
    <p class='ocr_par' dir='ltr' id='par_1_12' title="bbox 214 1095 1796 1168">
     <span class='ocr_line' id='line_1_12' title="bbox 214 1095 1796 1168; baseline -0.009 -14"><span class='ocrx_word' id='word_1_57' title='bbox 214 1100 409 1154; x_wconf 88' lang='lat' dir='ltr'><strong>merita</strong></span> <span class='ocrx_word' id='word_1_58' title='bbox 460 1107 565 1152; x_wconf 70' lang='lat' dir='ltr'><strong>tua:</strong></span> <span class='ocrx_word' id='word_1_59' title='bbox 599 1098 844 1168; x_wconf 70' lang='lat' dir='ltr'><strong>gloriosae</strong></span> <span class='ocrx_word' id='word_1_60' title='bbox 885 1095 1302 1165; x_wconf 84' lang='lat' dir='ltr'><strong>assumptionis,‘</strong></span> <span class='ocrx_word' id='word_1_61' title='bbox 1332 1103 1386 1146; x_wconf 90' lang='lat' dir='ltr'><strong>et</strong></span> <span class='ocrx_word' id='word_1_62' title='bbox 1431 1105 1528 1159; x_wconf 88' lang='lat' dir='ltr'><strong>per</strong></span> <span class='ocrx_word' id='word_1_63' title='bbox 1554 1103 1796 1142; x_wconf 87' lang='lat' dir='ltr'><strong>amorem</strong></span> 
     </span>
    </p>
   </div>
   <div class='ocr_carea' id='block_1_13' title="bbox 218 1175 1797 1256">
    <p class='ocr_par' dir='ltr' id='par_1_13' title="bbox 218 1175 1797 1256">
     <span class='ocr_line' id='line_1_13' title="bbox 218 1175 1797 1256; baseline -0.01 -12"><span class='ocrx_word' id='word_1_64' title='bbox 218 1190 291 1244; x_wconf 93' lang='lat' dir='ltr'><strong>tui</strong></span> <span class='ocrx_word' id='word_1_65' title='bbox 320 1189 618 1244; x_wconf 80' lang='lat' dir='ltr'><strong>dulcissimi</strong></span> <span class='ocrx_word' id='word_1_66' title='bbox 653 1188 767 1252; x_wconf 85' lang='lat' dir='ltr'><strong>lilii,</strong></span> <span class='ocrx_word' id='word_1_67' title='bbox 797 1204 824 1239; x_wconf 90' lang='lat' dir='ltr'><strong>a</strong></span> <span class='ocrx_word' id='word_1_68' title='bbox 854 1201 960 1256; x_wconf 92' lang='lat' dir='ltr'><strong>quo</strong></span> <span class='ocrx_word' id='word_1_69' title='bbox 1005 1193 1279 1252; x_wconf 86' lang='lat' dir='ltr'><strong>assumpta</strong></span> <span class='ocrx_word' id='word_1_70' title='bbox 1307 1197 1367 1238; x_wconf 89' lang='lat' dir='ltr'><strong>es</strong></span> <span class='ocrx_word' id='word_1_71' title='bbox 1397 1184 1451 1234; x_wconf 88' lang='lat' dir='ltr'><strong>itt</strong></span> <span class='ocrx_word' id='word_1_72' title='bbox 1479 1178 1700 1244; x_wconf 78' lang='lat' dir='ltr'><strong>coelum,</strong></span> <span class='ocrx_word' id='word_1_73' title='bbox 1731 1175 1797 1229; x_wconf 84' lang='lat' dir='ltr'><strong>da</strong></span> 
     </span>
    </p>
   </div>
   <div class='ocr_carea' id='block_1_14' title="bbox 215 1273 1798 1338">
    <p class='ocr_par' dir='ltr' id='par_1_14' title="bbox 215 1273 1798 1338">
     <span class='ocr_line' id='line_1_14' title="bbox 215 1273 1798 1338; baseline -0.012 -2"><span class='ocrx_word' id='word_1_74' title='bbox 215 1280 620 1336; x_wconf 87' lang='lat' dir='ltr'><strong>mihivirtutem</strong></span> <span class='ocrx_word' id='word_1_75' title='bbox 644 1285 832 1330; x_wconf 86' lang='lat' dir='ltr'><strong>contra</strong></span> <span class='ocrx_word' id='word_1_76' title='bbox 864 1277 1047 1329; x_wconf 85' lang='lat' dir='ltr'><strong>hostes</strong></span> <span class='ocrx_word' id='word_1_77' title='bbox 1075 1282 1286 1336; x_wconf 90' lang='lat' dir='ltr'><strong>tuos,et</strong></span> <span class='ocrx_word' id='word_1_78' title='bbox 1311 1273 1364 1324; x_wconf 92' lang='lat' dir='ltr'><strong>in</strong></span> <span class='ocrx_word' id='word_1_79' title='bbox 1396 1284 1618 1338; x_wconf 87' lang='lat' dir='ltr'><strong>regnum</strong></span> <span class='ocrx_word' id='word_1_80' title='bbox 1649 1276 1798 1320; x_wconf 69' lang='lat' dir='ltr'><strong>reter-</strong></span> 
     </span>
    </p>
   </div>
   <div class='ocr_carea' id='block_1_15' title="bbox 214 1355 1800 1438">
    <p class='ocr_par' dir='ltr' id='par_1_15' title="bbox 214 1355 1800 1438">
     <span class='ocr_line' id='line_1_15' title="bbox 214 1355 1800 1438; baseline -0.01 -15"><span class='ocrx_word' id='word_1_81' title='bbox 214 1386 343 1423; x_wconf 82' lang='lat' dir='ltr'><strong>nutn</strong></span> <span class='ocrx_word' id='word_1_82' title='bbox 380 1367 611 1438; x_wconf 85' lang='lat' dir='ltr'><strong>ingredi.</strong></span> <span class='ocrx_word' id='word_1_83' title='bbox 641 1365 792 1420; x_wconf 86' lang='lat' dir='ltr'><strong>Felix</strong></span> <span class='ocrx_word' id='word_1_84' title='bbox 817 1378 1050 1434; x_wconf 84' lang='lat' dir='ltr'><strong>namque</strong></span> <span class='ocrx_word' id='word_1_85' title='bbox 1074 1378 1134 1416; x_wconf 89' lang='lat' dir='ltr'><strong>es</strong></span> <span class='ocrx_word' id='word_1_86' title='bbox 1163 1376 1318 1416; x_wconf 88' lang='lat' dir='ltr'><strong>sacra</strong></span> <span class='ocrx_word' id='word_1_87' title='bbox 1353 1360 1504 1428; x_wconf 88' lang='lat' dir='ltr'><strong>virgo</strong></span> <span class='ocrx_word' id='word_1_88' title='bbox 1531 1355 1718 1418; x_wconf 80' lang='lat' dir='ltr'><strong>Maria,</strong></span> <span class='ocrx_word' id='word_1_89' title='bbox 1745 1363 1800 1408; x_wconf 90' lang='lat' dir='ltr'><strong>et</strong></span> 
     </span>
    </p>
   </div>
   <div class='ocr_carea' id='block_1_16' title="bbox 212 1447 1802 1528">
    <p class='ocr_par' dir='ltr' id='par_1_16' title="bbox 212 1447 1802 1528">
     <span class='ocr_line' id='line_1_16' title="bbox 212 1447 1802 1528; baseline -0.009 -14"><span class='ocrx_word' id='word_1_90' title='bbox 212 1461 363 1514; x_wconf 90' lang='lat' dir='ltr'><strong>omni</strong></span> <span class='ocrx_word' id='word_1_91' title='bbox 393 1459 549 1514; x_wconf 91' lang='lat' dir='ltr'><strong>laude</strong></span> <span class='ocrx_word' id='word_1_92' title='bbox 571 1457 906 1528; x_wconf 88' lang='lat' dir='ltr'><strong>dignissima,</strong></span> <span class='ocrx_word' id='word_1_93' title='bbox 931 1455 1056 1524; x_wconf 89' lang='lat' dir='ltr'><strong>quia</strong></span> <span class='ocrx_word' id='word_1_94' title='bbox 1081 1469 1148 1508; x_wconf 85' lang='lat' dir='ltr'><strong>ex</strong></span> <span class='ocrx_word' id='word_1_95' title='bbox 1177 1462 1228 1507; x_wconf 90' lang='lat' dir='ltr'><strong>te</strong></span> <span class='ocrx_word' id='word_1_96' title='bbox 1254 1461 1407 1506; x_wconf 89' lang='lat' dir='ltr'><strong>ortus</strong></span> <span class='ocrx_word' id='word_1_97' title='bbox 1434 1460 1517 1505; x_wconf 89' lang='lat' dir='ltr'><strong>est</strong></span> <span class='ocrx_word' id='word_1_98' title='bbox 1538 1448 1618 1504; x_wconf 92' lang='lat' dir='ltr'><strong>sol</strong></span> <span class='ocrx_word' id='word_1_99' title='bbox 1641 1447 1802 1516; x_wconf 87' lang='lat' dir='ltr'><strong>justi-</strong></span> 
     </span>
    </p>
   </div>
   <div class='ocr_carea' id='block_1_17' title="bbox 216 1538 1801 1604">
    <p class='ocr_par' dir='ltr' id='par_1_17' title="bbox 216 1538 1801 1604">
     <span class='ocr_line' id='line_1_17' title="bbox 216 1538 1801 1604; baseline -0.008 0"><span class='ocrx_word' id='word_1_100' title='bbox 216 1551 305 1604; x_wconf 73' lang='lat' dir='ltr'><strong>tiaa</strong></span> <span class='ocrx_word' id='word_1_101' title='bbox 341 1549 588 1604; x_wconf 83' lang='lat' dir='ltr'><strong>Christus</strong></span> <span class='ocrx_word' id='word_1_102' title='bbox 629 1548 771 1602; x_wconf 88' lang='lat' dir='ltr'><strong>Deus</strong></span> <span class='ocrx_word' id='word_1_103' title='bbox 823 1555 1026 1601; x_wconf 89' lang='lat' dir='ltr'><strong>noster.</strong></span> <span class='ocrx_word' id='word_1_104' title='bbox 1067 1543 1214 1600; x_wconf 85' lang='lat' dir='ltr'><strong>Sicut</strong></span> <span class='ocrx_word' id='word_1_105' title='bbox 1246 1543 1434 1597; x_wconf 76' lang='lat' dir='ltr'><strong>cedrus</strong></span> <span class='ocrx_word' id='word_1_106' title='bbox 1477 1538 1708 1594; x_wconf 75' lang='lat' dir='ltr'><strong>exaltata</strong></span> <span class='ocrx_word' id='word_1_107' title='bbox 1747 1538 1801 1592; x_wconf 85' lang='lat' dir='ltr'><strong>in</strong></span> 
     </span>
    </p>
   </div>
   <div class='ocr_carea' id='block_1_18' title="bbox 213 1622 1801 1707">
    <p class='ocr_par' dir='ltr' id='par_1_18' title="bbox 213 1622 1801 1707">
     <span class='ocr_line' id='line_1_18' title="bbox 213 1622 1801 1707; baseline -0.008 -13"><span class='ocrx_word' id='word_1_108' title='bbox 213 1622 550 1705; x_wconf 41' lang='lat' dir='ltr'><strong>Libitum-et</strong></span> <span class='ocrx_word' id='word_1_109' title='bbox 589 1640 720 1693; x_wconf 74' lang='lat' dir='ltr'><strong>sicut</strong></span> <span class='ocrx_word' id='word_1_110' title='bbox 774 1653 1044 1707; x_wconf 76' lang='lat' dir='ltr'><strong>cypressus</strong></span> <span class='ocrx_word' id='word_1_111' title='bbox 1086 1637 1141 1688; x_wconf 85' lang='lat' dir='ltr'><strong>in</strong></span> <span class='ocrx_word' id='word_1_112' title='bbox 1197 1645 1371 1688; x_wconf 85' lang='lat' dir='ltr'><strong>monte</strong></span> <span class='ocrx_word' id='word_1_113' title='bbox 1429 1631 1592 1697; x_wconf 86' lang='lat' dir='ltr'><strong>Sion,</strong></span> <span class='ocrx_word' id='word_1_114' title='bbox 1649 1629 1801 1700; x_wconf 77' lang='lat' dir='ltr'><strong>quasi</strong></span> 
     </span>
    </p>
   </div>
   <div class='ocr_carea' id='block_1_19' title="bbox 1896 464 3476 536">
    <p class='ocr_par' dir='ltr' id='par_1_19' title="bbox 1896 464 3476 536">
     <span class='ocr_line' id='line_1_19' title="bbox 1896 464 3476 536; baseline 0.001 -19"><span class='ocrx_word' id='word_1_115' title='bbox 1896 464 2094 531; x_wconf 84' lang='lat' dir='ltr'><strong>sti,sed</strong></span> <span class='ocrx_word' id='word_1_116' title='bbox 2125 464 2313 517; x_wconf 88' lang='lat' dir='ltr'><strong>mortis</strong></span> <span class='ocrx_word' id='word_1_117' title='bbox 2335 465 2563 518; x_wconf 82' lang='lat' dir='ltr'><strong>nexibus</strong></span> <span class='ocrx_word' id='word_1_118' title='bbox 2593 465 2818 533; x_wconf 86' lang='lat' dir='ltr'><strong>deprimi</strong></span> <span class='ocrx_word' id='word_1_119' title='bbox 2850 482 2953 519; x_wconf 89' lang='lat' dir='ltr'><strong>non</strong></span> <span class='ocrx_word' id='word_1_120' title='bbox 2989 467 3232 534; x_wconf 81' lang='lat' dir='ltr'><strong>potuisti,</strong></span> <span class='ocrx_word' id='word_1_121' title='bbox 3265 466 3389 536; x_wconf 84' lang='lat' dir='ltr'><strong>quia</strong></span> <span class='ocrx_word' id='word_1_122' title='bbox 3422 475 3476 521; x_wconf 89' lang='lat' dir='ltr'><strong>tu</strong></span> 
     </span>
    </p>
   </div>
   <div class='ocr_carea' id='block_1_20' title="bbox 1897 553 3485 622">
    <p class='ocr_par' dir='ltr' id='par_1_20' title="bbox 1897 553 3485 622">
     <span class='ocr_line' id='line_1_20' title="bbox 1897 553 3485 622; baseline 0.001 -14"><span class='ocrx_word' id='word_1_123' title='bbox 1897 553 2009 608; x_wconf 86' lang='lat' dir='ltr'><strong>sola</strong></span> <span class='ocrx_word' id='word_1_124' title='bbox 2045 554 2206 621; x_wconf 73' lang='lat' dir='ltr'><strong>Virgo</strong></span> <span class='ocrx_word' id='word_1_125' title='bbox 2257 553 2485 620; x_wconf 77' lang='lat' dir='ltr'><strong>genuisti</strong></span> <span class='ocrx_word' id='word_1_126' title='bbox 2533 567 2680 618; x_wconf 86' lang='lat' dir='ltr'><strong>eum,</strong></span> <span class='ocrx_word' id='word_1_127' title='bbox 2708 555 2797 622; x_wconf 89' lang='lat' dir='ltr'><strong>qui</strong></span> <span class='ocrx_word' id='word_1_128' title='bbox 2838 565 2957 608; x_wconf 88' lang='lat' dir='ltr'><strong>erat</strong></span> <span class='ocrx_word' id='word_1_129' title='bbox 2999 571 3148 609; x_wconf 88' lang='lat' dir='ltr'><strong>mors</strong></span> <span class='ocrx_word' id='word_1_130' title='bbox 3192 555 3402 622; x_wconf 85' lang='lat' dir='ltr'><strong>mortis,</strong></span> <span class='ocrx_word' id='word_1_131' title='bbox 3431 563 3485 610; x_wconf 90' lang='lat' dir='ltr'><strong>et</strong></span> 
     </span>
    </p>
   </div>
   <div class='ocr_carea' id='block_1_21' title="bbox 1901 643 3485 720">
    <p class='ocr_par' dir='ltr' id='par_1_21' title="bbox 1901 643 3485 720">
     <span class='ocr_line' id='line_1_21' title="bbox 1901 643 3485 720; baseline 0.003 -24"><span class='ocrx_word' id='word_1_132' title='bbox 1901 659 2117 697; x_wconf 79' lang='lat' dir='ltr'><strong>morsus</strong></span> <span class='ocrx_word' id='word_1_133' title='bbox 2151 643 2372 720; x_wconf 88' lang='lat' dir='ltr'><strong>inferni.</strong></span> <span class='ocrx_word' id='word_1_134' title='bbox 2396 643 2599 712; x_wconf 86' lang='lat' dir='ltr'><strong>Adjuva</strong></span> <span class='ocrx_word' id='word_1_135' title='bbox 2625 659 2710 697; x_wconf 90' lang='lat' dir='ltr'><strong>me</strong></span> <span class='ocrx_word' id='word_1_136' title='bbox 2741 661 2837 714; x_wconf 90' lang='lat' dir='ltr'><strong>per</strong></span> <span class='ocrx_word' id='word_1_137' title='bbox 2865 655 3093 700; x_wconf 87' lang='lat' dir='ltr'><strong>mortem</strong></span> <span class='ocrx_word' id='word_1_138' title='bbox 3119 657 3287 712; x_wconf 90' lang='lat' dir='ltr'><strong>tuam,</strong></span> <span class='ocrx_word' id='word_1_139' title='bbox 3309 656 3363 700; x_wconf 91' lang='lat' dir='ltr'><strong>et</strong></span> <span class='ocrx_word' id='word_1_140' title='bbox 3391 661 3485 717; x_wconf 89' lang='lat' dir='ltr'><strong>per</strong></span> 
     </span>
    </p>
   </div>
   <div class='ocr_carea' id='block_1_22' title="bbox 1900 733 3483 801">
    <p class='ocr_par' dir='ltr' id='par_1_22' title="bbox 1900 733 3483 801">
     <span class='ocr_line' id='line_1_22' title="bbox 1900 733 3483 801; baseline 0.004 -18"><span class='ocrx_word' id='word_1_141' title='bbox 1900 733 2094 799; x_wconf 87' lang='lat' dir='ltr'><strong>gaudia</strong></span> <span class='ocrx_word' id='word_1_142' title='bbox 2146 741 2249 786; x_wconf 74' lang='lat' dir='ltr'><strong>tum</strong></span> <span class='ocrx_word' id='word_1_143' title='bbox 2300 733 2682 801; x_wconf 88' lang='lat' dir='ltr'><strong>assumptionis</strong></span> <span class='ocrx_word' id='word_1_144' title='bbox 2727 733 2778 787; x_wconf 93' lang='lat' dir='ltr'><strong>in</strong></span> <span class='ocrx_word' id='word_1_145' title='bbox 2827 735 3046 799; x_wconf 69' lang='lat' dir='ltr'><strong>coelum,</strong></span> <span class='ocrx_word' id='word_1_146' title='bbox 3097 744 3155 788; x_wconf 92' lang='lat' dir='ltr'><strong>ut</strong></span> <span class='ocrx_word' id='word_1_147' title='bbox 3207 737 3483 790; x_wconf 90' lang='lat' dir='ltr'><strong>residuum</strong></span> 
     </span>
    </p>
   </div>
   <div class='ocr_carea' id='block_1_23' title="bbox 1898 822 3486 896">
    <p class='ocr_par' dir='ltr' id='par_1_23' title="bbox 1898 822 3486 896">
     <span class='ocr_line' id='line_1_23' title="bbox 1898 822 3486 896; baseline 0.005 -22"><span class='ocrx_word' id='word_1_148' title='bbox 1898 822 2024 875; x_wconf 77' lang='lat' dir='ltr'><strong>vita:</strong></span> <span class='ocrx_word' id='word_1_149' title='bbox 2051 837 2182 876; x_wconf 66' lang='lat' dir='ltr'><strong>mea:</strong></span> <span class='ocrx_word' id='word_1_150' title='bbox 2207 823 2408 892; x_wconf 87' lang='lat' dir='ltr'><strong>possim</strong></span> <span class='ocrx_word' id='word_1_151' title='bbox 2439 839 2561 878; x_wconf 90' lang='lat' dir='ltr'><strong>cum</strong></span> <span class='ocrx_word' id='word_1_152' title='bbox 2589 825 2798 879; x_wconf 88' lang='lat' dir='ltr'><strong>sincera</strong></span> <span class='ocrx_word' id='word_1_153' title='bbox 2827 826 2930 880; x_wconf 88' lang='lat' dir='ltr'><strong>lide</strong></span> <span class='ocrx_word' id='word_1_154' title='bbox 2954 837 3045 882; x_wconf 91' lang='lat' dir='ltr'><strong>tuo</strong></span> <span class='ocrx_word' id='word_1_155' title='bbox 3087 827 3358 896; x_wconf 88' lang='lat' dir='ltr'><strong>adjutorio</strong></span> <span class='ocrx_word' id='word_1_156' title='bbox 3393 827 3486 882; x_wconf 67' lang='lat' dir='ltr'><strong>duo</strong></span> 
     </span>
    </p>
   </div>
   <div class='ocr_carea' id='block_1_24' title="bbox 1899 914 3482 979">
    <p class='ocr_par' dir='ltr' id='par_1_24' title="bbox 1899 914 3482 979">
     <span class='ocr_line' id='line_1_24' title="bbox 1899 914 3482 979; baseline 0.003 -11"><span class='ocrx_word' id='word_1_157' title='bbox 1899 926 2046 979; x_wconf 87' lang='lat' dir='ltr'><strong>cere,</strong></span> <span class='ocrx_word' id='word_1_158' title='bbox 2077 923 2131 968; x_wconf 90' lang='lat' dir='ltr'><strong>et</strong></span> <span class='ocrx_word' id='word_1_159' title='bbox 2183 914 2342 968; x_wconf 84' lang='lat' dir='ltr'><strong>linem</strong></span> <span class='ocrx_word' id='word_1_160' title='bbox 2377 915 2498 969; x_wconf 64' lang='lat' dir='ltr'><strong>vitae</strong></span> <span class='ocrx_word' id='word_1_161' title='bbox 2537 932 2670 971; x_wconf 75' lang='lat' dir='ltr'><strong>mea:</strong></span> <span class='ocrx_word' id='word_1_162' title='bbox 2699 917 2929 972; x_wconf 76' lang='lat' dir='ltr'><strong>feliciter</strong></span> <span class='ocrx_word' id='word_1_163' title='bbox 2971 919 3264 973; x_wconf 88' lang='lat' dir='ltr'><strong>terminare</strong></span> <span class='ocrx_word' id='word_1_164' title='bbox 3309 920 3362 972; x_wconf 91' lang='lat' dir='ltr'><strong>in</strong></span> <span class='ocrx_word' id='word_1_165' title='bbox 3401 919 3482 973; x_wconf 84' lang='lat' dir='ltr'><strong>ci-</strong></span> 
     </span>
    </p>
   </div>
   <div class='ocr_carea' id='block_1_25' title="bbox 1901 1001 3486 1078">
    <p class='ocr_par' dir='ltr' id='par_1_25' title="bbox 1901 1001 3486 1078">
     <span class='ocr_line' id='line_1_25' title="bbox 1901 1001 3486 1078; baseline 0.004 -24"><span class='ocrx_word' id='word_1_166' title='bbox 1901 1015 2031 1054; x_wconf 84' lang='lat' dir='ltr'><strong>nere</strong></span> <span class='ocrx_word' id='word_1_167' title='bbox 2054 1010 2108 1055; x_wconf 92' lang='lat' dir='ltr'><strong>et</strong></span> <span class='ocrx_word' id='word_1_168' title='bbox 2138 1001 2318 1057; x_wconf 92' lang='lat' dir='ltr'><strong>cilicio</strong></span> <span class='ocrx_word' id='word_1_169' title='bbox 2353 1002 2404 1056; x_wconf 92' lang='lat' dir='ltr'><strong>in</strong></span> <span class='ocrx_word' id='word_1_170' title='bbox 2453 1012 2598 1057; x_wconf 89' lang='lat' dir='ltr'><strong>terra</strong></span> <span class='ocrx_word' id='word_1_171' title='bbox 2636 1014 2937 1074; x_wconf 87' lang='lat' dir='ltr'><strong>prostratus</strong></span> <span class='ocrx_word' id='word_1_172' title='bbox 2960 1021 3082 1062; x_wconf 90' lang='lat' dir='ltr'><strong>cum</strong></span> <span class='ocrx_word' id='word_1_173' title='bbox 3116 1006 3402 1078; x_wconf 85' lang='lat' dir='ltr'><strong>lacrymis;</strong></span> <span class='ocrx_word' id='word_1_174' title='bbox 3431 1007 3486 1061; x_wconf 86' lang='lat' dir='ltr'><strong>in</strong></span> 
     </span>
    </p>
   </div>
   <div class='ocr_carea' id='block_1_26' title="bbox 1901 1093 3489 1165">
    <p class='ocr_par' dir='ltr' id='par_1_26' title="bbox 1901 1093 3489 1165">
     <span class='ocr_line' id='line_1_26' title="bbox 1901 1093 3489 1165; baseline 0.002 -18"><span class='ocrx_word' id='word_1_175' title='bbox 1901 1093 2242 1148; x_wconf 87' lang='lat' dir='ltr'><strong>confessione</strong></span> <span class='ocrx_word' id='word_1_176' title='bbox 2271 1103 2326 1148; x_wconf 89' lang='lat' dir='ltr'><strong>et</strong></span> <span class='ocrx_word' id='word_1_177' title='bbox 2351 1094 2666 1162; x_wconf 66' lang='lat' dir='ltr'><strong>poenitentia</strong></span> <span class='ocrx_word' id='word_1_178' title='bbox 2697 1106 3042 1165; x_wconf 81' lang='lat' dir='ltr'><strong>peccatorum</strong></span> <span class='ocrx_word' id='word_1_179' title='bbox 3097 1114 3374 1161; x_wconf 87' lang='lat' dir='ltr'><strong>meorum;</strong></span> <span class='ocrx_word' id='word_1_180' title='bbox 3405 1099 3489 1150; x_wconf 84' lang='lat' dir='ltr'><strong>in-</strong></span> 
     </span>
    </p>
   </div>
   <div class='ocr_carea' id='block_1_27' title="bbox 1902 1185 3490 1255">
    <p class='ocr_par' dir='ltr' id='par_1_27' title="bbox 1902 1185 3490 1255">
     <span class='ocr_line' id='line_1_27' title="bbox 1902 1185 3490 1255; baseline 0.006 -20"><span class='ocrx_word' id='word_1_181' title='bbox 1902 1198 2082 1252; x_wconf 87' lang='lat' dir='ltr'><strong>super,</strong></span> <span class='ocrx_word' id='word_1_182' title='bbox 2109 1185 2252 1253; x_wconf 83' lang='lat' dir='ltr'><strong>quod</strong></span> <span class='ocrx_word' id='word_1_183' title='bbox 2279 1186 2451 1255; x_wconf 84' lang='lat' dir='ltr'><strong>majus</strong></span> <span class='ocrx_word' id='word_1_184' title='bbox 2474 1196 2578 1250; x_wconf 82' lang='lat' dir='ltr'><strong>est,</strong></span> <span class='ocrx_word' id='word_1_185' title='bbox 2611 1187 2663 1241; x_wconf 93' lang='lat' dir='ltr'><strong>in</strong></span> <span class='ocrx_word' id='word_1_186' title='bbox 2690 1189 3034 1245; x_wconf 79' lang='lat' dir='ltr'><strong>confessione</strong></span> <span class='ocrx_word' id='word_1_187' title='bbox 3058 1191 3292 1244; x_wconf 86' lang='lat' dir='ltr'><strong>nominis</strong></span> <span class='ocrx_word' id='word_1_188' title='bbox 3325 1189 3490 1244; x_wconf 85' lang='lat' dir='ltr'><strong>Chri-</strong></span> 
     </span>
    </p>
   </div>
   <div class='ocr_carea' id='block_1_28' title="bbox 1902 1276 3491 1352">
    <p class='ocr_par' dir='ltr' id='par_1_28' title="bbox 1902 1276 3491 1352">
     <span class='ocr_line' id='line_1_28' title="bbox 1902 1276 3491 1352; baseline 0.005 -22"><span class='ocrx_word' id='word_1_189' title='bbox 1902 1276 1993 1341; x_wconf 88' lang='lat' dir='ltr'><strong>sti,</strong></span> <span class='ocrx_word' id='word_1_190' title='bbox 2029 1287 2083 1333; x_wconf 86' lang='lat' dir='ltr'><strong>et</strong></span> <span class='ocrx_word' id='word_1_191' title='bbox 2110 1280 2163 1332; x_wconf 85' lang='lat' dir='ltr'><strong>iit</strong></span> <span class='ocrx_word' id='word_1_192' title='bbox 2201 1279 2549 1350; x_wconf 89' lang='lat' dir='ltr'><strong>perceptione</strong></span> <span class='ocrx_word' id='word_1_193' title='bbox 2578 1283 2822 1350; x_wconf 91' lang='lat' dir='ltr'><strong>corporis</strong></span> <span class='ocrx_word' id='word_1_194' title='bbox 2862 1291 2916 1338; x_wconf 93' lang='lat' dir='ltr'><strong>et</strong></span> <span class='ocrx_word' id='word_1_195' title='bbox 2946 1284 3226 1352; x_wconf 78' lang='lat' dir='ltr'><strong>sanguinis</strong></span> <span class='ocrx_word' id='word_1_196' title='bbox 3252 1283 3399 1352; x_wconf 82' lang='lat' dir='ltr'><strong>ejus;</strong></span> <span class='ocrx_word' id='word_1_197' title='bbox 3435 1290 3491 1338; x_wconf 88' lang='lat' dir='ltr'><strong>et</strong></span> 
     </span>
    </p>
   </div>
   <div class='ocr_carea' id='block_1_29' title="bbox 1903 1371 3488 1443">
    <p class='ocr_par' dir='ltr' id='par_1_29' title="bbox 1903 1371 3488 1443">
     <span class='ocr_line' id='line_1_29' title="bbox 1903 1371 3488 1443; baseline 0.002 -18"><span class='ocrx_word' id='word_1_198' title='bbox 1903 1371 1956 1425; x_wconf 90' lang='lat' dir='ltr'><strong>in</strong></span> <span class='ocrx_word' id='word_1_199' title='bbox 1986 1373 2458 1430; x_wconf 84' lang='lat' dir='ltr'><strong>commendatione</strong></span> <span class='ocrx_word' id='word_1_200' title='bbox 2499 1375 2724 1443; x_wconf 83' lang='lat' dir='ltr'><strong>spiritus</strong></span> <span class='ocrx_word' id='word_1_201' title='bbox 2747 1376 2848 1429; x_wconf 84' lang='lat' dir='ltr'><strong>mei</strong></span> <span class='ocrx_word' id='word_1_202' title='bbox 2896 1376 2946 1428; x_wconf 92' lang='lat' dir='ltr'><strong>in</strong></span> <span class='ocrx_word' id='word_1_203' title='bbox 2999 1375 3246 1428; x_wconf 79' lang='lat' dir='ltr'><strong>inanibus</strong></span> <span class='ocrx_word' id='word_1_204' title='bbox 3274 1375 3488 1429; x_wconf 86' lang='lat' dir='ltr'><strong>miseri-</strong></span> 
     </span>
    </p>
   </div>
   <div class='ocr_carea' id='block_1_30' title="bbox 1904 1463 3490 1535">
    <p class='ocr_par' dir='ltr' id='par_1_30' title="bbox 1904 1463 3490 1535">
     <span class='ocr_line' id='line_1_30' title="bbox 1904 1463 3490 1535; baseline 0.001 -17"><span class='ocrx_word' id='word_1_205' title='bbox 1904 1463 2099 1518; x_wconf 71' lang='lat' dir='ltr'><strong>cordia:</strong></span> <span class='ocrx_word' id='word_1_206' title='bbox 2131 1479 2260 1518; x_wconf 73' lang='lat' dir='ltr'><strong>suae.</strong></span> <span class='ocrx_word' id='word_1_207' title='bbox 2287 1463 2392 1519; x_wconf 90' lang='lat' dir='ltr'><strong>Ora</strong></span> <span class='ocrx_word' id='word_1_208' title='bbox 2418 1479 2516 1534; x_wconf 88' lang='lat' dir='ltr'><strong>pro</strong></span> <span class='ocrx_word' id='word_1_209' title='bbox 2539 1481 2646 1532; x_wconf 89' lang='lat' dir='ltr'><strong>mc,</strong></span> <span class='ocrx_word' id='word_1_210' title='bbox 2675 1476 2859 1520; x_wconf 85' lang='lat' dir='ltr'><strong>sancta</strong></span> <span class='ocrx_word' id='word_1_211' title='bbox 2891 1467 2982 1520; x_wconf 90' lang='lat' dir='ltr'><strong>Dei</strong></span> <span class='ocrx_word' id='word_1_212' title='bbox 3023 1467 3291 1530; x_wconf 83' lang='lat' dir='ltr'><strong>Cenitrix,</strong></span> <span class='ocrx_word' id='word_1_213' title='bbox 3321 1465 3490 1535; x_wconf 87' lang='lat' dir='ltr'><strong>utqui</strong></span> 
     </span>
    </p>
   </div>
   <div class='ocr_carea' id='block_1_31' title="bbox 1904 1552 3489 1621">
    <p class='ocr_par' dir='ltr' id='par_1_31' title="bbox 1904 1552 3489 1621">
     <span class='ocr_line' id='line_1_31' title="bbox 1904 1552 3489 1621; baseline 0.001 -15"><span class='ocrx_word' id='word_1_214' title='bbox 1904 1552 2155 1606; x_wconf 89' lang='lat' dir='ltr'><strong>conscius</strong></span> <span class='ocrx_word' id='word_1_215' title='bbox 2188 1562 2530 1621; x_wconf 80' lang='lat' dir='ltr'><strong>peccatorum</strong></span> <span class='ocrx_word' id='word_1_216' title='bbox 2560 1555 2850 1609; x_wconf 88' lang='lat' dir='ltr'><strong>multorum</strong></span> <span class='ocrx_word' id='word_1_217' title='bbox 2891 1555 3124 1609; x_wconf 79' lang='lat' dir='ltr'><strong>tribunal</strong></span> <span class='ocrx_word' id='word_1_218' title='bbox 3154 1555 3246 1610; x_wconf 91' lang='lat' dir='ltr'><strong>lilii</strong></span> <span class='ocrx_word' id='word_1_219' title='bbox 3277 1556 3350 1608; x_wconf 92' lang='lat' dir='ltr'><strong>tui</strong></span> <span class='ocrx_word' id='word_1_220' title='bbox 3382 1562 3489 1608; x_wconf 90' lang='lat' dir='ltr'><strong>tre-</strong></span> 
     </span>
    </p>
   </div>
   <div class='ocr_carea' id='block_1_32' title="bbox 1906 1639 3491 1710">
    <p class='ocr_par' dir='ltr' id='par_1_32' title="bbox 1906 1639 3491 1710">
     <span class='ocr_line' id='line_1_32' title="bbox 1906 1639 3491 1710; baseline 0.002 -17"><span class='ocrx_word' id='word_1_221' title='bbox 1906 1639 2208 1694; x_wconf 88' lang='lat' dir='ltr'><strong>mebundus</strong></span> <span class='ocrx_word' id='word_1_222' title='bbox 2242 1642 2620 1710; x_wconf 88' lang='lat' dir='ltr'><strong>perhorresco,</strong></span> <span class='ocrx_word' id='word_1_223' title='bbox 2635 1656 2732 1710; x_wconf 91' lang='lat' dir='ltr'><strong>per</strong></span> <span class='ocrx_word' id='word_1_224' title='bbox 2753 1651 2900 1696; x_wconf 87' lang='lat' dir='ltr'><strong>tuam</strong></span> <span class='ocrx_word' id='word_1_225' title='bbox 2932 1642 3291 1697; x_wconf 84' lang='lat' dir='ltr'><strong>venerabilem</strong></span> <span class='ocrx_word' id='word_1_226' title='bbox 3324 1650 3491 1696; x_wconf 79' lang='lat' dir='ltr'><strong>mter-</strong></span> 
     </span>
    </p>
   </div>
   <div class='ocr_carea' id='block_1_33' title="bbox 212 1721 1802 1800">
    <p class='ocr_par' dir='ltr' id='par_1_33' title="bbox 212 1721 1794 1800">
     <span class='ocr_line' id='line_1_33' title="bbox 212 1721 1794 1800; baseline -0.006 -17"><span class='ocrx_word' id='word_1_227' title='bbox 212 1732 431 1800; x_wconf 81' lang='lat' dir='ltr'><strong>myrrha</strong></span> <span class='ocrx_word' id='word_1_228' title='bbox 460 1731 622 1785; x_wconf 81' lang='lat' dir='ltr'><strong>electa</strong></span> <span class='ocrx_word' id='word_1_229' title='bbox 669 1731 802 1782; x_wconf 80' lang='lat' dir='ltr'><strong>dam</strong></span> <span class='ocrx_word' id='word_1_230' title='bbox 848 1728 1160 1781; x_wconf 75' lang='lat' dir='ltr'><strong>suavitatem</strong></span> <span class='ocrx_word' id='word_1_231' title='bbox 1187 1725 1363 1778; x_wconf 80' lang='lat' dir='ltr'><strong>odoris</strong></span> <span class='ocrx_word' id='word_1_232' title='bbox 1411 1721 1601 1792; x_wconf 85' lang='lat' dir='ltr'><strong>(Eccli.</strong></span> <span class='ocrx_word' id='word_1_233' title='bbox 1645 1735 1794 1784; x_wconf 89' lang='lat' dir='ltr'><strong>xxtv,</strong></span> 
     </span>
    </p>
   </div>
   <div class='ocr_carea' id='block_1_34' title="bbox 1904 1721 3485 1800">
    <p class='ocr_par' dir='ltr' id='par_1_34' title="bbox 1904 1730 3485 1800">
     <span class='ocr_line' id='line_1_34' title="bbox 1904 1730 3485 1800; baseline 0 -16"><span class='ocrx_word' id='word_1_234' title='bbox 1904 1730 2202 1786; x_wconf 86' lang='lat' dir='ltr'><strong>cessionem</strong></span> <span class='ocrx_word' id='word_1_235' title='bbox 2233 1732 2494 1800; x_wconf 81' lang='lat' dir='ltr'><strong>gaudeam</strong></span> <span class='ocrx_word' id='word_1_236' title='bbox 2529 1732 2808 1786; x_wconf 89' lang='lat' dir='ltr'><strong>emundari</strong></span> <span class='ocrx_word' id='word_1_237' title='bbox 2845 1731 2914 1785; x_wconf 91' lang='lat' dir='ltr'><strong>ab</strong></span> <span class='ocrx_word' id='word_1_238' title='bbox 2939 1731 3191 1786; x_wconf 82' lang='lat' dir='ltr'><strong>omnibus</strong></span> <span class='ocrx_word' id='word_1_239' title='bbox 3235 1731 3485 1786; x_wconf 88' lang='lat' dir='ltr'><strong>crimini-</strong></span> 
     </span>
    </p>
   </div>
   <div class='ocr_carea' id='block_1_35' title="bbox 213 1812 1801 1892">
    <p class='ocr_par' dir='ltr' id='par_1_35' title="bbox 213 1812 1801 1892">
     <span class='ocr_line' id='line_1_35' title="bbox 213 1812 1801 1892; baseline -0.007 -17"><span class='ocrx_word' id='word_1_240' title='bbox 213 1823 305 1886; x_wconf 80' lang='lat' dir='ltr'><strong>I7,</strong></span> <span class='ocrx_word' id='word_1_241' title='bbox 334 1823 451 1892; x_wconf 65' lang='lat'><strong>‘20).</strong></span> <span class='ocrx_word' id='word_1_242' title='bbox 486 1820 725 1874; x_wconf 72' lang='lat' dir='ltr'><strong>Exaltata</strong></span> <span class='ocrx_word' id='word_1_243' title='bbox 773 1833 936 1888; x_wconf 88' lang='lat' dir='ltr'><strong>super</strong></span> <span class='ocrx_word' id='word_1_244' title='bbox 981 1818 1178 1872; x_wconf 88' lang='lat' dir='ltr'><strong>choros</strong></span> <span class='ocrx_word' id='word_1_245' title='bbox 1219 1813 1531 1885; x_wconf 81' lang='lat' dir='ltr'><strong>angelorum</strong></span> <span class='ocrx_word' id='word_1_246' title='bbox 1559 1812 1801 1881; x_wconf 87' lang='lat' dir='ltr'><strong>gaudens</strong></span> 
     </span>
    </p>
   </div>
   <div class='ocr_carea' id='block_1_36' title="bbox 213 1902 1803 1982">
    <p class='ocr_par' dir='ltr' id='par_1_36' title="bbox 213 1902 1803 1982">
     <span class='ocr_line' id='line_1_36' title="bbox 213 1902 1803 1982; baseline -0.008 -15"><span class='ocrx_word' id='word_1_247' title='bbox 213 1920 270 1967; x_wconf 90' lang='lat' dir='ltr'><strong>et</strong></span> <span class='ocrx_word' id='word_1_248' title='bbox 307 1912 539 1982; x_wconf 81' lang='lat' dir='ltr'><strong>gloriosa</strong></span> <span class='ocrx_word' id='word_1_249' title='bbox 587 1911 658 1967; x_wconf 65' lang='lat' dir='ltr'><strong>in,</strong></span> <span class='ocrx_word' id='word_1_250' title='bbox 688 1919 1004 1980; x_wconf 89' lang='lat' dir='ltr'><strong>perpetuum</strong></span> <span class='ocrx_word' id='word_1_251' title='bbox 1049 1907 1232 1975; x_wconf 78' lang='lat' dir='ltr'><strong>regina</strong></span> <span class='ocrx_word' id='word_1_252' title='bbox 1269 1904 1554 1968; x_wconf 69' lang='lat' dir='ltr'><strong>caalorum,</strong></span> <span class='ocrx_word' id='word_1_253' title='bbox 1581 1903 1669 1956; x_wconf 91' lang='lat' dir='ltr'><strong>ubi</strong></span> <span class='ocrx_word' id='word_1_254' title='bbox 1703 1902 1803 1956; x_wconf 54' lang='lat' dir='ltr'><strong>adn</strong></span> 
     </span>
    </p>
   </div>
   <div class='ocr_carea' id='block_1_37' title="bbox 208 1995 1804 2068">
    <p class='ocr_par' dir='ltr' id='par_1_37' title="bbox 208 1995 1804 2068">
     <span class='ocr_line' id='line_1_37' title="bbox 208 1995 1804 2068; baseline -0.004 -15"><span class='ocrx_word' id='word_1_255' title='bbox 208 1998 374 2068; x_wconf 87' lang='lat' dir='ltr'><strong>jttvas</strong></span> <span class='ocrx_word' id='word_1_256' title='bbox 432 2014 619 2054; x_wconf 81' lang='lat' dir='ltr'><strong>omnes</strong></span> <span class='ocrx_word' id='word_1_257' title='bbox 661 2000 753 2068; x_wconf 84' lang='lat' dir='ltr'><strong>qui</strong></span> <span class='ocrx_word' id='word_1_258' title='bbox 795 2009 847 2053; x_wconf 89' lang='lat' dir='ltr'><strong>te</strong></span> <span class='ocrx_word' id='word_1_259' title='bbox 891 1998 1164 2067; x_wconf 84' lang='lat' dir='ltr'><strong>dominam</strong></span> <span class='ocrx_word' id='word_1_260' title='bbox 1215 1995 1540 2065; x_wconf 90' lang='lat' dir='ltr'><strong>glorilicaut,</strong></span> <span class='ocrx_word' id='word_1_261' title='bbox 1580 2002 1635 2048; x_wconf 91' lang='lat' dir='ltr'><strong>et</strong></span> <span class='ocrx_word' id='word_1_262' title='bbox 1677 2008 1804 2047; x_wconf 88' lang='lat' dir='ltr'><strong>san-</strong></span> 
     </span>
    </p>
   </div>
   <div class='ocr_carea' id='block_1_38' title="bbox 212 2086 1599 2156">
    <p class='ocr_par' dir='ltr' id='par_1_38' title="bbox 212 2086 1599 2156">
     <span class='ocr_line' id='line_1_38' title="bbox 212 2086 1599 2156; baseline -0.006 -11"><span class='ocrx_word' id='word_1_263' title='bbox 212 2099 367 2146; x_wconf 91' lang='lat' dir='ltr'><strong>ctum</strong></span> <span class='ocrx_word' id='word_1_264' title='bbox 397 2105 591 2144; x_wconf 89' lang='lat' dir='ltr'><strong>nomen</strong></span> <span class='ocrx_word' id='word_1_265' title='bbox 626 2099 774 2143; x_wconf 92' lang='lat' dir='ltr'><strong>tuum</strong></span> <span class='ocrx_word' id='word_1_266' title='bbox 817 2088 1006 2142; x_wconf 88' lang='lat' dir='ltr'><strong>humili</strong></span> <span class='ocrx_word' id='word_1_267' title='bbox 1039 2102 1197 2156; x_wconf 89' lang='lat' dir='ltr'><strong>prece</strong></span> <span class='ocrx_word' id='word_1_268' title='bbox 1235 2086 1599 2156; x_wconf 81' lang='lat' dir='ltr'><strong>frequentant.</strong></span> 
     </span>
    </p>
   </div>
   <div class='ocr_carea' id='block_1_39' title="bbox 287 2167 1805 2253">
    <p class='ocr_par' dir='ltr' id='par_1_39' title="bbox 287 2167 1805 2253">
     <span class='ocr_line' id='line_1_39' title="bbox 287 2167 1805 2253; baseline -0.004 -19"><span class='ocrx_word' id='word_1_269' title='bbox 287 2181 458 2235; x_wconf 88' lang='lat' dir='ltr'><strong>Beata</strong></span> <span class='ocrx_word' id='word_1_270' title='bbox 485 2167 612 2253; x_wconf 88' lang='lat' dir='ltr'><strong>ergo</strong></span> <span class='ocrx_word' id='word_1_271' title='bbox 648 2193 701 2237; x_wconf 89' lang='lat' dir='ltr'><strong>et</strong></span> <span class='ocrx_word' id='word_1_272' title='bbox 729 2179 1054 2235; x_wconf 80' lang='lat' dir='ltr'><strong>venerabilis</strong></span> <span class='ocrx_word' id='word_1_273' title='bbox 1084 2180 1234 2248; x_wconf 84' lang='lat' dir='ltr'><strong>virgo</strong></span> <span class='ocrx_word' id='word_1_274' title='bbox 1271 2178 1461 2244; x_wconf 81' lang='lat' dir='ltr'><strong>Maria,</strong></span> <span class='ocrx_word' id='word_1_275' title='bbox 1490 2193 1609 2246; x_wconf 82' lang='lat' dir='ltr'><strong>quae</strong></span> <span class='ocrx_word' id='word_1_276' title='bbox 1656 2175 1805 2228; x_wconf 87' lang='lat' dir='ltr'><strong>beni-</strong></span> 
     </span>
    </p>
   </div>
   <div class='ocr_carea' id='block_1_40' title="bbox 211 2270 1807 2343">
    <p class='ocr_par' dir='ltr' id='par_1_40' title="bbox 211 2270 1807 2343">
     <span class='ocr_line' id='line_1_40' title="bbox 211 2270 1807 2343; baseline -0.003 -17"><span class='ocrx_word' id='word_1_277' title='bbox 211 2287 322 2343; x_wconf 90' lang='lat' dir='ltr'><strong>gna</strong></span> <span class='ocrx_word' id='word_1_278' title='bbox 352 2289 412 2328; x_wconf 93' lang='lat' dir='ltr'><strong>es</strong></span> <span class='ocrx_word' id='word_1_279' title='bbox 435 2274 684 2328; x_wconf 90' lang='lat' dir='ltr'><strong>omnibus</strong></span> <span class='ocrx_word' id='word_1_280' title='bbox 715 2275 783 2327; x_wconf 88' lang='lat' dir='ltr'><strong>ad</strong></span> <span class='ocrx_word' id='word_1_281' title='bbox 835 2284 886 2326; x_wconf 90' lang='lat' dir='ltr'><strong>te</strong></span> <span class='ocrx_word' id='word_1_282' title='bbox 916 2273 1005 2341; x_wconf 91' lang='lat' dir='ltr'><strong>pio</strong></span> <span class='ocrx_word' id='word_1_283' title='bbox 1030 2273 1194 2326; x_wconf 90' lang='lat' dir='ltr'><strong>corde</strong></span> <span class='ocrx_word' id='word_1_284' title='bbox 1237 2270 1612 2332; x_wconf 82' lang='lat' dir='ltr'><strong>clamantibus,</strong></span> <span class='ocrx_word' id='word_1_285' title='bbox 1641 2270 1726 2340; x_wconf 90' lang='lat' dir='ltr'><strong>pia</strong></span> <span class='ocrx_word' id='word_1_286' title='bbox 1753 2277 1807 2322; x_wconf 87' lang='lat' dir='ltr'><strong>ct</strong></span> 
     </span>
    </p>
   </div>
   <div class='ocr_carea' id='block_1_41' title="bbox 213 2361 1802 2432">
    <p class='ocr_par' dir='ltr' id='par_1_41' title="bbox 213 2361 1802 2432">
     <span class='ocr_line' id='line_1_41' title="bbox 213 2361 1802 2432; baseline -0.004 -14"><span class='ocrx_word' id='word_1_287' title='bbox 213 2364 511 2418; x_wconf 83' lang='lat' dir='ltr'><strong>exorabilis</strong></span> <span class='ocrx_word' id='word_1_288' title='bbox 541 2373 657 2418; x_wconf 92' lang='lat' dir='ltr'><strong>esto</strong></span> <span class='ocrx_word' id='word_1_289' title='bbox 680 2363 809 2417; x_wconf 89' lang='lat' dir='ltr'><strong>mihi</strong></span> <span class='ocrx_word' id='word_1_290' title='bbox 835 2363 1102 2432; x_wconf 69' lang='lat' dir='ltr'><strong>peccatori</strong></span> <span class='ocrx_word' id='word_1_291' title='bbox 1129 2371 1178 2416; x_wconf 91' lang='lat' dir='ltr'><strong>te</strong></span> <span class='ocrx_word' id='word_1_292' title='bbox 1196 2361 1473 2415; x_wconf 90' lang='lat' dir='ltr'><strong>humiliter</strong></span> <span class='ocrx_word' id='word_1_293' title='bbox 1499 2361 1802 2427; x_wconf 86' lang='lat' dir='ltr'><strong>invocanti;</strong></span> 
     </span>
    </p>
   </div>
   <div class='ocr_carea' id='block_1_42' title="bbox 212 2450 1805 2523">
    <p class='ocr_par' dir='ltr' id='par_1_42' title="bbox 212 2450 1805 2523">
     <span class='ocr_line' id='line_1_42' title="bbox 212 2450 1805 2523; baseline -0.003 -14"><span class='ocrx_word' id='word_1_294' title='bbox 212 2456 321 2509; x_wconf 77' lang='lat' dir='ltr'><strong>sub</strong></span> <span class='ocrx_word' id='word_1_295' title='bbox 377 2464 467 2508; x_wconf 91' lang='lat' dir='ltr'><strong>tua</strong></span> <span class='ocrx_word' id='word_1_296' title='bbox 516 2454 850 2523; x_wconf 90' lang='lat' dir='ltr'><strong>protectione</strong></span> <span class='ocrx_word' id='word_1_297' title='bbox 886 2453 1161 2523; x_wconf 84' lang='lat' dir='ltr'><strong>confugio,</strong></span> <span class='ocrx_word' id='word_1_298' title='bbox 1200 2453 1287 2506; x_wconf 91' lang='lat' dir='ltr'><strong>ubi</strong></span> <span class='ocrx_word' id='word_1_299' title='bbox 1320 2451 1568 2506; x_wconf 77' lang='lat' dir='ltr'><strong>iniit-mus</strong></span> <span class='ocrx_word' id='word_1_300' title='bbox 1623 2450 1805 2519; x_wconf 89' lang='lat' dir='ltr'><strong>accepi</strong></span> 
     </span>
    </p>
   </div>
   <div class='ocr_carea' id='block_1_43' title="bbox 215 2545 1808 2615">
    <p class='ocr_par' dir='ltr' id='par_1_43' title="bbox 215 2545 1808 2615">
     <span class='ocr_line' id='line_1_43' title="bbox 215 2545 1808 2615; baseline -0.001 -16"><span class='ocrx_word' id='word_1_301' title='bbox 215 2547 500 2602; x_wconf 88' lang='lat' dir='ltr'><strong>virtutem.</strong></span> <span class='ocrx_word' id='word_1_302' title='bbox 523 2545 669 2600; x_wconf 82' lang='lat' dir='ltr'><strong>Illam</strong></span> <span class='ocrx_word' id='word_1_303' title='bbox 697 2547 866 2601; x_wconf 90' lang='lat' dir='ltr'><strong>animi</strong></span> <span class='ocrx_word' id='word_1_304' title='bbox 908 2557 964 2602; x_wconf 89' lang='lat' dir='ltr'><strong>et</strong></span> <span class='ocrx_word' id='word_1_305' title='bbox 1001 2545 1245 2615; x_wconf 89' lang='lat' dir='ltr'><strong>corporis</strong></span> <span class='ocrx_word' id='word_1_306' title='bbox 1286 2545 1537 2598; x_wconf 81' lang='lat' dir='ltr'><strong>virtutem</strong></span> <span class='ocrx_word' id='word_1_307' title='bbox 1565 2559 1686 2598; x_wconf 91' lang='lat' dir='ltr'><strong>cum</strong></span> <span class='ocrx_word' id='word_1_308' title='bbox 1719 2553 1808 2598; x_wconf 92' lang='lat' dir='ltr'><strong>tuo</strong></span> 
     </span>
    </p>
   </div>
   <div class='ocr_carea' id='block_1_44' title="bbox 213 2634 1808 2706">
    <p class='ocr_par' dir='ltr' id='par_1_44' title="bbox 213 2634 1808 2706">
     <span class='ocr_line' id='line_1_44' title="bbox 213 2634 1808 2706; baseline -0.001 -16"><span class='ocrx_word' id='word_1_309' title='bbox 213 2635 478 2705; x_wconf 60' lang='lat' dir='ltr'><strong>praesidio</strong></span> <span class='ocrx_word' id='word_1_310' title='bbox 506 2635 590 2689; x_wconf 84' lang='lat' dir='ltr'><strong>fac</strong></span> <span class='ocrx_word' id='word_1_311' title='bbox 619 2651 704 2690; x_wconf 91' lang='lat' dir='ltr'><strong>me</strong></span> <span class='ocrx_word' id='word_1_312' title='bbox 744 2636 1014 2706; x_wconf 87' lang='lat' dir='ltr'><strong>accipere,</strong></span> <span class='ocrx_word' id='word_1_313' title='bbox 1045 2646 1097 2688; x_wconf 90' lang='lat' dir='ltr'><strong>ut</strong></span> <span class='ocrx_word' id='word_1_314' title='bbox 1130 2651 1224 2704; x_wconf 91' lang='lat' dir='ltr'><strong>per</strong></span> <span class='ocrx_word' id='word_1_315' title='bbox 1254 2644 1303 2688; x_wconf 92' lang='lat' dir='ltr'><strong>te</strong></span> <span class='ocrx_word' id='word_1_316' title='bbox 1332 2634 1468 2688; x_wconf 89' lang='lat' dir='ltr'><strong>liber</strong></span> <span class='ocrx_word' id='word_1_317' title='bbox 1495 2651 1525 2688; x_wconf 92' lang='lat' dir='ltr'><strong>a</strong></span> <span class='ocrx_word' id='word_1_318' title='bbox 1572 2635 1808 2703; x_wconf 89' lang='lat' dir='ltr'><strong>peccatis</strong></span> 
     </span>
    </p>
   </div>
   <div class='ocr_carea' id='block_1_45' title="bbox 211 2723 1810 2796">
    <p class='ocr_par' dir='ltr' id='par_1_45' title="bbox 211 2723 1810 2796">
     <span class='ocr_line' id='line_1_45' title="bbox 211 2723 1810 2796; baseline -0.003 -16"><span class='ocrx_word' id='word_1_319' title='bbox 211 2735 270 2780; x_wconf 86' lang='lat' dir='ltr'><strong>et</strong></span> <span class='ocrx_word' id='word_1_320' title='bbox 307 2726 422 2781; x_wconf 85' lang='lat' dir='ltr'><strong>tlesi</strong></span> <span class='ocrx_word' id='word_1_321' title='bbox 447 2725 589 2780; x_wconf 88' lang='lat' dir='ltr'><strong>leriis</strong></span> <span class='ocrx_word' id='word_1_322' title='bbox 617 2736 986 2796; x_wconf 87' lang='lat' dir='ltr'><strong>peccatorum,</strong></span> <span class='ocrx_word' id='word_1_323' title='bbox 1025 2727 1142 2779; x_wconf 91' lang='lat' dir='ltr'><strong>sine</strong></span> <span class='ocrx_word' id='word_1_324' title='bbox 1171 2725 1365 2778; x_wconf 89' lang='lat' dir='ltr'><strong>timore</strong></span> <span class='ocrx_word' id='word_1_325' title='bbox 1397 2726 1462 2778; x_wconf 90' lang='lat' dir='ltr'><strong>de</strong></span> <span class='ocrx_word' id='word_1_326' title='bbox 1500 2739 1660 2777; x_wconf 86' lang='lat' dir='ltr'><strong>manu</strong></span> <span class='ocrx_word' id='word_1_327' title='bbox 1707 2723 1810 2776; x_wconf 91' lang='lat' dir='ltr'><strong>ini-</strong></span> 
     </span>
    </p>
   </div>
   <div class='ocr_carea' id='block_1_46' title="bbox 213 2815 1806 2872">
    <p class='ocr_par' dir='ltr' id='par_1_46' title="bbox 213 2815 1806 2872">
     <span class='ocr_line' id='line_1_46' title="bbox 213 2815 1806 2872; baseline -0.003 0"><span class='ocrx_word' id='word_1_328' title='bbox 213 2817 489 2872; x_wconf 90' lang='lat' dir='ltr'><strong>micorum</strong></span> <span class='ocrx_word' id='word_1_329' title='bbox 533 2817 827 2872; x_wconf 89' lang='lat' dir='ltr'><strong>visibilium</strong></span> <span class='ocrx_word' id='word_1_330' title='bbox 856 2827 911 2870; x_wconf 90' lang='lat' dir='ltr'><strong>et</strong></span> <span class='ocrx_word' id='word_1_331' title='bbox 958 2817 1310 2871; x_wconf 81' lang='lat' dir='ltr'><strong>invisibilium</strong></span> <span class='ocrx_word' id='word_1_332' title='bbox 1347 2816 1607 2870; x_wconf 88' lang='lat' dir='ltr'><strong>liberatus</strong></span> <span class='ocrx_word' id='word_1_333' title='bbox 1636 2815 1806 2869; x_wconf 89' lang='lat' dir='ltr'><strong>lilium</strong></span> 
     </span>
    </p>
   </div>
   <div class='ocr_carea' id='block_1_47' title="bbox 214 2907 1806 2978">
    <p class='ocr_par' dir='ltr' id='par_1_47' title="bbox 214 2907 1806 2978">
     <span class='ocr_line' id='line_1_47' title="bbox 214 2907 1806 2978; baseline -0.002 -14"><span class='ocrx_word' id='word_1_334' title='bbox 214 2919 379 2964; x_wconf 87' lang='lat' dir='ltr'><strong>tuttm</strong></span> <span class='ocrx_word' id='word_1_335' title='bbox 426 2909 714 2963; x_wconf 91' lang='lat' dir='ltr'><strong>Dominum</strong></span> <span class='ocrx_word' id='word_1_336' title='bbox 758 2917 1002 2963; x_wconf 88' lang='lat' dir='ltr'><strong>nostrum</strong></span> <span class='ocrx_word' id='word_1_337' title='bbox 1049 2907 1237 2964; x_wconf 84' lang='lat' dir='ltr'><strong>Jesnm</strong></span> <span class='ocrx_word' id='word_1_338' title='bbox 1286 2908 1560 2963; x_wconf 88' lang='lat' dir='ltr'><strong>Cbristmn</strong></span> <span class='ocrx_word' id='word_1_339' title='bbox 1606 2908 1806 2978; x_wconf 91' lang='lat' dir='ltr'><strong>possim</strong></span> 
     </span>
    </p>
   </div>
   <div class='ocr_carea' id='block_1_48' title="bbox 212 2999 1805 3070">
    <p class='ocr_par' dir='ltr' id='par_1_48' title="bbox 212 2999 1805 3070">
     <span class='ocr_line' id='line_1_48' title="bbox 212 2999 1805 3070; baseline 0 -14"><span class='ocrx_word' id='word_1_340' title='bbox 212 2999 372 3056; x_wconf 88' lang='lat' dir='ltr'><strong>omni</strong></span> <span class='ocrx_word' id='word_1_341' title='bbox 404 3007 642 3070; x_wconf 85' lang='lat' dir='ltr'><strong>tempore</strong></span> <span class='ocrx_word' id='word_1_342' title='bbox 678 3000 1022 3067; x_wconf 88' lang='lat' dir='ltr'><strong>benedicere,</strong></span> <span class='ocrx_word' id='word_1_343' title='bbox 1051 3012 1105 3055; x_wconf 89' lang='lat' dir='ltr'><strong>et</strong></span> <span class='ocrx_word' id='word_1_344' title='bbox 1131 3016 1346 3066; x_wconf 87' lang='lat' dir='ltr'><strong>semper</strong></span> <span class='ocrx_word' id='word_1_345' title='bbox 1371 3001 1583 3055; x_wconf 88' lang='lat' dir='ltr'><strong>Iaudem</strong></span> <span class='ocrx_word' id='word_1_346' title='bbox 1611 3001 1728 3068; x_wconf 87' lang='lat' dir='ltr'><strong>ejus</strong></span> <span class='ocrx_word' id='word_1_347' title='bbox 1753 3003 1805 3056; x_wconf 92' lang='lat' dir='ltr'><strong>iu</strong></span> 
     </span>
    </p>
   </div>
   <div class='ocr_carea' id='block_1_49' title="bbox 1904 1819 3491 1891">
    <p class='ocr_par' dir='ltr' id='par_1_49' title="bbox 1904 1819 3491 1891">
     <span class='ocr_line' id='line_1_49' title="bbox 1904 1819 3491 1891; baseline -0.001 -16"><span class='ocrx_word' id='word_1_348' title='bbox 1904 1821 2008 1875; x_wconf 90' lang='lat' dir='ltr'><strong>bus</strong></span> <span class='ocrx_word' id='word_1_349' title='bbox 2027 1819 2373 1884; x_wconf 86' lang='lat' dir='ltr'><strong>meis,cordis</strong></span> <span class='ocrx_word' id='word_1_350' title='bbox 2394 1821 2811 1889; x_wconf 88' lang='lat' dir='ltr'><strong>compunctione</strong></span> <span class='ocrx_word' id='word_1_351' title='bbox 2834 1822 3118 1891; x_wconf 85' lang='lat' dir='ltr'><strong>irrigaute,</strong></span> <span class='ocrx_word' id='word_1_352' title='bbox 3142 1831 3196 1875; x_wconf 88' lang='lat' dir='ltr'><strong>et</strong></span> <span class='ocrx_word' id='word_1_353' title='bbox 3216 1834 3339 1875; x_wconf 90' lang='lat' dir='ltr'><strong>rore</strong></span> <span class='ocrx_word' id='word_1_354' title='bbox 3361 1820 3491 1890; x_wconf 87' lang='lat' dir='ltr'><strong>piis-</strong></span> 
     </span>
    </p>
   </div>
   <div class='ocr_carea' id='block_1_50' title="bbox 1903 1911 3492 1968">
    <p class='ocr_par' dir='ltr' id='par_1_50' title="bbox 1903 1911 3492 1968">
     <span class='ocr_line' id='line_1_50' title="bbox 1903 1911 3492 1968; baseline -0.004 0"><span class='ocrx_word' id='word_1_355' title='bbox 1903 1913 2054 1968; x_wconf 71' lang='lat' dir='ltr'><strong>simze</strong></span> <span class='ocrx_word' id='word_1_356' title='bbox 2075 1912 2432 1968; x_wconf 84' lang='lat' dir='ltr'><strong>confessionis</strong></span> <span class='ocrx_word' id='word_1_357' title='bbox 2457 1927 2486 1964; x_wconf 90' lang='lat' dir='ltr'><strong>a</strong></span> <span class='ocrx_word' id='word_1_358' title='bbox 2522 1921 2574 1966; x_wconf 91' lang='lat' dir='ltr'><strong>te</strong></span> <span class='ocrx_word' id='word_1_359' title='bbox 2603 1912 2864 1966; x_wconf 78' lang='lat' dir='ltr'><strong>exhibito.</strong></span> <span class='ocrx_word' id='word_1_360' title='bbox 2882 1911 3034 1964; x_wconf 85' lang='lat' dir='ltr'><strong>Nulla</strong></span> <span class='ocrx_word' id='word_1_361' title='bbox 3067 1912 3130 1965; x_wconf 88' lang='lat' dir='ltr'><strong>de</strong></span> <span class='ocrx_word' id='word_1_362' title='bbox 3154 1921 3351 1965; x_wconf 58' lang='lat' dir='ltr'><strong>czetero</strong></span> <span class='ocrx_word' id='word_1_363' title='bbox 3377 1925 3492 1963; x_wconf 80' lang='lat' dir='ltr'><strong>ma-</strong></span> 
     </span>
    </p>
   </div>
   <div class='ocr_carea' id='block_1_51' title="bbox 1904 2000 3492 2072">
    <p class='ocr_par' dir='ltr' id='par_1_51' title="bbox 1904 2000 3492 2072">
     <span class='ocr_line' id='line_1_51' title="bbox 1904 2000 3492 2072; baseline -0.003 -14"><span class='ocrx_word' id='word_1_364' title='bbox 1904 2005 2022 2058; x_wconf 90' lang='lat' dir='ltr'><strong>cula</strong></span> <span class='ocrx_word' id='word_1_365' title='bbox 2075 2003 2284 2072; x_wconf 84' lang='lat' dir='ltr'><strong>peccati</strong></span> <span class='ocrx_word' id='word_1_366' title='bbox 2333 2003 2511 2055; x_wconf 89' lang='lat' dir='ltr'><strong>anima</strong></span> <span class='ocrx_word' id='word_1_367' title='bbox 2569 2018 2686 2055; x_wconf 82' lang='lat' dir='ltr'><strong>mea</strong></span> <span class='ocrx_word' id='word_1_368' title='bbox 2743 2002 3086 2070; x_wconf 80' lang='lat' dir='ltr'><strong>inquinetur;</strong></span> <span class='ocrx_word' id='word_1_369' title='bbox 3146 2000 3239 2055; x_wconf 90' lang='lat' dir='ltr'><strong>sed</strong></span> <span class='ocrx_word' id='word_1_370' title='bbox 3291 2001 3492 2054; x_wconf 88' lang='lat' dir='ltr'><strong>mundo</strong></span> 
     </span>
    </p>
   </div>
   <div class='ocr_carea' id='block_1_52' title="bbox 1905 2089 3492 2160">
    <p class='ocr_par' dir='ltr' id='par_1_52' title="bbox 1905 2089 3492 2160">
     <span class='ocr_line' id='line_1_52' title="bbox 1905 2089 3492 2160; baseline -0.004 -12"><span class='ocrx_word' id='word_1_371' title='bbox 1905 2095 2070 2149; x_wconf 89' lang='lat' dir='ltr'><strong>corde</strong></span> <span class='ocrx_word' id='word_1_372' title='bbox 2099 2103 2154 2148; x_wconf 93' lang='lat' dir='ltr'><strong>et</strong></span> <span class='ocrx_word' id='word_1_373' title='bbox 2175 2101 2324 2148; x_wconf 85' lang='lat' dir='ltr'><strong>casto</strong></span> <span class='ocrx_word' id='word_1_374' title='bbox 2367 2107 2595 2160; x_wconf 82' lang='lat' dir='ltr'><strong>corpore</strong></span> <span class='ocrx_word' id='word_1_375' title='bbox 2639 2107 2732 2160; x_wconf 90' lang='lat' dir='ltr'><strong>per</strong></span> <span class='ocrx_word' id='word_1_376' title='bbox 2771 2091 2961 2145; x_wconf 69' lang='lat' dir='ltr'><strong>merita</strong></span> <span class='ocrx_word' id='word_1_377' title='bbox 2990 2101 3092 2144; x_wconf 85' lang='lat' dir='ltr'><strong>tuae</strong></span> <span class='ocrx_word' id='word_1_378' title='bbox 3120 2089 3492 2144; x_wconf 79' lang='lat' dir='ltr'><strong>saluberrimae</strong></span> 
     </span>
    </p>
   </div>
   <div class='ocr_carea' id='block_1_53' title="bbox 1908 2180 3492 2250">
    <p class='ocr_par' dir='ltr' id='par_1_53' title="bbox 1908 2180 3492 2250">
     <span class='ocr_line' id='line_1_53' title="bbox 1908 2180 3492 2250; baseline -0.003 -12"><span class='ocrx_word' id='word_1_379' title='bbox 1908 2185 2239 2249; x_wconf 78' lang='lat' dir='ltr'><strong>nativitatis,</strong></span> <span class='ocrx_word' id='word_1_380' title='bbox 2282 2182 2734 2246; x_wconf 88' lang='lat' dir='ltr'><strong>annuntiationis,</strong></span> <span class='ocrx_word' id='word_1_381' title='bbox 2780 2191 2835 2236; x_wconf 86' lang='lat' dir='ltr'><strong>et</strong></span> <span class='ocrx_word' id='word_1_382' title='bbox 2883 2181 3209 2236; x_wconf 89' lang='lat' dir='ltr'><strong>sanctissimi</strong></span> <span class='ocrx_word' id='word_1_383' title='bbox 3263 2180 3492 2250; x_wconf 77' lang='lat' dir='ltr'><strong>virginei</strong></span> 
     </span>
    </p>
   </div>
   <div class='ocr_carea' id='block_1_54' title="bbox 1907 2272 3488 2348">
    <p class='ocr_par' dir='ltr' id='par_1_54' title="bbox 1907 2272 3488 2348">
     <span class='ocr_line' id='line_1_54' title="bbox 1907 2272 3488 2348; baseline -0.001 -20"><span class='ocrx_word' id='word_1_384' title='bbox 1907 2284 2102 2348; x_wconf 86' lang='lat' dir='ltr'><strong>partus</strong></span> <span class='ocrx_word' id='word_1_385' title='bbox 2127 2275 2222 2338; x_wconf 89' lang='lat' dir='ltr'><strong>tui,</strong></span> <span class='ocrx_word' id='word_1_386' title='bbox 2255 2285 2306 2329; x_wconf 89' lang='lat' dir='ltr'><strong>et</strong></span> <span class='ocrx_word' id='word_1_387' title='bbox 2341 2275 2662 2328; x_wconf 72' lang='lat' dir='ltr'><strong>castissima:</strong></span> <span class='ocrx_word' id='word_1_388' title='bbox 2688 2272 3103 2342; x_wconf 82' lang='lat' dir='ltr'><strong>puriﬁcationis,</strong></span> <span class='ocrx_word' id='word_1_389' title='bbox 3132 2283 3182 2327; x_wconf 90' lang='lat' dir='ltr'><strong>et</strong></span> <span class='ocrx_word' id='word_1_390' title='bbox 3207 2272 3488 2342; x_wconf 81' lang='lat' dir='ltr'><strong>gloriosis-</strong></span> 
     </span>
    </p>
   </div>
   <div class='ocr_carea' id='block_1_55' title="bbox 1908 2363 3497 2434">
    <p class='ocr_par' dir='ltr' id='par_1_55' title="bbox 1908 2363 3497 2434">
     <span class='ocr_line' id='line_1_55' title="bbox 1908 2363 3497 2434; baseline -0.001 -14"><span class='ocrx_word' id='word_1_391' title='bbox 1908 2366 2058 2420; x_wconf 75' lang='lat' dir='ltr'><strong>siina:</strong></span> <span class='ocrx_word' id='word_1_392' title='bbox 2083 2364 2468 2433; x_wconf 86' lang='lat' dir='ltr'><strong>assumptionis</strong></span> <span class='ocrx_word' id='word_1_393' title='bbox 2498 2365 2550 2418; x_wconf 92' lang='lat' dir='ltr'><strong>in</strong></span> <span class='ocrx_word' id='word_1_394' title='bbox 2599 2363 2816 2418; x_wconf 81' lang='lat' dir='ltr'><strong>excelso</strong></span> <span class='ocrx_word' id='word_1_395' title='bbox 2845 2364 3104 2420; x_wconf 74' lang='lat' dir='ltr'><strong>cmlorum</strong></span> <span class='ocrx_word' id='word_1_396' title='bbox 3137 2363 3340 2434; x_wconf 82' lang='lat' dir='ltr'><strong>palatio</strong></span> <span class='ocrx_word' id='word_1_397' title='bbox 3369 2379 3497 2434; x_wconf 81' lang='lat' dir='ltr'><strong>pos-</strong></span> 
     </span>
    </p>
   </div>
   <div class='ocr_carea' id='block_1_56' title="bbox 1909 2441 3496 2525">
    <p class='ocr_par' dir='ltr' id='par_1_56' title="bbox 1909 2441 3496 2525">
     <span class='ocr_line' id='line_1_56' title="bbox 1909 2441 3496 2525; baseline -0.001 -15"><span class='ocrx_word' id='word_1_398' title='bbox 1909 2457 2010 2510; x_wconf 89' lang='lat' dir='ltr'><strong>sim</strong></span> <span class='ocrx_word' id='word_1_399' title='bbox 2035 2455 2374 2525; x_wconf 64' lang='lat' dir='ltr'><strong>prtesentari,</strong></span> <span class='ocrx_word' id='word_1_400' title='bbox 2406 2455 2459 2508; x_wconf 94' lang='lat' dir='ltr'><strong>in</strong></span> <span class='ocrx_word' id='word_1_401' title='bbox 2500 2441 2606 2524; x_wconf 67' lang='lat' dir='ltr'><strong>Quo</strong></span> <span class='ocrx_word' id='word_1_402' title='bbox 2650 2454 2882 2524; x_wconf 88' lang='lat' dir='ltr'><strong>gloriosa</strong></span> <span class='ocrx_word' id='word_1_403' title='bbox 2933 2455 3174 2509; x_wconf 84' lang='lat' dir='ltr'><strong>exsultas</strong></span> <span class='ocrx_word' id='word_1_404' title='bbox 3198 2463 3254 2510; x_wconf 91' lang='lat' dir='ltr'><strong>et</strong></span> <span class='ocrx_word' id='word_1_405' title='bbox 3300 2469 3496 2525; x_wconf 81' lang='lat' dir='ltr'><strong>regnas</strong></span> 
     </span>
    </p>
   </div>
   <div class='ocr_carea' id='block_1_57' title="bbox 1911 2543 3495 2616">
    <p class='ocr_par' dir='ltr' id='par_1_57' title="bbox 1911 2543 3495 2616">
     <span class='ocr_line' id='line_1_57' title="bbox 1911 2543 3495 2616; baseline -0.002 -15"><span class='ocrx_word' id='word_1_406' title='bbox 1911 2547 2096 2616; x_wconf 77' lang='lat' dir='ltr'><strong>regina</strong></span> <span class='ocrx_word' id='word_1_407' title='bbox 2127 2545 2443 2616; x_wconf 72' lang='lat' dir='ltr'><strong>angelorum</strong></span> <span class='ocrx_word' id='word_1_408' title='bbox 2471 2554 2525 2598; x_wconf 90' lang='lat' dir='ltr'><strong>et</strong></span> <span class='ocrx_word' id='word_1_409' title='bbox 2555 2545 2854 2609; x_wconf 90' lang='lat' dir='ltr'><strong>hominum,</strong></span> <span class='ocrx_word' id='word_1_410' title='bbox 2883 2544 3054 2599; x_wconf 86' lang='lat' dir='ltr'><strong>Mater</strong></span> <span class='ocrx_word' id='word_1_411' title='bbox 3080 2543 3290 2598; x_wconf 92' lang='lat' dir='ltr'><strong>Domini</strong></span> <span class='ocrx_word' id='word_1_412' title='bbox 3321 2545 3495 2598; x_wconf 83' lang='lat' dir='ltr'><strong>nostri</strong></span> 
     </span>
    </p>
   </div>
   <div class='ocr_carea' id='block_1_58' title="bbox 1908 2634 3498 2702">
    <p class='ocr_par' dir='ltr' id='par_1_58' title="bbox 1908 2634 3498 2702">
     <span class='ocr_line' id='line_1_58' title="bbox 1908 2634 3498 2702; baseline -0.003 -10"><span class='ocrx_word' id='word_1_413' title='bbox 1908 2637 2034 2692; x_wconf 83' lang='lat' dir='ltr'><strong>Jesu</strong></span> <span class='ocrx_word' id='word_1_414' title='bbox 2056 2635 2280 2692; x_wconf 90' lang='lat' dir='ltr'><strong>Christi.</strong></span> <span class='ocrx_word' id='word_1_415' title='bbox 2311 2635 2584 2691; x_wconf 90' lang='lat' dir='ltr'><strong>Succurre</strong></span> <span class='ocrx_word' id='word_1_416' title='bbox 2633 2636 2770 2690; x_wconf 86' lang='lat' dir='ltr'><strong>meis</strong></span> <span class='ocrx_word' id='word_1_417' title='bbox 2796 2635 3140 2702; x_wconf 87' lang='lat' dir='ltr'><strong>criminibus,</strong></span> <span class='ocrx_word' id='word_1_418' title='bbox 3168 2643 3344 2689; x_wconf 89' lang='lat' dir='ltr'><strong>mater</strong></span> <span class='ocrx_word' id='word_1_419' title='bbox 3393 2634 3498 2689; x_wconf 85' lang='lat' dir='ltr'><strong>mi-</strong></span> 
     </span>
    </p>
   </div>
   <div class='ocr_carea' id='block_1_59' title="bbox 1910 2723 3500 2795">
    <p class='ocr_par' dir='ltr' id='par_1_59' title="bbox 1910 2723 3500 2795">
     <span class='ocr_line' id='line_1_59' title="bbox 1910 2723 3500 2795; baseline -0.002 -13"><span class='ocrx_word' id='word_1_420' title='bbox 1910 2726 2254 2790; x_wconf 78' lang='lat' dir='ltr'><strong>sericordiae,</strong></span> <span class='ocrx_word' id='word_1_421' title='bbox 2315 2725 2420 2779; x_wconf 91' lang='lat' dir='ltr'><strong>tuis</strong></span> <span class='ocrx_word' id='word_1_422' title='bbox 2471 2725 2730 2795; x_wconf 83' lang='lat' dir='ltr'><strong>virgineis</strong></span> <span class='ocrx_word' id='word_1_423' title='bbox 2784 2723 3035 2794; x_wconf 87' lang='lat' dir='ltr'><strong>precibus</strong></span> <span class='ocrx_word' id='word_1_424' title='bbox 3099 2724 3310 2778; x_wconf 81' lang='lat' dir='ltr'><strong>veniam</strong></span> <span class='ocrx_word' id='word_1_425' title='bbox 3365 2723 3500 2779; x_wconf 87' lang='lat' dir='ltr'><strong>mihi</strong></span> 
     </span>
    </p>
   </div>
   <div class='ocr_carea' id='block_1_60' title="bbox 1909 2814 3500 2885">
    <p class='ocr_par' dir='ltr' id='par_1_60' title="bbox 1909 2814 3500 2885">
     <span class='ocr_line' id='line_1_60' title="bbox 1909 2814 3500 2885; baseline -0.003 -14"><span class='ocrx_word' id='word_1_426' title='bbox 1909 2817 2203 2878; x_wconf 87' lang='lat' dir='ltr'><strong>obtinendo</strong></span> <span class='ocrx_word' id='word_1_427' title='bbox 2227 2816 2367 2885; x_wconf 87' lang='lat' dir='ltr'><strong>apud</strong></span> <span class='ocrx_word' id='word_1_428' title='bbox 2394 2823 2543 2868; x_wconf 90' lang='lat' dir='ltr'><strong>tuum</strong></span> <span class='ocrx_word' id='word_1_429' title='bbox 2566 2815 2778 2870; x_wconf 89' lang='lat' dir='ltr'><strong>dulcem</strong></span> <span class='ocrx_word' id='word_1_430' title='bbox 2808 2815 3194 2870; x_wconf 84' lang='lat' dir='ltr'><strong>natnmJesum</strong></span> <span class='ocrx_word' id='word_1_431' title='bbox 3221 2814 3500 2870; x_wconf 88' lang='lat' dir='ltr'><strong>Christum</strong></span> 
     </span>
    </p>
   </div>
   <div class='ocr_carea' id='block_1_61' title="bbox 1911 2902 3499 2976">
    <p class='ocr_par' dir='ltr' id='par_1_61' title="bbox 1911 2902 3499 2976">
     <span class='ocr_line' id='line_1_61' title="bbox 1911 2902 3499 2976; baseline -0.004 -14"><span class='ocrx_word' id='word_1_432' title='bbox 1911 2906 2198 2962; x_wconf 89' lang='lat' dir='ltr'><strong>Dominum</strong></span> <span class='ocrx_word' id='word_1_433' title='bbox 2228 2914 2492 2958; x_wconf 90' lang='lat' dir='ltr'><strong>nostrum.</strong></span> <span class='ocrx_word' id='word_1_434' title='bbox 2531 2903 2634 2970; x_wconf 85' lang='lat' dir='ltr'><strong>Qui</strong></span> <span class='ocrx_word' id='word_1_435' title='bbox 2661 2919 2784 2958; x_wconf 91' lang='lat' dir='ltr'><strong>cum</strong></span> <span class='ocrx_word' id='word_1_436' title='bbox 2826 2904 3008 2973; x_wconf 80' lang='lat' dir='ltr'><strong>Patre,</strong></span> <span class='ocrx_word' id='word_1_437' title='bbox 3042 2914 3097 2960; x_wconf 92' lang='lat' dir='ltr'><strong>et</strong></span> <span class='ocrx_word' id='word_1_438' title='bbox 3129 2902 3338 2976; x_wconf 89' lang='lat' dir='ltr'><strong>Spiritu</strong></span> <span class='ocrx_word' id='word_1_439' title='bbox 3366 2916 3499 2958; x_wconf 84' lang='lat' dir='ltr'><strong>san-</strong></span> 
     </span>
    </p>
   </div>
   <div class='ocr_carea' id='block_1_62' title="bbox 1910 2993 2975 3063">
    <p class='ocr_par' dir='ltr' id='par_1_62' title="bbox 1910 2993 2975 3063">
     <span class='ocr_line' id='line_1_62' title="bbox 1910 2993 2975 3063; baseline -0.003 -12"><span class='ocrx_word' id='word_1_440' title='bbox 1910 3006 2000 3052; x_wconf 91' lang='lat' dir='ltr'><strong>cto</strong></span> <span class='ocrx_word' id='word_1_441' title='bbox 2024 2993 2155 3048; x_wconf 88' lang='lat' dir='ltr'><strong>vivit</strong></span> <span class='ocrx_word' id='word_1_442' title='bbox 2183 3001 2239 3047; x_wconf 90' lang='lat' dir='ltr'><strong>et</strong></span> <span class='ocrx_word' id='word_1_443' title='bbox 2279 3001 2472 3063; x_wconf 82' lang='lat' dir='ltr'><strong>regnat</strong></span> <span class='ocrx_word' id='word_1_444' title='bbox 2494 2993 2834 3060; x_wconf 88' lang='lat' dir='ltr'><strong>benedictus,</strong></span> <span class='ocrx_word' id='word_1_445' title='bbox 2864 3001 2975 3048; x_wconf 88' lang='lat' dir='ltr'><strong>etc.</strong></span> 
     </span>
    </p>
   </div>
   <div class='ocr_carea' id='block_1_63' title="bbox 1344 3105 2386 3184">
    <p class='ocr_par' dir='ltr' id='par_1_63' title="bbox 1344 3105 2386 3184">
     <span class='ocr_line' id='line_1_63' title="bbox 1344 3105 2386 3184; baseline -0.012 -12"><span class='ocrx_word' id='word_1_446' title='bbox 1344 3113 1512 3184; x_wconf 82' lang='lat'><strong>286</strong></span> <span class='ocrx_word' id='word_1_447' title='bbox 1548 3113 1804 3169; x_wconf 78' lang='lat' dir='ltr'><strong>ORATIO</strong></span> <span class='ocrx_word' id='word_1_448' title='bbox 1847 3111 1959 3166; x_wconf 83' lang='lat' dir='ltr'><strong>LXI</strong></span> <span class='ocrx_word' id='word_1_449' title='bbox 1999 3108 2097 3181; x_wconf 89' lang='grc' dir='ltr'><strong>[οΙ.</strong></span> <span class='ocrx_word' id='word_1_450' title='bbox 2136 3105 2386 3180; x_wconf 66' lang='grc' dir='ltr'><strong>ωηιτιι.</strong></span> 
     </span>
    </p>
   </div>
   <div class='ocr_carea' id='block_1_64' title="bbox 905 3234 1802 3280">
    <p class='ocr_par' dir='ltr' id='par_1_64' title="bbox 905 3239 1802 3280">
     <span class='ocr_line' id='line_1_64' title="bbox 905 3239 1802 3280; baseline 0.001 -1"><span class='ocrx_word' id='word_1_451' title='bbox 905 3269 915 3280; x_wconf 94' lang='grc'><strong>.</strong></span> <span class='ocrx_word' id='word_1_452' title='bbox 942 3240 1190 3279; x_wconf 73' lang='grc' dir='ltr'><strong>ιητωιυδ</strong></span> <span class='ocrx_word' id='word_1_453' title='bbox 1227 3239 1294 3277; x_wconf 85' lang='grc' dir='ltr'><strong>ΑΙ)</strong></span> <span class='ocrx_word' id='word_1_454' title='bbox 1329 3239 1571 3278; x_wconf 72' lang='lat' dir='ltr'><strong>SANCTAII</strong></span> <span class='ocrx_word' id='word_1_455' title='bbox 1607 3241 1802 3280; x_wconf 63' lang='lat' dir='ltr'><strong>VIIIGINI</strong></span> 
     </span>
    </p>
   </div>
   <div class='ocr_carea' id='block_1_65' title="bbox 1904 3234 2819 3280">
    <p class='ocr_par' dir='ltr' id='par_1_65' title="bbox 1907 3234 2819 3277">
     <span class='ocr_line' id='line_1_65' title="bbox 1907 3234 2819 3277; baseline 0.001 -1"><span class='ocrx_word' id='word_1_456' title='bbox 1907 3238 2112 3277; x_wconf 69' lang='grc' dir='ltr'><strong>ιιΑιιιηί</strong></span> <span class='ocrx_word' id='word_1_457' title='bbox 2150 3237 2220 3276; x_wconf 76' lang='grc' dir='ltr'><strong>ΕΤ</strong></span> <span class='ocrx_word' id='word_1_458' title='bbox 2257 3235 2324 3274; x_wconf 75' lang='grc' dir='ltr'><strong>ΑΒ</strong></span> <span class='ocrx_word' id='word_1_459' title='bbox 2359 3234 2531 3274; x_wconf 61' lang='grc' dir='ltr'><strong>οιικεε</strong></span> <span class='ocrx_word' id='word_1_460' title='bbox 2569 3235 2819 3277; x_wconf 66' lang='grc' dir='ltr'><strong>εΛΝςτοδ.</strong></span> 
     </span>
    </p>
   </div>
   <div class='ocr_carea' id='block_1_66' title="bbox 291 3336 1026 3407">
    <p class='ocr_par' dir='ltr' id='par_1_66' title="bbox 291 3336 1026 3407">
     <span class='ocr_line' id='line_1_66' title="bbox 291 3336 1026 3407; baseline 0 -15"><span class='ocrx_word' id='word_1_461' title='bbox 291 3336 468 3392; x_wconf 75' lang='lat' dir='ltr'><strong>Maria</strong></span> <span class='ocrx_word' id='word_1_462' title='bbox 499 3337 754 3407; x_wconf 90' lang='lat' dir='ltr'><strong>templum</strong></span> <span class='ocrx_word' id='word_1_463' title='bbox 790 3338 1026 3402; x_wconf 89' lang='lat' dir='ltr'><strong>Domini,</strong></span> 
     </span>
    </p>
   </div>
   <div class='ocr_carea' id='block_1_67' title="bbox 219 3430 859 3495">
    <p class='ocr_par' dir='ltr' id='par_1_67' title="bbox 219 3430 859 3495">
     <span class='ocr_line' id='line_1_67' title="bbox 219 3430 859 3495; baseline -0.002 -10"><span class='ocrx_word' id='word_1_464' title='bbox 219 3430 544 3486; x_wconf 87' lang='lat' dir='ltr'><strong>Sacrarium</strong></span> <span class='ocrx_word' id='word_1_465' title='bbox 573 3430 859 3495; x_wconf 88' lang='lat' dir='ltr'><strong>Paracleti,</strong></span> 
     </span>
    </p>
   </div>
   <div class='ocr_carea' id='block_1_68' title="bbox 221 3522 1032 3592">
    <p class='ocr_par' dir='ltr' id='par_1_68' title="bbox 221 3522 1032 3592">
     <span class='ocr_line' id='line_1_68' title="bbox 221 3522 1032 3592; baseline -0.002 -16"><span class='ocrx_word' id='word_1_466' title='bbox 221 3522 527 3577; x_wconf 85' lang='lat' dir='ltr'><strong>Sacrarum</strong></span> <span class='ocrx_word' id='word_1_467' title='bbox 553 3524 716 3576; x_wconf 87' lang='lat' dir='ltr'><strong>decus</strong></span> <span class='ocrx_word' id='word_1_468' title='bbox 740 3522 1032 3592; x_wconf 87' lang='lat' dir='ltr'><strong>virginum,</strong></span> 
     </span>
    </p>
   </div>
   <div class='ocr_carea' id='block_1_69' title="bbox 219 3606 878 3661">
    <p class='ocr_par' dir='ltr' id='par_1_69' title="bbox 219 3606 878 3661">
     <span class='ocr_line' id='line_1_69' title="bbox 219 3606 878 3661; baseline 0 -1"><span class='ocrx_word' id='word_1_469' title='bbox 219 3606 574 3661; x_wconf 70' lang='lat' dir='ltr'><strong>Mmrentium</strong></span> <span class='ocrx_word' id='word_1_470' title='bbox 605 3607 878 3661; x_wconf 87' lang='lat' dir='ltr'><strong>solatium.</strong></span> 
     </span>
    </p>
   </div>
   <div class='ocr_carea' id='block_1_70' title="bbox 293 3697 993 3768">
    <p class='ocr_par' dir='ltr' id='par_1_70' title="bbox 293 3697 993 3768">
     <span class='ocr_line' id='line_1_70' title="bbox 293 3697 993 3768; baseline -0.001 -16"><span class='ocrx_word' id='word_1_471' title='bbox 293 3701 382 3754; x_wconf 82' lang='lat' dir='ltr'><strong>Ad</strong></span> <span class='ocrx_word' id='word_1_472' title='bbox 415 3708 465 3753; x_wconf 92' lang='lat' dir='ltr'><strong>te</strong></span> <span class='ocrx_word' id='word_1_473' title='bbox 492 3699 728 3768; x_wconf 87' lang='lat' dir='ltr'><strong>suspiro,</strong></span> <span class='ocrx_word' id='word_1_474' title='bbox 753 3697 993 3763; x_wconf 89' lang='lat' dir='ltr'><strong>domina,</strong></span> 
     </span>
    </p>
   </div>
   <div class='ocr_carea' id='block_1_71' title="bbox 220 3791 946 3860">
    <p class='ocr_par' dir='ltr' id='par_1_71' title="bbox 220 3791 946 3860">
     <span class='ocr_line' id='line_1_71' title="bbox 220 3791 946 3860; baseline 0 -16"><span class='ocrx_word' id='word_1_475' title='bbox 220 3791 380 3846; x_wconf 73' lang='lat' dir='ltr'><strong>Meas</strong></span> <span class='ocrx_word' id='word_1_476' title='bbox 407 3803 628 3860; x_wconf 84' lang='lat' dir='ltr'><strong>accepta</strong></span> <span class='ocrx_word' id='word_1_477' title='bbox 655 3791 946 3860; x_wconf 86' lang='lat' dir='ltr'><strong>lacrymas,</strong></span> 
     </span>
    </p>
   </div>
   <div class='ocr_carea' id='block_1_72' title="bbox 221 3880 858 3935">
    <p class='ocr_par' dir='ltr' id='par_1_72' title="bbox 221 3880 858 3935">
     <span class='ocr_line' id='line_1_72' title="bbox 221 3880 858 3935; baseline -0.002 0"><span class='ocrx_word' id='word_1_478' title='bbox 221 3880 426 3935; x_wconf 87' lang='lat' dir='ltr'><strong>Sinutn</strong></span> <span class='ocrx_word' id='word_1_479' title='bbox 473 3882 858 3935; x_wconf 67' lang='lat' dir='ltr'><strong>misericordia:</strong></span> 
     </span>
    </p>
   </div>
   <div class='ocr_carea' id='block_1_73' title="bbox 221 3973 920 4042">
    <p class='ocr_par' dir='ltr' id='par_1_73' title="bbox 221 3973 920 4042">
     <span class='ocr_line' id='line_1_73' title="bbox 221 3973 920 4042; baseline 0.003 -16"><span class='ocrx_word' id='word_1_480' title='bbox 221 3973 470 4042; x_wconf 83' lang='lat' dir='ltr'><strong>Dignare</strong></span> <span class='ocrx_word' id='word_1_481' title='bbox 505 3973 632 4026; x_wconf 90' lang='lat' dir='ltr'><strong>mihi</strong></span> <span class='ocrx_word' id='word_1_482' title='bbox 666 3973 920 4042; x_wconf 90' lang='lat' dir='ltr'><strong>pandere.</strong></span> 
     </span>
    </p>
   </div>
   <div class='ocr_carea' id='block_1_74' title="bbox 299 4060 909 4133">
    <p class='ocr_par' dir='ltr' id='par_1_74' title="bbox 299 4060 909 4133">
     <span class='ocr_line' id='line_1_74' title="bbox 299 4060 909 4133; baseline 0 -19"><span class='ocrx_word' id='word_1_483' title='bbox 299 4060 509 4132; x_wconf 82' lang='lat' dir='ltr'><strong>Regina</strong></span> <span class='ocrx_word' id='word_1_484' title='bbox 540 4062 660 4116; x_wconf 67' lang='lat' dir='ltr'><strong>caeli</strong></span> <span class='ocrx_word' id='word_1_485' title='bbox 690 4062 909 4133; x_wconf 83' lang='lat' dir='ltr'><strong>inclyta,</strong></span> 
     </span>
    </p>
   </div>
   <div class='ocr_carea' id='block_1_75' title="bbox 219 4149 901 4219">
    <p class='ocr_par' dir='ltr' id='par_1_75' title="bbox 219 4149 901 4219">
     <span class='ocr_line' id='line_1_75' title="bbox 219 4149 901 4219; baseline 0 -15"><span class='ocrx_word' id='word_1_486' title='bbox 219 4149 397 4204; x_wconf 87' lang='lat' dir='ltr'><strong>Orbis</strong></span> <span class='ocrx_word' id='word_1_487' title='bbox 435 4149 642 4219; x_wconf 87' lang='lat' dir='ltr'><strong>lampas</strong></span> <span class='ocrx_word' id='word_1_488' title='bbox 669 4153 901 4214; x_wconf 88' lang='lat' dir='ltr'><strong>siderea,</strong></span> 
     </span>
    </p>
   </div>
   <div class='ocr_carea' id='block_1_76' title="bbox 219 4239 986 4312">
    <p class='ocr_par' dir='ltr' id='par_1_76' title="bbox 219 4239 986 4312">
     <span class='ocr_line' id='line_1_76' title="bbox 219 4239 986 4312; baseline 0.004 -18"><span class='ocrx_word' id='word_1_489' title='bbox 219 4239 383 4295; x_wconf 82' lang='lat' dir='ltr'><strong>Meas</strong></span> <span class='ocrx_word' id='word_1_490' title='bbox 410 4242 659 4312; x_wconf 79' lang='lat' dir='ltr'><strong>absterge</strong></span> <span class='ocrx_word' id='word_1_491' title='bbox 699 4241 986 4312; x_wconf 82' lang='lat' dir='ltr'><strong>lacrymas,</strong></span> 
     </span>
    </p>
   </div>
   <div class='ocr_carea' id='block_1_77' title="bbox 216 4330 950 4399">
    <p class='ocr_par' dir='ltr' id='par_1_77' title="bbox 216 4330 950 4399">
     <span class='ocr_line' id='line_1_77' title="bbox 216 4330 950 4399; baseline 0 -13"><span class='ocrx_word' id='word_1_492' title='bbox 216 4330 295 4387; x_wconf 86' lang='lat' dir='ltr'><strong>Et</strong></span> <span class='ocrx_word' id='word_1_493' title='bbox 328 4340 674 4399; x_wconf 89' lang='lat' dir='ltr'><strong>peccatorum</strong></span> <span class='ocrx_word' id='word_1_494' title='bbox 706 4332 950 4386; x_wconf 88' lang='lat' dir='ltr'><strong>nebulas.</strong></span> 
     </span>
    </p>
   </div>
   <div class='ocr_carea' id='block_1_78' title="bbox 298 4401 971 4492">
    <p class='ocr_par' dir='ltr' id='par_1_78' title="bbox 298 4401 971 4492">
     <span class='ocr_line' id='line_1_78' title="bbox 298 4401 971 4492; baseline 0.009 -20"><span class='ocrx_word' id='word_1_495' title='bbox 298 4421 460 4487; x_wconf 79' lang='lat' dir='ltr'><strong>Quod</strong></span> <span class='ocrx_word' id='word_1_496' title='bbox 489 4421 632 4476; x_wconf 89' lang='lat' dir='ltr'><strong>voles</strong></span> <span class='ocrx_word' id='word_1_497' title='bbox 645 4401 971 4492; x_wconf 29' lang='lat' dir='ltr'><strong>“unigenittts</strong></span> 
     </span>
    </p>
   </div>
   <div class='ocr_carea' id='block_1_79' title="bbox 215 4511 812 4578">
    <p class='ocr_par' dir='ltr' id='par_1_79' title="bbox 215 4511 812 4578">
     <span class='ocr_line' id='line_1_79' title="bbox 215 4511 812 4578; baseline 0.003 -12"><span class='ocrx_word' id='word_1_498' title='bbox 215 4511 467 4566; x_wconf 80' lang='lat' dir='ltr'><strong>Donabit</strong></span> <span class='ocrx_word' id='word_1_499' title='bbox 497 4513 587 4568; x_wconf 87' lang='lat' dir='ltr'><strong>tibi</strong></span> <span class='ocrx_word' id='word_1_500' title='bbox 618 4513 812 4578; x_wconf 85' lang='lat' dir='ltr'><strong>Filius,</strong></span> 
     </span>
    </p>
   </div>
   <div class='ocr_carea' id='block_1_80' title="bbox 216 4601 973 4671">
    <p class='ocr_par' dir='ltr' id='par_1_80' title="bbox 216 4601 973 4671">
     <span class='ocr_line' id='line_1_80' title="bbox 216 4601 973 4671; baseline 0.005 -15"><span class='ocrx_word' id='word_1_501' title='bbox 216 4601 339 4656; x_wconf 84' lang='lat' dir='ltr'><strong>Pro</strong></span> <span class='ocrx_word' id='word_1_502' title='bbox 366 4603 560 4671; x_wconf 89' lang='lat' dir='ltr'><strong>quibus</strong></span> <span class='ocrx_word' id='word_1_503' title='bbox 591 4604 737 4659; x_wconf 84' lang='lat' dir='ltr'><strong>voles</strong></span> <span class='ocrx_word' id='word_1_504' title='bbox 761 4605 973 4660; x_wconf 89' lang='lat' dir='ltr'><strong>veniam</strong></span> 
     </span>
    </p>
   </div>
   <div class='ocr_carea' id='block_1_81' title="bbox 213 4694 915 4766">
    <p class='ocr_par' dir='ltr' id='par_1_81' title="bbox 213 4694 915 4766">
     <span class='ocr_line' id='line_1_81' title="bbox 213 4694 915 4766; baseline 0.003 -18"><span class='ocrx_word' id='word_1_505' title='bbox 213 4694 558 4764; x_wconf 83' lang='lat' dir='ltr'><strong>Impetrabis</strong></span> <span class='ocrx_word' id='word_1_506' title='bbox 589 4705 642 4750; x_wconf 90' lang='lat' dir='ltr'><strong>et</strong></span> <span class='ocrx_word' id='word_1_507' title='bbox 666 4697 915 4766; x_wconf 82' lang='lat' dir='ltr'><strong>gloriam.</strong></span> 
     </span>
    </p>
   </div>
   <div class='ocr_carea' id='block_1_82' title="bbox 299 4786 1095 4855">
    <p class='ocr_par' dir='ltr' id='par_1_82' title="bbox 299 4786 1095 4855">
     <span class='ocr_line' id='line_1_82' title="bbox 299 4786 1095 4855; baseline 0.003 -16"><span class='ocrx_word' id='word_1_508' title='bbox 299 4786 415 4839; x_wconf 83' lang='lat' dir='ltr'><strong>Sed</strong></span> <span class='ocrx_word' id='word_1_509' title='bbox 438 4790 523 4838; x_wconf 58' lang='lat' dir='ltr'><strong>vae&quot;</strong></span> <span class='ocrx_word' id='word_1_510' title='bbox 550 4790 782 4855; x_wconf 89' lang='lat' dir='ltr'><strong>peccatis</strong></span> <span class='ocrx_word' id='word_1_511' title='bbox 820 4789 1095 4842; x_wconf 89' lang='lat' dir='ltr'><strong>hominum</strong></span> 
     </span>
    </p>
   </div>
   <div class='ocr_carea' id='block_1_83' title="bbox 211 4863 981 4946">
    <p class='ocr_par' dir='ltr' id='par_1_83' title="bbox 211 4863 981 4946">
     <span class='ocr_line' id='line_1_83' title="bbox 211 4863 981 4946; baseline 0.004 -18"><span class='ocrx_word' id='word_1_512' title='bbox 211 4876 275 4930; x_wconf 88' lang='lat' dir='ltr'><strong>Itt</strong></span> <span class='ocrx_word' id='word_1_513' title='bbox 316 4875 559 4930; x_wconf 80' lang='lat' dir='ltr'><strong>tenebris</strong></span> <span class='ocrx_word' id='word_1_514' title='bbox 585 4877 915 4946; x_wconf 80' lang='lat' dir='ltr'><strong>degentium,</strong></span> <span class='ocrx_word' id='word_1_515' title='bbox 973 4863 981 4868; x_wconf 47' lang='grc'><em>’</em></span> 
     </span>
    </p>
   </div>
   <div class='ocr_carea' id='block_1_84' title="bbox 211 4965 919 5032">
    <p class='ocr_par' dir='ltr' id='par_1_84' title="bbox 211 4965 919 5032">
     <span class='ocr_line' id='line_1_84' title="bbox 211 4965 919 5032; baseline 0.007 -16"><span class='ocrx_word' id='word_1_516' title='bbox 211 4965 311 5017; x_wconf 77' lang='lat' dir='ltr'><strong>Me</strong></span> <span class='ocrx_word' id='word_1_517' title='bbox 353 4973 520 5018; x_wconf 89' lang='lat' dir='ltr'><strong>terret</strong></span> <span class='ocrx_word' id='word_1_518' title='bbox 561 4968 919 5032; x_wconf 84' lang='lat' dir='ltr'><strong>conscientia,</strong></span> 
     </span>
    </p>
   </div>
   <div class='ocr_carea' id='block_1_85' title="bbox 302 5146 1059 5216">
    <p class='ocr_par' dir='ltr' id='par_1_85' title="bbox 302 5146 1059 5216">
     <span class='ocr_line' id='line_1_85' title="bbox 302 5146 1059 5216; baseline 0.005 -13"><span class='ocrx_word' id='word_1_519' title='bbox 302 5146 379 5203; x_wconf 88' lang='lat' dir='ltr'><strong>Ut</strong></span> <span class='ocrx_word' id='word_1_520' title='bbox 401 5147 572 5202; x_wconf 85' lang='lat' dir='ltr'><strong>Adam</strong></span> <span class='ocrx_word' id='word_1_521' title='bbox 600 5148 691 5180; x_wconf 71' lang='grc'><strong>’⁷³⁸</strong></span> <span class='ocrx_word' id='word_1_522' title='bbox 727 5149 1059 5216; x_wconf 89' lang='lat' dir='ltr'><strong>delitescere,</strong></span> 
     </span>
    </p>
   </div>
   <div class='ocr_carea' id='block_1_86' title="bbox 206 5240 1028 5315">
    <p class='ocr_par' dir='ltr' id='par_1_86' title="bbox 206 5240 1028 5315">
     <span class='ocr_line' id='line_1_86' title="bbox 206 5240 1028 5315; baseline 0.001 -17"><span class='ocrx_word' id='word_1_523' title='bbox 206 5240 326 5298; x_wconf 75' lang='lat' dir='ltr'><strong>Vel</strong></span> <span class='ocrx_word' id='word_1_524' title='bbox 361 5240 504 5295; x_wconf 86' lang='lat' dir='ltr'><strong>sicut</strong></span> <span class='ocrx_word' id='word_1_525' title='bbox 533 5240 664 5298; x_wconf 88' lang='lat' dir='ltr'><strong>Cain</strong></span> <span class='ocrx_word' id='word_1_526' title='bbox 707 5242 797 5276; x_wconf 77' lang='grc'><strong>⁸⁷³³</strong></span> <span class='ocrx_word' id='word_1_527' title='bbox 826 5241 1028 5315; x_wconf 82' lang='lat' dir='ltr'><strong>fugere,</strong></span> 
     </span>
    </p>
   </div>
   <div class='ocr_carea' id='block_1_87' title="bbox 1341 3337 2059 3408">
    <p class='ocr_par' dir='ltr' id='par_1_87' title="bbox 1341 3337 2059 3408">
     <span class='ocr_line' id='line_1_87' title="bbox 1341 3337 2059 3408; baseline -0.001 -18"><span class='ocrx_word' id='word_1_528' title='bbox 1341 3337 1457 3390; x_wconf 85' lang='lat' dir='ltr'><strong>Mea</strong></span> <span class='ocrx_word' id='word_1_529' title='bbox 1490 3352 1575 3392; x_wconf 89' lang='lat' dir='ltr'><strong>me</strong></span> <span class='ocrx_word' id='word_1_530' title='bbox 1597 3350 1797 3408; x_wconf 86' lang='lat' dir='ltr'><strong>cogunt</strong></span> <span class='ocrx_word' id='word_1_531' title='bbox 1827 3338 2059 3403; x_wconf 88' lang='lat' dir='ltr'><strong>scelera,</strong></span> 
     </span>
    </p>
   </div>
   <div class='ocr_carea' id='block_1_88' title="bbox 1341 3427 2000 3498">
    <p class='ocr_par' dir='ltr' id='par_1_88' title="bbox 1341 3427 2000 3498">
     <span class='ocr_line' id='line_1_88' title="bbox 1341 3427 2000 3498; baseline 0.003 -21"><span class='ocrx_word' id='word_1_532' title='bbox 1341 3427 1478 3493; x_wconf 91' lang='lat' dir='ltr'><strong>Quia</strong></span> <span class='ocrx_word' id='word_1_533' title='bbox 1522 3427 1686 3481; x_wconf 87' lang='lat' dir='ltr'><strong>tuulta</strong></span> <span class='ocrx_word' id='word_1_534' title='bbox 1709 3437 1762 3481; x_wconf 91' lang='lat' dir='ltr'><strong>et</strong></span> <span class='ocrx_word' id='word_1_535' title='bbox 1793 3429 2000 3498; x_wconf 83' lang='lat' dir='ltr'><strong>gravia.</strong></span> 
     </span>
    </p>
   </div>
   <div class='ocr_carea' id='block_1_89' title="bbox 1415 3520 2102 3582">
    <p class='ocr_par' dir='ltr' id='par_1_89' title="bbox 1415 3520 2102 3582">
     <span class='ocr_line' id='line_1_89' title="bbox 1415 3520 2102 3582; baseline -0.006 -7"><span class='ocrx_word' id='word_1_536' title='bbox 1415 3521 1521 3575; x_wconf 87' lang='lat' dir='ltr'><strong>Sed</strong></span> <span class='ocrx_word' id='word_1_537' title='bbox 1553 3522 1694 3574; x_wconf 87' lang='lat' dir='ltr'><strong>inter</strong></span> <span class='ocrx_word' id='word_1_538' title='bbox 1718 3532 1864 3574; x_wconf 87' lang='lat' dir='ltr'><strong>tanta</strong></span> <span class='ocrx_word' id='word_1_539' title='bbox 1896 3520 2102 3582; x_wconf 80' lang='lat' dir='ltr'><strong>nubila,</strong></span> 
     </span>
    </p>
   </div>
   <div class='ocr_carea' id='block_1_90' title="bbox 1343 3612 2099 3680">
    <p class='ocr_par' dir='ltr' id='par_1_90' title="bbox 1343 3612 2099 3680">
     <span class='ocr_line' id='line_1_90' title="bbox 1343 3612 2099 3680; baseline -0.007 -14"><span class='ocrx_word' id='word_1_540' title='bbox 1343 3612 1411 3666; x_wconf 87' lang='lat' dir='ltr'><strong>Et</strong></span> <span class='ocrx_word' id='word_1_541' title='bbox 1457 3621 1798 3680; x_wconf 88' lang='lat' dir='ltr'><strong>peccatorum</strong></span> <span class='ocrx_word' id='word_1_542' title='bbox 1837 3612 2099 3680; x_wconf 84' lang='lat' dir='ltr'><strong>pondera,</strong></span> 
     </span>
    </p>
   </div>
   <div class='ocr_carea' id='block_1_91' title="bbox 1343 3697 2162 3752">
    <p class='ocr_par' dir='ltr' id='par_1_91' title="bbox 1343 3697 2162 3752">
     <span class='ocr_line' id='line_1_91' title="bbox 1343 3697 2162 3752; baseline -0.004 0"><span class='ocrx_word' id='word_1_543' title='bbox 1343 3698 1559 3752; x_wconf 88' lang='lat' dir='ltr'><strong>Patrem</strong></span> <span class='ocrx_word' id='word_1_544' title='bbox 1585 3697 1875 3752; x_wconf 88' lang='lat' dir='ltr'><strong>recordans</strong></span> <span class='ocrx_word' id='word_1_545' title='bbox 1901 3698 2162 3750; x_wconf 88' lang='lat' dir='ltr'><strong>luminum</strong></span> 
     </span>
    </p>
   </div>
   <div class='ocr_carea' id='block_1_92' title="bbox 1344 3785 2030 3854">
    <p class='ocr_par' dir='ltr' id='par_1_92' title="bbox 1344 3785 2030 3854">
     <span class='ocr_line' id='line_1_92' title="bbox 1344 3785 2030 3854; baseline -0.001 -15"><span class='ocrx_word' id='word_1_546' title='bbox 1344 3785 1460 3840; x_wconf 82' lang='lat' dir='ltr'><strong>Non</strong></span> <span class='ocrx_word' id='word_1_547' title='bbox 1494 3787 1722 3854; x_wconf 90' lang='lat' dir='ltr'><strong>despero</strong></span> <span class='ocrx_word' id='word_1_548' title='bbox 1749 3785 2030 3838; x_wconf 79' lang='lat' dir='ltr'><strong>auxilium.</strong></span> 
     </span>
    </p>
   </div>
   <div class='ocr_carea' id='block_1_93' title="bbox 1415 3876 2083 3946">
    <p class='ocr_par' dir='ltr' id='par_1_93' title="bbox 1415 3876 2083 3946">
     <span class='ocr_line' id='line_1_93' title="bbox 1415 3876 2083 3946; baseline 0.003 -18"><span class='ocrx_word' id='word_1_549' title='bbox 1415 3876 1562 3930; x_wconf 84' lang='lat' dir='ltr'><strong>Nihil</strong></span> <span class='ocrx_word' id='word_1_550' title='bbox 1586 3876 1876 3946; x_wconf 79' lang='lat' dir='ltr'><strong>desperare</strong></span> <span class='ocrx_word' id='word_1_551' title='bbox 1909 3877 2083 3946; x_wconf 78' lang='lat' dir='ltr'><strong>pejus,</strong></span> 
     </span>
    </p>
   </div>
   <div class='ocr_carea' id='block_1_94' title="bbox 1345 3967 2006 4038">
    <p class='ocr_par' dir='ltr' id='par_1_94' title="bbox 1345 3967 2006 4038">
     <span class='ocr_line' id='line_1_94' title="bbox 1345 3967 2006 4038; baseline 0.002 -17"><span class='ocrx_word' id='word_1_552' title='bbox 1345 3967 1429 4021; x_wconf 88' lang='lat' dir='ltr'><strong>Nil</strong></span> <span class='ocrx_word' id='word_1_553' title='bbox 1460 3969 1644 4038; x_wconf 88' lang='lat' dir='ltr'><strong>putavi</strong></span> <span class='ocrx_word' id='word_1_554' title='bbox 1673 3969 2006 4038; x_wconf 88' lang='lat' dir='ltr'><strong>perversius,</strong></span> 
     </span>
    </p>
   </div>
   <div class='ocr_carea' id='block_1_95' title="bbox 1346 4058 2098 4125">
    <p class='ocr_par' dir='ltr' id='par_1_95' title="bbox 1346 4058 2098 4125">
     <span class='ocr_line' id='line_1_95' title="bbox 1346 4058 2098 4125; baseline 0.001 -14"><span class='ocrx_word' id='word_1_555' title='bbox 1346 4058 1650 4112; x_wconf 77' lang='lat' dir='ltr'><strong>Praesertim</strong></span> <span class='ocrx_word' id='word_1_556' title='bbox 1675 4059 1718 4113; x_wconf 91' lang='lat' dir='ltr'><strong>si</strong></span> <span class='ocrx_word' id='word_1_557' title='bbox 1748 4069 1825 4124; x_wconf 91' lang='lat' dir='ltr'><strong>tu,</strong></span> <span class='ocrx_word' id='word_1_558' title='bbox 1856 4059 2098 4125; x_wconf 89' lang='lat' dir='ltr'><strong>domina,</strong></span> 
     </span>
    </p>
   </div>
   <div class='ocr_carea' id='block_1_96' title="bbox 1343 4147 2064 4218">
    <p class='ocr_par' dir='ltr' id='par_1_96' title="bbox 1343 4147 2064 4218">
     <span class='ocr_line' id='line_1_96' title="bbox 1343 4147 2064 4218; baseline 0.004 -17"><span class='ocrx_word' id='word_1_559' title='bbox 1343 4147 1457 4202; x_wconf 88' lang='lat' dir='ltr'><strong>Mea</strong></span> <span class='ocrx_word' id='word_1_560' title='bbox 1495 4148 1704 4218; x_wconf 86' lang='lat' dir='ltr'><strong>perfcrs</strong></span> <span class='ocrx_word' id='word_1_561' title='bbox 1731 4150 2064 4218; x_wconf 88' lang='lat' dir='ltr'><strong>precamina.</strong></span> 
     </span>
    </p>
   </div>
   <div class='ocr_carea' id='block_1_97' title="bbox 1413 4235 2218 4308">
    <p class='ocr_par' dir='ltr' id='par_1_97' title="bbox 1413 4235 2218 4308">
     <span class='ocr_line' id='line_1_97' title="bbox 1413 4235 2218 4308; baseline 0.002 -19"><span class='ocrx_word' id='word_1_562' title='bbox 1413 4237 1547 4290; x_wconf 89' lang='lat' dir='ltr'><strong>Cum</strong></span> <span class='ocrx_word' id='word_1_563' title='bbox 1575 4246 1753 4292; x_wconf 88' lang='lat' dir='ltr'><strong>mente</strong></span> <span class='ocrx_word' id='word_1_564' title='bbox 1784 4247 1957 4291; x_wconf 86' lang='lat' dir='ltr'><strong>tracto</strong></span> <span class='ocrx_word' id='word_1_565' title='bbox 1979 4235 2218 4308; x_wconf 88' lang='lat' dir='ltr'><strong>angelos,</strong></span> 
     </span>
    </p>
   </div>
   <div class='ocr_carea' id='block_1_98' title="bbox 1341 4325 2068 4398">
    <p class='ocr_par' dir='ltr' id='par_1_98' title="bbox 1341 4325 2068 4398">
     <span class='ocr_line' id='line_1_98' title="bbox 1341 4325 2068 4398; baseline 0 -16"><span class='ocrx_word' id='word_1_566' title='bbox 1341 4327 1640 4397; x_wconf 91' lang='lat' dir='ltr'><strong>Prophetas</strong></span> <span class='ocrx_word' id='word_1_567' title='bbox 1679 4339 1732 4382; x_wconf 91' lang='lat' dir='ltr'><strong>et</strong></span> <span class='ocrx_word' id='word_1_568' title='bbox 1772 4325 2068 4398; x_wconf 90' lang='lat' dir='ltr'><strong>apostolos,</strong></span> 
     </span>
    </p>
   </div>
   <div class='ocr_carea' id='block_1_99' title="bbox 1343 4419 2008 4487">
    <p class='ocr_par' dir='ltr' id='par_1_99' title="bbox 1343 4419 2008 4487">
     <span class='ocr_line' id='line_1_99' title="bbox 1343 4419 2008 4487; baseline 0 -15"><span class='ocrx_word' id='word_1_569' title='bbox 1343 4419 1677 4473; x_wconf 77' lang='lat' dir='ltr'><strong>Victoriosos</strong></span> <span class='ocrx_word' id='word_1_570' title='bbox 1719 4429 2008 4487; x_wconf 79' lang='lat' dir='ltr'><strong>martyres,</strong></span> 
     </span>
    </p>
   </div>
   <div class='ocr_carea' id='block_1_100' title="bbox 1343 4510 2065 4580">
    <p class='ocr_par' dir='ltr' id='par_1_100' title="bbox 1343 4510 2065 4580">
     <span class='ocr_line' id='line_1_100' title="bbox 1343 4510 2065 4580; baseline 0 -18"><span class='ocrx_word' id='word_1_571' title='bbox 1343 4511 1407 4563; x_wconf 79' lang='lat' dir='ltr'><strong>Et</strong></span> <span class='ocrx_word' id='word_1_572' title='bbox 1441 4510 1760 4580; x_wconf 86' lang='lat' dir='ltr'><strong>perpudicas</strong></span> <span class='ocrx_word' id='word_1_573' title='bbox 1786 4510 2022 4580; x_wconf 82' lang='lat' dir='ltr'><strong>virgines</strong></span> <span class='ocrx_word' id='word_1_574' title='bbox 2054 4528 2065 4562; x_wconf 92' lang='lat'><strong>:</strong></span> 
     </span>
    </p>
   </div>
   <div class='ocr_carea' id='block_1_101' title="bbox 1413 4605 2100 4674">
    <p class='ocr_par' dir='ltr' id='par_1_101' title="bbox 1413 4605 2100 4674">
     <span class='ocr_line' id='line_1_101' title="bbox 1413 4605 2100 4674; baseline 0 -16"><span class='ocrx_word' id='word_1_575' title='bbox 1413 4605 1600 4659; x_wconf 82' lang='lat' dir='ltr'><strong>Nullus</strong></span> <span class='ocrx_word' id='word_1_576' title='bbox 1628 4606 1758 4660; x_wconf 90' lang='lat' dir='ltr'><strong>mihi</strong></span> <span class='ocrx_word' id='word_1_577' title='bbox 1796 4607 2100 4674; x_wconf 87' lang='lat' dir='ltr'><strong>potentior,</strong></span> 
     </span>
    </p>
   </div>
   <div class='ocr_carea' id='block_1_102' title="bbox 1342 4695 1991 4758">
    <p class='ocr_par' dir='ltr' id='par_1_102' title="bbox 1342 4695 1991 4758">
     <span class='ocr_line' id='line_1_102' title="bbox 1342 4695 1991 4758; baseline -0.003 -8"><span class='ocrx_word' id='word_1_578' title='bbox 1342 4695 1532 4750; x_wconf 75' lang='lat' dir='ltr'><strong>Nullus</strong></span> <span class='ocrx_word' id='word_1_579' title='bbox 1571 4695 1991 4758; x_wconf 88' lang='lat' dir='ltr'><strong>misericordior,</strong></span> 
     </span>
    </p>
   </div>
   <div class='ocr_carea' id='block_1_103' title="bbox 1339 4786 2002 4856">
    <p class='ocr_par' dir='ltr' id='par_1_103' title="bbox 1339 4786 2002 4856">
     <span class='ocr_line' id='line_1_103' title="bbox 1339 4786 2002 4856; baseline 0.002 -16"><span class='ocrx_word' id='word_1_580' title='bbox 1339 4786 1560 4840; x_wconf 87' lang='lat' dir='ltr'><strong>Illorum</strong></span> <span class='ocrx_word' id='word_1_581' title='bbox 1593 4803 1725 4856; x_wconf 87' lang='lat' dir='ltr'><strong>pace</strong></span> <span class='ocrx_word' id='word_1_582' title='bbox 1749 4787 2002 4852; x_wconf 80' lang='lat' dir='ltr'><strong>dixerim,</strong></span> 
     </span>
    </p>
   </div>
   <div class='ocr_carea' id='block_1_104' title="bbox 1347 4879 2042 4934">
    <p class='ocr_par' dir='ltr' id='par_1_104' title="bbox 1347 4879 2042 4934">
     <span class='ocr_line' id='line_1_104' title="bbox 1347 4879 2042 4934; baseline -0.001 -1"><span class='ocrx_word' id='word_1_583' title='bbox 1347 4880 1570 4934; x_wconf 78' lang='lat' dir='ltr'><strong>Videtur</strong></span> <span class='ocrx_word' id='word_1_584' title='bbox 1600 4888 1773 4933; x_wconf 90' lang='lat' dir='ltr'><strong>matre</strong></span> <span class='ocrx_word' id='word_1_585' title='bbox 1811 4879 2042 4933; x_wconf 91' lang='lat' dir='ltr'><strong>Domini.</strong></span> 
     </span>
    </p>
   </div>
   <div class='ocr_carea' id='block_1_105' title="bbox 1417 4970 2220 5039">
    <p class='ocr_par' dir='ltr' id='par_1_105' title="bbox 1417 4970 2220 5039">
     <span class='ocr_line' id='line_1_105' title="bbox 1417 4970 2220 5039; baseline 0.005 -19"><span class='ocrx_word' id='word_1_586' title='bbox 1417 4971 1758 5039; x_wconf 83' lang='lat' dir='ltr'><strong>Quapropter</strong></span> <span class='ocrx_word' id='word_1_587' title='bbox 1783 4971 1920 5024; x_wconf 85' lang='lat' dir='ltr'><strong>hanc</strong></span> <span class='ocrx_word' id='word_1_588' title='bbox 1950 4970 2220 5039; x_wconf 71' lang='lat' dir='ltr'><strong>prmcipttc</strong></span> 
     </span>
    </p>
   </div>
   <div class='ocr_carea' id='block_1_106' title="bbox 1351 5060 2056 5118">
    <p class='ocr_par' dir='ltr' id='par_1_106' title="bbox 1351 5060 2056 5118">
     <span class='ocr_line' id='line_1_106' title="bbox 1351 5060 2056 5118; baseline -0.003 0"><span class='ocrx_word' id='word_1_589' title='bbox 1351 5063 1639 5118; x_wconf 79' lang='lat' dir='ltr'><strong>Patronam</strong></span> <span class='ocrx_word' id='word_1_590' title='bbox 1675 5078 1848 5116; x_wconf 85' lang='lat' dir='ltr'><strong>meant</strong></span> <span class='ocrx_word' id='word_1_591' title='bbox 1877 5060 2056 5116; x_wconf 80' lang='lat' dir='ltr'><strong>facere</strong></span> 
     </span>
    </p>
   </div>
   <div class='ocr_carea' id='block_1_107' title="bbox 1354 5140 2035 5223">
    <p class='ocr_par' dir='ltr' id='par_1_107' title="bbox 1354 5140 2035 5223">
     <span class='ocr_line' id='line_1_107' title="bbox 1354 5140 2035 5223; baseline -0.003 -14"><span class='ocrx_word' id='word_1_592' title='bbox 1354 5155 1496 5210; x_wconf 69' lang='lat' dir='ltr'><strong>man</strong></span> <span class='ocrx_word' id='word_1_593' title='bbox 1527 5153 1848 5223; x_wconf 76' lang='lat' dir='ltr'><strong>religiosius,</strong></span> <span class='ocrx_word' id='word_1_594' title='bbox 2033 5140 2035 5142; x_wconf 79' lang='grc'><em>’</em></span> 
     </span>
    </p>
   </div>
   <div class='ocr_carea' id='block_1_108' title="bbox 1351 5244 1964 5316">
    <p class='ocr_par' dir='ltr' id='par_1_108' title="bbox 1351 5244 1964 5316">
     <span class='ocr_line' id='line_1_108' title="bbox 1351 5244 1964 5316; baseline 0 -16"><span class='ocrx_word' id='word_1_595' title='bbox 1351 5247 1491 5300; x_wconf 70' lang='lat' dir='ltr'><strong>Nihil</strong></span> <span class='ocrx_word' id='word_1_596' title='bbox 1521 5254 1648 5316; x_wconf 89' lang='lat' dir='ltr'><strong>pttto</strong></span> <span class='ocrx_word' id='word_1_597' title='bbox 1681 5244 1964 5302; x_wconf 81' lang='lat' dir='ltr'><strong>salubrius.</strong></span> 
     </span>
    </p>
   </div>
   <div class='ocr_carea' id='block_1_109' title="bbox 2522 3331 3183 3402">
    <p class='ocr_par' dir='ltr' id='par_1_109' title="bbox 2522 3331 3183 3402">
     <span class='ocr_line' id='line_1_109' title="bbox 2522 3331 3183 3402; baseline 0.009 -20"><span class='ocrx_word' id='word_1_598' title='bbox 2522 3331 2662 3402; x_wconf 85' lang='lat' dir='ltr'><strong>Ergo</strong></span> <span class='ocrx_word' id='word_1_599' title='bbox 2698 3342 2872 3387; x_wconf 91' lang='lat' dir='ltr'><strong>mater</strong></span> <span class='ocrx_word' id='word_1_600' title='bbox 2903 3334 3183 3400; x_wconf 82' lang='lat' dir='ltr'><strong>mellillua,</strong></span> 
     </span>
    </p>
   </div>
   <div class='ocr_carea' id='block_1_110' title="bbox 2454 3425 3106 3496">
    <p class='ocr_par' dir='ltr' id='par_1_110' title="bbox 2454 3425 3106 3496">
     <span class='ocr_line' id='line_1_110' title="bbox 2454 3425 3106 3496; baseline 0.003 -20"><span class='ocrx_word' id='word_1_601' title='bbox 2454 3425 2519 3477; x_wconf 84' lang='lat' dir='ltr'><strong>Et</strong></span> <span class='ocrx_word' id='word_1_602' title='bbox 2547 3427 2696 3495; x_wconf 86' lang='lat' dir='ltr'><strong>virgo</strong></span> <span class='ocrx_word' id='word_1_603' title='bbox 2733 3426 3106 3496; x_wconf 86' lang='lat' dir='ltr'><strong>pudicissima,</strong></span> 
     </span>
    </p>
   </div>
   <div class='ocr_carea' id='block_1_111' title="bbox 2453 3515 3268 3586">
    <p class='ocr_par' dir='ltr' id='par_1_111' title="bbox 2453 3515 3268 3586">
     <span class='ocr_line' id='line_1_111' title="bbox 2453 3515 3268 3586; baseline 0.004 -19"><span class='ocrx_word' id='word_1_604' title='bbox 2453 3515 2604 3570; x_wconf 76' lang='lat' dir='ltr'><strong>Nunc</strong></span> <span class='ocrx_word' id='word_1_605' title='bbox 2645 3517 2696 3570; x_wconf 91' lang='lat' dir='ltr'><strong>in</strong></span> <span class='ocrx_word' id='word_1_606' title='bbox 2723 3518 2987 3586; x_wconf 67' lang='lat' dir='ltr'><strong>praesenti</strong></span> <span class='ocrx_word' id='word_1_607' title='bbox 3015 3517 3268 3573; x_wconf 85' lang='lat' dir='ltr'><strong>sentiam.</strong></span> 
     </span>
    </p>
   </div>
   <div class='ocr_carea' id='block_1_112' title="bbox 2452 3605 3295 3672">
    <p class='ocr_par' dir='ltr' id='par_1_112' title="bbox 2452 3605 3295 3672">
     <span class='ocr_line' id='line_1_112' title="bbox 2452 3605 3295 3672; baseline 0.006 -15"><span class='ocrx_word' id='word_1_608' title='bbox 2452 3605 2624 3672; x_wconf 88' lang='lat' dir='ltr'><strong>Quam</strong></span> <span class='ocrx_word' id='word_1_609' title='bbox 2657 3609 2721 3662; x_wconf 88' lang='lat' dir='ltr'><strong>de</strong></span> <span class='ocrx_word' id='word_1_610' title='bbox 2762 3618 2813 3664; x_wconf 86' lang='lat' dir='ltr'><strong>te</strong></span> <span class='ocrx_word' id='word_1_611' title='bbox 2839 3610 2908 3664; x_wconf 90' lang='lat' dir='ltr'><strong>do</strong></span> <span class='ocrx_word' id='word_1_612' title='bbox 2946 3609 3295 3664; x_wconf 82' lang='lat' dir='ltr'><strong>sententiam.</strong></span> 
     </span>
    </p>
   </div>
   <div class='ocr_carea' id='block_1_113' title="bbox 2528 3697 3202 3770">
    <p class='ocr_par' dir='ltr' id='par_1_113' title="bbox 2528 3697 3202 3770">
     <span class='ocr_line' id='line_1_113' title="bbox 2528 3697 3202 3770; baseline 0.007 -20"><span class='ocrx_word' id='word_1_613' title='bbox 2528 3697 2626 3752; x_wconf 84' lang='lat' dir='ltr'><strong>Mei</strong></span> <span class='ocrx_word' id='word_1_614' title='bbox 2655 3701 2934 3770; x_wconf 88' lang='lat' dir='ltr'><strong>querelam</strong></span> <span class='ocrx_word' id='word_1_615' title='bbox 2972 3701 3202 3770; x_wconf 90' lang='lat' dir='ltr'><strong>gemitus</strong></span> 
     </span>
    </p>
   </div>
   <div class='ocr_carea' id='block_1_114' title="bbox 2452 3792 3122 3864">
    <p class='ocr_par' dir='ltr' id='par_1_114' title="bbox 2452 3792 3122 3864">
     <span class='ocr_line' id='line_1_114' title="bbox 2452 3792 3122 3864; baseline 0.004 -19"><span class='ocrx_word' id='word_1_616' title='bbox 2452 3792 2570 3845; x_wconf 84' lang='lat' dir='ltr'><strong>Tibi</strong></span> <span class='ocrx_word' id='word_1_617' title='bbox 2587 3797 2815 3862; x_wconf 81' lang='lat' dir='ltr'><strong>impono</strong></span> <span class='ocrx_word' id='word_1_618' title='bbox 2849 3795 3122 3864; x_wconf 87' lang='lat' dir='ltr'><strong>primitus,</strong></span> 
     </span>
    </p>
   </div>
   <div class='ocr_carea' id='block_1_115' title="bbox 2452 3881 3332 3949">
    <p class='ocr_par' dir='ltr' id='par_1_115' title="bbox 2452 3881 3332 3949">
     <span class='ocr_line' id='line_1_115' title="bbox 2452 3881 3332 3949; baseline 0.002 -17"><span class='ocrx_word' id='word_1_619' title='bbox 2452 3881 2623 3947; x_wconf 87' lang='lat' dir='ltr'><strong>Quam</strong></span> <span class='ocrx_word' id='word_1_620' title='bbox 2650 3881 2893 3949; x_wconf 81' lang='lat' dir='ltr'><strong>perferas</strong></span> <span class='ocrx_word' id='word_1_621' title='bbox 2919 3883 2985 3934; x_wconf 84' lang='lat' dir='ltr'><strong>ad</strong></span> <span class='ocrx_word' id='word_1_622' title='bbox 3019 3882 3332 3945; x_wconf 90' lang='lat' dir='ltr'><strong>Dominum,</strong></span> 
     </span>
    </p>
   </div>
   <div class='ocr_carea' id='block_1_116' title="bbox 2452 3968 3140 4024">
    <p class='ocr_par' dir='ltr' id='par_1_116' title="bbox 2452 3968 3140 4024">
     <span class='ocr_line' id='line_1_116' title="bbox 2452 3968 3140 4024; baseline -0.003 0"><span class='ocrx_word' id='word_1_623' title='bbox 2452 3969 2519 4024; x_wconf 79' lang='lat' dir='ltr'><strong>Et</strong></span> <span class='ocrx_word' id='word_1_624' title='bbox 2554 3979 2699 4022; x_wconf 90' lang='lat' dir='ltr'><strong>tuum</strong></span> <span class='ocrx_word' id='word_1_625' title='bbox 2727 3984 2916 4023; x_wconf 90' lang='lat' dir='ltr'><strong>verum</strong></span> <span class='ocrx_word' id='word_1_626' title='bbox 2950 3968 3140 4022; x_wconf 90' lang='lat' dir='ltr'><strong>lilium.</strong></span> 
     </span>
    </p>
   </div>
   <div class='ocr_carea' id='block_1_117' title="bbox 2525 4060 3111 4124">
    <p class='ocr_par' dir='ltr' id='par_1_117' title="bbox 2525 4060 3111 4124">
     <span class='ocr_line' id='line_1_117' title="bbox 2525 4060 3111 4124; baseline 0 -11"><span class='ocrx_word' id='word_1_627' title='bbox 2525 4060 2693 4114; x_wconf 83' lang='lat' dir='ltr'><strong>Maria</strong></span> <span class='ocrx_word' id='word_1_628' title='bbox 2729 4060 2818 4113; x_wconf 86' lang='lat' dir='ltr'><strong>lux</strong></span> <span class='ocrx_word' id='word_1_629' title='bbox 2850 4061 3111 4124; x_wconf 79' lang='lat' dir='ltr'><strong>:etlterea,</strong></span> 
     </span>
    </p>
   </div>
   <div class='ocr_carea' id='block_1_118' title="bbox 2455 4147 3185 4218">
    <p class='ocr_par' dir='ltr' id='par_1_118' title="bbox 2455 4147 3185 4218">
     <span class='ocr_line' id='line_1_118' title="bbox 2455 4147 3185 4218; baseline -0.003 -14"><span class='ocrx_word' id='word_1_630' title='bbox 2455 4148 2522 4204; x_wconf 88' lang='lat' dir='ltr'><strong>Ut</strong></span> <span class='ocrx_word' id='word_1_631' title='bbox 2553 4164 2702 4203; x_wconf 90' lang='lat' dir='ltr'><strong>meas</strong></span> <span class='ocrx_word' id='word_1_632' title='bbox 2733 4163 2920 4218; x_wconf 89' lang='lat' dir='ltr'><strong>preces</strong></span> <span class='ocrx_word' id='word_1_633' title='bbox 2949 4147 3185 4212; x_wconf 83' lang='lat' dir='ltr'><strong>deferas,</strong></span> 
     </span>
    </p>
   </div>
   <div class='ocr_carea' id='block_1_119' title="bbox 2453 4239 3053 4309">
    <p class='ocr_par' dir='ltr' id='par_1_119' title="bbox 2453 4239 3053 4309">
     <span class='ocr_line' id='line_1_119' title="bbox 2453 4239 3053 4309; baseline -0.003 -14"><span class='ocrx_word' id='word_1_634' title='bbox 2453 4242 2552 4295; x_wconf 83' lang='lat' dir='ltr'><strong>Tui</strong></span> <span class='ocrx_word' id='word_1_635' title='bbox 2581 4249 2782 4296; x_wconf 90' lang='lat' dir='ltr'><strong>stratus</strong></span> <span class='ocrx_word' id='word_1_636' title='bbox 2807 4239 3053 4309; x_wconf 88' lang='lat' dir='ltr'><strong>vestigiis</strong></span> 
     </span>
    </p>
   </div>
   <div class='ocr_carea' id='block_1_120' title="bbox 2453 4331 3176 4401">
    <p class='ocr_par' dir='ltr' id='par_1_120' title="bbox 2453 4331 3176 4401">
     <span class='ocr_line' id='line_1_120' title="bbox 2453 4331 3176 4401; baseline -0.006 -13"><span class='ocrx_word' id='word_1_637' title='bbox 2453 4334 2631 4388; x_wconf 76' lang='lat' dir='ltr'><strong>Mente</strong></span> <span class='ocrx_word' id='word_1_638' title='bbox 2666 4334 2898 4400; x_wconf 86' lang='lat' dir='ltr'><strong>deposco</strong></span> <span class='ocrx_word' id='word_1_639' title='bbox 2927 4331 3176 4401; x_wconf 83' lang='lat' dir='ltr'><strong>supplici.</strong></span> 
     </span>
    </p>
   </div>
   <div class='ocr_carea' id='block_1_121' title="bbox 2523 4424 3248 4496">
    <p class='ocr_par' dir='ltr' id='par_1_121' title="bbox 2523 4424 3248 4496">
     <span class='ocr_line' id='line_1_121' title="bbox 2523 4424 3248 4496; baseline -0.006 -16"><span class='ocrx_word' id='word_1_640' title='bbox 2523 4426 2988 4496; x_wconf 87' lang='lat' dir='ltr'><strong>Computruerunt</strong></span> <span class='ocrx_word' id='word_1_641' title='bbox 3020 4424 3248 4493; x_wconf 87' lang='lat' dir='ltr'><strong>pristina</strong></span> 
     </span>
    </p>
   </div>
   <div class='ocr_carea' id='block_1_122' title="bbox 2457 4513 3113 4584">
    <p class='ocr_par' dir='ltr' id='par_1_122' title="bbox 2457 4513 3113 4584">
     <span class='ocr_line' id='line_1_122' title="bbox 2457 4513 3113 4584; baseline 0 -18"><span class='ocrx_word' id='word_1_642' title='bbox 2457 4513 2807 4570; x_wconf 78' lang='lat' dir='ltr'><strong>Peccatorum</strong></span> <span class='ocrx_word' id='word_1_643' title='bbox 2843 4515 3113 4584; x_wconf 86' lang='lat' dir='ltr'><strong>contagia,</strong></span> 
     </span>
    </p>
   </div>
   <div class='ocr_carea' id='block_1_123' title="bbox 2455 4608 3211 4678">
    <p class='ocr_par' dir='ltr' id='par_1_123' title="bbox 2455 4608 3211 4678">
     <span class='ocr_line' id='line_1_123' title="bbox 2455 4608 3211 4678; baseline 0 -16"><span class='ocrx_word' id='word_1_644' title='bbox 2455 4608 2559 4662; x_wconf 87' lang='lat' dir='ltr'><strong>Sed</strong></span> <span class='ocrx_word' id='word_1_645' title='bbox 2594 4608 2810 4678; x_wconf 89' lang='lat' dir='ltr'><strong>sapiens</strong></span> <span class='ocrx_word' id='word_1_646' title='bbox 2831 4618 2914 4663; x_wconf 91' lang='lat' dir='ltr'><strong>est</strong></span> <span class='ocrx_word' id='word_1_647' title='bbox 2939 4609 3211 4670; x_wconf 85' lang='lat' dir='ltr'><strong>medicus;</strong></span> 
     </span>
    </p>
   </div>
   <div class='ocr_carea' id='block_1_124' title="bbox 2454 4701 3230 4771">
    <p class='ocr_par' dir='ltr' id='par_1_124' title="bbox 2454 4701 3230 4771">
     <span class='ocr_line' id='line_1_124' title="bbox 2454 4701 3230 4771; baseline -0.001 -19"><span class='ocrx_word' id='word_1_648' title='bbox 2454 4702 2811 4771; x_wconf 85' lang='lat' dir='ltr'><strong>Omnipotens</strong></span> <span class='ocrx_word' id='word_1_649' title='bbox 2840 4709 2922 4755; x_wconf 90' lang='lat' dir='ltr'><strong>est</strong></span> <span class='ocrx_word' id='word_1_650' title='bbox 2949 4701 3230 4755; x_wconf 88' lang='lat' dir='ltr'><strong>Dominus.</strong></span> 
     </span>
    </p>
   </div>
   <div class='ocr_carea' id='block_1_125' title="bbox 2524 4791 3199 4852">
    <p class='ocr_par' dir='ltr' id='par_1_125' title="bbox 2524 4791 3199 4852">
     <span class='ocr_line' id='line_1_125' title="bbox 2524 4791 3199 4852; baseline -0.007 -6"><span class='ocrx_word' id='word_1_651' title='bbox 2524 4793 2600 4847; x_wconf 91' lang='lat' dir='ltr'><strong>De</strong></span> <span class='ocrx_word' id='word_1_652' title='bbox 2628 4792 2763 4845; x_wconf 89' lang='lat' dir='ltr'><strong>mala</strong></span> <span class='ocrx_word' id='word_1_653' title='bbox 2788 4791 3199 4852; x_wconf 89' lang='lat' dir='ltr'><strong>consuetudine,</strong></span> 
     </span>
    </p>
   </div>
   <div class='ocr_carea' id='block_1_126' title="bbox 2456 4876 3119 4939">
    <p class='ocr_par' dir='ltr' id='par_1_126' title="bbox 2456 4876 3119 4939">
     <span class='ocr_line' id='line_1_126' title="bbox 2456 4876 3119 4939; baseline -0.005 -6"><span class='ocrx_word' id='word_1_654' title='bbox 2456 4880 2550 4933; x_wconf 82' lang='lat' dir='ltr'><strong>Est</strong></span> <span class='ocrx_word' id='word_1_655' title='bbox 2577 4878 2763 4933; x_wconf 86' lang='lat' dir='ltr'><strong>ellicax</strong></span> <span class='ocrx_word' id='word_1_656' title='bbox 2795 4891 2878 4930; x_wconf 91' lang='lat' dir='ltr'><strong>me</strong></span> <span class='ocrx_word' id='word_1_657' title='bbox 2904 4876 3090 4930; x_wconf 90' lang='lat' dir='ltr'><strong>tollere</strong></span> <span class='ocrx_word' id='word_1_658' title='bbox 3103 4916 3119 4939; x_wconf 89' lang='lat'><strong>,</strong></span> 
     </span>
    </p>
   </div>
   <div class='ocr_carea' id='block_1_127' title="bbox 2458 4969 3178 5036">
    <p class='ocr_par' dir='ltr' id='par_1_127' title="bbox 2458 4969 3178 5036">
     <span class='ocr_line' id='line_1_127' title="bbox 2458 4969 3178 5036; baseline -0.006 -13"><span class='ocrx_word' id='word_1_659' title='bbox 2458 4971 2557 5036; x_wconf 89' lang='lat' dir='ltr'><strong>Qui</strong></span> <span class='ocrx_word' id='word_1_660' title='bbox 2605 4969 2887 5023; x_wconf 80' lang='lat' dir='ltr'><strong>suscitavit</strong></span> <span class='ocrx_word' id='word_1_661' title='bbox 2914 4969 3178 5022; x_wconf 86' lang='lat' dir='ltr'><strong>Lazarum</strong></span> 
     </span>
    </p>
   </div>
   <div class='ocr_carea' id='block_1_128' title="bbox 2461 5054 3229 5129">
    <p class='ocr_par' dir='ltr' id='par_1_128' title="bbox 2461 5054 3229 5129">
     <span class='ocr_line' id='line_1_128' title="bbox 2461 5054 3229 5129; baseline -0.005 -13"><span class='ocrx_word' id='word_1_662' title='bbox 2461 5054 2892 5129; x_wconf 79' lang='lat' dir='ltr'><strong>Quatriduanum</strong></span> <span class='ocrx_word' id='word_1_663' title='bbox 2933 5069 3229 5114; x_wconf 90' lang='lat' dir='ltr'><strong>mortumn.</strong></span> 
     </span>
    </p>
   </div>
   <div class='ocr_carea' id='block_1_129' title="bbox 2537 5147 3424 5220">
    <p class='ocr_par' dir='ltr' id='par_1_129' title="bbox 2537 5147 3424 5220">
     <span class='ocr_line' id='line_1_129' title="bbox 2537 5147 3424 5220; baseline -0.008 -14"><span class='ocrx_word' id='word_1_664' title='bbox 2537 5153 2665 5206; x_wconf 84' lang='lat' dir='ltr'><strong>Post</strong></span> <span class='ocrx_word' id='word_1_665' title='bbox 2695 5150 2900 5220; x_wconf 88' lang='lat' dir='ltr'><strong>Iapsutn</strong></span> <span class='ocrx_word' id='word_1_666' title='bbox 2933 5149 3149 5203; x_wconf 89' lang='lat' dir='ltr'><strong>Petrmn</strong></span> <span class='ocrx_word' id='word_1_667' title='bbox 3183 5147 3424 5216; x_wconf 86' lang='lat' dir='ltr'><strong>respicit,</strong></span> 
     </span>
    </p>
   </div>
   <div class='ocr_carea' id='block_1_130' title="bbox 2470 5239 3214 5315">
    <p class='ocr_par' dir='ltr' id='par_1_130' title="bbox 2470 5239 3214 5315">
     <span class='ocr_line' id='line_1_130' title="bbox 2470 5239 3214 5315; baseline -0.011 -15"><span class='ocrx_word' id='word_1_668' title='bbox 2470 5247 2534 5301; x_wconf 86' lang='lat' dir='ltr'><strong>Et</strong></span> <span class='ocrx_word' id='word_1_669' title='bbox 2567 5260 2762 5315; x_wconf 87' lang='lat' dir='ltr'><strong>magno</strong></span> <span class='ocrx_word' id='word_1_670' title='bbox 2797 5242 2922 5298; x_wconf 89' lang='lat' dir='ltr'><strong>llctu</strong></span> <span class='ocrx_word' id='word_1_671' title='bbox 2952 5239 3214 5304; x_wconf 91' lang='lat' dir='ltr'><strong>concutit,</strong></span> 
     </span>
    </p>
   </div>
   <div class='ocr_carea' id='block_1_131' title="bbox 1520 5356 2195 5424">
    <p class='ocr_par' dir='ltr' id='par_1_131' title="bbox 1520 5356 2195 5424">
     <span class='ocr_line' id='line_1_131' title="bbox 1520 5356 2195 5424; baseline 0.004 -14"><span class='ocrx_word' id='word_1_672' title='bbox 1520 5357 1599 5410; x_wconf 71' lang='lat' dir='ltr'>VA</span> <span class='ocrx_word' id='word_1_673' title='bbox 1613 5356 1749 5412; x_wconf 70' lang='lat' dir='ltr'><strong>[{le</strong></span> <span class='ocrx_word' id='word_1_674' title='bbox 1791 5357 2195 5424; x_wconf 62' lang='lat' dir='ltr'><strong>LEC&#39;I‘IONL‘S,</strong></span> 
     </span>
    </p>
   </div>
   <div class='ocr_carea' id='block_1_132' title="bbox 296 5467 1802 5539">
    <p class='ocr_par' dir='ltr' id='par_1_132' title="bbox 296 5468 1802 5528">
     <span class='ocr_line' id='line_1_132' title="bbox 296 5468 1802 5528; baseline 0.003 -7"><span class='ocrx_word' id='word_1_675' title='bbox 296 5468 401 5501; x_wconf 78' lang='grc'><strong>⁸⁷³⁸</strong></span> <span class='ocrx_word' id='word_1_676' title='bbox 432 5469 515 5522; x_wconf 76' lang='lat' dir='ltr'><strong>Ea:</strong></span> <span class='ocrx_word' id='word_1_677' title='bbox 543 5469 671 5526; x_wconf 72' lang='lat' dir='ltr'><strong>Mss.</strong></span> <span class='ocrx_word' id='word_1_678' title='bbox 702 5473 822 5527; x_wconf 85' lang='lat' dir='ltr'><strong>I60.</strong></span> <span class='ocrx_word' id='word_1_679' title='bbox 867 5473 996 5528; x_wconf 85' lang='lat' dir='ltr'><strong>Vict.</strong></span> <span class='ocrx_word' id='word_1_680' title='bbox 1029 5473 1150 5527; x_wconf 81' lang='grc' dir='ltr'><strong>ΚΚ.</strong></span> <span class='ocrx_word' id='word_1_681' title='bbox 1193 5473 1276 5527; x_wconf 80' lang='grc'><strong>16.</strong></span> <span class='ocrx_word' id='word_1_682' title='bbox 1309 5472 1466 5526; x_wconf 80' lang='lat' dir='ltr'><strong>simul</strong></span> <span class='ocrx_word' id='word_1_683' title='bbox 1498 5471 1703 5526; x_wconf 74' lang='lat' dir='ltr'><strong>collati:</strong></span> <span class='ocrx_word' id='word_1_684' title='bbox 1779 5473 1802 5502; x_wconf 63' lang='grc'><strong>¹“</strong></span> 
     </span>
    </p>
   </div>
   <div class='ocr_carea' id='block_1_133' title="bbox 1904 5467 3502 5539">
    <p class='ocr_par' dir='ltr' id='par_1_133' title="bbox 1911 5467 3502 5539">
     <span class='ocr_line' id='line_1_133' title="bbox 1911 5467 3502 5539; baseline -0.003 -13"><span class='ocrx_word' id='word_1_685' title='bbox 1911 5471 2257 5536; x_wconf 78' lang='lat' dir='ltr'><strong>Manuscript.</strong></span> <span class='ocrx_word' id='word_1_686' title='bbox 2304 5473 2434 5528; x_wconf 78' lang='lat' dir='ltr'><strong>Vict.</strong></span> <span class='ocrx_word' id='word_1_687' title='bbox 2479 5474 2560 5528; x_wconf 77' lang='lat' dir='ltr'><strong>Me</strong></span> <span class='ocrx_word' id='word_1_688' title='bbox 2591 5482 2757 5528; x_wconf 86' lang='lat' dir='ltr'><strong>terret</strong></span> <span class='ocrx_word' id='word_1_689' title='bbox 2795 5470 3122 5526; x_wconf 87' lang='lat' dir='ltr'><strong>conscientia</strong></span> <span class='ocrx_word' id='word_1_690' title='bbox 3144 5468 3276 5539; x_wconf 72' lang='lat' dir='ltr'><strong>quia</strong></span> <span class='ocrx_word' id='word_1_691' title='bbox 3301 5467 3502 5539; x_wconf 57' lang='lat' dir='ltr'><strong>delicti</strong></span> 
     </span>
    </p>
   </div>
   <div class='ocr_carea' id='block_1_134' title="bbox 205 5537 3495 5600">
    <p class='ocr_par' dir='ltr' id='par_1_134' title="bbox 205 5537 3495 5600">
     <span class='ocr_line' id='line_1_134' title="bbox 205 5537 3495 5600; baseline -0.001 -7"><span class='ocrx_word' id='word_1_692' title='bbox 205 5541 592 5597; x_wconf 84' lang='lat' dir='ltr'><strong>conscientia.</strong></span> <span class='ocrx_word' id='word_1_693' title='bbox 628 5543 694 5598; x_wconf 89' lang='lat' dir='ltr'><strong>Ut</strong></span> <span class='ocrx_word' id='word_1_694' title='bbox 725 5545 915 5599; x_wconf 87' lang='lat' dir='ltr'><strong>addam</strong></span> <span class='ocrx_word' id='word_1_695' title='bbox 939 5562 1033 5599; x_wconf 74' lang='lat' dir='ltr'><strong>ius.</strong></span> <span class='ocrx_word' id='word_1_696' title='bbox 1065 5545 1217 5599; x_wconf 64' lang='grc' dir='ltr'><strong>(ἐστι).</strong></span> <span class='ocrx_word' id='word_1_697' title='bbox 1259 5561 1346 5600; x_wconf 89' lang='lat' dir='ltr'><strong>me</strong></span> <span class='ocrx_word' id='word_1_698' title='bbox 1396 5553 1562 5597; x_wconf 90' lang='lat' dir='ltr'><strong>terret</strong></span> <span class='ocrx_word' id='word_1_699' title='bbox 1597 5543 1958 5600; x_wconf 58' lang='lat' dir='ltr'><strong>conscientia.</strong></span> <span class='ocrx_word' id='word_1_700' title='bbox 2014 5543 2081 5597; x_wconf 89' lang='lat' dir='ltr'><strong>Ut</strong></span> <span class='ocrx_word' id='word_1_701' title='bbox 2127 5545 2320 5598; x_wconf 81' lang='lat' dir='ltr'><strong>addant</strong></span> <span class='ocrx_word' id='word_1_702' title='bbox 2399 5546 2488 5577; x_wconf 77' lang='grc'><strong>⁸⁷³³</strong></span> <span class='ocrx_word' id='word_1_703' title='bbox 2514 5544 2614 5599; x_wconf 74' lang='lat' dir='ltr'><strong>Ms.</strong></span> <span class='ocrx_word' id='word_1_704' title='bbox 2639 5541 2828 5598; x_wconf 78' lang='lat' dir='ltr'><strong>Cister.</strong></span> <span class='ocrx_word' id='word_1_705' title='bbox 2877 5545 3029 5597; x_wconf 78' lang='lat' dir='ltr'><strong>Sicut</strong></span> <span class='ocrx_word' id='word_1_706' title='bbox 3070 5537 3310 5596; x_wconf 71' lang='lat' dir='ltr'><strong>eanims.</strong></span> <span class='ocrx_word' id='word_1_707' title='bbox 3358 5537 3495 5592; x_wconf 81' lang='lat' dir='ltr'><strong>Vici.</strong></span> 
     </span>
    </p>
   </div>
   <div class='ocr_carea' id='block_1_135' title="bbox 201 5607 532 5669">
    <p class='ocr_par' dir='ltr' id='par_1_135' title="bbox 201 5607 532 5669">
     <span class='ocr_line' id='line_1_135' title="bbox 201 5607 532 5669; baseline -0.018 0"><span class='ocrx_word' id='word_1_708' title='bbox 201 5614 382 5669; x_wconf 80' lang='lat' dir='ltr'><strong>sicut</strong></span> <span class='ocrx_word' id='word_1_709' title='bbox 399 5607 532 5664; x_wconf 86' lang='lat' dir='ltr'><strong>Cain</strong></span> 
     </span>
    </p>
   </div>
  </div>
