4048 6288
614 263 720 327 067
936 266 996 324 S.
1024 261 1338 324 .ANSELMI
1379 263 1731 321 CANTUAit.
1766 255 2084 318 ARCIllEP.
2128 256 2182 317 Ol

2322 254 2502 316 usus
2541 256 2583 316 ιι
2632 290 2701 300 -
2728 253 3102 316 causam.
3145 260 3234 318 ET
3260 264 3486 327 sscsr.
3703 285 3789 349 ,σε

617 380 729 438 Nec
746 379 1063 438 Cbanansea:
1090 382 1341 452 precibus

617 471 822 528 Abnuit
844 472 934 527 ltic
975 472 1259 543 propitius.

691 558 856 614 David
898 566 1019 627 post
1046 564 1153 611 tam
1186 553 1440 612 immania

619 649 874 706 Pmttituit
895 650 1121 720 ﬂagitia,

620 741 688 795 Et
717 748 836 810 post
861 739 1071 795 laudari
1100 737 1300 793 meruit

619 829 731 887 Ore
757 829 923 900 ipsius
952 828 1185 884 Domini.

689 919 841 977 Unde
869 936 1095 976 securus
1125 919 1355 984 credidi,

615 1014 657 1070 Α
694 1024 1036 1084 peccatorum
1071 1010 1305 1068 vinculis

621 1102 706 1159 Me
731 1104 842 1158 cito
875 1118 1034 1173 posse
1072 1102 1211 1166 erui,

623 1200 684 1257 Si
715 1209 770 1254 tu
806 1209 1017 1255 tantum
1047 1197 1291 1268 petieris.

694 1286 864 1342 Mater
888 1285 1293 1349 misericordiae,

620 1375 717 1430 Sic
746 1373 997 1430 atiectum
1032 1382 1378 1427 contemnere

621 1462 806 1530 Vales,
830 1478 949 1533 qua:
980 1476 1143 1517 vocas
1163 1460 1374 1529 impios,

622 1551 694 1607 Et
711 1565 815 1606 non
843 1548 1057 1620 spernis
1082 1545 1406 1603 incredulos.

694 1639 832 1707 Quid
862 1638 916 1692 in
956 1636 1120 1692 Maria
1155 1635 1409 1707 gesseris,

619 1729 769 1788 Illam
794 1731 915 1786 dico
946 1728 1276 1801 Egyptiam,

623 1824 854 1880 Prorsus
876 1821 1026 1877 novit
1053 1818 1317 1883 Ecclesia,

622 1912 693 1972 Et
709 1916 943 1972 exsultat
969 1915 1022 1970 in
1053 1913 1250 1986 gratia.

644 2072 649 2075 _
696 2001 1030 2073 Theophilus
1059 1999 1273 2056 diabolo

625 2092 736 2147 Sno
764 2094 923 2149 datus
949 2090 1335 2160 chirographo,

623 2181 788 2248 Quasi
814 2196 843 2235 a
869 2180 1033 2235 fundo
1059 2179 1319 2244 barathri,

621 2269 727 2326 Per
753 2278 805 2325 te
838 2268 1025 2324 reduci
1060 2268 1251 2339 potuit.

696 2356 800 2414 Sed
830 2356 953 2428 quis
976 2358 1153 2413 verbis
1176 2354 1659 2427 comprenderetm

624 2444 722 2505 Vel
751 2449 1018 2518 scriptura
1043 2447 1301 2516 dirigere,

620 2537 871 2605 Quotidie
897 2552 1033 2608 quos
1065 2537 1290 2604 liberas,

620 2628 690 2684 Et
708 2630 820 2693 Deo
842 2622 1158 2687 reconcilias
1183 2629 1207 2682 ?

597 2741 603 2747 σ
691 2718 786 2775 llis
802 2718 916 2790 jam
941 2721 1029 2776 ditt
1072 2720 1441 2791 prtemonitus,

620 2805 701 2861 Ad
729 2816 781 2862 te
803 2806 1016 2879 confugi
1037 2808 1314 2872 credulus,

618 2896 697 2954 Ne
730 2915 816 2956 me
840 2900 926 2970 pia
946 2901 1193 2971 abjicias,

619 2986 856 3063 Supplex
880 3007 977 3049 oro
1014 3001 1074 3047 ut
1104 2992 1452 3049 ἀῦσαι-35³⁷³⁸.

692 3084 1004 3141 Devotionis
1030 3085 1303 3156 lacrymas

615 3173 789 3244 Quam
824 3174 1055 3246 primum
1085 3177 1218 3231 mihi
1261 3177 1511 3246 impetra,

620 3260 689 3318 Ut
709 3262 819 3318 sint
839 3262 970 3318 satis
995 3263 1203 3318 idonea:

613 3352 762 3408 Meas
792 3353 980 3410 sordes
1010 3353 1217 3409 eluere.

684 3442 879 3512 Turpis
914 3443 1350 3513 concupiscentia

611 3532 821 3602 Corpus
841 3546 941 3589 nec
967 3543 1203 3588 mentem
1233 3534 1458 3603 polluat,

612 3626 744 3696 Quae
771 3636 861 3682 tua
891 3628 993 3684 sub
1031 3629 1272 3707 custodia

1648 427 1655 431 .
1719 377 1839 433 Jam
1863 356 2136 448 deputari,
2162 376 2406 435 domina.

1790 468 1926 524 Nam
1957 467 2253 537 Scriptura:
2274 467 2585 533 auctoritas,

1723 560 1789 615 Et
1817 574 1973 615 sacra
1995 559 2194 615 clamat
2216 559 2431 615 veritas
2528 594 2531 595 ν

1688 648 1695 652 ’
1721 655 1930 727 Corpus
1962 657 2200 728 peccatis
2224 654 2518 721 subditum,

1686 822 1690 826 '
1724 745 1983 802 Sanctum
2006 748 2159 803 odire
2189 747 2465 817 spiritum,

1792 835 1970 891 Furor
2000 844 2049 890 et
2090 834 2392 907 indignatio

1723 927 1920 983 Procul
1947 927 2079 983 ﬁant
2107 929 2177 983 ab
2208 928 2391 983 animo

1724 1018 1895 1085 Quem
1919 1017 2099 1073 tutelae
2125 1017 2484 1073 sanctissima:

1722 1109 2115 1180 Pmelegitm'
2138 1108 2499 1164 committere.

1794 1198 1910 1255 Non
1939 1199 2121 1254 odium
2157 1206 2442 1268 exasperet

1723 1290 1990 1348 lactantia
2018 1305 2126 1345 non
2155 1289 2347 1352 elevet,

1727 1384 1887 1441 Livor
1906 1386 2179 1442 edaxnon
2209 1393 2389 1446 acuat,

1727 1475 1834 1531 Sed
1861 1491 1965 1546 pax
1995 1491 2121 1531 vera
2154 1474 2442 1545 possideat.

1796 1568 2073 1631 blandum,
2109 1567 2153 1621 si
2179 1566 2315 1621 ridet
2348 1564 2550 1635 fugiant
2583 1580 2598 1628 ;

1729 1661 1835 1716 Aut
1855 1662 1899 1716 si
1930 1663 2100 1724 smvit,
2131 1658 2419 1720 irrideant;

1727 1745 1862 1817 Quia
1892 1749 1983 1819 qui
2010 1748 2162 1802 illum
2191 1746 2385 1817 diligit,

1724 1820 1943 1895 Christo
1981 1848 2233 1895 constare
2261 1836 2477 1893 desinit.

1800 1929 1908 1986 Sed
1955 1929 2197 1984 studiosa
2222 1927 2406 1995 lectio,

1729 2019 1797 2074 Et
1823 2026 2145 2088 compuncta
2178 2018 2375 2083 oratio,

1728 2108 2130 2164 lncumbentem
2154 2108 2408 2164 exsatiet.

1731 2206 1794 2261 Et
1823 2204 2114 2262 haerentem
2142 2205 2391 2261 inebriet.

1798 2294 1854 2350 In
1884 2304 1935 2349 te
1975 2294 2173 2350 mentis
2206 2295 2482 2359 intuitum,

1728 2385 1915 2440 Mortis
1943 2398 2150 2440 versent
2190 2384 2457 2449 aculeum,

1726 2475 1794 2531 Et
1817 2477 1861 2531 si
1895 2483 2047 2530 tanto
2069 2475 2158 2508 ⁸⁷³⁷
2190 2474 2514 2546 suspectior,

1698 2584 1703 2587 ι
1725 2565 1938 2634 Quanto
1964 2572 2147 2621 manet
2168 2565 2432 2621 decultior
2449 2564 2563 2617 ³⁷³⁸.

1795 2656 1957 2729 287
1981 2656 2027 2712 O
2052 2656 2199 2723 Jestt,
2235 2656 2349 2710 Rex
2377 2654 2660 2722 altissime,

1724 2749 1770 2805 0
1792 2751 1912 2806 fons
1937 2749 2340 2813 misericordias,

1727 2839 1924 2896 iloratu
1949 2839 2141 2895 mortis
2163 2838 2482 2905 terribilem,

1726 2925 1830 2979 Pro
1849 2940 1945 2996 spe
1961 2926 2098 2980 bona
2128 2923 2214 2979 l’ac
2243 2923 2481 2979 fat-item.

1794 3013 1999 3070 Secura
2028 3014 2363 3069 conscientia

1724 3106 1841 3162 Non
1868 3104 1941 3161 ibi
1968 3103 2196 3163 multum
2233 3105 2468 3174 trepidat

1724 3195 1858 3251 Nam
1888 3212 1984 3268 spe
1999 3195 2140 3253 facta
2173 3194 2447 3251 robustior

1725 3274 1947 3342 Multum
1982 3284 2177 3339 transit
2205 3283 2563 3340 constantior.

1793 3376 1908 3432 Non
1942 3376 2088 3431 aliud
2111 3375 2181 3430 sit
2206 3377 2480 3446 gaudium,
2539 3392 2554 3399 '

1631 3455 1635 3459 ’
1724 3466 1821 3524 Vel
1851 3485 2029 3524 meum
2055 3469 2379 3525 desiderium

1722 3561 1896 3628 Quam
1925 3571 1984 3615 ut
2009 3569 2208 3616 exutus
2236 3575 2463 3629 corpore

1722 3652 1840 3707 Tibi
1871 3652 2072 3724 possim
2099 3652 2376 3707 assistere.

2905 377 2952 434 Ο
2976 393 3070 433 vos
3098 379 3360 437 caelorum
3382 384 3572 455 incola,

2833 468 2994 526 Cives
3016 487 3261 543 supernae
3282 478 3477 547 patriar,

2833 560 2936 629 Qui
2970 562 3080 618 Deo
3105 562 3200 595 "”
3227 546 3479 633 fruimini,

2832 652 2998 710 Nobis
3035 664 3092 711 et
3119 659 3477 727 compatimini
3510 663 3613 722 "“.

2905 742 3135 798 Michael
3164 743 3216 798 in
3245 745 3543 804 coelestibus

2831 832 2933 900 Qui
2965 832 3254 903 praefulges
3275 837 3585 908 agminibus,

2833 920 2941 976 Pro
2964 923 3187 992 speciali
3215 925 3402 993 gloria.

2833 1015 2999 1073 Nobis
3028 1017 3217 1075 confer
3236 1018 3443 1076 solatia.

2894 1108 3092 1177 Angeli
3123 1122 3257 1180 quos
3276 1110 3546 1180 gravissim

2831 1199 3025 1255 Carnis
3057 1215 3163 1254 non
3201 1201 3396 1269 premit
3423 1202 3642 1273 sarcina,

2832 1285 2996 1343 Orate
3022 1303 3121 1358 pro
3142 1288 3465 1345 hominibus.

2833 1382 2946 1439 Sub
2973 1399 3036 1438 ea
3070 1382 3461 1438 laborantibus.

2902 1475 3140 1531 Joannes
3166 1484 3350 1530 vatum
3369 1476 3620 1543 maxime,

2834 1567 3157 1623 Precantum
3196 1567 3359 1622 verba
3381 1568 3578 1638 excipe,

2835 1653 2902 1710 Et
2923 1653 3310 1724 prophetarum
3344 1668 3612 1708 numerum

2832 1742 2913 1797 Ad
2937 1740 3039 1795 hoc
3067 1739 3242 1795 ascito
3268 1741 3496 1796 socium.

2906 1830 3092 1897 Pt-tre,
3125 1831 3369 1902 piscator
3394 1830 3674 1897 hominum,

2835 1921 2900 1977 Et
2934 1920 3099 1976 Paule
3125 1921 3324 1977 doctor
3352 1921 3583 1990 gentium

2832 2010 2968 2066 Cum
2995 2009 3208 2065 caeteris
3231 2009 3497 2080 apostolis

2833 2100 2948 2173 Ope
2961 2101 3149 2172 jnvate
3176 2100 3369 2156 celeri.

2905 2190 3178 2262 Stephane
3198 2207 3328 2247 cum
3350 2189 3650 2258 Laurentio,

2835 2278 3027 2353 Magno
3046 2281 3261 2352 praelati
3287 2282 3502 2347 merito,

2832 2370 2968 2426 Cum
2992 2372 3159 2425 multa
3190 2372 3353 2427 turba
3378 2382 3678 2445 martyrum,

2832 2457 3087 2531 Magnum
3107 2461 3245 2516 ferte
3272 2461 3602 2533 praesidium.

2905 2549 3013 2607 Vos
3034 2553 3385 2608 confessores
3407 2553 3645 2624 inclytus.

2837 2639 2955 2697 Vita
2981 2651 3183 2698 aeterna
3210 2642 3479 2713 praeditos
3505 2642 3616 2708 "",

2831 2728 3181 2799 Nequaquam
3201 2728 3604 2792 obliviscimur,

2832 2820 2939 2876 Sed
2963 2820 3162 2874 obnixe
3194 2818 3575 2890 deposcimus.

2902 2910 2972 2967 Ut
2995 2911 3087 2981 qtti
3108 2924 3207 2980 per
3239 2909 3568 2980 temporalia

2830 2994 3126 3051 Transistis
3153 3006 3208 3050 ct
3239 2996 3489 3067 fragilia,
3586 3055 3590 3058 ἠ

2830 3082 3022 3140 Adhuc
3044 3097 3144 3152 pro
3169 3082 3591 3138 decertantibus

2734 3167 2743 3173 ’
2831 3168 3006 3223 Tanto
3044 3167 3267 3223 instetis
3293 3166 3617 3238 promptius.

2900 3259 3102 3331 Agnes,
3125 3257 3324 3326 Tecla,
3360 3257 3579 3314 Cmcilia
3605 3256 3715 3289 ηδ’·

2828 3349 2940 3406 Nec
2965 3364 3074 3404 non
3098 3356 3155 3404 et
3177 3347 3558 3414 Scholastica,

2832 3440 2900 3494 Et
2920 3454 3113 3496 omnes
3142 3448 3365 3493 sancta
3398 3438 3654 3509 virginea,

2833 3528 2938 3585 Pro
2958 3527 3116 3584 nobis
3137 3535 3289 3584 state
3316 3526 3594 3598 supplices
3619 3522 3722 3575 ηδ’.

1029 3825 1285 3884 ORATIO
1320 3826 1458 3883 LXII
1497 3825 1591 3900 [οι.
1632 3823 1795 3897 LXI].
2214 3832 2263 3890 Α
2295 3834 2390 3889 per
2415 3818 2639 3889 abrupta
2670 3817 2923 3873 vitiorum
2953 3815 3173 3872 deviare
3199 3812 3594 3887 perspexeris,
3614 3825 3704 3882 per
3722 3802 3848 3863 semi-

1053 3934 1124 3974 Δί)
1161 3933 1407 3975 ΔΝϐΕῐιυὶί
1444 3932 1745 3975 ευετοιιειι.

677 4010 917 4069 Obsecro
945 4018 1017 4077 te,
1046 4010 1286 4082 angelice
1307 4009 1550 4080 spiritus,
1597 4009 1686 4064 cui
1743 4024 1844 4080 ego
1896 4007 1962 4063 ad
2009 4004 2187 4077 provi-

605 4102 843 4159 dendum
877 4102 1197 4158 commissus
1227 4117 1343 4158 sum
1376 4120 1405 4159 a
1436 4104 1565 4166 Deo,
1607 4112 1665 4158 ut
1686 4102 1958 4158 custodias
1985 4108 2072 4154 me
2098 4099 2185 4169 in-

605 4191 921 4247 desinenter
944 4201 996 4246 et
1018 4201 1291 4262 protegas,
1326 4194 1511 4250 visites
1538 4202 1594 4249 ct
1620 4193 1876 4248 delendas
1919 4191 1988 4246 ab
2036 4188 2184 4243 omni

604 4282 828 4338 incursu
852 4283 1046 4339 diaboli
1068 4285 1378 4355 vigilantem
1408 4296 1463 4343 et
1494 4285 1870 4348 dormientem,
1910 4289 2069 4337 nocte
2119 4296 2186 4336 ac

606 4374 715 4438 die,
741 4375 889 4431 horis
910 4377 1176 4432 continuis
1201 4392 1264 4432 ac
1294 4379 1578 4434 momentis
1624 4377 1848 4432 confore
1897 4389 2011 4439 me;
2067 4373 2185 4428 nbi-

605 4479 820 4536 cunque
846 4467 968 4522 ideo
986 4468 1248 4523 comitare
1277 4483 1510 4523 mecum.
1541 4468 1756 4539 Repello
1779 4483 1807 4522 a
1838 4481 1922 4522 me
1965 4480 2181 4522 omnem

607 4562 959 4615 tentatiouem
987 4559 1221 4623 Satanre,
1253 4569 1308 4616 et
1333 4560 1473 4629 quod
1499 4575 1616 4615 mea
1663 4576 1765 4613 non
1801 4558 2025 4628 exigunt
2069 4570 2183 4611 me-

607 4645 738 4712 rita,
772 4647 877 4702 tuis
910 4648 1158 4717 precibus
1185 4648 1369 4703 obtine
1420 4650 1563 4718 apud
1614 4647 2180 4718 misericordissimam

600 4738 838 4811 iudicem
857 4746 912 4794 et
934 4738 1213 4794 Dominum
1243 4747 1509 4804 nostrum,
1539 4739 1628 4811 qui
1659 4748 1710 4795 te
1760 4738 1889 4794 mihi
1947 4746 2179 4792 tutorem

604 4829 920 4899 assignavit,
947 4840 1001 4884 et
1032 4845 1114 4886 me
1145 4831 1239 4886 tibi
1268 4830 1683 4898 commendavit,
1709 4838 1769 4885 ut
1821 4828 1953 4883 nihil
2001 4828 2055 4883 in
2094 4842 2181 4882 me

608 4916 708 4974 loci
739 4919 936 4977 habeat
957 4924 1246 4979 contraria:
1273 4922 1486 4978 virtutis
1511 4922 1782 4978 admistio.
1825 4920 2069 4991 Cumque
2096 4934 2182 4974 me

2292 3921 2375 3966 tas
2399 3909 2623 3979 iustitia:
2650 3909 2717 3964 ad
2747 3902 3160 3977 ttetlemptorem
3191 3921 3391 3962 meum
3444 3905 3699 3961 reducere
3730 3903 3845 3952 sata-

2290 4017 2385 4073 gas
2415 4015 2522 4069 me,
2551 4010 2602 4056 et
2626 4000 2679 4055 in
2716 4014 3035 4071 quacunque
3075 3999 3344 4068 angustia
3390 4013 3486 4053 me
3535 3986 3850 4067 perspexeris;

2290 4092 2546 4147 auxilium
2600 4093 2692 4147 Dei
2724 4089 3108 4160 omnipotentis
3154 4098 3255 4143 tuo
3309 4088 3548 4143 obtentu
3594 4096 3744 4152 super
3787 4089 3853 4129 me

2288 4196 2410 4238 csse
2443 4181 2695 4237 sentiam.
2715 4179 2915 4234 Precor
2934 4193 3081 4250 ergo,
3110 4178 3155 4233 si
3184 4177 3314 4233 ﬁeri
3346 4184 3562 4249 potest,
3605 4178 3664 4227 ut
3705 4175 3853 4225 notum

2291 4271 2424 4327 mihi
2460 4271 2628 4327 facias
2660 4268 2821 4325 linem
2856 4285 3057 4337 meum,
3112 4276 3337 4324 etcum
3404 4270 3477 4323 de
3518 4268 3623 4321 hoc
3674 4265 3856 4325 con-ore

2286 4364 2513 4419 eductus
2542 4361 2713 4429 fuero,
2743 4374 2848 4418 non
2863 4361 3104 4416 dimittas
3121 4360 3414 4429 malignos
3443 4358 3670 4431 spiritus
3693 4357 3859 4408 terrere

2296 4468 2403 4519 me,
2434 4466 2524 4508 aut
2552 4454 2799 4520 illudere,
2825 4467 3000 4524 neque
3027 4453 3080 4507 in
3107 4452 3336 4507 foveam
3371 4444 3762 4522 desperationis
3795 4441 3857 4492 ἰαί

2287 4544 2504 4600 ducere.
2544 4543 2732 4598 Etnon
2761 4558 2849 4597 me
2869 4523 3237 4612 derelinquas,
3282 4542 3479 4598 donec
3523 4539 3775 4612 perducas
3811 4523 3861 4583 all

2286 4636 2546 4692 visionem
2574 4634 2881 4691 Conditoris
2903 4635 3039 4701 mei,
3063 4633 3153 4689 ubi
3180 4636 3535 4704 perenniter
3575 4645 3697 4687 cum
3718 4620 3862 4681 oculis

2285 4726 2389 4781 bus
2421 4727 2624 4782 sanctis
2649 4735 2742 4782 tuo
2770 4727 3072 4781 interventu
3102 4738 3337 4781 merear
3363 4722 3581 4791 lmtari,
3617 4716 3865 4793 pansum

2289 4817 2516 4872 Domino
2545 4827 2729 4873 nostro
2747 4814 2873 4874 Jesu
2901 4815 3135 4872 Christo.

1889 5097 1981 5153 VA
1995 5095 2130 5152 ΒΙᾸΞ
2173 5092 2578 5151 ιΕοτιοΝΕς.

680 5268 773 5306 ⁸⁷⁸⁵
807 5270 882 5326 Μ.
913 5269 1099 5351 Cister.
1121 5268 1596 5379 Comprehendere
1637 5269 1719 5324 vel
1758 5269 2026 5341 scriptura
2049 5269 2341 5341 diligenter
2374 5286 2475 5324 ms.
2508 5268 2642 5323 Vict.
2681 5268 3166 5338 comprehenderet
3200 5267 3300 5322 vei
3364 5272 3658 5343 scriptura
3704 5267 3877 5336 digere-

680 5354 691 5379 ι
766 5341 859 5376 ms
895 5339 939 5379 ﬂ
1009 5339 1185 5379 ίῖιιιυι·
1234 5340 1250 5379 I
1282 5350 1293 5379 I
1323 5340 1541 5379 ιιιπμωα
1571 5357 1671 5379 nn-
1710 5339 1817 5379 Vin
1873 5339 1954 5379 νιιΙ
1989 5339 2206 5379 ,ιιιτρνηα
2280 5336 2372 5372 i730
2405 5338 2482 5379 ΙΙ.
2527 5338 2709 5379 (fiunt
2746 5338 3019 5379 Dmnlpait
3051 5355 3149 5379 θυι
3193 5335 3325 5379 Vin
3388 5342 3659 5379 ηειωηὶΜὶ
3693 5338 3776 5372 "3'
3806 5332 3877 5379 lis.

606 5354 694 5404 ret
766 5341 859 5376 ¹⁷⁸⁸
888 5339 965 5395 Μ.
1009 5339 1204 5396 Cister.
1234 5339 1270 5395 U

602 5415 795 5470 (Σίδην.
831 5411 899 5467 Ει
922 5410 983 5464 iit
1015 5419 1164 5467 tanto
1185 5425 1286 5462 ms.
1329 5407 1469 5463 Vict.
1492 5420 1546 5464 et
1576 5411 1644 5464 sit
1666 5418 1815 5465 tanto
1919 5409 2013 5442 ⁸⁷³⁸
2038 5407 2145 5463 Hs.
2180 5434 2182 5447 ι

2289 5419 2371 5464 'er.
2412 5409 2687 5463 Decultior
2717 5423 2815 5462 ms.
2852 5406 2983 5462 Vici.
3008 5406 3285 5462 occultior
3388 5406 3507 5443 ""9

1282 5340 1541 5411 tdiﬂ‘eras
1571 5357 1671 5395 ms.
1710 5339 1839 5394 Vict.
1871 5332 2242 5411 'vel_t_liil'eras__
2280 5336 2372 5372 ’⁷³⁸
2396 5338 2503 5411 ys.
2527 5338 2714 5411 Cister.
2744 5332 3023 5411 Prmelegit
3051 5355 3157 5411 ms.
3186 5335 3353 5411 Vict.
3388 5332 3661 5411 prxéelegi
3693 5332 3782 5411 "ﬁ
3802 5332 3881 5389 iis.

3629 5406 3676 5464 ὲ.
3727 5406 3880 5461 Ciam.

599 5484 706 5552 Qui
757 5483 867 5538 Deo
886 5496 987 5536 ms.
1014 5478 1151 5552 Vict.
1185 5480 1276 5549 qui
1303 5478 1600 5552 _jatnl)e0_
1656 5481 1770 5552 m°_
1803 5479 1907 5536 Ms.
1958 5478 2153 5552 αξιοι.
2202 5478 2580 5552 Compatituini
2612 5493 2719 5552 ms_._
2767 5477 2901 5552 Vict.
2950 5476 3417 5552 cornpati_a_tniui_
3452 5479 3554 5552 ιω
3596 5478 3703 5552 Hs.
3731 5474 3884 5552 (Σῇιίῑο

602 5550 867 5612 Invictam
894 5550 1135 5669 perditos
1159 5565 1257 5604 ms.

602 5621 704 5669 ιω
744 5621 848 5669 Ms.
940 5622 1031 5669 icl.
1076 5620 1257 5669 Exulic

601 5621 704 5685 "‘3
744 5621 848 5677 Ms.

1350 5544 1439 5619 iet.
1496 5549 1695 5605 invicta
1746 5550 1850 5605 title
1879 5550 2133 5619 praeditos
2206 5549 2297 5619 ηιξ
2330 5544 2436 5619 Ms.
2467 5547 2881 5619 Cister10ecilia
2920 5544 3114 5619 actus.
3165 5544 3327 5619 Vict.
3376 5550 3625 5619 Cecilia,
3656 5548 3813 5606 Lucis
3841 5554 3882 5595 at

940 5622 1031 5675 ict.
1074 5620 1385 5688 Expliciunt
1410 5618 1697 5674 Orationes
1723 5633 1818 5674 seu
1848 5616 2228 5675 Mcditationes
2266 5617 2325 5673 S.
2363 5618 2604 5675 Anselmi
2627 5617 3034 5674 Cantttariensis
3052 5616 3531 5691 Archiepiscopi.
