4048 6288
602 341 699 397 97l

963 338 1021 394 S.
1050 337 1349 394 ANSELMI
1392 338 1737 395 CANTUAR.
1774 338 2089 395 AIICIIIEP.
2132 339 2280 396 OPP.
2325 336 2501 396 PARS
2537 340 2600 395 II.
2638 372 2700 382 ——
2732 340 3100 397 PAIlAZNET.
3141 342 3227 399 ET
3255 344 3500 401 ASCET.

3756 319 3876 404 972"

596 456 669 512 lia
694 471 790 511 sua
842 471 1001 527 quam
1039 456 1222 526 fugere
1278 472 1383 510 non
1462 465 1656 525 potest.
1712 455 1882 509 Nimis
1936 455 2186 511 miserior
2213 466 2257 517 Α
2287 458 2416 511 mibi
2450 458 2586 511 hanc
2615 456 3039 512 misericordiam
3070 466 3126 511 ut
3156 458 3309 513 tollat
3334 472 3558 528 peccata
3583 476 3725 515 mea.
3761 463 3858 530 Tu,

593 564 753 617 quem
777 556 1052 618 exspectat
1077 548 1352 602 damnatio
1379 564 1498 611 sua,
1522 563 1685 617 quam
1722 548 1892 601 vitare
1922 562 2027 601 non
2082 563 2176 617 po-

594 650 715 693 test.
742 638 914 693 Nimis
940 637 1125 691 infelix
1154 638 1243 707 qui
1276 639 1391 708 ipse
1420 638 1519 693 sibi
1544 648 1626 694 est
1671 638 1964 693 horribilis.
2004 638 2175 693 Nimis

590 729 880 793 infelicior,
915 728 1001 783 cui
1058 744 1205 784 mors
1248 730 1353 784 erit
1398 739 1597 784 :eterna
1657 730 1947 785 sensibilis.
2004 714 2172 785 Nimis

588 834 945 884 :ernmnosns,
974 835 1135 888 quem
1168 820 1637 874 terrent-continui
1672 821 1739 874 de
1788 834 1883 875 sua
1932 819 2175 874 foeditate

586 912 859 991 horreres.
877 910 1047 966 Nimis
1072 912 1447 978 aerumnosior,
1472 926 1631 981 quem
1650 910 2171 981 torquebuntmterni

482 1020 491 1027 δ
583 1014 685 1070 pro
712 1017 806 1057 sua
832 1002 1119 1073 iniquitate
1160 1002 1396 1058 dolores.
1446 1002 1644 1057 Malum
1699 1002 1823 1069 boc,
1869 1011 1923 1056 et
1969 1002 2169 1056 malum

579 1094 718 1159 boc;
748 1095 841 1149 sed
873 1094 1034 1149 nimis
1056 1095 1178 1158 hoc,
1206 1102 1259 1147 et
1284 1093 1443 1147 nimis
1466 1093 1588 1148 hoc.

646 1184 915 1253 Peccare,
949 1201 1108 1254 quam
1138 1183 1275 1237 mala
1302 1193 1356 1238 et
1385 1199 1543 1253 quam
1567 1198 1750 1239 amara
1780 1198 1864 1238 res
1910 1185 1995 1238 es!
2041 1196 2168 1251 pec-

581 1286 725 1339 cata,
756 1292 918 1345 quam
947 1274 1130 1330 faciles
1158 1273 1358 1339 aditus,
1387 1289 1551 1343 quam
1585 1272 1827 1328 ditliciles
1859 1272 2036 1328 exitus
2066 1272 2163 1325 ha-

580 1366 747 1420 betis!
780 1365 1117 1427 Peccatores,
1152 1381 1259 1434 quo
1291 1379 1385 1417 vos
1416 1362 1702 1417 inducitis?
1723 1363 1862 1442 Intra
1910 1376 2044 1430 quos
2077 1362 2164 1392 ⁷⁷⁸⁷

578 1466 765 1510 vectes
796 1471 889 1511 vos
943 1456 1250 1510 includitis?
1306 1453 1616 1523 Intelligite,
1672 1451 1951 1519 intelligite
2003 1465 2164 1520 quam

578 1545 779 1599 malum
820 1554 873 1599 et
902 1559 1063 1613 quam
1102 1558 1347 1597 amarum
1390 1550 1474 1596 est
1522 1540 1804 1610 reliquisse
1857 1539 2161 1593 Dominum.

576 1635 676 1701 Qui
706 1634 987 1703 peecastis,
1023 1631 1258 1697 reddite;
1286 1630 1524 1686 volentes
1552 1644 1802 1701 peccare,
1844 1628 2027 1684 nolite.
2061 1627 2165 1683 No~

573 1724 688 1789 Iite,
728 1724 968 1791 inquam,
995 1722 1180 1777 nolite.
1240 1722 1380 1777 Vere
1413 1720 1611 1775 malum
1659 1729 1716 1775 et
1756 1734 2000 1774 amarum
2056 1729 2160 1785 est,

2281 547 2440 612 Deus,
2466 546 2605 601 tollis
2628 555 2847 615 peccata
2879 548 3093 613 mundi;
3122 558 3199 615 tu,
3223 550 3397 605 amice
3420 549 3535 619 ejus
3560 552 3672 617 ³⁷⁷⁸,
3698 554 3859 610 dicis:

2280 637 2381 691 Hic
2411 638 2545 692 tollit
2570 648 2782 707 peccata
2810 641 2991 693 mundi
3019 639 3202 709 (Joan.
3234 656 3273 706 ι,
3301 642 3415 712 29).
3445 642 3585 698 Ecce
3605 655 3733 698 ante
3774 661 3863 703 vos

2275 739 2500 784 onustus
2524 730 2761 799 peccatis
2783 731 2990 784 mundi.
3020 729 3099 783 Tu
3126 730 3291 796 tollis,
3322 740 3376 787 et
3401 741 3459 786 tu
3510 733 3649 789 dicis
3680 753 3693 787 :
3725 735 3860 792 Ecce

2276 836 2361 875 me
2382 822 2466 875 cui
2498 832 2551 875 tu
2585 822 2758 886 tollas,
2785 823 2926 891 quod
2961 832 3018 876 tu
3039 823 3194 878 dicis.
3244 824 3385 879 Ecce
3412 827 3672 891 medicus,
3701 838 3759 881 et
3783 838 3860 883 te-

2273 916 2372 967 stis
2392 912 2538 980 ejus;
2571 920 2625 968 et
2648 928 2774 969 ecce
2803 929 2965 984 aeger,
3001 929 3190 970 servus
3218 917 3435 983 medici,
3466 927 3520 973 et
3559 933 3695 988 opus
3723 922 3857 991 ejus,

2274 1017 2470 1074 rogans
2509 1003 2775 1057 medicum
2798 1013 2851 1057 et
2888 1013 3077 1059 testem
3106 1006 3242 1075 ejus.
3301 1005 3440 1061 Vere
3480 1008 3712 1075 medice,
3769 1024 3859 1066 oro
3890 1068 3909 1089 .

2272 1104 2346 1160 te,
2374 1110 2503 1149 sana
2537 1109 2642 1148 me.
2675 1093 2852 1148 Verax
2884 1095 3038 1150 testis
3068 1095 3206 1165 ejus,
3242 1112 3437 1164 precor
3468 1106 3519 1153 te
3606 1114 3703 1153 ora
3765 1115 3856 1168 pro

2270 1199 2375 1239 me.
2406 1184 2582 1239 Proba
2619 1194 2667 1239 te
2689 1185 2820 1239 mibi
2850 1185 2903 1240 in
2941 1200 3048 1249 me,
3076 1196 3130 1240 tu
3160 1196 3342 1241 actum
3374 1198 3618 1253 tuum,tu
3656 1189 3856 1245 dictum

2272 1284 2442 1328 tuum.
2479 1274 2741 1344 Experiar
2766 1276 2910 1343 quod
2940 1275 3124 1341 audio,
3150 1277 3379 1331 sentiam
3401 1277 3545 1346 quod
3562 1278 3730 1333 credo
3747 1280 3854 1333 ⁷⁷⁷⁸.

2266 1365 2417 1430 Jesu,
2441 1366 2578 1420 bone
2610 1366 2852 1431 Domine,
2878 1366 2923 1421 si
2956 1377 3009 1421 tu
3038 1368 3285 1436 operaris
3305 1368 3449 1438 quod
3477 1368 3571 1423 ille
3599 1376 3857 1434 testatur,

2267 1456 2359 1511 fiat
2384 1458 2434 1511 in
2464 1472 2550 1510 me
2570 1472 2704 1527 opus
2736 1467 2906 1512 tuum.
2940 1457 3176 1513 Joannes
3198 1468 3533 1515 monstrator
3579 1460 3699 1526 Dei,
3733 1462 3781 1516 si
3807 1472 3855 1517 tu

2269 1547 2484 1600 testaris
2503 1547 2644 1615 quod
2671 1546 2759 1601 ille
2783 1556 3059 1617 operatur,
3088 1548 3181 1602 fiat
3204 1549 3256 1603 in
3304 1564 3392 1604 me
3424 1550 3648 1604 verbum
3680 1560 3853 1606 tuum.

2266 1636 2408 1692 Sana
2438 1653 2546 1703 mc,
2573 1638 2813 1704 Domine,
2844 1646 2897 1691 tu
2927 1636 3081 1706 cujus
3103 1648 3180 1695 est
3211 1655 3423 1695 sanare.
3450 1639 3683 1710 lmpetra
3726 1641 3854 1695 mihi

2265 1728 2386 1794 boc,
2415 1729 2649 1794 domine,
2686 1738 2741 1784 tu
2782 1730 2873 1800 qui
2909 1739 3062 1801 potes
3105 1731 3417 1801 impetrare.
3464 1730 3543 1785 Tu
3598 1732 3750 1787 enim
3799 1746 3853 1787 es

572 1822 827 1882 expertus
869 1811 961 1843 ¹⁷⁶⁸
987 1826 1136 1877 sum;
1168 1812 1223 1865 in
1251 1812 1353 1866 hoc
1379 1811 1494 1880 ipso
1523 1825 1660 1865 sum.
1695 1810 1803 1863 Aut
1846 1809 1989 1862 enim
2039 1824 2164 1863 con-
2197 1817 2239 1871 B
2266 1834 2493 1889 magnus
2516 1820 2791 1885 Dominus,
2826 1830 2881 1875 et
2912 1830 2965 1875 tu
2992 1836 3175 1876 coram
3214 1820 3441 1876 Demino
3492 1836 3743 1892 magnus.
3775 1821 3850 1876 Tu

571 1902 945 1959 tinuidolores
987 1902 1313 1972 torquebunt
1345 1902 1695 1972 poenitentem
1749 1900 1915 1954 vitam
1964 1914 2159 1967 meam,

571 2005 664 2049 θυι
690 1994 877 2050 aeterni
908 1993 1182 2049 cruciatus
1224 1994 1498 2049 vexabunt
1546 1991 1873 2062 puniendam
1927 1990 2159 2045 animam

570 2102 767 2140 meam.
797 2084 991 2155 Utique
1011 2094 1095 2140 est
1124 2083 1324 2140 malum
1358 2092 1413 2137 et
1459 2098 1705 2137 amarum
1748 2090 2053 2151 utrumque.
2094 2080 2161 2134 Et

568 2174 880 2243 certejuste
911 2174 1128 2243 angitur
1159 2188 1283 2228 reus
1309 2173 1397 2227 Dei
1424 2173 1566 2228 inter
1603 2172 1803 2226 malum
1855 2180 1910 2225 et
1956 2169 2153 2241 pejus;

567 2263 731 2315 nimis
764 2261 957 2329 malus,
986 2262 1127 2318 inter
1157 2262 1318 2317 nimis
1349 2261 1565 2324 malum,
1591 2272 1646 2317 et
1674 2262 1834 2316 nimis
1863 2261 2015 2331 pejus
2042 2261 2155 2313 ⁷⁷⁸⁸.

563 2353 717 2409 Juste
746 2354 825 2418 fit,
851 2364 995 2411 recte
1028 2355 1106 2423 fit,
1130 2354 1275 2424 jnste
1295 2354 1463 2424 judex
1484 2369 1658 2421 meus;
1709 2354 1801 2410 sed
1863 2354 2051 2424 utique
2099 2362 2155 2408 tu

504 2470 511 2477 η
562 2460 625 2499 es
652 2446 765 2515 ipse
794 2447 932 2503 Deus
956 2456 1010 2502 et
1029 2447 1285 2502 Dominus
1301 2455 1355 2502 et
1383 2446 1610 2503 Creator
1636 2460 1809 2501 meus.
1834 2446 1981 2501 Tolle
2002 2460 2152 2516 ergo,

559 2537 808 2602 Creator,
845 2538 971 2594 tolle
995 2547 1199 2593 tantum
1229 2538 1425 2592 malum
1453 2538 1517 2593 de
1544 2546 1793 2593 creatura
1832 2547 1942 2605 tua,
1963 2538 2006 2592 si
2030 2552 2154 2608 gra-

561 2631 666 2684 tias
694 2630 802 2699 agit
831 2631 955 2699 quia
984 2641 1065 2685 est
1092 2630 1298 2685 factura
1330 2639 1441 2684 tua.
1465 2629 1629 2694 Erue,
1656 2629 1902 2694 Domine,
1933 2642 2063 2683 erue
2085 2628 2152 2683 de

560 2723 726 2776 tantis
757 2723 913 2778 malis
942 2738 1158 2777 servum
1193 2731 1364 2787 tuum,
1410 2722 1455 2776 si
1507 2720 1704 2792 gaudet
1740 2720 1832 2753 "7°
1885 2718 2042 2774 fateri
2099 2729 2150 2774 te

558 2818 844 2871 Dominum
876 2831 1054 2871 suum.
1090 2814 1279 2881 Parce,
1309 2814 1471 2879 Deus,
1502 2828 1666 2884 parce
1702 2811 1975 2883 peccatori
2032 2820 2146 2877 tuo,

556 2909 602 2962 si
634 2925 738 2962 non
771 2909 1022 2976 desperat
1054 2909 1121 2961 de
1143 2906 1381 2961 bonitate
1415 2915 1535 2971 tua;
1592 2921 1718 2959 nam
1766 2906 1868 2960 etsi
1911 2904 2147 2973 judicem

556 3000 635 3054 sic
659 3015 743 3054 me
774 3000 863 3030 ³⁷⁷⁷
894 2998 1121 3067 nequius
1163 2998 1251 3053 illo
1290 2998 1466 3067 primo
1516 3006 1799 3067 peccatore
1836 2997 2143 3063 deliquisse,

556 3109 664 3148 non
691 3094 777 3148 odi
805 3102 856 3147 te
884 3101 940 3146 ut
965 3091 1073 3155 ille,
1102 3106 1203 3145 nec
1226 3091 1464 3146 detestor
1511 3090 1805 3145 bonitatem
1838 3098 2007 3144 tuam.
2036 3088 2141 3143 Re-

2266 1925 2473 1965 summe
2495 1918 2685 1980 potens
2713 1926 2810 1981 per
2838 1911 3091 1981 teipsum,
3118 1920 3171 1965 et
3193 1920 3251 1965 tu
3279 1912 3433 1965 valde
3460 1921 3655 1982 potens
3708 1913 3848 1983 apud

2266 1996 2459 2065 ipsum.
2493 1996 2570 2050 Tu
2598 2010 2808 2051 summe
2834 1996 3008 2051 bonus
3038 1997 3198 2064 Deus,
3251 2006 3308 2051 et
3357 2005 3410 2051 tu
3464 1997 3623 2053 valde
3676 1998 3849 2054 bonus

2261 2088 2467 2142 amicus
2487 2088 2623 2157 ejus,
2653 2086 2745 2156 qui
2771 2096 2856 2142 est
2881 2086 2933 2141 in
2950 2095 3213 2142 aeternum
3252 2087 3564 2144 misericors
3590 2097 3649 2143 ct
3677 2088 3845 2145 bene-

2260 2179 2436 2235 dictus
2466 2180 2625 2234 Deus.
2657 2180 2847 2233 Amen.

2576 2268 2833 2326 ORATIO
2867 2267 3029 2323 LXIV
3070 2267 3167 2339 [οι.
3203 2268 3387 2341 LXIII]
3416 2270 3529 2324 "7‘.

2558 2376 2625 2414 AD
2663 2374 2911 2415 εΑΝετυιι
2948 2374 3159 2414 PETRUI
3200 2375 3533 2415 Αροδτοωιι.

2416 2448 2548 2504 Cum
2576 2448 2902 2503 lamentabili
2939 2448 3296 2518 deploratione
3326 2459 3683 2518 peccatorum.

2327 2540 2525 2597 Sancte
2557 2550 2611 2596 et
2631 2540 3017 2611 benignissime
3055 2540 3146 2572 ³⁷⁷⁷
3201 2538 3379 2606 Petro,
3436 2540 3613 2596 ﬁdelis
3660 2552 3847 2611 pastor

2252 2635 2430 2689 ovium
2462 2633 2577 2698 Dei,
2606 2632 2857 2702 princeps
2907 2630 3295 2701 apostolOrum,
3358 2632 3616 2700 princeps
3666 2643 3842 2687 tanto-

2252 2740 2369 2779 rum
2393 2724 2711 2792 principum,
2743 2722 2834 2791 qui
2882 2721 3020 2791 ligas
3073 2729 3129 2776 et
3172 2722 3337 2775 solvis
3385 2721 3529 2790 quod
3583 2722 3693 2787 vis,
3750 2723 3842 2793 qui

2250 2831 2413 2873 sanas
2433 2824 2487 2870 et
2512 2814 2802 2869 resuscitas
2824 2828 2983 2883 quem
3014 2813 3096 2868 vis
3152 2812 3264 2877 ⁵⁷⁷⁸,
3319 2813 3413 2883 qui
3456 2814 3554 2868 das
3614 2830 3839 2884 regnum

2248 2909 2507 2966 cmlorum
2537 2907 2625 2963 cui
2650 2907 2730 2961 vis
2748 2922 2761 2959 :
2777 2921 2966 2977 magne
2989 2905 3169 2972 Petre,
3192 2920 3406 2976 magne,
3430 2914 3507 2960 tot
3522 2906 3618 2937 ""
3639 2916 3693 2961 ει
3720 2916 3838 2960 tan-

2249 3003 2318 3057 tis
2345 3002 2501 3056 donis
2526 3000 2691 3055 ditate
2716 3000 2829 3065 "3°,
2862 3008 2938 3053 tot
2961 3006 3017 3052 et
3041 2998 3207 3052 tantis
3252 2998 3615 3068 dignitatibus
3668 2999 3836 3053 subli-

2247 3104 2390 3148 matc
2414 3091 2535 3155 mu;
2570 3105 2697 3145 ecce
2730 3104 2830 3159 ego
2856 3087 3236 3157 pauperrimus
3264 3095 3318 3140 et
3354 3086 3575 3141 infimus
3599 3087 3831 3141 homun-

554 3200 696 3239 nova
721 3199 850 3254 ergo
881 3199 974 3253 per
999 3182 1191 3237 merita
1221 3184 1400 3253 magni
1442 3183 1692 3253 baptista:
1725 3182 1822 3246 tui,
1868 3196 2064 3237 renova
2090 3182 2141 3234 in
2172 3180 2215 3242 C
2248 3186 2333 3241 cio
2364 3225 2379 3249 ,
2432 3183 2614 3238 multis
2659 3190 2709 3236 et
2762 3180 3014 3251 gravibus
3059 3192 3421 3231 aerumnarum
3468 3177 3838 3232 circumdatus

552 3291 640 3329 nte
663 3275 891 3345 gratiam
916 3273 1166 3344 baptismi
1200 3273 1294 3327 tui.
1316 3273 1579 3329 Praevenit
1607 3288 1692 3327 me
1720 3274 1810 3306 ³⁷⁷³
1831 3273 2003 3344 gratia
2034 3283 2143 3338 tua,

553 3366 916 3434 subsequatur
940 3379 1024 3419 me
1051 3362 1419 3419 misericordia
1449 3374 1558 3418 tua.
1587 3365 1661 3418 Da
1688 3378 1784 3433 per
1814 3363 2146 3434 ptenitentia:

552 3456 847 3511 lamentum
881 3456 1022 3526 quod
1057 3457 1250 3513 dedisti
1279 3470 1377 3527 per
1407 3456 1661 3525 baptismi
1716 3465 2139 3511 sacramentum.

553 3544 705 3600 Dona
739 3548 938 3615 petenti
969 3546 1063 3578 ⁷⁷⁷³
1102 3548 1244 3615 quod
1285 3546 1497 3601 donasti
1553 3545 1835 3601 nescienti.
1889 3544 2143 3599 llel‘orma

552 3636 953 3705 faciem'quam
1004 3636 1225 3704 fmdavi,
1279 3645 1523 3690 restaura
1570 3635 1929 3690 innocentiam
1980 3649 2143 3704 quam

550 3728 769 3783 violavi.
798 3729 897 3795 Qui
926 3729 1193 3784 abstulisti
1229 3739 1450 3799 peccata
1504 3744 1621 3798 quae
1653 3728 1807 3782 attuli
1848 3730 2139 3796 nascendo,

552 3812 681 3874 tolle
713 3830 932 3890 peccata
964 3836 1084 3889 qua:
1109 3820 1355 3875 contraxi
1385 3819 1631 3874 vivendo.
1660 3817 1832 3883 Tolle,
1864 3819 1970 3888 qui,
1998 3818 2140 3874 tollis

548 3918 773 3979 peccata
804 3910 1010 3977 mundi,
1044 3911 1167 3980 quia
1202 3912 1301 3966 ista
1324 3920 1450 3966 sunt
1506 3918 1725 3979 peccata
1758 3910 1965 3975 mundi,
2019 3925 2140 3979 qua:

548 4012 705 4073 porto
729 4004 797 4060 de
820 4007 1232 4061 conversatione
1257 4006 1460 4060 mundi.
1492 4006 1662 4071 Tolle,
1712 4006 1804 4076 qui
1848 4006 1989 4061 tollis
2014 4021 2140 4075 pec-

546 4103 668 4150 cata
699 4096 903 4161 mundi,
936 4111 1033 4165 per
1053 4098 1247 4151 merita
1278 4096 1418 4151 illius
1444 4097 1534 4167 qui
1567 4099 1669 4152 hoc
1725 4098 2032 4153 testimonio
2086 4108 2137 4154 te

546 4186 781 4241 ostendit
808 4187 1029 4251 mundo,
1064 4187 1187 4242 tolle
1210 4197 1432 4256 peccata
1475 4204 1595 4257 qum
1624 4188 1869 4243 contraxi
1902 4189 1955 4242 in
1981 4204 2136 4243 mun-

2246 3276 2535 3345 angustiis,
2566 3272 2943 3327 miserabiliter
2966 3271 3180 3338 indigeo
3214 3270 3306 3300 ³⁷⁸³
3346 3268 3553 3323 auxilio
3583 3278 3689 3323 tua:
3724 3284 3833 3322 ma-

2245 3386 2363 3439 gna:
2393 3367 2645 3437 potentia:
2683 3364 2775 3396 "3’
2811 3382 2824 3417 :
2854 3363 2945 3418 sed
2980 3377 3079 3417 nec
3112 3376 3174 3415 os
3212 3376 3389 3415 mcum
3436 3361 3604 3415 habet
3650 3361 3830 3425 verba,

2243 3462 2439 3531 quibus
2469 3457 2849 3512 necessitatem
2876 3469 3071 3516 meam,
3103 3453 3242 3506 sicut
3267 3453 3379 3521 ipsa
3402 3462 3505 3516 est,
3538 3454 3827 3521 exprimat,

2244 3568 2341 3608 nec
2365 3567 2459 3606 cor
2483 3564 2662 3605 meum
2689 3548 2853 3603 habet
2872 3545 3212 3601 devotionem
3242 3559 3362 3613 qua:
3391 3548 3458 3598 de
3487 3552 3599 3597 tam
3646 3544 3831 3597 infimo

2242 3647 2307 3700 ad
2342 3655 2484 3699 tuam
2516 3651 2718 3696 tantam
2752 3640 2847 3672 ⁸⁷⁸⁸
2870 3638 3263 3694 sublimitatem
3316 3636 3573 3705 attingat.
3629 3634 3825 3688 lterum

2241 3746 2402 3806 atque
2424 3735 2619 3789 iterum
2644 3746 2814 3787 conor
2842 3737 3078 3785 mentem
3107 3743 3284 3802 meam
3335 3735 3642 3797 torpentem
3697 3740 3828 3779 con-

2239 3828 2515 3889 citare.et
2550 3822 2869 3879 dissolutam
2926 3836 3027 3891 per
3080 3819 3264 3874 inania
3317 3819 3678 3888 restringere:
3729 3818 3823 3871 sed

2237 3919 2489 3975 omnibus
2511 3915 2713 3971 viribus
2747 3913 3008 3979 collectis,
3051 3924 3153 3965 nec
3184 3909 3416 3979 torporis
3437 3908 3519 3963 sui
3554 3907 3822 3970 tenebras.

2237 4025 2373 4081 quas
2411 4005 2682 4063 contraxit
2710 4003 2777 4058 de
2799 4002 3051 4057 sordibus
3082 4008 3429 4070 peccatorum
3458 4013 3705 4062 suorum,
3726 4013 3824 4064 po-

2244 4111 2352 4156 test
2384 4101 2691 4166 dirumpere
2724 4095 2839 4159 "8‘,
2870 4108 2968 4149 nec
2996 4094 3049 4148 in
3074 4093 3266 4147 eadem
3300 4090 3822 4146 intentionediutius

2236 4192 2375 4245 valet
2398 4189 2713 4243 consistere.
2771 4183 2884 4239 Ileu
2918 4196 3005 4237 me
3048 4182 3354 4237 miserrime
3395 4180 3689 4237 miserum!
3736 4180 3819 4235 Ita

546 4277 637 4329 do.
670 4275 821 4332 Tolle
848 4277 915 4331 de
951 4292 1037 4331 me
1062 4280 1206 4349 quod
1236 4293 1341 4333 non
1372 4289 1455 4334 est
1476 4295 1540 4334 ex
1583 4289 1654 4345 te,
1704 4280 1831 4351 quia
1850 4281 1936 4335 odi
1988 4281 2132 4350 quod
2232 4283 2427 4353 quippe
2450 4289 2549 4341 est,
2582 4292 2685 4332 non
2713 4285 2798 4331 est
2822 4274 3123 4341 simulatio;
3149 4274 3222 4328 ita
3246 4282 3349 4328 est.

2303 4374 2434 4439 Quis
2462 4386 2591 4441 ergo
2621 4368 2906 4423 subveniet
2933 4367 3153 4433 misero,
3208 4366 3299 4436 qui
3328 4380 3431 4421 nec
3482 4366 3624 4421 valet
3664 4365 3822 4419 eahi-

545 4373 629 4420 est
652 4380 680 4418 a
712 4380 816 4431 me,
840 4377 894 4421 et
924 4369 1101 4424 adhuc
1128 4384 1288 4440 spero
1314 4371 1380 4425 de
1410 4381 1481 4424 te.

618 4455 684 4509 Et
714 4465 788 4522 tu,
838 4467 1023 4514 sancte
1050 4458 1308 4527 Joannes,
1338 4463 1428 4532 qui
1451 4463 1731 4519 ostendisti
1775 4464 1975 4521 mundo
2024 4464 2127 4519 tol-
2158 4528 2188 4532 _
2231 4463 2360 4519 bere
2391 4459 2625 4515 tribulati
2657 4473 2838 4513 vocem
2875 4455 2987 4523 ⁷⁷⁸⁸,
3042 4470 3142 4510 nec
3188 4454 3418 4511 dolentis
3458 4456 3728 4510 mentem?
3768 4457 3817 4510 υ

542 4545 743 4601 lentem
786 4556 1007 4617 peccata
1058 4565 1172 4614 sua,
1229 4565 1329 4621 per
1356 4528 1604 4623 gratiam
1653 4554 1747 4609 tibi
1784 4554 1982 4622 datam,
2038 4553 2128 4610 fac
2156 4528 2204 4587 D
2231 4566 2422 4623 magne
2451 4550 2627 4605 Petrc.
2651 4548 2698 4603 si
2724 4546 2928 4603 clamor
2954 4545 3317 4600 tribulationis
3336 4560 3473 4599 mea:
3495 4561 3600 4599 non
3624 4558 3815 4600 ascen-

1894 4709 2121 4766 VARIIE
2158 4704 2556 4764 LECTIONES.

612 4840 701 4913 f7“
742 4839 1044 4913 Inter-quas
1069 4857 1191 4897 mss.
1223 4842 1362 4898 intra
1392 4860 1528 4913 quos
1602 4847 1693 4879 ³⁷⁸⁸
1732 4844 1965 4901 Peccare
1995 4847 2181 4901 nolite.
2212 4841 2611 4913 Veregmalum‘
2637 4848 2691 4894 et
2725 4853 2969 4913 amarum
2995 4845 3102 4904 est,
3128 4846 3389 4908 expertus
3412 4850 3813 4913 mr._peccan

536 4910 724 4964 nolite.
778 4908 975 4977 Nolite,
1010 4912 1252 4979 inquam,
1291 4908 1479 4969 noliie.
1545 4916 1739 4971 Malum
1788 4926 1841 4971 et
1886 4932 2135 4971 amarum
2177 4925 2279 4971 est.
2331 4912 2529 4968 Nolite.
2573 4910 2709 4967 Vere
2753 4909 2949 4964 malum
2996 4916 3052 4963 et
3097 4923 3343 4963 amarum
3398 4918 3503 4963 est.
3540 4908 3815 4979 Expertus

535 4997 637 5052 gos.
667 4979 869 5052 Carth.
915 4976 1145 5051 peccare
1189 4976 1378 5039 nolite.
1422 4984 1621 5040 Malum
1658 4998 1711 5040 et
1743 5002 1989 5047 amarum
2045 4996 2151 5052 est,
2201 4986 2389 5048 nolite,
2436 4997 2562 5037 vere
2600 4981 2802 5052 malum
2834 4988 3176 5052 ctwamarum
3207 4976 3635 5052 est:expertu_s
3711 4976 3811 5052 ³⁷⁸³

532 5050 706 5128 Nimis
757 5046 958 5128 malum
1009 5062 1064 5108 et
1112 5055 1275 5128 nimis
1314 5055 1468 5128 pejus
1497 5073 1596 5111 ms.
1655 5046 2019 5128 Flor.rmin_us
2055 5046 2255 5128 malum
2304 5063 2358 5109 et
2376 5046 2547 5107 nimis
2576 5051 2821 5128 malum_
2895 5050 2986 5082 ⁸⁷⁷⁸
3025 5048 3347 5128 Ωιιξ-δδιιάει
3374 5046 3502 5102 mis.
3541 5049 3586 5102 si
3606 5046 3814 5128 gaudet

534 5120 912 5194 ‘4}“Judicem
967 5138 1053 5178 me
1086 5140 1211 5194 mss.
1238 5119 1475 5194 judicem
1514 5128 1596 5183 sic
1624 5143 1709 5182 me
1816 5127 1907 5157 "7'
1947 5126 2249 5181 Pneveniat
2288 5139 2374 5179 me
2423 5140 2551 5176 mss.
2588 5121 2851 5194 prmvenit
2894 5136 2981 5194 me
3083 5120 3176 5194 ’ij
3214 5119 3359 5194 Dona
3414 5120 3621 5194 petenti
3673 5132 3810 5194 nas.

533 5189 691 5245 Corb.
747 5205 795 5246 et
836 5192 994 5268 για.
1046 5193 1134 5268 16.
1193 5188 1331 5268 dona
1382 5198 1666 5268 poenjtenti
1776 5196 1870 5228 "7‘
1907 5196 1987 5250 Tu
2022 5198 2196 5253 amico
2233 5196 2349 5262 ejus
2382 5210 2519 5268 m_s_s_._
2548 5188 2840 5268 ttj,_amice
2868 5189 2984 5259 ejus
3083 5188 3585 5268 ""ﬁCIaIPJIIQtI

531 5277 660 5335 glas.
687 5262 942 5335 _se_ntia_m
989 5263 1132 5335 quod
1165 5266 1327 5321 credo
1350 5252 1447 5321 nis.
1478 5266 1660 5322 Cartlt.
1694 5268 1923 5323 sentiam
1947 5268 2089 5335 quod
2112 5252 2331 5322 credam
2420 5264 2521 5335 ⁷⁷⁷⁷
2561 5252 2769 5335 Collum
2788 5272 2862 5315 cu
2890 5252 3158 5335 commas.
3185 5257 3329 5335 _T_Im.
3353 5252 3482 5313 267'.
3520 5258 3647 5335 γὶει.
3676 5252 3807 5307 RR.

532 5328 641 5407 ("get
676 5330 800 5407 KK.
824 5402 827 5407 ι
852 5326 1176 5407 Corb.'_I68.
1210 5336 1334 5407 Bee.
1389 5337 1454 5391 0.
1508 5337 1691 5392 Carlh.
1748 5356 1780 5390 a
1817 5326 1992 5407 porta'.
2049 5336 2385 5407 Santi-emta
2418 5333 2541 5407 ⁸545.
2611 5330 2843 5407 Yol-luc.
2875 5340 2923 5385 et
2951 5329 3120 5407 flor.
3170 5329 3250 5383 Ad
3302 5338 3549 5407 sanctum
3582 5326 3811 5407 Ιξειξυ-ξι)

533 5401 849 5478 apostolum
884 5420 1006 5459 cum
1028 5403 1359 5478 lamentabili
1385 5407 1753 5478 deploratione
1780 5394 2150 5476 peccatorum.
2180 5399 2323 5460 ‘mss.
2347 5406 2546 5478 Qratio
2575 5402 2642 5456 ad
2663 5400 3168 5478 _sanetu_m__Petrum
3218 5399 3584 5478 apostolum.”
3603 5394 3811 5478 Im!)

532 5464 921 5547 benignissime
951 5473 1233 5547 ntas.)’ict.
1261 5477 1314 5531 5.
1340 5486 1397 5532 ει
1424 5464 1656 5547 benigne
1732 5464 1827 5511 ³⁷⁷⁸
1863 5478 2033 5546 Quem
2063 5478 2147 5534 vis
2194 5494 2292 5547 ms.
2343 5476 2477 5529 'l‘hu.
2531 5474 2675 5547 quod
2710 5471 2959 5547 vis_:g"_"
3001 5464 3316 5547 ἣιειιςηρηιὸι
3358 5486 3459 5524 ³⁷⁸³·
3526 5468 3653 5547 νίρι·
3690 5464 3805 5547 ,ξδ’

535 5539 747 5617 ⁰.¹Ῐ²δ¹ίί¹ς
773 5560 967 5617 ⁷⁷⁷³31³8
1053 5544 1144 5617 ’799
1184 5546 1287 5617 Tot
1314 5560 1369 5602 et
1398 5539 1747 5605 tantis'donis
1778 5539 1945 5605 ditaie
1972 5566 2070 5602 ms.
2113 5546 2426 5604 Son-Germ.
2472 5539 2662 5617 omittit
2748 5540 3064 5617 Afff‘hDonis
3090 5539 3378 5617 sublimate
3410 5539 3813 5617 nass._d_tgni_ta-

538 5610 679 5663 tibus
710 5605 995 5688 sublimare
1070 5616 1162 5647 ⁷⁷⁸⁷
1189 5616 1565 5688 Miserabilitcr
1587 5621 1800 5688 indigeo
1823 5637 1918 5672 ms.
1951 5619 2085 5672 'l'lm.
2108 5619 2427 5672 mirabiliter
2456 5616 2670 5688 indigeo
2745 5612 2837 5688 ⁷⁷⁷⁷
2863 5611 3115 5680 Βειιίειιεε
3140 5611 3395 5678 potentia:
3411 5626 3511 5663 ms.
3546 5605 3671 5661 Vict.
3696 5605 3807 5659 ιϐ.

534 5686 1035 5765 ινξὶιζεξξῐδηιιριυηιὶω
1150 5688 1245 5717 ⁷⁷⁸³
1283 5687 1466 5765 Tnam_
1496 5684 1738 5765 sanctam
1778 5706 1899 5741 mss.
1937 5699 2082 5741 tuam
2119 5700 2327 5742 tantam
2442 5687 2532 5719 ‘7”
2566 5686 2683 5737 ‘I’tH'.
2706 5694 2753 5737 st
2784 5684 3091 5752 dirunipcrc
3126 5696 3249 5735 mss.
3295 5690 3475 5749 potest
3508 5690 3811 5744 erumpere

536 5747 967 5805 ετεεΤτῑιᾶυιυυιι
1011 5770 1193 5808 vocem
1226 5773 1348 5810 mss.
1403 5757 1637 5810 tribulati
1676 5774 1857 5810 vocem
