4048 6288
221 338 327 394 973

1641 328 2050 389 ORATIONES.

3384 336 3489 393 θη

215 453 299 511 dit
333 465 505 521 usque
530 450 696 522 289
722 446 789 507 aii
819 457 906 519 te;
934 454 1332 521 respectustute
1346 446 1563 519 pietatis
1577 436 1804 501 descen-
1834 454 1877 502 Α
1976 443 2020 501 Ο
2050 453 2235 501 sancte
2265 443 2443 511 Petrc,
2478 444 2522 501 si
2554 455 2604 500 te
2634 459 2740 500 non
2782 453 2961 500 movet
3009 459 3201 502 nomen
3248 448 3487 515 pastoris

221 543 311 599 dat
340 555 511 610 usque
539 541 605 595 ad
638 557 744 609 me,
774 541 1049 611 dirumpat
1070 538 1326 594 duritiam
1360 550 1557 600 meam,
1597 534 1811 589 scindat

215 632 463 689 tenebras
479 646 648 699 meas,
663 631 1060 702 circumspiciat
1072 644 1340 686 aerumnas
1355 643 1522 684 meas.
1565 627 1812 696 Respice,

208 726 440 793 benigne
464 733 665 795 pastor,
693 725 966 781 commissi
995 725 1088 780 tibi
1130 724 1306 794 gregis
1335 737 1512 787 ovem,
1562 730 1617 776 et
1656 720 1815 775 mise-

214 832 334 873 rere
360 816 757 873 miserabiliter
780 818 1138 882 laborantem,
1177 826 1252 881 et,
1289 832 1393 871 non
1434 824 1691 884 quantum
1717 829 1813 868 sua

212 907 354 962 mala
369 908 613 977 exigunt,
632 908 725 963 sed
736 918 998 977 quantum
1028 908 1365 979 permittunt,
1380 917 1650 961 orantem.
1676 905 1815 959 Ecce

211 998 355 1052 enim
382 1006 506 1053 ante
541 997 750 1054 fidelem
778 998 1552 1070 pastoremjacetetgemit‘m
1571 997 1813 1051 morbida

209 1090 324 1143 ovis
352 1105 535 1144 coram
559 1090 785 1144 Domino
822 1092 1063 1160 pistoris
1080 1099 1134 1144 et
1167 1090 1305 1144 ovis.
1368 1089 1617 1157 Fugitiva
1652 1088 1807 1153 redit,

209 1182 410 1235 erroris
456 1189 510 1235 et
560 1180 935 1235 inobedientite
988 1180 1199 1235 veniam
1244 1180 1396 1248 petit.
1461 1179 1555 1233 Pio
1605 1178 1813 1233 medico

214 1270 304 1302 ""
332 1281 386 1327 et
414 1273 619 1343 pastori
640 1288 854 1329 morsus
886 1273 1134 1343 luporum
1152 1282 1206 1328 et
1224 1272 1486 1327 scissuras
1506 1271 1810 1333 vulnerum.

208 1378 329 1432 qua:
365 1365 595 1421 errando
646 1366 889 1430 incurrit,
925 1375 981 1419 et
1016 1366 1196 1421 ulcera
1250 1379 1369 1433 qua:
1421 1364 1579 1434 longa
1604 1363 1811 1417 incuria

209 1454 454 1520 nutrivit,
506 1455 724 1521 revelat,
778 1465 830 1511 et
874 1454 1117 1510 misereri
1149 1454 1249 1509 sibi
1277 1457 1402 1508 dum
1433 1454 1609 1507 adhuc
1652 1450 1812 1519 spiri-

209 1555 324 1600 tum
376 1546 560 1611 trahit,
599 1546 717 1617 plus
752 1547 1025 1602 tniseriam
1066 1561 1223 1601 suam
1246 1560 1431 1600 coram
1465 1543 1812 1599 miscricorde

207 1643 430 1703 pastore
473 1636 825 1704 expandeudo
880 1651 1041 1705 quant
1091 1634 1449 1699 obsecrando,
1480 1643 1667 1687 exorat
1697 1632 1808 1684 '7”.

284 1726 478 1779 Pastor
520 1726 660 1781 bone
704 1726 890 1791 Pctre,
938 1742 1005 1781 ne
1036 1727 1113 1781 sis
1162 1734 1390 1781 exorato
1442 1724 1692 1792 dillicilis,
1735 1739 1806 1780 ne

1912 545 1971 590 et
1997 537 2145 601 ovis,
2186 545 2399 592 moveat
2443 546 2495 592 te
2541 552 2734 592 nomen
2775 537 3022 605 apostoli,
3064 539 3321 608 principis
3364 555 3493 609 apo-

1916 626 2174 681 stolorum
2201 627 2319 693 ‘3”,
2349 636 2404 681 et
2450 614 2643 682 nomen
2687 625 3009 682 Christiana:
3039 628 3252 682 animae.
3293 627 3496 699 Nempe

1916 717 2032 772 haec
2063 726 2146 771 est
2168 718 2287 773 ovis
2308 732 2337 772 a
2368 732 2453 772 me
2485 717 2580 773 tibi
2610 717 2813 781 oblata,
2842 718 3023 772 anima
3052 732 3191 781 mea,
3225 717 3495 786 baptismo

1915 806 2117 862 Christi
2151 816 2493 877 regenerata.
2519 807 2643 862 Haec
2668 807 2891 862 vulnera
2917 807 3032 872 ‘3”,
3057 822 3178 876 qua:
3209 808 3343 873 dixi,
3376 808 3494 863 han:

1915 897 2119 963 ulcera,
2172 899 2253 951 ha:
2298 897 2550 952 scissura:
2604 913 2710 952 non
2751 906 2879 953 sunt
2919 896 3091 951 ovinze
3137 900 3348 963 carnis,
3401 900 3496 954 seJ

1915 997 2043 1043 sunt
2096 987 2319 1056 spiritus
2375 987 2680 1042 rationalis.
2732 986 2858 1043 Haec
2900 987 3105 1053 fames,
3153 989 3206 1043 hi
3251 988 3495 1044 defectus

1915 1080 2132 1145 virium,
2162 1079 2245 1134 hae
2273 1078 2542 1134 torsiones
2571 1093 2676 1133 non
2706 1087 2831 1133 sunt
2860 1079 3101 1149 pecorini
3133 1080 3371 1146 ventris,
3400 1081 3496 1135 sed

1914 1177 2042 1222 sunt
2072 1168 2323 1222 humanae
2360 1168 2577 1237 mentis.
2612 1166 2675 1221 lli
2707 1166 2818 1236 lupi
2846 1176 2901 1221 et
2932 1168 2984 1221 hi
3012 1166 3196 1223 leones
3227 1183 3332 1222 non
3370 1178 3500 1222 sunt

1914 1258 2314 1330 quadrupedes,
2358 1259 2453 1314 sed
2497 1260 2789 1314 daemones.
2836 1258 2963 1313 Haec
2990 1266 3139 1313 tanta
3169 1259 3329 1327 mala,
3361 1275 3499 1329 pau-

1912 1358 2094 1419 pertas
2131 1357 2215 1403 est
2263 1349 2552 1414 virtutum,
2596 1357 2653 1404 et
2694 1359 3017 1413 coacervata
3066 1357 3309 1420 peccata.
3361 1351 3498 1417 Quia

1914 1442 2079 1513 igitur
2130 1441 2367 1496 nondum
2415 1442 2594 1497 sentio
2643 1456 2731 1496 me
2781 1441 3131 1509 exauditam,
3186 1442 3500 1513 urgentibus

1913 1528 2214 1600 angustiis,
2242 1544 2272 1584 a
2315 1531 2585 1599 principio
2631 1539 2875 1599 repetam
2921 1532 3290 1587 narrationem
3322 1546 3498 1587 meam

1916 1619 2038 1685 ¹⁸⁰⁸,
2093 1629 2150 1675 et
2198 1619 2574 1691 multiplicabo
2622 1621 2921 1675 orationem
2967 1635 3165 1675 nteam.
3218 1621 3499 1691 Exponam

1914 1726 2097 1766 coram
2122 1711 2361 1779 ianitore
2409 1711 2559 1782 regni
2600 1710 2867 1767 caelorum
2910 1719 2966 1766 et
3010 1710 3255 1781 principe
3281 1720 3500 1781 aposto-

217 1824 442 1868 avertas
464 1814 554 1845 "9°
593 1816 970 1871 misericordes
997 1816 1203 1881 oculos;
1246 1815 1476 1885 respice,
1514 1830 1707 1883 precor
1738 1828 1805 1870 ne
1842 1785 1882 1843 Β
1911 1801 2088 1857 lorum
2120 1802 2337 1859 ﬁdelem
2375 1803 2615 1857 animam
2641 1801 2896 1857 miseram
2928 1802 3030 1855 ⁸υῦ
3056 1816 3224 1871 regno
3245 1809 3499 1869 9⁸00³ῑο-

207 1902 437 1972 abjicias
479 1905 570 1937 ¹⁷⁹¹
603 1916 958 1974 [ιωηιιοηιθηι
984 1944 999 1971 ,
1049 1922 1116 1959 ne
1161 1892 1379 1960 diﬂ‘eras
1422 1907 1514 1937 ³⁷⁸⁸
1546 1906 1807 1960 exaudire

212 1992 637 2062 supplicantem.
662 1994 797 2061 Quia
818 1995 963 2050 enim
987 1994 1250 2051 fastidivit
1278 1995 1555 2051 salutifera
1582 2011 1802 2065 pascua,

213 2082 445 2153 languet
473 2085 685 2140 defectu
719 2086 939 2151 virium;
971 2086 1097 2156 quia
1127 2086 1349 2140 indulsit
1385 2086 1653 2156 pestiferis
1692 2086 1803 2153 ‘7”,

208 2185 501 2245 torquetur
536 2186 741 2232 attactu
778 2176 869 2209 "9"
899 2179 1238 2233 morborum.
1278 2176 1476 2231 Adulta
1509 2178 1723 2242 ulcera,
1750 2188 1806 2234 et

206 2264 351 2320 illisa
375 2266 601 2345 vulnera
635 2268 999 2337 putrescemlo
1026 2267 1271 2338 pejorata
1300 2269 1409 2325 cito
1435 2282 1555 2323 eam
1590 2269 1809 2325 trahunt

205 2355 274 2409 ad
312 2366 563 2411 mortem.
594 2357 727 2428 Lupi
767 2357 878 2426 jam
905 2368 1119 2428 gustato
1141 2359 1257 2427 ejus
1284 2361 1571 2430 sanguine.
1609 2377 1806 2430 exspe-

206 2456 427 2504 Ctantes
462 2448 819 2517 ahjieiendam
867 2450 920 2505 in
954 2451 1046 2481 "9"
1074 2452 1285 2507 insidiis
1338 2453 1524 2507 latent.
1553 2452 1806 2510 Inimicus

204 2538 349 2607 ejus,
395 2548 653 2609 tanquam
686 2540 770 2597 leo
811 2541 1054 2612 rugiens,
1082 2544 1280 2598 circuit
1322 2558 1573 2614 quaerens
1601 2560 1720 2601 eam
1750 2554 1807 2600 ut

206 2618 447 2684 devoret
492 2628 545 2698 (I
595 2626 740 2685 Petr.
786 2646 851 2697 v,
905 2631 985 2703 8).
1044 2632 1237 2687 Pastor
1294 2632 1498 2698 ﬁdelis,
1548 2642 1807 2689 converte

200 2719 401 2775 oculos
423 2729 543 2775 tuos
572 2721 639 2775 ad
675 2736 819 2787 eam,
863 2732 916 2776 ct
943 2737 1273 2793 recognosce.
1304 2724 1398 2777 tibi
1427 2725 1800 2779 commissam.

203 2810 263 2865 Si
295 2811 443 2864 enim
475 2811 697 2875 erravit,
742 2823 917 2866 tamen
954 2812 1239 2867 Dominum
1287 2822 1341 2869 et
1376 2823 1650 2884 pastorem
1694 2830 1803 2870 non

203 2903 451 2972 negavit.
478 2902 687 2972 Inspice
739 2903 790 2957 in
834 2903 1026 2959 faciem
1056 2903 1194 2972 ejus,
1222 2913 1276 2958 et
1321 2906 1544 2977 adverte
1591 2906 1803 2976 signum

203 2990 428 3047 Domini
458 2993 528 3045 tui
562 3003 618 3047 ct
644 2992 778 3061 ejus.
806 2994 861 3048 Si
896 2996 996 3049 sub
1045 3004 1198 3050 tanto
1226 2995 1479 3066 squalore
1511 3013 1616 3052 non
1641 3010 1804 3068 agno-

204 3082 324 3136 scis
363 3081 557 3136 faciem
600 3082 769 3137 lotam
804 3092 863 3137 et
911 3084 1256 3138 candidatum
1286 3085 1339 3138 in
1387 3083 1536 3139 fonte
1579 3084 1800 3152 Christi,

204 3187 452 3241 agnosce
479 3188 665 3227 vocem
689 3173 1047 3229 confessionis
1077 3174 1178 3229 sub
1202 3176 1421 3230 nomine
1450 3175 1541 3207 ‘m
1570 3176 1799 3242 Christi,

203 3263 301 3331 qui
338 3271 420 3316 ter
460 3262 800 3334 interrogans
859 3274 1038 3319 utrum
1106 3282 1228 3318 eum
1280 3282 1517 3322 amares.
1570 3266 1666 3321 tibi
1721 3277 1803 3322 ter

204 3353 494 3409 conﬁtenti
535 3356 714 3410 dixit:
765 3355 933 3412 Pasce
963 3374 1079 3412 oves
1128 3375 1271 3413 meas
1316 3359 1496 3430 (Joan.
1532 3376 1644 3424 xxI,
1698 3360 1801 3425 l7).

203 3434 377 3502 Certe
401 3457 613 3503 amator
633 3457 713 3504 est
734 3449 871 3514 ovis,
903 3449 994 3520 qui
1022 3459 1149 3506 ante
1171 3451 1697 3507 commendationem
1726 3452 1804 3509 sic

202 3535 440 3591 discutit
462 3552 702 3593 amorem
733 3530 982 3609 pastOris.
1008 3538 1087 3593 En
1119 3540 1403 3596 confiteris
1425 3552 1482 3596 te
1502 3538 1802 3597 amatorem

203 3626 366 3698 ejus,
410 3638 468 3682 et
495 3628 608 3685 hare
654 3630 946 3687 confitetur
976 3631 1068 3663 ¹⁷⁰⁷
1096 3646 1157 3687 se
1180 3646 1341 3687 ovem
1371 3631 1506 3701 ejus.
1539 3633 1648 3690 Cur
1672 3649 1804 3706 ergo

202 3721 430 3791 spernis
451 3736 605 3776 ovem
637 3722 860 3790 Christi,
891 3732 1078 3793 pastor
1111 3723 1229 3795 ejus
1258 3723 1386 3778 "9’?
1420 3724 1599 3789 Petro,
1625 3734 1807 3795 pastor

204 3812 421 3868 Christi
449 3813 563 3882 "9’,
617 3816 867 3886 recollige
900 3832 1057 3872 ovem
1104 3814 1332 3872 Christi.
1385 3817 1643 3872 Dominus
1680 3828 1805 3874 tuus

203 3904 473 3975 imposuit
524 3905 578 3959 in
625 3905 881 3961 humeros
932 3921 1063 3962 suos
1119 3907 1357 3977 gaudens
1414 3908 1692 3976 quarsitazu
1750 3918 1805 3962 et

205 3992 493 4047 inventam
525 3992 678 4064 (Luc.
723 4011 813 4063 xv,
840 3994 926 4065 Β),
978 4011 1047 4051 ne
1083 3996 1311 4065 repellas
1340 4012 1460 4051 eam
1494 3996 1805 4051 redeuntem

206 4082 309 4116 "°°
343 4092 400 4137 et
445 4084 858 4155 supplicantem;
909 4086 1174 4143 Dominus
1221 4088 1355 4144 emit
1396 4104 1517 4143 eam
1556 4088 1644 4121 ¹⁸⁰¹
1676 4105 1803 4144 san-

197 4175 379 4245 guine
404 4191 502 4231 suo
526 4177 759 4231 nondum
784 4187 1001 4245 natam,
1039 4188 1227 4251 pastor
1253 4178 1371 4250 ejus
1398 4195 1468 4236 ne
1507 4180 1804 4251 vilipendas

194 4266 322 4337 jam
365 4278 609 4323 renatam
642 4270 756 4336 ‘3‘",
797 4280 853 4326 et
900 4279 1012 4327 tam
1043 4271 1334 4343 diligenter
1381 4273 1479 4328 tibi
1527 4287 1792 4328 commen-

200 4360 422 4415 datam.
452 4359 597 4416 Heu!
628 4363 867 4433 quandiu
891 4379 998 4420 non
1021 4365 1219 4423 sentiet
1243 4380 1301 4421 se
1330 4374 1627 4437 receptam,
1644 4380 1805 4423 cura-

201 4458 326 4505 tam
357 4459 412 4506 et
436 4449 818 4508 refocillatam.

1908 1908 2052 1960 rum,
2083 1894 2153 1949 ad
2182 1909 2407 1965 regnum
2431 1892 2694 1949 caelorum
2734 1891 3034 1947 inhiantem
3064 1892 3184 1956 ³⁸⁸⁸,
3214 1901 3270 1946 et
3294 1891 3364 1946 ob
3395 1892 3499 1945 hoc

1910 1981 2129 2037 Petrum
2153 1983 2447 2054 janitorem
2478 1982 2630 2053 regni
2653 1981 2918 2061 caelorum
2941 1990 2999 2035 et
3028 1981 3329 2051 principem
3359 1998 3494 2051 apo-

1906 2074 2168 2129 stolorum
2190 2074 2559 2129 invocantem.
3290 2132 3295 2135 _
3346 2084 3349 2085 '

1908 2220 1911 2221 ν
1978 2166 2118 2221 l-lccc
2148 2158 2276 2236 ergo
2300 2166 2415 2229 ¹⁸⁰⁷,
2441 2163 2752 2220 misericors
2780 2162 2959 2230 Petre,
2985 2177 3167 2219 coram
3190 2171 3243 2216 te
3265 2161 3497 2221 exhibeo

1911 2255 2147 2309 animam
2179 2270 2353 2311 meam
2389 2255 2571 2310 nervis
2614 2255 2875 2310 virtutum
2915 2254 3254 2319 dissolutam,
3287 2253 3496 2307 cateruis

1912 2346 2169 2399 vitiorum
2203 2346 2445 2416 ligatam,
2478 2349 2713 2415 pondere
2740 2356 3090 2416 peccatorum
3129 2354 3498 2416 aggravatam.

1907 2436 2231 2493 delictorum
2275 2438 2529 2492 sordibus
2559 2437 2842 2504 fcedatam,
2874 2438 3157 2493 discissum
3189 2437 3500 2492 vulneribus

1906 2530 2245 2596 daemonum,
2288 2530 2561 2600 putrtdam
2606 2539 2663 2585 ct
2704 2530 2928 2585 fetidam
2974 2529 3243 2583 ulceribus
3303 2529 3491 2583 crimi-

1906 2638 2059 2680 num.
2097 2622 2191 2676 llis
2216 2631 2270 2676 et
2292 2622 2412 2677 aliis
2439 2621 2694 2692 gravibus
2723 2620 2901 2687 malis,
2922 2636 3043 2689 qua:
3070 2619 3264 2675 melius
3288 2620 3380 2651 ²⁸⁰⁸
3408 2636 3495 2672 tne

1906 2716 2083 2780 vides,
2112 2716 2361 2771 obrutam
2384 2756 2398 2782 ,
2428 2731 2739 2786 oppressam
2754 2756 2775 2781 ,_
2801 2716 3191 2771 circumdatam
3209 2752 3226 2778 .
3274 2716 3499 2770 obvolu-

1908 2815 2042 2871 tam,
2074 2809 2336 2863 honorum
2379 2808 2621 2862 onmium
2666 2806 2989 2861 rclevamine
3033 2808 3146 2874 ηδ’,
3192 2818 3249 2861 ιιι
3294 2809 3493 2872 cernis,

1906 2898 2245 2954 destitutam.
2268 2899 2411 2953 Ecce
2434 2899 2687 2954 miseram
2713 2899 2970 2955 animam.
2999 2909 3055 2955 et
3083 2899 3493 2954 misericordem

1906 2991 2211 3061 apostolum
2257 2989 2507 3057 Petrum,
2570 3006 2755 3046 coram
2808 2991 3157 3046 misericorde
3206 2991 3347 3054 Deo,
3403 2994 3497 3059 qui

1910 3083 2156 3153 apostolo
2197 3082 2357 3138 Petro
2393 3082 2823 3138 misericordiam
2865 3082 2993 3137 fecit
3040 3092 3096 3136 et
3137 3082 3315 3137 facere
3358 3098 3496 3151 prtu-

1910 3176 2073 3247 ccpit,
2112 3184 2165 3229 et
2191 3174 2422 3229 faciendi
2459 3174 2550 3205 ¹⁸¹⁰
2581 3183 2903 3245 potestatem
2932 3173 3101 3228 dedit.
3144 3174 3281 3227 Ecce
3334 3175 3498 3227 mise-

1912 3267 2014 3330 ria,
2042 3276 2096 3321 el
2125 3282 2256 3321 ecce
2286 3266 2679 3320 misericordia.
2723 3264 3090 3319 Misericordia
3122 3266 3240 3328 Dei,
3270 3275 3322 3318 et
3351 3262 3500 3320 Petri

1907 3357 2137 3427 apostoli
2176 3357 2326 3426 ejus;
2368 3357 2585 3411 miseria
2628 3355 2825 3408 anima:
2856 3354 3024 3409 Deum
3072 3355 3399 3413 conﬁtentis.
3439 3365 3499 3409 et

1909 3448 2076 3503 Deum
2109 3458 2164 3504 et
2207 3448 2425 3502 Petrum
2469 3448 2791 3502 invocantis.
2844 3447 2987 3517 Ergo
3030 3446 3245 3501 miseria
3287 3456 3500 3515 premet

1910 3540 2115 3596 diutius
2144 3540 2383 3595 animam
2414 3539 2480 3593 ad
2529 3538 2695 3592 Deum
2732 3547 2785 3593 et
2828 3538 3047 3594 Petrum
3097 3538 3503 3608 respicientem,

1911 3644 1967 3689 et
1991 3632 2188 3689 videbit
2215 3634 2318 3689 hoc
2349 3632 2723 3688 misericordia
2763 3631 2852 3664 ‘8”
2884 3632 2979 3688 Dei
3004 3642 3059 3688 et
3086 3631 3229 3687 Petri
3260 3632 3391 3686 "m?

1983 3725 2028 3783 0
2056 3728 2219 3791 Deus,
2250 3735 2304 3780 et
2345 3736 2399 3780 tu
2448 3724 2640 3795 major,
2670 3726 3036 3797 apostolorum
3083 3727 3223 3797 ejus,
3254 3742 3375 3797 qua:
3413 3736 3501 3782 est

1911 3819 2027 3874 haec
2057 3819 2291 3874 miser-ite
2322 3834 2454 3871 mete
2479 3818 2809 3885 humanitas,
2840 3820 2883 3874 si
2909 3835 3013 3873 non
3042 3828 3217 3888 potest
3240 3820 3500 3873 adversus

1914 3924 2036 3963 eam
2065 3908 2455 3963 misericordiae
2482 3919 2673 3962 vestra:
2699 3910 3068 3967 immensitas?
3100 3911 3204 3962 Ant
3233 3909 3275 3962 si
3298 3917 3496 3975 potest,

1912 4002 2007 4057 sed
2056 4017 2162 4055 nou
2204 4000 2349 4063 vult,
2404 4016 2525 4069 qua:
2574 4009 2657 4054 est
2700 4000 2816 4055 hzec
2866 4000 3165 4055 enormitas
3215 3998 3501 4068 culparum

1907 4108 2171 4157 mearum,
2216 4107 2338 4162 quae
2376 4092 2592 4147 excedit
2639 4090 3034 4147 multitudinem
3088 4092 3498 4148 miserationum

1904 4182 2245 4238 vestrarum?
2269 4181 2349 4235 Au
2380 4180 2506 4249 quia
2532 4190 2753 4244 cuncta,
2784 4196 2906 4250 qua:
2945 4181 3187 4250 peccavi,
3222 4195 3328 4235 non
3363 4195 3498 4236 con-

1907 4276 2092 4329 ﬁteor!
2144 4288 2211 4327 en
2242 4282 2436 4328 cuncta
2478 4288 2599 4341 qua:
2623 4272 2775 4327 scitis
2803 4286 2891 4327 me
2916 4286 3192 4342 peccasse,
3227 4287 3354 4327 vera
3375 4287 3435 4329 es
3452 4286 3498 4328 ’θ

1910 4365 2197 4420 confiteor.
2244 4362 2325 4416 An
2363 4364 2490 4431 quia
2520 4378 2617 4418 nec
2644 4361 2971 4427 sufﬁcienter
3006 4362 3345 4431 paenitendo,
3390 4378 3493 4418 nec

1909 4455 2068 4511 malis
2127 4455 2269 4510 bona
2300 4452 2668 4523 rependendo,
2707 4450 3018 4509 satisfacio?
3048 4450 3247 4523 Utique
3284 4452 3363 4509 sic
3392 4461 3497 4518 est,

1500 4592 1731 4648 VARUE
1769 4587 2175 4647 LECTIONES.

278 4703 381 4735 ¹⁷⁸⁷
425 4702 491 4757 Et
524 4704 708 4774 genuit
755 4721 880 4759 mss.
938 4713 994 4757 et
1044 4704 1209 4774 gemit

1310 4706 1401 4737 ³⁷⁸⁸
1442 4707 1536 4761 Pio
1584 4707 1793 4760 medico
1815 4714 1870 4760 et
1896 4722 2020 4759 mss.
2059 4702 2181 4757 Bec.
2234 4701 2365 4755 Vict.
2424 4701 2653 4756 Vol-iur.
2681 4716 2728 4756 et
2762 4700 2915 4757 Flor.
2941 4703 3030 4772 pio
3070 4713 3119 4758 ct
3152 4704 3360 4758 medico
3390 4721 3490 4757 ms.

196 4774 355 4828 Tim.
378 4783 433 4827 et
458 4773 545 4842 pio
570 4775 776 4829 medico
791 4783 845 4829 et
919 4773 1377 4830 ""0bservando
1400 4787 1590 4831 exorat
1612 4793 1736 4830 mss.
1771 4776 1905 4830 Tim.
1934 4773 2239 4842 execrando
2269 4784 2460 4827 exorat
2535 4774 2625 4805 "9°
2666 4773 2742 4827 Ne
2764 4783 2979 4828 avertas
3001 4791 3099 4826 ms.
3129 4773 3493 4828 Sari-Germa-

190 4860 375 4898 nense
404 4859 505 4898 nec
533 4853 753 4899 avertas

192 4913 538 4970 Sun-Germ.
587 4931 687 4970 nec
721 4914 938 4969 differas
1013 4916 1106 4947 ¹⁷⁹³
1143 4915 1421 4971 Pestiferis
1452 4934 1550 4970 ms.
1600 4916 1734 4970 Tim.
1782 4916 2078 4971 mortiferis

856 4844 944 4877 "'9‘
985 4845 1051 4899 Et
1076 4860 1139 4899 ne
1166 4844 1389 4911 abjicias
1421 4864 1544 4900 mss.
1570 4852 1655 4899 ne
1677 4845 1901 4913 abjicias
1924 4862 2023 4898 ms.
2053 4844 2162 4898 Sun
2192 4840 2367 4895 Germ.
2408 4858 2507 4898 nec
2535 4843 2805 4913 deSpicias
2900 4844 2990 4874 ‘7"
3030 4843 3107 4898 Ne
3141 4844 3358 4913 differas
3391 4860 3491 4898 ms.

2156 4913 2246 4943 "9"
2286 4913 2531 4967 Attractu
2570 4912 2666 4967 ms.
2699 4913 2833 4966 Tim.
2864 4923 3007 4967 tactu
3037 4930 3133 4967 ms.
3179 4912 3313 4967 Vict.
3348 4914 3431 4967 16.
3460 4930 3494 4968 a

191 4994 362 5039 tactu
407 5000 505 5038 ms.
542 4982 696 5038 Flor.
739 4995 943 5039 attactu
966 5026 979 5031 α
1020 4987 1112 5018 ¹⁷⁹⁸
1150 4986 1524 5054 Abjicieudum
1557 4987 1610 5040 in
1643 5004 1743 5041 ms.
1784 4987 1917 5041 Tlm.
1950 4984 2309 5055 abjicieindam
2340 4983 2451 5049 jam
2479 4985 2530 5055 in
2604 4984 2700 5055 f7"
2742 4984 2853 5037 Sub
2883 4984 3099 5055 nomine
3130 5001 3226 5037 ms.
3274 4982 3402 5055 Vict.
3435 4984 3490 5036 5.

188 5055 251 5109 in
288 5055 519 5109 nomine

628 5055 718 5087 ¹⁷⁹⁷
758 5055 825 5108 Ει
852 5056 941 5110 hic
985 5057 1276 5111 conﬁtetur
1310 5073 1434 5110 mss.
1489 5067 1543 5110 et
1591 5058 1704 5111 haec
1745 5058 2037 5112 confitetur

198 5124 458 5196 Val-lue.
487 5134 534 5178 et
566 5122 721 5196 Flor.
757 5139 1136 5196 ovemﬁpasmr
1162 5127 1277 5196 ejus
1309 5143 1406 5196 ηις.
1462 5125 1596 5180 Vict.
1649 5128 1734 5181 l6.
1772 5142 1928 5182 ovem

2140 5054 2231 5086 ³⁷⁸⁸
2269 5054 2436 5109 Ovem
2487 5054 2687 5107 Christi
2721 5062 2905 5122 pastor
2933 5052 3049 5122 t-jus
3094 5071 3219 5108 mss.
3274 5052 3406 5106 l’ict.
3436 5055 3522 5108 5.‘

1972 5134 2160 5195 pastor
2189 5126 2306 5177 ovis
2360 5194 2363 5195 ν
2407 5125 2498 5155 ³⁷⁹⁹
2540 5123 2698 5195 Petro
2724 5133 2937 5195 amator
2975 5125 3172 5178 Christi
3196 5141 3321 5178 mss.
3356 5122 3521 5195 _7_‘Im.‘

187 5193 369 5264 Cori).
410 5192 537 5248 Bec.
585 5194 719 5249 Vict.
762 5196 848 5250 l6.
898 5192 1224 5251 le-luc.-ét
1276 5195 1429 5250 Flor.
1483 5197 1642 5252 Petre
1693 5207 1878 5264 pastor
1910 5192 2113 5251 Christi
2143 5203 2167 5229 ο
2194 5196 2285 5226 ¹⁸⁰⁰
2326 5194 2401 5249 Ne
2441 5194 2670 5263 repellas
2691 5194 3156 5264 eam_redcuutem
3187 5211 3313 5248 mss.
3358 5193 3491 5250 Vict.

192 5260 462 5336 Val-lue.
506 5275 553 5319 et
600 5264 748 5319 Flor.
802 5282 871 5321 ne
920 5266 1148 5336 repellas
1207 5268 1521 5322 redeuntem

186 5337 297 5368 ¹⁸⁰³
341 5334 466 5388 Jam
519 5346 765 5389 renatam
806 5353 933 5390 mss.
971 5334 1090 5392 eam
1148 5347 1396 5391 reuatam

187 5407 297 5436 ηδ*
332 5406 461 5459 ILec
508 5408 729 5459 vulnera
761 5423 858 5461 ms.
899 5406 1084 5461 Carm.
1142 5407 1257 5461 hzec
1285 5408 1567 5463 vulnerata

182 5476 498 5549 Exponam
524 5493 623 5531 ms.
658 5476 794 5549 Tim.
824 5478 1139 5549 petitionem
1167 5492 1362 5531 meam.
1393 5479 1669 5549 Exponam
1685 5497 1782 5533 ms.
1802 5479 1958 5534 Corb.
1991 5477 2364 5549 narrationem
2392 5490 2588 5529 meam.
2621 5474 2901 5549 Exponam

1635 5262 1725 5299 ¹⁸⁶¹
1766 5268 1988 5323 Emerat
2032 5282 2151 5321 eam
2178 5282 2303 5320 mss.
2350 5262 2643 5318 emit’eam
2675 5280 2773 5318 ms.
2814 5262 2948 5317 Vict.
2995 5264 3081 5318 16.
3116 5265 3343 5318 redemit
3369 5280 3492 5319 eam

1508 5338 1600 5370 ¹⁸⁰³
1636 5337 1907 5404 Principis
1953 5338 2338 5405 Apostolorum
2397 5350 2496 5387 ms.
2552 5332 2757 5405 Timon.
2791 5334 3057 5404 Princeps
3103 5335 3491 5403 Apostolorum

1672 5410 1767 5442 ³⁸⁸⁵
1794 5404 2173 5463 Narrationem
2207 5405 2405 5467 meam,
2452 5414 2507 5458 et
2534 5404 2905 5473 multiplicabo
2937 5406 3242 5460 orationem
3288 5420 3493 5459 meam.

2978 5475 3071 5506 ¹⁸⁰⁶
3098 5476 3495 5531 luhabitantem

182 5562 339 5621 inss.
378 5545 675 5621 inhiantem
752 5547 842 5621 ’ἔθ’
877 5547 1142 5621 E--ce_e.go
1178 5564 1304 5621 mss.
1331 5544 1622 5621 ecce'ergo
1702 5550 1998 5621 ’m-Quam
2046 5548 2401 5621 meliusmss.
2452 5544 2798 5621 qua:_mclius
2835 5545 2966 5621 f3”
3000 5546 3348 5621 ltelevamine
3395 5563 3493 5621 ms.

198 5610 982 5691 Vicini6._revelaniiiiems.
1026 5610 1160 5691 Vi'ct.
1194 5619 1245 5673 5.
1273 5610 1584 5691 velamine"
1618 5621 1708 5652 ¹³¹⁰
1741 5610 2020 5691 Praecepit;
2048 5626 2109 5691 et
2162 5616 2393 5691 faciendi
2443 5610 2541 5691 nis.
2569 5614 2708 5691 Tini.
2725 5625 2805 5691 et
2830 5616 3011 5691 facere
3034 5618 3312 5691 prtecepit,
3335 5627 3385 5671 et
3412 5616 3497 5691 fa-

182 5683 401 5740 ciendi
480 5687 565 5718 ¹⁸¹¹
600 5688 665 5741 Et
702 5689 905 5745 videbit
934 5692 1035 5746 hoc
1066 5690 1442 5746 misericordia
1471 5707 1569 5745 ms.
1610 5691 1749 5745 Tim.
1780 5701 1833 5748 et
1884 5683 2091 5749 videbis
2141 5686 2511 5744 misericordia
2591 5687 2682 5717 ¹⁸¹²
2714 5688 2807 5742 Dei
2838 5696 2891 5741 ct
2917 5687 3061 5744 Petri
3089 5705 3187 5744 ms.
3213 5683 3367 5742 νῶι-ι.
3404 5688 3490 5742 l6.

182 5755 374 5810 omit.
