4048 6288
499 337 608 422 υτςι

868 359 927 420 S.
958 357 1256 415 ANSELMI
1286 353 1636 414 CANTUAB.
1675 348 1994 408 ARCHIEP.
2037 349 2092 407 Ο]

2228 349 2406 406 PARS
2432 347 2496 402 ll.
2535 376 2604 386 —
2645 342 3015 400 ΡΑΒᾹΖΝΕΤ.
3061 341 3148 398 ΕΤ
3187 339 3432 399 ASCET.

3665 338 3782 396 980

500 490 593 534 tur
619 477 711 548 qui
757 473 929 545 pertlit
958 473 1120 526 vitam
1145 471 1385 540 justiim,
1421 485 1516 540 per
1541 466 1682 538 quod
1713 466 1884 537 pcrtlit
1917 465 2078 518 vitam
2099 452 2156 526 ’Λ
2188 470 2289 518 tua:
2316 462 2408 494 ¹⁸⁶⁸
2436 458 2720 532 potestatis
2749 457 2938 512 cll'cctu
2971 457 3062 490 ¹⁸⁶⁹
3079 465 3338 511 mortuus
3367 456 3494 523 iste,
3533 465 3598 509 ut
3621 455 3788 509 vivus

501 565 738 630 beatam,
765 577 925 632 quam
949 561 1039 631 qui
1070 561 1270 613 amittit
1298 559 1457 613 istam
1487 559 1736 610 miseram
1765 555 1952 608 vitam.
1981 553 2084 607 De-

502 659 667 726 nique
697 654 849 708 valde
891 651 1164 718 mugisset
1204 649 1456 704 miserius
1501 648 1686 701 interit
1731 645 1822 714 qui
1865 644 2087 698 dimittit

500 749 691 810 vitam,
721 759 841 816 qua:
881 750 1095 799 servata
1141 749 1195 796 et
1238 741 1495 795 amissam
1524 739 1616 770 ¹⁸⁸⁸
1643 737 1887 806 corporis
1917 735 2082 788 vitam

499 834 782 890 meliorem
829 830 1087 896 restituit,
1137 839 1190 884 et
1233 829 1348 883 sine
1374 843 1479 896 qua
1508 827 1726 896 expedit
1771 838 1870 878 nec
1901 832 2086 876 uatum

501 940 643 989 esse,
673 937 834 993 quam
863 907 1182 991 quideserit
1207 918 1372 982 illam,
1401 917 1518 972 sine
1547 929 1651 985 qua
1677 912 1809 967 nihil
1836 910 2087 982 prohibet

501 1015 739 1069 animam
770 1013 985 1068 beatam
1013 1024 1154 1065 esse.
1186 1007 1312 1062 llaec
1343 1007 1541 1060 misera
1587 1004 1693 1057 vita
1736 1003 1880 1067 vivo,
1927 1008 1982 1056 et
2022 998 2090 1053 ab

501 1108 605 1162 hac
629 1106 786 1161 beata
815 1102 927 1157 vita
955 1108 1203 1156 mortuus
1243 1112 1382 1153 sum.
1416 1096 1472 1149 ln
1504 1109 1570 1150 eo
1595 1093 1717 1148 vivo
1739 1092 1880 1162 quod
1912 1093 1977 1146 de
2003 1105 2090 1147 me

501 1196 665 1250 vilius
707 1201 820 1258 est;
869 1191 923 1246 in
952 1205 1018 1246 eo
1047 1198 1293 1244 mortuus
1316 1187 1410 1221 ⁸⁸³⁷
1437 1201 1556 1240 smn
1585 1184 1728 1254 quod
1757 1181 1949 1237 melius
1982 1189 2086 1237 est.

501 1286 630 1340 I‘lus
671 1297 804 1354 ergo
854 1290 1102 1336 mortuus
1144 1293 1262 1335 sum
1308 1292 1469 1347 quam
1517 1274 1702 1339 vivus;
1751 1281 1806 1328 et
1852 1271 2091 1328 deterius

500 1381 750 1428 mortuus
807 1385 927 1426 sum
982 1384 1146 1440 quam
1199 1383 1366 1424 carne
1419 1365 1714 1419 moriturus
1767 1377 1912 1417 sum.
1970 1361 2090 1416 Non

501 1465 647 1519 enim
676 1463 767 1496 *3“
795 1473 942 1517 mors
969 1458 1056 1514 illa
1082 1455 1220 1513 mala
1253 1455 1384 1510 mihi
1411 1455 1534 1518 erit,
1564 1452 1667 1508 nisi
1695 1452 1822 1522 quia
1847 1452 1951 1507 ista
1976 1453 2089 1521 jam

503 1553 782 1622 praecedit.
863 1574 865 1576 ·

576 1642 776 1695 Sancte
804 1637 990 1705 Paule,
1027 1637 1148 1693 veni
1177 1637 1244 1692 ad
1273 1643 1324 1692 te
1352 1644 1412 1690 ut
1453 1643 1709 1706 peccator
1737 1632 2090 1688 reconciliau-

502 1731 625 1798 dus,
657 1740 712 1787 et
729 1722 862 1786 ecce
893 1730 1142 1785 inventus
1171 1743 1290 1783 sum
1318 1741 1502 1783 coram
1535 1736 1584 1780 te
1613 1724 1978 1796 mortuus.Hm
2008 1739 2091 1779 re-

2141 552 2159 564 ”
2186 551 2448 622 gloriﬁcct
2477 551 2642 606 Deum
2673 557 2728 603 et
2759 556 2811 602 te
2871 557 3117 602 mortuus
3150 548 3270 602 iste.
3305 547 3552 610 Domine,
3583 561 3689 601 non
3717 560 3789 603 es

2188 641 2455 710 impotens
2485 639 2630 692 hunc
2671 647 2948 692 mortuum
2990 638 3283 703 suscitare,
3324 639 3449 706 quia
3494 646 3632 692 teste
3669 637 3789 692 Deo

2188 727 2383 784 sulIicit
2409 727 2508 783 tibi
2531 729 2703 799 gratia
2735 729 2849 784 Dei.
2895 729 3032 783 Nam
3059 731 3102 784 si
3154 731 3206 784 in
3253 739 3396 784 terra
3427 729 3648 800 degenti
3681 729 3786 782 tibi

2170 817 2423 898 suffecit,
2469 819 2654 890 utique
2704 819 2756 873 in
2800 820 2938 874 caelo
2985 821 3226 875 manenti
3275 836 3383 874 non
3431 820 3630 874 defecit
3665 820 3786 871 ⁸⁸η.

2187 911 2318 979 Cur,
2360 912 2596 978 domine,
2636 913 2842 968 diutius
2883 913 3089 985 jacebit
3131 913 3347 968 oblatus
3394 913 3487 967 tibi
3537 921 3792 968 mortuus

2189 1006 2306 1060 sine
2334 1006 2464 1070 vita,
2496 1020 2618 1060 cum
2665 1005 2806 1060 Deus
2842 1013 3070 1060 testetur
3099 1014 3246 1058 tuam
3291 1003 3610 1074 potentiam,
3639 1011 3693 1057 et
3726 1013 3792 1056 tu

2193 1095 2405 1149 testeris
2435 1093 2549 1164 ipse
2591 1102 2738 1148 tuam
2773 1094 3070 1164 pietatem?
3100 1093 3327 1149 Domine
3369 1094 3534 1158 Deus,
3563 1101 3617 1147 tu
3647 1093 3796 1148 dicis

2188 1183 2356 1240 Paulo
2398 1202 2412 1239 :
2464 1183 2666 1255 Sufﬁcit
2708 1186 2801 1240 tibi
2848 1186 3022 1256 gratia
3071 1202 3188 1239 mea
3235 1183 3324 1254 (II
3368 1183 3492 1238 Cor.
3542 1200 3656 1248 xu,
3699 1184 3792 1253 9).

2191 1273 2392 1330 Sancte
2414 1273 2597 1344 Paule,
2631 1283 2687 1328 tu
2717 1274 2856 1330 dicis
2908 1275 3065 1330 nobis
3096 1292 3108 1329 :
3155 1274 3410 1330 Omnibus
3447 1275 3623 1329 omnia
3665 1290 3796 1328 sum

2192 1366 2361 1436 factus
2409 1365 2462 1438 (I
2504 1362 2628 1420 Cor.
2673 1381 2759 1431 ix,
2801 1364 2914 1436 22).
2967 1366 3034 1421 Et
3079 1380 3207 1422 ecce
3244 1366 3532 1422 verborum
3575 1374 3802 1422 vestro-

2190 1473 2310 1513 rum
2341 1457 2432 1491 ¹⁸τ¹
2463 1456 2714 1514 ell'ectum
2749 1468 3031 1529 exspectat
3064 1470 3330 1528 mortuus,
3367 1462 3470 1517 bac
3492 1477 3588 1530 spe
3630 1461 3802 1516 vobis

2224 1550 2404 1606 llatus.
2437 1549 2542 1606 Vos
2569 1550 2774 1616 dicitis,
2796 1560 2851 1606 et
2893 1561 3138 1608 mortuus
3170 1551 3396 1608 audiens
3437 1562 3640 1621 sperat.
3672 1551 3803 1609 Vos

2193 1643 2525 1716 immittitis,
2554 1651 2610 1697 et
2649 1650 2896 1698 mortuus
2921 1657 3086 1697 orans
3112 1651 3412 1712 exspectat.
3444 1643 3554 1698 Vos
3577 1642 3803 1708 dii-itis,

2190 1739 2247 1786 et
2288 1746 2317 1785 a
2361 1732 2514 1787 vobis
2557 1740 2640 1787 est
2683 1729 2984 1801 prolatum,
3023 1732 3271 1793 obsecro.
3317 1733 3543 1787 sentiam
3590 1731 3801 1787 all‘ectu

503 1821 870 1877 suscitaudus.
909 1819 1050 1875 Veni
1077 1828 1138 1875 ut
1163 1834 1290 1896 reus
1316 1832 1454 1888 Opus
1480 1818 1686 1872 habens
1714 1816 2091 1879 intercessore,
2125 1811 2168 1866 Β
2192 1822 2336 1892 quod
2367 1823 2458 1856 ⁸⁸⁷⁸
2486 1823 2717 1879 mundus
2745 1823 2944 1895 gaudet
2986 1837 3082 1893 per
3108 1837 3205 1877 vos
3253 1837 3373 1877 esse
3421 1821 3798 1892 propalatmn.

502 1923 561 1968 et
603 1915 854 1969 inventus
883 1927 1004 1967 sum
1049 1910 1191 1966 male
1218 1919 1484 1973 mortuus,
1518 1907 1764 1976 indigens
1801 1907 2094 1961 resuscita-

505 2011 642 2057 tore.
677 2000 746 2057 Ut
781 2001 946 2078 miser
973 2001 1120 2064 veni,
1152 2009 1205 2056 et
1235 2000 1600 2055 miserrimum
1645 2012 1730 2052 me
1761 2001 1960 2052 iuveni.
1990 1997 2092 2052 Ac-

504 2093 645 2150 cessi
698 2093 848 2148 velut
898 2093 1053 2147 vivus
1087 2100 1392 2154 accusatus,
1437 2100 1491 2147 et
1519 2107 1646 2146 ecce
1674 2106 1860 2146 coram
1891 2099 1942 2145 te
1972 2105 2089 2145 sum

505 2195 760 2243 mortuus
784 2187 1089 2244 damnatus.
1128 2188 1263 2243 Nam
1289 2187 1390 2243 etsi
1430 2189 1666 2242 nondum
1701 2201 1816 2240 sum
1863 2185 2094 2240 traditus

504 2278 672 2335 morti
719 2279 1023 2349 torquenti,
1068 2279 1181 2348 jam
1231 2288 1410 2333 tamen
1461 2278 1712 2332 dimissus
1761 2291 1880 2331 sum
1932 2276 2090 2330 morti

507 2373 658 2428 illam
701 2374 1016 2428 attrahenti.
1062 2372 1194 2427 Nam
1226 2372 1354 2426 licet
1391 2371 1625 2426 nondum
1657 2369 1760 2424 sim
1791 2368 1882 2400 ¹⁸⁶⁰
1909 2367 2092 2422 detru-

507 2479 602 2520 sus
628 2465 680 2519 in
711 2474 1430 2534 carcerem‘tormeutorum,
1459 2456 1640 2516 tamen
1665 2460 1777 2529 jam
1821 2475 1940 2514 sum
1964 2473 2093 2514 cou-

507 2553 690 2610 clusus
726 2554 778 2609 in
809 2554 962 2610 fovea
1005 2561 1373 2624 peccatorum.
1417 2550 1674 2618 Quamvis
1699 2551 1841 2605 enim
1870 2549 1960 2582 ¹³⁶¹
1986 2565 2091 2603 ιιοιι

506 2659 626 2698 sum
660 2645 837 2700 adhuc
868 2645 921 2698 in
954 2644 1164 2700 iul'emo
1194 2645 1459 2712 sepultus,
1497 2644 1608 2712 jam
1648 2657 1765 2696 sum
1815 2649 1990 2695 tamen
2033 2647 2093 2693 ut

507 2735 863 2805 sepeliendus,
902 2736 1112 2790 delictis
1136 2736 1442 2790 obvolutus.
1471 2733 1582 2787 lloc
1605 2742 1721 2788 erat
1750 2741 1920 2797 certe,
1949 2731 2091 2801 quod

505 2839 666 2881 orare
697 2842 798 2882 nec
842 2836 1084 2896 poteram
1114 2841 1212 2880 nec
1249 2825 1508 2879 sciebam.
1540 2824 1652 2878 lloc
1677 2831 1796 2878 erat
1823 2837 1951 2876 vere
1977 2822 2089 2888 ἔδυ,

506 2916 634 2985 quia
659 2931 744 2970 me
766 2917 910 2970 omni
939 2917 1014 2970 rei
1039 2915 1426 2983 exsecrabilem
1461 2913 1844 2983 intelligebam,
1870 2922 1925 2967 et
1949 2912 2094 2967 velut

505 3005 842 3060 iuseusibilis
879 3021 985 3058 non
1030 3005 1298 3060 dolebam.
1343 3002 1707 3073 lntelligebam
1751 3017 1848 3070 per
1890 3012 2093 3056 natura:

506 3095 951 3159 rationalitatem,
984 3110 1090 3150 non
1119 3097 1419 3150 sentiebam
1452 3109 1546 3160 per
1589 3093 1778 3147 mortis
1807 3093 2095 3148 insensibi-

506 3186 737 3242 Iitatem.
767 3185 901 3240 Vere
922 3195 1167 3241 mortuus
1188 3201 1358 3250 eram,
1382 3195 1434 3238 et
1464 3193 1707 3239 mortuus
1733 3184 1874 3249 veni,
1898 3192 1952 3238 et
1973 3183 2092 3238 ideo
2120 3165 2165 3228 (ἶ

503 3291 602 3332 me
628 3285 896 3331 mortuum
931 3275 1129 3330 inveni.

577 3364 624 3422 0
641 3367 804 3430 Deus,
827 3366 950 3436 quis
968 3365 1146 3420 orabit
1167 3380 1264 3434 pro
1287 3375 1501 3420 mortuo
1523 3365 1662 3420 isto?
1687 3363 1886 3419 Sancte
1905 3363 2091 3430 Paule,

507 3457 606 3514 tibi
649 3457 805 3512 attuli
837 3472 990 3523 eum;
1025 3473 1091 3512 ne
1135 3459 1402 3512 avertaris
1447 3472 1570 3513 eum
1602 3456 1724 3523 ¹⁸⁶³;
1754 3471 1850 3511 ora
1879 3471 1979 3527 pro
2004 3471 2091 3511 eo.

507 3548 758 3612 Domine,
784 3549 929 3602 Elias
949 3549 1042 3580 ⁸⁸⁸⁵
1067 3557 1120 3603 et
1145 3549 1376 3613 Eliseus,
1401 3557 1460 3603 ut
1485 3557 1728 3604 mortuos
1749 3550 2091 3614 suscitarent,

507 3641 741 3694 mortuis
786 3655 846 3693 se
889 3641 1207 3709 jtutxeruut,
1255 3649 1310 3694 et
1355 3641 1596 3694 membra
1645 3639 1922 3700 membris,
1973 3639 2094 3693 viva

507 3729 743 3787 mortuis
767 3739 1177 3800 coaptaveruut.
1211 3729 1458 3794 Domine,
1491 3731 1599 3786 vivi
1627 3731 1721 3763 ³⁸⁸⁸
1746 3739 1989 3784 mortuos
2014 3738 2095 3783 at-

507 3832 688 3879 tactos
714 3822 1148 3888 viviﬁcaverunt,
1179 3832 1234 3878 et
1264 3823 1462 3879 mortui
1504 3823 1641 3899 vivis
1684 3822 1820 3878 nihil
1867 3822 1971 3877 nisi
2003 3821 2094 3854 ¹⁸⁶⁶

508 3914 736 3986 gloriam
768 3914 1086 3988 intulerunt.
1112 3914 1360 3978 Domine,
1385 3922 1441 3968 tu
1465 3928 1679 3984 quoque
1699 3915 1836 3970 dicis
1865 3914 2091 3984 teipsum

507 4005 690 4060 omnia
717 4005 969 4060 omnibus
996 4004 1216 4067 factum,
1249 4014 1309 4060 ut
1333 4019 1522 4060 omnes
1545 4005 1874 4062 lucrifacias.
1907 4007 2095 4062 Amice

506 4093 629 4158 Dei,
668 4094 911 4165 exempla
949 4093 1177 4149 aliorum
1220 4108 1306 4148 me
1337 4094 1539 4149 faciunt
1577 4110 1923 4164 praesumere,
1952 4096 2093 4151 dicta

507 4191 602 4238 tua
626 4197 713 4237 me
732 4183 1021 4238 hortantur
1040 4184 1332 4239 conlidere.
1357 4185 1541 4238 Dicam
1571 4199 1723 4254 ergo,
1749 4184 1985 4250 domine,
2013 4185 2095 4239 di-

508 4283 660 4338 cam;
689 4274 928 4338 domine,-
948 4274 1186 4340 domine,
1213 4274 1479 4330 descende
1507 4275 1575 4328 ad
1606 4283 1876 4329 mortuum
1906 4275 2091 4342 istum,

509 4363 753 4432 expaude
787 4372 840 4418 te
869 4379 1034 4433 super
1079 4371 1352 4418 mortuum
1391 4365 1574 4429 istum,
1605 4365 1689 4420 fac
1732 4374 1782 4421 te
1813 4357 1917 4422 non
1950 4383 2089 4424 mor-

2195 1912 2251 1968 Si
2301 1929 2332 1968 a
2361 1914 2514 1968 vobis
2541 1915 2744 1969 dictum
2797 1930 2901 1969 non
2939 1915 3173 1986 negatis.
3219 1930 3318 1970 cur
3363 1914 3603 1984 poscenti
3649 1912 3802 1969 επε-

2194 2013 2340 2060 ctum
2382 2006 2695 2076 denegatis?
2735 2015 2828 2062 aut
2869 2007 2956 2062 cui
3003 2005 3249 2062 securius
3278 2014 3523 2060 mortuus
3555 2005 3804 2060 resusci-

2194 2095 2389 2150 taudus
2430 2103 2702 2166 portatur,
2751 2096 2796 2150 si
2845 2111 2874 2149 a
2901 2096 3057 2151 vobis
3099 2095 3332 2160 oblatus,
3381 2111 3410 2150 a
3457 2095 3610 2149 vobis
3639 2110 3804 2150 mor-

2197 2197 2318 2242 tuus
2348 2187 2441 2219 ¹⁸τ³
2471 2187 2812 2256 reportatur?
2841 2185 2960 2254 Quo
2989 2186 3136 2241 illum
3182 2187 3417 2248 mittitis,
3462 2188 3507 2240 si
3555 2186 3633 2241 sic
3659 2200 3802 2240 eum

2194 2276 2504 2332 dimittitis?
2530 2276 2647 2344 Quo
2673 2277 2790 2336 ibit,
2830 2277 2935 2331 sia
2969 2276 3120 2331 vobis
3154 2260 3356 2332 abibit?
3391 2274 3436 2331 ο
3471 2276 3632 2340 Deus,
3662 2277 3806 2345 quis

2193 2369 2507 2431 resuscitat,
2538 2368 2584 2422 si
2615 2369 2772 2434 }Deus
2802 2384 2909 2424 non
2943 2369 3266 2425 resuscitat?
3294 2369 3337 2422 A
3373 2384 3478 2437 quo
3514 2378 3800 2437 speratur,

2195 2460 2289 2515 sia
2315 2459 2424 2516 Deo
2443 2460 2795 2529 deSperatur?
2818 2461 2863 2513 A
2901 2476 2999 2529 ιιιο
3022 2459 3220 2516 amissa
3246 2459 3359 2513 vita
3389 2461 3647 2529 recipitur
3669 2459 3800 2525 κη,

2192 2551 2295 2605 nisi
2329 2567 2358 2604 a
2387 2567 2494 2622 quo
2524 2553 2674 2622 prius
2703 2552 3000 2622 accipitur?

2265 2639 2466 2696 Sancte
2491 2641 2676 2704 Paule,
2706 2643 2827 2711 quis
2859 2642 3118 2711 indigenti
3163 2650 3218 2697 et
3258 2640 3457 2696 dolenti
3509 2642 3626 2711 pius
3657 2642 3803 2706 erit,

2192 2731 2236 2786 si
2264 2731 2371 2797 ille,
2395 2733 2485 2802 qui
2513 2748 2634 2789 cum
2668 2734 3066 2788 iulirmautibus
3102 2733 3366 2788 inﬁrmari
3409 2747 3466 2788 se
3494 2733 3803 2801 prom‘ttit,

2193 2825 2363 2880 durus
2403 2825 2540 2880 erit?
2574 2825 2707 2892 Quis
2753 2841 2912 2881 orare
2958 2841 3055 2894 pro
3087 2825 3286 2879 misero
3314 2825 3570 2894 dignatur
3594 2823 3705 2884 ⁸⁸⁷⁵,
3749 2826 3808 2878 si

2193 2916 2301 2980 ille,
2335 2917 2424 2986 qui
2473 2932 2533 2972 se
2577 2917 2828 2972 omnibus
2857 2917 3038 2972 omnia
3081 2915 3282 2969 factum
3326 2914 3602 2985 publicat,
3639 2914 3806 2969 dedi-

2193 3008 2428 3075 gnatur?
2466 3007 2575 3061 Aut
2605 3008 2727 3077 quis
2757 3004 2842 3063 vel
2865 3007 3102 3062 auditur
3126 3006 3238 3068 "7°,
3273 3005 3316 3060 si
3338 3004 3457 3069 ille,
3491 3005 3577 3060 cui
3607 3005 3804 3074 gratia

2196 3097 2291 3152 Dei
2334 3097 2550 3162 sulllcit,
2599 3113 2707 3153 non
2757 3100 3045 3154 exauditur
3077 3098 3208 3150 ‘9"?
3246 3099 3327 3152 An
3371 3097 3446 3151 illi
3492 3097 3665 3166 pietas
3703 3098 3806 3151 vel

2197 3195 2432 3257 potestas
2457 3188 2662 3254 dellcit,
2687 3189 2773 3244 cui
2803 3187 2974 3259 gratia
3002 3190 3093 3244 Dei
3131 3187 3362 3243 subicit?
3388 3187 3434 3244 Ο
3470 3203 3566 3243 vos
3600 3187 3804 3250 ambo.

2196 3279 2324 3348 quid
2370 3294 2465 3335 vos
2510 3289 2711 3346 movet,
2749 3281 2794 3335 si
2826 3281 2939 3336 haec
2983 3295 3087 3335 non
3136 3279 3386 3334 moveut?
3437 3278 3586 3334 Unde
3627 3293 3803 3332 ass"-

2196 3382 2361 3431 mam,
2399 3367 2499 3421 nisi
2532 3370 2598 3422 de
2620 3368 2794 3435 vobis,
2824 3369 2966 3440 quod
2994 3369 3060 3424 ad
3089 3369 3433 3425 excitandam
3469 3367 3803 3422 misericor-

2195 3457 2338 3512 diam
2361 3467 2599 3513 vestram
2641 3459 2934 3515 obtendam
2967 3459 3158 3516 vobis?
3197 3459 3406 3514 Mortua
3451 3459 3629 3511 anima
3656 3458 3808 3527 quid

2194 3548 2452 3604 obtendet
2484 3549 2552 3604 de
2595 3563 2674 3614 se,
2708 3549 2810 3604 nisi
2855 3549 2980 3620 quia
3015 3548 3289 3619 peccatrix
3335 3557 3391 3603 et
3429 3547 3627 3602 misera
3670 3548 3806 3600 est?

2194 3639 2471 3696 Poenitens
2501 3647 2678 3696 tamen
2706 3649 2763 3696 et
2790 3641 2976 3697 dolens
3001 3651 3140 3696 orat.
3171 3640 3215 3698 Ο
3245 3640 3289 3696 si
3321 3640 3410 3706 ille
3434 3643 3525 3708 qui
3549 3639 3621 3694 de
3647 3640 3802 3692 ccelo

2193 3731 2343 3786 venit
2362 3745 2558 3786 vocare
2581 3740 2894 3802 peccatores
2913 3732 2964 3787 in
2989 3733 3360 3802 paenitentiam
3381 3732 3492 3797 ³⁸⁷⁸,
3515 3740 3568 3784 et
3587 3730 3679 3784 ille
3694 3731 3798 3799 qui

2193 3828 2317 3892 post
2351 3836 2474 3877 eum
2506 3824 2574 3878 ad
2619 3824 2722 3880 hoc
2752 3823 2930 3893 ipsum
2974 3824 3095 3894 plus
3128 3825 3382 3880 omnibus
3419 3823 3708 3884 laboravit.

2196 3914 2317 3968 ideo
2344 3924 2697 3971 contemnent
2743 3916 3098 3987 ptenitentem
3146 3917 3382 3970 animam
3427 3915 3551 3984 quia
3594 3929 3804 3982 pecca-

2197 4005 2304 4060 trix
2329 4007 2438 4061 est!
2467 4005 2524 4060 Si
2553 4005 2660 4072 ille,
2687 4007 2776 4076 qui
2805 4006 2871 4062 de
2895 4006 3015 4061 siuu
3045 4005 3220 4060 Patris
3245 4005 3415 4060 exivit
3441 4012 3663 4073 portare
3693 4004 3800 4055 tto.

2195 4098 2337 4170 lores
2363 4108 2601 4163 nostros,
2642 4108 2698 4154 et
2739 4099 2848 4165 ille,
2891 4099 2982 4170 qui
3014 4114 3073 4154 se
3105 4113 3227 4152 cum
3261 4095 3665 4152 inﬁrmantibus
3694 4096 3800 4126 ⁸⁸η

2195 4191 2328 4245 dicit
2372 4176 2657 4256 inﬁrmari,
2699 4192 2744 4246 si
2794 4191 2997 4247 idcirco
3031 4191 3336 4260 despiciunt
3365 4190 3458 4222 ιοιο
3489 4189 3796 4249 dolentem,

2196 4280 2321 4349 quia
2350 4280 2548 4334 misera
2580 4290 2663 4336 est
2689 4281 2814 4334 ¹⁸⁸¹1
2851 4279 2906 4338 Si
2951 4281 3060 4348 ille,
3092 4281 3181 4350 qui
3216 4289 3273 4335 ut
3301 4289 3545 4336 mortuas
3572 4281 3801 4333 animas

2197 4367 2507 4434 suscitaret,
2538 4378 2810 4426 mortuum
2844 4386 2903 4426 se
2935 4369 3083 4435 fecit,
3109 4379 3164 4424 et
3194 4370 3282 4425 ille
3311 4369 3404 4438 qui
3439 4382 3500 4423 se
3531 4369 3800 4422 omnibus

510 4461 685 4516 tuum,
715 4454 806 4508 sed
835 4461 1090 4534 tanquam
1131 4463 1402 4510 mortuum
1437 4457 1618 4511 istum.
1647 4456 1872 4512 Caletiat
1901 4458 2088 4512 confo-
2124 4480 2176 4557 θ’
2197 4461 2378 4515 omnia
2410 4461 2606 4516 factum
2635 4464 2904 4533 perbibet,
2931 4463 2974 4517 si
3001 4462 3070 4517 ob
3098 4463 3199 4517 hoc
3226 4461 3478 4529 rejiciunt
3505 4460 3598 4491 ¹⁸⁸⁸
3623 4475 3797 4514 oran-

508 4550 598 4596 tus
620 4551 723 4598 tute
742 4532 1129 4613 compaSsionis
1149 4545 1237 4577 ¹⁸⁶⁷
1255 4553 1457 4602 attactu
1482 4554 1726 4601 mortuus
1750 4547 1870 4611 iste,
1886 4548 2093 4602 revivat

2205 4563 2331 4632 tem,
2353 4553 2478 4623 quia
2505 4565 2713 4610 mortua
2743 4565 2826 4611 cst
2849 4555 2970 4610 “'3‘!
3000 4555 3116 4611 Non
3148 4555 3222 4609 ita
3247 4556 3411 4619 Deus,
3441 4569 3547 4608 nou
3579 4553 3652 4605 ita
3677 4551 3800 4604 sit:

1825 4685 1910 4738 VA
1921 4686 2055 4741 RM!)
2100 4687 2507 4753 LECTIONES.

586 4815 679 4850 ³⁸⁸⁸
708 4813 932 4884 Servata
963 4816 1218 4872 amissam
1247 4834 1371 4872 mss.
1400 4829 1613 4872 servata
1647 4828 1701 4874 et
1733 4821 1986 4876 amissam
2029 4841 2126 4879 ms.
2163 4822 2394 4879 Val-(uc.
2431 4835 2648 4880 servata
2675 4836 2731 4882 et
2771 4829 2971 4884 amissa

516 4885 654 4941 Vict.
695 4885 750 4939 5.
782 4896 835 4941 et
864 4881 916 4939 in
965 4902 1031 4941 eo
1059 4896 1305 4942 mortuus

3090 4830 3182 4862 ¹⁸⁸⁷
3212 4830 3265 4884 lu
3299 4845 3362 4884 eo
3390 4820 3641 4883 mortuus
3684 4846 3789 4882 ms.

1423 4888 1515 4921 ¹⁸⁵⁸
1541 4889 1711 4954 Quam
1741 4906 1905 4946 carne
1934 4904 2181 4948 mortuus
2222 4910 2381 4948 sum:
2429 4911 2532 4950 non
2581 4898 2726 4950 enim
2759 4915 2885 4953 mss.
2917 4899 3039 4953 Bec.
3086 4898 3218 4954 Vict.
3253 4899 3409 4952 Corb.
3454 4899 3695 4952 Val-lac.
3735 4912 3794 4950 ct

507 4955 662 5011 Flor.
705 4971 1056 5038 quam'carnc
1103 4960 1398 5013 moriturus
1428 4973 1726 5038 sum-anon
1753 4962 1895 5038 enim
1925 4979 2024 5016 ms.
2057 4963 2383 5038 Tamquam
2411 4981 2574 5038 carne
2629 4977 2875 5022 mortuus
2903 4985 3042 5027 sum.
3067 4985 3230 5038 quam
3269 4983 3438 5038 carne
3481 4970 3792 5023 moriturus

507 5042 629 5081 sum
740 5026 830 5060 ¹⁸⁸⁹
874 5025 950 5080 Te
998 5037 1057 5079 ιιι
1104 5041 1351 5084 mortuus
1377 5045 1501 5082 mss.
1546 5028 1675 5083 Vict.
1706 5033 1875 5083 omitt.
1911 5040 1971 5084 ut

507 5095 746 5150 nondum
774 5097 876 5151 sim
979 5096 1069 5129 ¹⁸⁸¹

509 5175 628 5220 erat
660 5181 787 5221 vere
900 5165 990 5197 ’⁸⁸³
1040 5167 1114 5221 Ne
1148 5171 1412 5222 avertaris
1455 5185 1577 5223 eum
1631 5186 1729 5222 ms.
1782 5169 1915 5222 Tim.
1946 5175 2094 5226 omit.

509 5235 743 5317 Domine.
766 5235 1082 5317 Pattle,_viv'i
1121 5255 1252 5317 _mss.
1286 5241 1452 5306 omiu.
1505 5239 1670 5317 [suile

507 5319 776 5373 passnoms

509 5374 708 5432 defecit

509 5447 650 5510 quod

509 5513 753 5570 redditur

1780 5240 1872 5270 ¹⁸⁶⁶
1915 5240 2060 5296 Nihil
2090 5243 2193 5300 nisi
2241 5260 2340 5296 ms.
2375 5243 2507 5296 Tim.
2538 5247 2685 5298 omit.

883 5306 972 5338 ‘3“
1003 5307 1230 5361 Rcvivat
1259 5317 1362 5361 luie
1386 5325 1485 5362 ms.
1519 5309 1652 5362 Tim.
1684 5309 1970 5368 reviviscat
2002 5320 2107 5367 tuae

820 5375 910 5446 ‘87?
961 5375 1260 5432 Verborum
1293 5389 1596 5433 vestrorum
1643 5395 1741 5431 ms.
1771 5378 1901 5434 Vict.
1947 5382 2350 5446 lii-verborum
2394 5392 2604 5437 tuorum

764 5445 1119 5519 “"Aﬂvo‘bis
1164 5457 1407 5502 mortuus
1452 5466 1549 5501 ms.
1607 5448 1744 5519 Vict.
1798 5450 1957 5519 16ης)
2019 5453 2174 5508 nobis
2225 5462 2471 5507 mortuus

855 5516 946 5547 ⁸⁸⁷⁵
977 5515 1183 5591 ΜίειξιρΔ
1206 5519 1459 5587 dignatur
1487 5517 1759 5591 msaVict.
1790 5521 1874 5591 16.
1907 5515 2128 5577 ἠιὶεριο
2153 5523 2405 5591 dignetur

1314 5045 1351 5111 Ls
1377 5045 1501 5111 mss.
1547 5033 1675 5083 Vict.
1706 5033 1875 5111 omitt.
1907 5040 1971 5111 unt
2072 5033 2163 5111 ιδξο
2196 5033 2350 5111 Licet
2405 5036 2641 5111 nondum
2671 5053 2791 5096 sum
2841 5055 2968 5093 mss.
3016 5033 3172 5111 Vict:
3197 5040 3252 5092 5.
3283 5049 3332 5111 et
3380 5037 3621 5111 [αι-[υς.
3648 5041 3794 5111 licet

1097 5097 1358 5165 Quamvis
1383 5099 1525 5154 enim
1570 5116 1669 5152 ms.
1711 5097 1846 5155 Vict.
1902 5101 1986 5155 l6.
2035 5103 2182 5157 omit.
2213 5105 2357 5161 enim

2464 5106 2555 5136 ⁸⁸⁵³
2585 5105 2712 5160 Erat
2755 5117 2904 5162 certe
2943 5125 3066 5162 mss.
3115 5107 3242 5161 Vict.
3291 5110 3344 5162 5.
3397 5107 3519 5162 Bcc.
3552 5119 3602 5160 et
3645 5109 3790 5161 Tim-

2208 5173 2301 5204 ‘8“
2331 5174 2408 5227 Eo
2442 5175 2606 5228 Deum
2639 5175 2820 5230 Helias
2848 5193 2973 5231 mss.
3013 5193 3097 5240 eo,
3136 5177 3359 5232 Domine
3393 5178 3572 5231 Helias
3689 5180 3794 5209 ‘3“

2241 5260 2340 5296 ms.
2375 5243 2507 5296 Tim.
2538 5247 2685 5298 omit.
2800 5247 2889 5278 "*6"
2917 5248 3323 5301 Conmassionis
3370 5263 3470 5301 ms.
3518 5247 3658 5300 Vict.
3691 5249 3788 5301 16.

2241 5263 2340 5296 7118.
2377 5263 2507 5296 lli".
2538 5263 2685 5298 οηιιι.
2801 5263 2884 5278 ¹’“³”
2917 5263 3323 5314 υοηιρειεειοηις
3370 5263 3470 5301 1118-
3523 5263 3658 5300 για.
3691 5263 3788 5301 ID.

2214 5313 2304 5346 ³⁸⁸³
2332 5314 2542 5367 Allectu
2579 5331 2704 5368 mss.
2750 5316 2941 5371 eﬂ'ectu
3021 5318 3112 5350 ’⁷⁸⁷⁸
3137 5317 3251 5371 Non
3284 5316 3471 5372 deﬁcit
3514 5333 3641 5370 mss.
3670 5332 3800 5372 non

2722 5385 2815 5458 if"
2863 5386 3143 5453 Ellectum,
3181 5390 3505 5458 quod__mss.
3530 5386 3792 5458 fell'ectn,

2582 5453 2675 5525 ¹⁸Ϊξ
2709 5454 2829 5509 Vita
2879 5458 3140 5525 recipitur
3187 5453 3287 5511 ms.
3329 5456 3465 5510 Vict.
3520 5456 3612 5510 16.
3665 5458 3794 5510 vita

2507 5523 2601 5555 "7“
2626 5523 2720 5579 Vel
2750 5526 2970 5580 auditur
2995 5523 3092 5581 ius.
3132 5526 3265 5580 Tim.
3314 5527 3396 5580 vel
3429 5527 3582 5580 audit
3684 5528 3796 5557 ηπ

511 5580 626 5660 Non
655 5586 1065 5662 exauditur_ms.
1123 5580 1414 5662 Tit‘itfuon
1439 5587 1660 5662 exaudit
1737 5590 1827 5621 ⁸³⁷⁸
1852 5592 1930 5662 Ad
1965 5580 2349 5662 .pmuiten‘tiiam
2392 5610 2517 5646 mss.
2551 5594 2603 5646 in
2636 5595 3011 5662 pmuitentiam
3055 5580 3058 5581 ν
3087 5598 3178 5629 ¹⁸⁷⁹
3207 5598 3340 5650 Cum
3387 5596 3622 5649 intirmis
3650 5613 3793 5649 ιιιςε.

509 5656 631 5704 cum
671 5653 1066 5709 inﬁrmantibus

1166 5656 1257 5730 ‘_"‘°
1311 5657 1618 5730 Despicieut
1658 5676 1793 5730 mss.
1851 5656 1990 5713 Vict.
2037 5662 2194 5724 (ἕω-ὸ.
2227 5661 2377 5718 Flor.
2419 5656 2727 5730 despiciunt
2804 5665 2896 5697 ¹⁸⁸¹
2927 5665 3091 5720 Miser
3116 5677 3195 5721 est
3230 5683 3352 5720 mss.
3391 5665 3530 5719 Vict.
3563 5677 3613 5717 et
3655 5663 3797 5716 Vat-

509 5719 614 5774 luc.
647 5722 839 5776 misera
871 5736 954 5779 est
1029 5725 1116 5755 “’9’
1147 5725 1257 5779 lloc
1290 5719 1532 5792 rcjicieut
1556 5744 1649 5782 ms.
1691 5726 1818 5782 Vict.
1856 5730 1938 5782 16.
1974 5721 2072 5785 hoc
2106 5731 2359 5801 rejiciunt
2438 5719 2536 5764 “‘8”.
2561 5734 2696 5800 Quia
2726 5745 2972 5790 mortuus
3017 5719 3096 5792 est
3131 5719 3252 5791 mss.
3284 5719 3407 5806 quia
3441 5746 3657 5790 mortua
3690 5746 3794 5789 est
