4048 6288
244 374 347 433 989

1679 373 2089 432 ORATIONES.

3419 372 3523 429 990

247 505 348 547 mae
374 487 625 561 pauperis
647 486 793 542 servi
819 486 1100 543 dilectoris
1125 488 1199 543 tui
1225 488 1342 556 Dei,
1367 487 1432 543 de
1455 488 1544 543 illa
1568 488 1818 559 opulenta
1852 494 1895 550 Α
1923 498 1980 543 ει
2006 497 2211 558 quanto
2244 488 2378 543 facis
2413 487 2508 522 ¹⁹⁸⁰
2535 494 2593 542 ιιι
2616 486 2798 557 plures
2813 484 2959 540 illum
2987 494 3196 553 ament,
3225 496 3378 541 tanto
3402 489 3522 557 plus

248 580 383 638 cella
417 579 614 634 mentis
644 589 747 633 tute
775 578 915 633 banc
964 578 1061 633 tibi
1109 593 1357 649 parvam,
1392 579 1525 634 mihi
1554 594 1831 649 magnam;

252 670 348 724 tibi
386 667 630 732 facilem,
665 667 799 721 milii
839 667 1059 723 vitalem
1090 668 1513 741 eleemosynam,
1551 679 1605 723 ιιι
1651 672 1834 725 1)οωί-

250 774 352 816 nus
389 775 563 823 meus,
597 774 682 814 cut
712 760 915 828 placuit
942 761 1010 814 ad
1040 760 1240 815 multos
1266 761 1521 816 ditandos
1553 770 1605 815 te
1635 761 1834 831 ditare,

249 851 503 921 dignetur
527 864 648 904 eam
676 858 894 920 propter
924 859 977 905 te
999 849 1082 904 vel
1104 850 1173 905 ad
1199 850 1364 905 vitam
1395 851 1652 905 tuendam
1690 852 1837 906 refo-

248 941 463 996 cillare.
492 939 705 1009 Pauper
732 950 882 995 certe
912 948 1015 1005 est,
1057 940 1283 996 Domine
1315 942 1411 1005 mi,
1432 941 1625 996 dilecte
1656 941 1838 995 Domi-

250 1030 304 1086 ni
338 1030 535 1097 nostri,
562 1044 768 1100 pauper
785 1038 868 1085 est
889 1029 1068 1084 anima
1086 1016 1235 1095 "mea,
1266 1030 1412 1100 quod
1431 1045 1596 1100 cogor
1621 1040 1675 1086 et
1703 1047 1830 1085 eruo

249 1124 443 1179 bescor
511 1122 781 1187 confiteri,
830 1121 1113 1190 utriusque
1166 1120 1471 1178 dilectionis
1524 1122 1657 1189 Dei;
1710 1108 1835 1192 quia

247 1215 407 1272 valde
444 1214 584 1271 infra
612 1230 778 1285 quam
811 1213 990 1276 debet,
1022 1213 1197 1282 diligit
1229 1214 1420 1277 Deum,
1443 1222 1497 1269 et
1523 1215 1694 1269 multo
1732 1215 1835 1269 mi-

250 1322 354 1363 nus
377 1322 543 1378 quam
573 1317 717 1379 eget,
748 1308 992 1380 diligitur
1025 1326 1054 1364 a
1086 1310 1215 1365 Deo.
1250 1307 1511 1378 Equidem
1549 1309 1601 1363 in
1628 1322 1738 1362 uno
1760 1307 1836 1361 fa-

249 1408 370 1455 teor
389 1416 476 1457 me
506 1401 659 1457 valde
695 1400 991 1472 iniustum,
1022 1402 1075 1456 in
1115 1394 1287 1457 altero
1309 1400 1514 1469 justum
1549 1400 1751 1464 Deum;
1781 1400 1835 1453 in

248 1501 485 1563 utroque
506 1493 682 1548 sentio
706 1507 792 1547 me
814 1493 975 1549 nimis
1005 1495 1285 1559 miserum,
1318 1493 1464 1563 justo
1487 1492 1692 1560 judicio
1721 1492 1835 1547 Del.

248 1581 370 1638 Non
400 1598 521 1638 sum
552 1583 755 1639 oblitus
784 1584 1108 1651 hocdicens,
1138 1599 1171 1638 ο
1193 1593 1247 1639 ιιι
1272 1583 1416 1652 juste
1438 1592 1494 1638 et
1524 1583 1837 1639 misericors

249 1673 396 1729 Deus
431 1691 445 1727 :
482 1687 583 1729 nec
611 1688 730 1728 sum
776 1673 1017 1743 ingratus
1056 1673 1387 1727 multimodis
1431 1672 1710 1727 beneficiis
1736 1681 1838 1727 tuae

249 1777 379 1833 erga
432 1776 519 1817 me
551 1761 859 1816 dilectionis
904 1764 972 1818 ab
1014 1763 1168 1817 initio
1192 1763 1497 1831 creationis
1528 1778 1699 1828 meae;
1738 1763 1833 1818 sed

250 1854 427 1909 donec
479 1851 709 1907 satietur
752 1863 982 1921 utraque
1010 1842 1111 1906 ’tua
1155 1852 1465 1917 dilectione,
1515 1867 1732 1922 semper
1779 1869 1839 1908 se

247 1957 549 2016 pauperem
629 1949 687 1997 et
765 1956 985 2011 egenam
1059 1942 1259 1997 clamat
1338 1943 1586 1997 esuriens
1660 1943 1839 1998 anima

249 2050 397 2089 mea.
767 2044 771 2048 '

262 2148 269 2153 -
320 2123 535 2192 Quippe
563 2122 667 2178 hoc
692 2120 869 2191 ipsum
899 2130 981 2178 est
1008 2121 1074 2177 de
1102 2122 1372 2189 maximis,
1414 2125 1482 2179 de
1513 2125 1842 2195 gratissimis

255 2216 351 2250 ¹⁹⁷⁸
377 2215 509 2269 mibi
546 2215 654 2269 tuis
673 2214 973 2290 beneficiis,
1006 2215 1131 2284 quia
1155 2229 1253 2284 per
1275 2231 1494 2271 suavem
1520 2228 1735 2290 gustum
1765 2220 1840 2274 ιιιί

254 2307 403 2361 hanc
430 2306 483 2360 in
514 2320 601 2359 me
629 2286 877 2359 excitasti
902 2306 1240 2372 aviditatem,
1274 2316 1332 2361 ut
1359 2286 1549 2363 renuat
1580 2310 1841 2364 consolari

249 2398 443 2451 animo
470 2411 584 2449 mea
610 2391 781 2465 (Psal.
806 2411 987 2461 Lxxw,
1016 2397 1094 2466 5),
1122 2397 1224 2451 nisi
1244 2413 1339 2467 per
1364 2397 1480 2466 ejus
1502 2401 1835 2455 satietatem.

246 2490 331 2544 Ad
374 2501 537 2558 quam
568 2486 961 2555 impetrandam
993 2488 1250 2557 quoniam
1282 2504 1387 2543 non
1419 2489 1612 2545 sullicit
1640 2492 1843 2561 suppli-

246 2580 395 2635 catio
426 2579 604 2632 minus
630 2577 810 2632 dilecti
838 2580 1139 2646 peccatoris
1171 2581 1280 2646 tui;
1310 2582 1376 2635 ad
1406 2596 1526 2635 eam
1546 2583 1841 2653 impetran-

247 2672 379 2725 dam
430 2670 545 2735 ‘m,
581 2670 770 2723 invoco
814 2670 1005 2728 merita
1062 2675 1288 2725 multum
1346 2672 1526 2728 dilecti
1565 2673 1840 2731 dilectotis

249 2763 350 2816 tui.
375 2762 537 2832 Ergo,
567 2771 620 2815 tu
654 2761 793 2819 boue
821 2760 1008 2823 dulcis,
1052 2770 1108 2816 et
1150 2762 1324 2817 dulcis
1364 2764 1527 2830 bone,
1567 2782 1594 2817 a
1624 2780 1730 2834 quo
1758 2776 1842 2822 est

246 2871 416 2913 omne
456 2856 680 2921 bonum,
714 2854 799 2910 fac
829 2855 977 2910 illum
1011 2855 1140 2910 mibi
1169 2864 1224 2911 et
1256 2864 1306 2910 te
1336 2856 1433 2921 illi,
1466 2858 1576 2912 imo
1605 2866 1658 2912 et
1692 2868 1743 2912 te
1771 2858 1837 2912 il-

251 2948 369 3002 lum
403 2946 535 3002 mihi
585 2945 942 3013 exorabilem,
972 2956 1032 3001 ut
1068 2961 1167 3017 per
1202 2946 1350 3001 illum
1380 2962 1638 3017 assequar
1681 2948 1840 3017 hujus

247 3038 529 3095 satietatis
560 3038 929 3095 desideratum
966 3038 1187 3093 bonum.
1234 3037 1379 3104 Scio,
1429 3039 1677 3106 Domine,
1725 3042 1840 3097 scio

242 3140 303 3186 et
334 3130 511 3186 fateor
536 3129 665 3200 quia
695 3144 794 3201 ego
824 3143 932 3185 non
957 3143 1075 3184 sum
1108 3128 1301 3198 dignus
1328 3143 1487 3197 quem
1519 3138 1574 3182 tu
1604 3129 1834 3201 diligas;

245 3223 346 3277 sed
376 3231 528 3278 certe
558 3230 614 3277 tu
652 3235 760 3276 non
783 3236 842 3277 es
872 3220 1123 3290 indignus
1151 3235 1313 3289 quem
1344 3235 1444 3291 ego
1475 3222 1721 3299 diligam.
1760 3225 1837 3279 Da

248 3330 387 3387 ergo
420 3315 574 3381 mihi,
614 3313 864 3379 Domine,
898 3328 997 3384 per
1019 3313 1135 3383 ejus
1171 3314 1391 3378 merita,
1421 3315 1564 3370 unde
1590 3327 1647 3369 tu
1669 3330 1729 3371 es
1760 3316 1843 3370 di-

245 3423 413 3477 gnus,
450 3416 506 3463 et
531 3422 626 3463 ero
662 3407 882 3479 dignus.
910 3408 1061 3462 unde
1090 3421 1209 3461 sum
1248 3407 1519 3478 indignus.
1562 3407 1669 3464 Sed
1714 3401 1840 3464 oret

249 3499 345 3531 ¹⁹⁷⁷
383 3514 484 3570 pro
512 3514 599 3554 me
626 3500 825 3570 potius,
856 3499 981 3569 quia
1014 3498 1129 3569 ipse
1148 3506 1328 3568 potest
1351 3498 1624 3556 efﬁcacius
1645 3501 1734 3557 ille
1762 3500 1843 3557 di-

244 3587 422 3645 lectus
471 3598 593 3645 tuus
628 3629 645 3655 ,
688 3590 915 3646 Domine
980 3590 1128 3646 Jesu.
1193 3588 1324 3646 Oret
1397 3589 1485 3646 ille
1539 3593 1685 3662 pium
1737 3608 1837 3662 pe-

243 3689 375 3737 ctus
428 3684 615 3748 tuum,
650 3682 805 3738 dulce
877 3683 1288 3738 reclinatorium
1355 3699 1509 3737 suum
1566 3699 1665 3754 pro
1714 3701 1838 3751 me;

242 3781 305 3827 et
357 3773 553 3827 exaudi
611 3781 667 3827 tu
714 3772 1039 3829 desiderium
1092 3788 1273 3828 meum
1367 3788 1463 3829 uer
1508 3775 1658 3830 illum
1719 3792 1844 3846 pro-

240 3876 377 3938 pter
406 3875 477 3921 le.

324 3955 525 4011 Sancte
553 3954 788 4011 Joannes
808 3996 826 4021 ,
851 3954 1046 4011 dilecte
1073 3955 1201 4012 Jesu
1232 3956 1433 4012 Christi
1472 3958 1679 4011 Domini
1713 3957 1839 4020 mei,

182 4058 195 4063 ‘
242 4055 406 4118 rogat
433 4056 483 4101 te
513 4060 701 4102 servus
727 4046 889 4102 amici
921 4047 1018 4113 tui,
1052 4040 1113 4102 ut
1140 4056 1358 4119 propter
1386 4064 1589 4104 nomen
1630 4050 1840 4104 Domini

239 4138 331 4195 sui
370 4138 645 4194 dilectoris
670 4138 742 4192 tui
786 4138 1047 4207 impetres
1096 4140 1171 4193 illi
1211 4148 1452 4195 mutuam
1494 4141 1840 4195 dilectionem

240 4227 369 4291 Dei,
398 4227 629 4299 jmpetra
662 4242 793 4298 ergo
834 4227 925 4259 ³³⁷⁸
963 4229 1096 4283 mibi
1138 4238 1405 4299 quatenus
1443 4230 1523 4285 sic
1556 4230 1745 4301 diligor
1774 4231 1841 4286 ab

240 4321 365 4385 illo,
399 4328 459 4373 ut
514 4328 564 4373 et
594 4334 694 4389 ego
726 4319 887 4388 digne
914 4320 1134 4390 diligam
1173 4321 1342 4375 illum.
1390 4320 1548 4379 Certe
1584 4337 1839 4391 namque,

238 4412 445 4467 dilecte
476 4410 591 4475 Dei,
629 4411 673 4465 si
700 4411 814 4480 ipse
847 4411 1021 4481 diligit
1050 4427 1147 4467 nos
1173 4422 1391 4483 propter
1421 4422 1495 4477 te,
1530 4414 1844 4469 misericor-

1940 580 2014 633 illi
2048 580 2321 635 retribuis.
2355 579 2466 633 Fac
2498 593 2647 648 ergo.
2694 577 2939 642 Domine,
2978 580 3117 633 banc
3154 579 3380 647 supplici
3430 588 3523 633 tuo

1938 671 2385 735 misericordiam,
2415 671 2557 725 unde
2600 680 2655 725 et
2700 682 2789 723 me
2839 668 2933 722 tibi
2966 670 3101 724 tanti
3153 670 3276 723 boui
3316 669 3522 724 debito-

1939 756 2089 829 rem,
2142 770 2196 816 et
2245 772 2298 816 te
2338 762 2450 817 Deo
2488 762 2646 816 unius
2701 763 2895 817 anima:
2944 762 3111 817 facias
3164 761 3518 815 redditorem.

1940 851 2065 916 Fac,
2094 866 2308 920 precor,
2331 848 2577 916 Domine,
2602 852 2683 907 fac
2710 867 2777 907 ne
2802 867 3018 916 renuas,
3042 852 3184 906 unde
3212 850 3339 905 nttlli
3368 851 3523 904 dam-

1937 960 2066 998 num
2116 944 2361 1007 eveniet,
2411 944 2506 998 sed
2560 958 2717 997 servo
2764 954 2855 997 tuo
2905 943 3074 1009 salus,
3119 942 3212 996 tibi
3246 942 3437 1011 gratia,
3468 947 3522 994 et

1940 1033 2054 1088 Deo
2083 1032 2256 1103 gloria
2306 1032 2610 1102 proveniet.
2660 1033 3017 1088 Dilectissimo
3070 1032 3327 1102 discipule
3355 1033 3524 1102 picta-

1939 1124 2030 1189 tis,
2061 1139 2158 1178 cur
2189 1125 2415 1192 negabis
2467 1123 2749 1177 abundans
2789 1126 2990 1193 egenti,
3037 1132 3228 1192 potens
3274 1119 3519 1189 poscenti

1938 1216 2081 1287 quod
2124 1214 2253 1270 nulli
2302 1223 2387 1269 est
2439 1214 2660 1270 noxium
2691 1222 2747 1268 et
2777 1222 2854 1269 tot
2904 1214 3060 1268 bonis
3097 1212 3425 1267 obnoxium?
3462 1211 3521 1265 Si

1937 1306 2081 1362 enim
2111 1304 2381 1361 obsistunt
2408 1304 2620 1373 'optanti
2657 1300 2875 1374 peccata
2909 1318 3036 1365 sua;
3067 1319 3165 1357 cur
3194 1317 3299 1356 nou
3346 1301 3523 1371 potius

1939 1397 2202 1453 assistunt
2223 1396 2401 1451 oranti
2439 1395 2631 1450 merita
2656 1396 2779 1449 tua?
2808 1396 2888 1449 An
2932 1401 3151 1464 peccata
3189 1407 3307 1446 mea
3336 1400 3525 1459 poten-

1944 1491 2017 1545 tia
2049 1499 2175 1545 sunt
2204 1492 2270 1544 ad
2297 1490 2597 1544 nocendqu
2628 1489 2739 1553 "5‘,
2768 1497 2825 1542 et
2855 1487 3046 1541 merita
3078 1494 3165 1539 tua
3204 1484 3525 1553 impotentia

1940 1593 2066 1639 sunt
2110 1585 2178 1637 ad
2226 1582 2692 1636 subveniendum?
2722 1580 2899 1644 Absit,
2951 1578 3195 1639 Domine.
3259 1594 3324 1632 ne
3362 1592 3527 1647 cogar

1940 1673 2143 1729 sentire
2180 1672 2324 1741 quod
2378 1673 2575 1726 horreo
2633 1672 2835 1725 dicere.
2883 1669 2993 1725 Cur
3046 1668 3279 1738 denique
3322 1662 3525 1738 petenti

1940 1770 2166 1831 negetur
2202 1768 2420 1829 propter
2452 1769 2674 1829 peccata
2704 1773 2823 1825 sua,
2854 1759 2944 1827 qui
2977 1773 3040 1812 ea
3073 1758 3401 1820 eontltcndo,
3435 1756 3520 1809 ni-

1871 1832 1914 1892 Β
1945 1852 2019 1905 bil
2050 1866 2146 1920 per
2167 1864 2263 1903 sua
2295 1850 2485 1904 merita
2512 1848 2819 1919 qumritsed
2845 1863 2940 1917 per
2965 1857 3055 1901 tua
3085 1848 3108 1900 ?
3132 1846 3261 1910 Cur,
3280 1847 3524 1916 inquam,

1942 1957 2064 1999 cum
2105 1943 2309 2011 potiora
2362 1941 2472 1996 sint
2517 1940 2708 1994 merita
2750 1954 2871 2007 quae
2912 1938 2980 1992 ab
3035 1953 3101 1991 eo
3134 1937 3523 1999 obtenduntur,

1943 2050 2103 2104 quam
2127 2033 2321 2089 delicta
2353 2048 2473 2101 qua:
2497 2032 2570 2085 illi
2607 2030 2967 2098 oljieiuutur?
2996 2030 3187 2084 Certus
3212 2030 3353 2083 enim
3381 2043 3522 2091 sum,

1943 2123 2192 2190 Domine,
2226 2124 2349 2195 quia
2374 2124 2417 2178 si
2444 2123 2523 2177 vis
2552 2123 2672 2191 plus
2699 2121 2841 2177 valet
2864 2121 3035 2190 gratia
3068 2128 3154 2175 tua
3190 2121 3327 2188 apud
3357 2120 3524 2172 Deum

1942 2216 2257 2271 dilectorem
2291 2224 2463 2279 tttum,
2492 2229 2651 2282 quam
2678 2221 2758 2277 ut,
2788 2212 3024 2266 dimissis
3071 2211 3308 2282 peccatis
3360 2210 3516 2275 meis,

1943 2323 2028 2361 me
2053 2306 2283 2362 amando
2313 2307 2474 2361 faciat
2491 2314 2785 2359 amatorem
2813 2319 2991 2360 suum.

2012 2396 2176 2465 Ergo,
2204 2410 2236 2450 ο
2267 2393 2425 2450 beate
2471 2394 2726 2458 Joannes,
2780 2394 2864 2448 fac
2903 2402 2962 2447 ut
2990 2394 3078 2462 qui
3124 2402 3177 2447 te
3220 2392 3413 2462 diligit,
3443 2407 3530 2447 me

1942 2503 2157 2557 quoque
2184 2486 2373 2556 diligat
2394 2502 2487 2557 per
2516 2486 2660 2541 illam
2690 2487 2969 2549 charitatis
2999 2485 3340 2539 latitudinem
3363 2499 3525 2553 quam

1944 2576 2175 2633 docuisti
2230 2585 2285 2630 et
2339 2576 2537 2641 habes;
2571 2586 2626 2631 et
2671 2591 2777 2645 qua
2809 2575 2940 2629 nulli
2989 2574 3217 2637 invides,
3248 2573 3342 2628 sed
3373 2588 3525 2627 com-

1941 2690 2104 2729 mune
2133 2675 2215 2730 vis
2244 2686 2365 2728 esse
2388 2674 2586 2728 bonum
2615 2688 2722 2741 quo
2743 2670 2964 2741 gaudes.
2995 2667 3101 2721 Fac
3129 2681 3224 2737 per
3252 2667 3421 2719 vicem
3449 2663 3529 2720 di-

1943 2766 2191 2820 lectionis
2218 2780 2379 2835 quam
2413 2764 2486 2818 illi
2520 2763 2707 2825 debes,
2748 2771 2805 2815 ut
2844 2776 3019 2815 meatu
3050 2774 3263 2829 quoque
3284 2758 3529 2812 dilectio-

1942 2874 2065 2913 nem
2097 2873 2218 2913 cum
2255 2866 2341 2912 tua
2375 2856 2447 2910 illi
2480 2853 2659 2911 solvas
2697 2855 2811 2921 ‘9“,
2851 2854 2936 2907 cui
2968 2867 3065 2922 pro
3119 2868 3231 2905 som
3290 2867 3387 2906 sua
3436 2850 3530 2885 ²⁹⁸⁸

1942 2970 2048 3010 ιιοιι
2100 2955 2271 3009 solam
2318 2962 2504 3019 tuam,
2559 2954 2689 3008 sed‘
2744 2952 2939 3006 multas
3022 2951 3206 3005 debes.
3276 2950 3526 3020 Quippe,

1941 3047 2097 3102 beate
2132 3047 2369 3101 Joannes
2392 3087 2407 3111 ,
2435 3046 2549 3115 ipsa
2584 3054 2671 3099 ttta
2706 3042 3005 3099 beatudine
3032 3055 3091 3095 es
3124 3051 3378 3111 expertus
3405 3042 3528 3110 quia

1943 3139 2085 3194 sicut
2112 3138 2289 3194 nullus
2318 3139 2428 3193 Deo
2453 3138 2603 3208 prius
2632 3152 2794 3206 quam
2825 3136 3020 3190 debeat
3054 3144 3232 3205 potest
3255 3135 3528 3200 tribuere;

1942 3230 2022 3286 sic
2050 3245 2152 3286 nec
2189 3230 2472 3300 plusquam
2524 3228 2703 3292 debet,
2729 3228 2873 3283 valet
2903 3228 3220 3282 retribuere.
3272 3227 3327 3281 Si
3396 3243 3530 3303 ergo

1942 3330 2210 3390 quotquot
2233 3322 2399 3374 Deum
2426 3329 2725 3373 amatorem
2768 3328 2914 3372 tuum
2940 3333 3041 3388 per
3069 3328 3119 3372 te
3148 3318 3396 3387 diligunt,
3422 3334 3529 3372 non

1940 3422 2168 3482 possunt
2200 3410 2540 3480 compensari
2591 3409 2717 3473 "5‘;
2745 3424 2960 3478 precor,
3009 3408 3250 3467 Domine,
3287 3424 3354 3463 ne
3398 3408 3532 3476 abji-

1941 3504 2054 3559 cias
2088 3503 2235 3557 illum
2268 3503 2359 3572 qui
2389 3503 2442 3556 in
2493 3502 2601 3556 illis
2630 3502 2802 3572 poscit
2837 3502 3239 3556 connumerari.
3276 3500 3531 3555 Accende

1942 3610 2126 3650 amore
2154 3594 2271 3664 ejus
2300 3594 2391 3625 ¹⁹⁸⁸
2424 3602 2714 3663 tepentem,
2747 3602 2799 3648 et
2846 3593 3009 3648 redde
3058 3592 3371 3647 ferventem.
3407 3592 3520 3648 Ad-

1935 3685 2061 3755 juva
2087 3685 2368 3750 nitentem,
2390 3685 2584 3741 exaudi
2612 3696 2884 3741 orantem.

2012 3775 2140 3831 Jesu
2176 3776 2421 3841 Domine,
2463 3792 2623 3846 quem
2658 3787 2785 3847 opto
2823 3777 3226 3843 exauditorem;
3272 3777 3527 3842 Joannes,

1941 3880 2101 3935 quem
2149 3868 2362 3936 postulo
2405 3869 2845 3933 intercessorem,
2888 3869 2967 3924 sic
3010 3886 3095 3923 me
3136 3871 3281 3939 cogit
3318 3870 3529 3924 deside-

1941 3959 2083 4013 rium
2114 3974 2314 4025 meum,
2352 3970 2410 4013 ιιι
2435 3960 2528 3992 ³⁸⁸⁸
2552 3976 2747 4029 cogere
2770 3975 2863 4013 vos
2884 3962 3151 4014 desideret
3184 3976 3282 4015 cor
3312 3977 3527 4025 meum;

1941 4065 2129 4104 verum
2166 4066 2271 4104 non
2309 4051 2504 4105 invitos
2528 4052 2642 4115 "9",
2678 4052 2771 4105 sed
2804 4063 3164 4120 spontaneos;
3199 4065 3304 4105 non
3342 4052 3530 4105 nolen-

1944 4148 2043 4205 tes,
2079 4142 2172 4193 sed
2204 4140 2473 4195 volentes.
2521 4140 2776 4194 Patimini
2812 4140 2976 4209 igitur
3019 4148 3072 4193 et
3112 4140 3361 4208 parcite;
3388 4149 3443 4194 et
3483 4142 3528 4195 si

1942 4232 2071 4299 quid
2106 4231 2380 4299 excogitat
2420 4244 2513 4284 cor
2548 4245 2749 4293 meum,
2778 4238 3025 4298 torquete
3057 4230 3123 4282 ad
3156 4244 3393 4284 amorem
3414 4230 3525 4283 ³⁸⁸⁸.

1944 4320 2255 4386 Sustinete,
2318 4321 2568 4389 inquam,
2634 4335 2751 4385 me,
2798 4320 2925 4389 quia
2982 4334 3137 4373 amor
3192 4321 3393 4374 amoris
3434 4320 3527 4375 Dei

1945 4412 2092 4481 cogit
2133 4426 2240 4465 me.
2284 4411 2511 4465 Domine
2551 4421 2605 4465 et
2630 4411 2875 4474 Domine,
2916 4412 3098 4478 credo,
3134 4412 3245 4467 scio
3279 4412 3404 4480 quia
3446 4412 3565 4465 in-.

236 4502 395 4555 diam
429 4500 583 4555 nobis
622 4495 886 4569 impendis
911 4517 926 4567 ;
950 4509 1005 4555 et
1034 4502 1078 4555 si
1121 4518 1218 4557 nos
1251 4504 1538 4571 diligamus
1569 4505 1716 4559 illum
1749 4521 1843 4573 per
1874 4528 1918 4581 Β
1946 4504 2117 4555 vicem
2166 4517 2260 4556 vos
2304 4501 2547 4571 diligitis.
2618 4502 2725 4557 Sed
2767 4504 2910 4559 unde
2951 4504 3051 4559 hoc
3093 4505 3209 4575 ipse
3248 4518 3527 4573 experiar;

237 4605 321 4660 te,
352 4596 581 4666 gratiam
596 4594 848 4664 “"292
870 4596 1139 4666 rependis.
1157 4595 1337 4662 Certe,
1362 4597 1606 4664 Domine,
1624 4599 1666 4653 si
1692 4598 1839 4651 illum

233 4690 526 4747 convertis
560 4691 625 4743 ad
652 4706 749 4746 nos
790 4690 1105 4754 amandum,
1137 4689 1275 4744 facis
1298 4705 1397 4744 nos
1424 4691 1517 4743 tibi
1554 4692 1687 4743 tanti
1713 4689 1842 4745 boni

237 4782 346 4814 "7’
377 4780 652 4835 debitores
676 4797 690 4845 ;
712 4790 767 4835 et
801 4781 846 4835 si
878 4796 975 4834 nos
997 4780 1246 4834 accendis
1264 4782 1329 4833 ad
1349 4780 1497 4834 illum
1524 4781 1838 4847 amandum,

231 4871 385 4926 facis
423 4881 473 4925 te
522 4869 594 4923 illi
627 4868 793 4922 debiti
847 4869 1196 4924 redditorem.
1245 4870 1406 4923 Certe
1458 4870 1636 4935 beate,
1668 4886 1839 4939 quan-

231 4975 584 5032 tumcunque
608 4962 783 5017 facias
816 4970 875 5016 ut
904 4961 1088 5031 plures
1117 4970 1286 5026 amet,
1321 4962 1454 5016 nihil
1478 4962 1571 5016 tibi
1605 4963 1834 5027 minuis;

1942 4595 1987 4649 si
2015 4595 2156 4663 quod
2192 4603 2317 4664 peto
2343 4604 2564 4665 propter
2594 4595 2846 4661 invicem,
2876 4612 2980 4651 non
3006 4596 3345 4652 conceditis?
3364 4597 3491 4651 Jesu
3508 4597 3533 4649 ?

1944 4687 2085 4739 unde
2134 4695 2189 4739 tu
2237 4687 2366 4749 mihi
2395 4726 2411 4751 ,
2475 4696 2568 4740 aut
2611 4702 2714 4756 ego
2755 4689 3005 4758 cuiquam
3051 4690 3219 4758 probo
3269 4689 3360 4721 ιη’
3402 4689 3529 4755 quia

1942 4794 2095 4831 amas
2140 4778 2309 4845 illum,
2349 4779 2393 4833 si
2430 4794 2530 4834 nec
2560 4781 2729 4834 amari
2774 4797 2801 4833 a
2843 4789 2914 4844 te,
2959 4796 3060 4835 nec
3103 4780 3185 4834 vel
3226 4794 3410 4832 amare
3454 4789 3529 4842 te,

1942 4872 2038 4925 das
2065 4871 2272 4941 optanti
2312 4872 2441 4925 milii
2474 4880 2691 4941 propter
2726 4872 2916 4926 illum?
2954 4869 3206 4933 Joannes,
3246 4870 3388 4924 unde
3420 4884 3523 4939 ego

1943 4964 2174 5017 sentiam
2220 4963 2346 5032 quia
2384 4965 2559 5036 diligit
2606 4974 2694 5031 te,
2757 4965 2803 5020 si
2844 4978 2949 5018 non
2993 4962 3120 5017 mihi
3163 4963 3419 5032 impetres
3463 4972 3519 5016 ut

1569 5052 1797 5107 VARI/['2
1836 5052 2233 5110 LECTIONES.

319 5147 417 5180 ’m
462 5148 535 5203 De
586 5144 1087 5217 gravissimismss.
1145 5142 1210 5196 de
1257 5144 1579 5217 gratissimis

1686 5145 1779 5176 ¹⁹⁷⁶
1827 5146 1906 5199 Ad
1953 5160 2074 5199 eum
2122 5145 2513 5214 implorandant
2555 5161 2678 5196 mss.
2729 5143 2863 5197 Vict.
2894 5145 2979 5197 l6.
3014 5153 3060 5197 et
3099 5140 3250 5214 Flor.
3289 5143 3356 5214 ad
3395 5157 3527 5214 eam

227 5211 645 5288 impetrandam
723 5216 811 5246 ’⁸⁷⁷
843 5213 950 5268 Sed
993 5222 1047 5266 et
1074 5211 1359 5288 oret_r_us_s_._
1382 5214 1514 5288 Vict.
1554 5213 1786 5288 Val-lue.
1820 5226 1867 5269 et
1920 5214 2074 5288 Hor.
2113 5211 2211 5270 sed
2251 5227 2370 5288 oret.
2444 5215 2818 5288 A"7"I~t‘llp§lrtl
2854 5231 2983 5288 rogo
3012 5231 3136 5288 mss.
3169 5211 3529 5288 Corb.___Vict.

229 5281 342 5344 16:
381 5298 430 5342 et
477 5281 612 5341 Tim.
656 5296 884 5356 tmpetra
916 5298 1045 5356 ergo

237 5358 497 5414 Val-lue.
539 5352 756 5427 quanto:
793 5355 947 5427 facis
990 5352 1003 5354 ἡ
1037 5352 1130 5386 ¹⁹⁸¹
1165 5353 1259 5427 Δᾼιι

227 5431 324 5486 ἱΗὶ
360 5429 540 5483 solvas
557 5424 683 5481 'ms.’
713 5424 850 5478 Vict.
886 5424 973 5478 16.
1005 5438 1126 5478 cum
1164 5424 1240 5477 illi
1271 5425 1448 5479 solvas

225 5586 457 5633 meum,
490 5578 549 5623 ut

1157 5284 1251 5315 "7’
1288 5284 1398 5338 Tibi
1453 5286 1575 5338 boui
1608 5286 1739 5338 tanti
1794 5302 1919 5339 mss.
1958 5284 2094 5338 Vict.
2121 5289 2289 5339 omitt.
2330 5286 2453 5339 boni

1309 5358 1636 5423 poscendum
1684 5372 1809 5409 mss.
1854 5355 1984 5409 Vict.
2054 5354 2287 5409 Val-(uc.
2320 5367 2367 5408 et
2418 5354 2568 5407 Flor.
2606 5355 2672 5407 ad
2728 5355 3029 5409 nocendum

1563 5425 1655 5457 ³⁸⁸³
1688 5424 1790 5479 Per
1817 5426 1984 5480 solam
2031 5439 2182 5478 suam
2242 5442 2365 5478 iuss.
2402 5440 2497 5494 pro
2525 5424 2637 5476 sola
2687 5438 2783 5478 sua

226 5499 592 5569 compensati
660 5493 1141 5569 rg‘f‘f'ﬂAmorecjus
1183 5511 1332 5569 mss:
1381 5494 1514 5569 Vift.
1549 5495 1635 5548 16.
1653 5505 1717 5569 Aet
1747 5494 1898 5569 Flor.
1934 5494 2318 5569 amoremejus

655 5567 745 5599 ¹⁹⁸⁷
778 5565 892 5620 Non
922 5564 1121 5619 invitos
1139 5581 1236 5617 ms.
1275 5562 1406 5618 Vict.
1435 5566 1488 5617 5.
1514 5581 1619 5619 non
1650 5566 1907 5620 invitatos

2574 5284 2663 5315 ¹⁹⁸⁰
2690 5284 2903 5350 Quanto
2928 5282 3113 5338 faciet
3138 5300 3262 5336 mss.
3329 5282 3461 5337 Vict.
3485 5297 3529 5337 et

3146 5354 3239 5384 ¹⁹⁸¹
3264 5353 3397 5407 Cum
3440 5364 3530 5409 tua

2897 5423 2989 5455 ³⁸⁸⁸
3015 5424 3378 5494 Compensare
3404 5441 3525 5478 mss.

2425 5495 2515 5528 ¹⁹⁸⁶
2544 5495 2901 5560 Desiderittm,
2933 5504 2992 5547 ιιι
3045 5512 3167 5547 mss.
3202 5495 3531 5550 desiderium

2019 5565 2115 5596 ¹⁹⁸⁸
2136 5565 2190 5619 Si
2213 5566 2340 5633 quid
2365 5566 2637 5633 excogitat
2662 5580 2817 5618 amor
2840 5577 2895 5618 ut
2914 5574 3237 5635 extorqueat
3266 5580 3525 5619 amorem.

225 5658 352 5695 ms.
382 5640 539 5693 Corb.
569 5638 635 5692 Et
664 5637 743 5691 sic
779 5634 1052 5705 excogitat
1092 5649 1186 5689 cor
1214 5650 1391 5688 meum
1423 5645 1676 5704 torquere
1707 5638 1785 5690 ad‘
1812 5650 2052 5690 amorem
2081 5651 2179 5688 ms.
2210 5636 2344 5689 'l'ltu.
2376 5646 2428 5690 et
2460 5636 2586 5703 quid
2616 5637 2889 5705 excogitat
2928 5652 3022 5691 cor
3066 5652 3243 5690 meum
3278 5646 3529 5704 torquere

225 5711 313 5765 ad
353 5725 594 5763 amorem
672 5707 764 5740 ¹⁹⁸⁹
798 5706 948 5761 Unde
990 5714 1043 5754 ιιι
1074 5705 1204 5777 mihi
1253 5715 1473 5777 autego
1484 5708 1750 5777 cuiquam
1799 5708 1967 5775 probo
2013 5706 2276 5777 ms.7160.
2339 5706 2445 5759 Sed
2471 5708 2611 5758 unde
2637 5706 2737 5760 boc
2773 5717 2826 5760 tu
2856 5707 2988 5761 mibi
3019 5716 3109 5761 aut
3149 5722 3251 5777 ego
3278 5707 3531 5776 cuiquam

224 5782 421 5853 probo
460 5797 554 5832 ms.
592 5779 724 5833 Tlm.
769 5777 908 5829 unde
941 5784 990 5827 tc
1024 5775 1151 5828 mihi
1186 5787 1281 5829 εῖτ.
1320 5792 1413 5829 ms.
1457 5775 1587 5832 Vict.
1628 5778 1709 5833 16.
1756 5778 1896 5833 unde
1926 5786 1982 5832 tu
2012 5776 2138 5830 mibi
2173 5787 2257 5831 aut
2285 5777 2533 5846 cuiquam
2564 5777 2730 5845 probo
3191 5775 3208 5777 ⁷
3388 5775 3399 5776 ί
3514 5810 3517 5813 »
