4048 6288
238 384 353 450 ’99³5

1659 383 2077 443 ORATIONES.

246 502 419 576 gloria
472 490 583 559 sna‘
619 474 894 570 viderent;
967 498 1110 574 quod
1170 474 1323 555 tanta
1372 498 1661 571 charitatis
1716 498 1812 531 ‘°”
1843 504 1893 557 Ἀ
1919 480 2144 568 Semper
2184 476 2427 552 infernus
2472 505 2710 575 apertus,
2744 505 2799 552 et
2830 502 3097 551 tormenta
3129 470 3246 563 ejus
3277 480 3495 563 parata,

246 595 449 667 pietate
482 594 684 660 arsisti,
729 602 789 649 ttt
817 594 963 664 pium
992 608 1054 649 os
1087 600 1233 647 tuum
1265 592 1353 664 pie
1397 606 1494 662 pro
1544 591 1724 663 impiis
1774 603 1826 647 te

252 684 649 755 perimentibus
680 692 884 740 oraret.
914 683 1007 741 Sic
1052 684 1174 750 fuit,
1210 676 1353 740 boue
1400 682 1703 753 Stcphane,
1743 685 1823 741 sic

249 775 383 831 fuit.’
410 776 498 832 Sic
524 775 732 846 gaudeo
761 775 929 831 fuisse
958 776 1085 844 ’°";
1118 786 1174 831 et
1200 776 1279 832 sic
1309 774 1540 847 gaudeo,
1573 775 1747 839 laetor,
1773 783 1827 830 ct

245 866 461 922 exsulto
493 881 577 920 me
606 868 943 937 cognovisse.
969 865 1180 937 Quippe
1202 874 1448 920 metuens
1470 867 1600 936 gusti
1628 865 1828 935 judicis

232 955 547 1011 'districtam
574 954 922 1022 sententiam,
954 965 1220 1022 metuens,
1245 955 1485 1026 inquam,
1515 971 1614 1027 ego
1640 971 1827 1027 peccao

244 1052 332 1100 ‘tor
367 1054 420 1100 et
446 1030 589 1110 reus,
622 1032 869 1105 meritam
910 1062 1153 1118 poenam,
1186 1060 1320 1117 opus
1348 1045 1520 1102 habeo
1557 1045 1826 1116 adiutore,

230 1130 300 1190 'et
332 1135 489 1192 dulce
520 1144 576 1193 et
620 1146 790 1192 tutum
818 1138 998 1193 habeo
1028 1146 1078 1192 te
1123 1136 1345 1193 mittere
1387 1138 1827 1211 intercessorem,

244 1237 307 1282 ιιι
364 1218 547 1299 places
591 1228 687 1261 ²⁰¹³
728 1229 857 1283 mihi
901 1216 1327 1299 omnipotentem
1372 1230 1608 1285 amicmn
1657 1239 1825 1294 tuum,

234 1306 533 1377 'Dominnm
558 1324 608 1376 ei
641 1317 1172 1375 Creatorem‘meum
1205 1329 1260 1375 et
1289 1328 1462 1377 tuttm.
1511 1319 1636 1376 Scio
1661 1320 1847 1393 enim,

244 1412 485 1476 domine,
516 1422 572 1468 et
616 1423 798 1468 certus
824 1427 943 1468 sum
972 1427 1040 1467 ex
1082 1413 1292 1483 magnis
1324 1408 1541 1468 'meritis
1572 1412 1678 1467 luis
1704 1414 1829 1484 quia

242 1517 425 1576 potes;
456 1505 669 1562 conﬁdo
692 1519 763 1559 est
786 1506 1003 1575 copiosa
1026 1504 1295 1561 eharitate'
1314 1504 1440 1575 quia
1464 1503 1644 1570 voles;
1671 1521 1831 1575 spero

244 1612 311 1653 ex
345 1597 611 1651 immensa
651 1597 1025 1653 misericordia
1059 1594 1262 1665 judicis
1297 1597 1423 1667 quia
1455 1613 1560 1653 non
1588 1598 1828 1668 negabit.

242 1687 455 1749 Auxius
480 1688 661 1757 itaque
688 1696 742 1742 et
767 1696 1005 1743 tremens
1034 1686 1315 1759 rel‘ugitad
1340 1697 1391 1743 te
1418 1688 1558 1763 male
1580 1689 1832 1745 conscius

230 1778 346 1855 _sihi
387 1788 659 1849 peccator.
770 1838 773 1839 ν
850 1838 855 1843 ,
910 1854 913 1857 _
1055 1836 1060 1841 ,
1220 1772 1237 1846 ξ

321 1867 457 1925 Vide
503 1886 657 1941 ergo,
703 1869 793 1941 pic
843 1868 1138 1943 Stephane,
1178 1871 1481 1942 angustiam
1529 1887 1729 1938 meam,
1774 1883 1831 1929 et

249 1956 415 2018 dilata
464 1978 627 2033 super
664 1954 797 2018 eam
826 1961 922 1995 ’°“
961 1963 1285 2018 charitatem
1323 1954 1488 2017 tuam.
1518 1961 1659 2019 Ecce
1685 1964 1830 2021 enim

246 2042 399 2131 astat
429 2070 550 2110 rens
571 2065 697 2117 ante
721 2050 1061 2108 tremendum
1080 2051 1338 2121 judicent.
1369 2052 1670 2109 Accusatur
1696 2053 1833 2113 mul-

253 2149 325 2203 tis
364 2157 419 2202 ct
474 2147 685 2219 magnis
731 2146 972 2201 oti’ensis.
1028 2144 1383 2201 Convincitur
1432 2154 1567 2201 teste
1611 2146 1830 2218 pr0pria

248 2238 607 2306 conscientia,
645 2245 699 2294 et
730 2239 955 2294 testibus
992 2236 1168 2295 oculis
1208 2236 1379 2305 ipsius
1414 2237 1635 2309 judicis.
1677 2236 1827 2292 Bona

245 2344 352 2383 non
388 2328 519 2398 egit,
562 2343 682 2397 qua:
712 2328 854 2383 male
889 2327 1026 2384 actis
1067 2337 1399 2398 compeusct.
1432 2325 1646 2384 Nullum
1676 2328 1832 2384 fami-

240 2417 438 2475 liarem
462 2417 662 2491 judicis
703 2417 883 2488 aliquo
908 2417 1185 2487 praeterito
1224 2414 1483 2486 obsequio
1520 2417 1717 2474 meruit
1749 2420 1831 2472 in-

249 2517 631 2575 tercessorem,
668 2524 860 2564 omnes
888 2507 1210 2564 oll‘eudcndo
1242 2508 1436 2563 meruit
1465 2517 1828 2565 accusatores.

236 2596 422 2677 .iudex
450 2599 771 2656 terribiliter
805 2601 1107 2667 districtus,
1151 2598 1566 2655 intolerabiliter
1588 2616 1831 2670 severus,

244 2693 606 2748 immoderate
645 2691 903 2757 ollensns,
936 2693 1288 2748 vehementer
1325 2693 1516 2747 iratus.
1549 2693 1831 2749 Sententia

231 2768 366 2857 ejus
406 2783 571 2840 semel
605 2781 817 2855 prolata
849 2782 1223 2853 immutabilis,
1254 2798 1444 2838 carcer
1475 2784 1833 2841 irremcabilis

244 2885 493 2949 apertus.
543 2876 599 2931 ln
653 2891 876 2933 carcere
923 2884 1191 2933 tormenta
1241 2876 1498 2932 immania
1548 2877 1829 2947 disposita,

244 2976 483 3022 tortores
504 2966 795 3038 parati,ut,
813 2966 935 3022 data
965 2967 1254 3034 sententia,
1287 2968 1599 3023 damnatum
1630 2969 1694 3024 ad
1725 2977 1833 3023 lor-

244 3067 431 3112 menta
463 3057 692 3127 rapiant.
736 3050 1025 3111 Tormenta
1054 3058 1175 3113 sine
1221 3058 1347 3124 line,
1380 3060 1497 3115 sine
1527 3059 1830 3127 intervallo,

244 3146 365 3203 sine
387 3154 838 3216 tentperamento,
867 3155 1099 3203 tortores
1121 3147 1432 3213 horribiles,
1449 3149 1540 3218 qui
1564 3165 1829 3219 nusquam

245 3233 567 3298 lassescunt,
617 3236 710 3307 qui
749 3251 1025 3305 nunquam
1070 3237 1420 3293 miserentur.
1454 3238 1643 3295 Timor
1682 3257 1829 3294 reum
1860 3210 1905 3274 Ε

245 3324 451 3388 turbat,
470 3324 800 3383 conscientia
821 3325 1124 3394 confundit,
1140 3329 1504 3407 cogitationes
1527 3331 1832 3399 increpant,

247 3419 436 3489 fugere
459 3435 565 3475 non
594 3419 741 3474 licet.
779 3419 873 3474 Sic
906 3429 1013 3475 stat
1037 3434 1330 3493 suspensus
1361 3423 1425 3476 ad
1457 3422 1833 3491 gravissimam

248 3511 602 3566 sententiam.
635 3510 773 3567 Ecce
819 3511 1079 3567 miserum
1130 3511 1185 3569 in
1215 3522 1444 3581 angusto
1475 3513 1741 3584 periculo,
1781 3514 1833 3568 in

244 3592 553 3676 periculosa
596 3605 883 3675 angustia.
947 3604 1085 3661 Ecce
1153 3600 1427 3661 hominem
1504 3606 1832 3678 indigentem

246 3695 450 3771 festino
480 3696 701 3751 auxilio.
739 3697 837 3754 Ubi
885 3713 1029 3754 nunc
1058 3699 1177 3756 est?
1206 3697 1360 3755 Nunc
1397 3700 1702 3769 subveniat,
1740 3702 1831 3771 qui

245 3785 645 3855 subpressum
680 3787 914 3859 lapidum
954 3788 1209 3846 misertus
1247 3797 1338 3846 est
1364 3805 1422 3845 se
1452 3791 1830 3860 lapidantium.

232 3876 404 3933 Nunc
438 3888 557 3933 oret
585 3879 686 3912 ’θη
716 3876 942 3952 proco,
991 3882 1081 3952 qui
1130 3882 1272 3953 apud
1319 3882 1831 3950 enmdemjudicem

236 3961 457 4024 exstitit
489 3985 589 4040 pro
633 3973 746 4027 suis
792 3970 1078 4027 homicidis
1119 3982 1322 4027 orator.
1358 3972 1655 4043 Stcphane,
1705 3971 1832 4030 Ste-

240 4052 457 4130 phane,
489 4064 545 4115 et
588 4075 725 4115 vere
746 4061 1044 4132 Stcpbane,
1071 4063 1195 4132 quia
1226 4075 1352 4117 vere
1395 4074 1676 4118 coronate.
1708 4063 1835 4120 Ste—

234 4152 448 4221 ~phane,
482 4151 726 4223 inquam,
756 4153 1050 4223 Stephano,
1073 4171 1140 4210 en
1168 4155 1319 4210 locus
1338 4154 1578 4227 pictatis,
1602 4172 1667 4211 en
1705 4168 1837 4213 teat-

244 4258 350 4314 pus
384 4245 917 4316 misericordize‘m,
954 4265 1021 4305 en
1055 4251 1243 4321 utique
1271 4253 1484 4308 occasio
1515 4236 1835 4309 exhibenda:

230 4337 560 4397 'cbaritatis.
593 4339 651 4395 In
694 4341 796 4397 hoc
840 4358 1071 4411 namque
1117 4345 1359 4413 periculo
1388 4344 1626 4403 consisto
1659 4346 1836 4417 inces-

244 4426 464 4497 santer,
485 4431 590 4485 nisi
616 4432 741 4501 quia
772 4446 879 4486 non
901 4447 1115 4503 semper
1136 4434 1230 4467 ¹⁰¹⁷
1257 4436 1358 4490 hoc
1389 4436 1596 4507 cogito;
1631 4450 1684 4491 et
1707 4447 1835 4493 tunc

248 4519 507 4578 miserior
568 4534 625 4579 et
679 4524 1066 4592 miserabilior,
1116 4542 1239 4586 cum
1298 4528 1541 4585 oblivisci
1589 4547 1831 4600 possunt.

242 4614 482 4685 Semper
495 4616 638 4672 enim
660 4618 805 4673 videt
823 4634 909 4673 me
937 4620 1094 4683 Deus,
1120 4627 1175 4679 ct
1197 4632 1414 4692 peccata
1441 4638 1588 4689 mea;
1618 4638 1834 4692 semper

246 4706 492 4764 minatur
512 4701 753 4766 districta
771 4709 980 4781 iustitia
1008 4712 1123 4784 ejus
1145 4714 1431 4782 peccatrici
1456 4714 1649 4767 aniuue
1676 4730 1831 4769 meae.

1868 1824 1875 1831 .
1935 1788 2067 1839 tuae
2096 1783 2250 1837 venia
2300 1793 2498 1837 vestra.
2528 1781 2656 1836 Scio
2696 1800 2709 1836 :

1860 1853 1904 1913 Β
1934 1872 2196 1929 conﬁteor
2223 1914 2238 1939 ,
2288 1873 2359 1927 ita
2416 1882 2521 1928 est.
2559 1871 2665 1937 Sed
2702 1883 2904 1944 quanto
2952 1872 3170 1951 gravior
3210 1888 3329 1928 mea
3379 1868 3518 1930 inlc—

1929 603 2143 660 semper
2180 588 2478 644 invisibiles
2524 588 2870 644 insidiatores
2916 585 3113 658 parati,
3152 595 3211 640 ut
3258 583 3385 641 illuc
3413 584 3511 666 ’σιξ
3595 580 3601 585 ’

1918 672 2140 753 rapiant
2172 681 2424 736 miseram
2451 681 2710 736 animam.

1920 762 1925 769 ’
2002 772 2094 829 Sic
2117 789 2235 828 sum
2264 774 2492 844 positus,
2517 788 2637 828 cum
2664 772 2855 845 vigilo;
2885 771 2963 827 sic
2987 786 3103 825 sum
3130 786 3250 827 cum
3279 768 3510 849 dormiq,

1918 856 2008 921 ‘sic
2049 881 2168 921 sum
2209 880 2332 919 cum
2388 864 2687 931 rideo;.sic
2739 880 2858 919 sum
2902 879 3024 918 cum
3060 861 3245 931 jocor;
3287 860 3367 915 sic
3394 855 3512 914 sum

1916 944 2051 1027 "cum
2078 955 2349 1025 superbio,
2373 971 2497 1009 cum
2520 955 2764 1019 detraho;
2785 954 2863 1008 sic
2881 970 3001 1008 cum
3026 953 3252 1018 irascor,
3270 952 3391 1006 cum
3428 967 3514 1009 me

1931 1049 2177 1115 vindico;
2210 1048 2287 1103 sic
2313 1049 2389 1103 sic
2410 1062 2527 1102 sum
2556 1064 2678 1102 cum
2702 1044 2923 1101 delicias
2958 1046 3203 1117 corporis
3236 1042 3516 1098 miserabi-

1926 1126 2055 1195 iiter
2081 1141 2402 1211 amplector.
2436 1139 2678 1211 Denique
2708 1140 2786 1194 sic
2809 1151 2926 1195 sum
2964 1155 3178 1208 semper
3211 1144 3265 1193 et
3293 1137 3511 1215 ubique.

1930 1231 2192 1286 Accelerat
2241 1247 2391 1302 ergo,
2458 1231 2567 1300 pie,
2627 1247 2850 1301 precor,
2917 1230 3159 1285 accelera
3223 1241 3513 1299 antequam

1932 1321 2180 1387 damnor,
2214 1333 2509 1392 antequam
2547 1337 2635 1378 me
2672 1321 2883 1393 rapiant
2916 1329 3166 1388 tortores,
3202 1322 3386 1376 hostes
3414 1321 3551 1388 1ιιιο,

1934 1413 2077 1468 mani
2112 1414 2349 1485 generis,
2381 1413 2707 1485 priusquam
2738 1430 2824 1468 me
2852 1412 3142 1469 absorbent
3166 1428 3353 1468 career
3381 1396 3517 1467 infe:-

1922 1504 2119 1572 ‘rnalis,
2156 1505 2471 1576 priusquam
2491 1522 2575 1561 me
2603 1516 2926 1565 consumant
2949 1512 3215 1561 tormenta
3235 1506 3515 1591 gehennre;

1926 1662 1931 1671 ,
2004 1598 2112 1654 Sed
2148 1616 2182 1655 ο
2210 1614 2327 1666 vos,
2357 1614 2389 1654 0
2414 1614 2529 1666 vos,
2566 1608 2787 1671 peccata
2818 1598 2912 1630 ²⁰¹⁹
2957 1615 3097 1665 mea,
3136 1602 3338 1669 magna
3381 1597 3515 1656 estis

1925 1691 2115 1757 Tnimis,
2142 1691 2309 1746 multa
2341 1691 2473 1746 estis
2504 1689 2685 1759 nimis,
2726 1701 2785 1745 ιιι
2817 1689 3012 1745 merito
3052 1700 3279 1766 negetur
3320 1690 3446 1757 anin
3468 1705 3516 1747 ω

2755 1783 2933 1849 etiam.
2964 1796 3133 1848 certe,
3165 1781 3237 1837 ita
3267 1793 3352 1838 est
3377 1783 3473 1831 ιω
3495 1822 3514 1853 ,

1935 1967 2134 2031 licitas,
2191 1960 2409 2035 quanto
2458 1964 2736 2036 angustior
2796 1980 2913 2020 mea
2985 1964 3321 2033 necessitas;
3370 1974 3519 2025 tanto

1923 2041 2232 2111 mirabilior
2296 2054 2401 2111 erit
2469 2056 2643 2126 pictas
2727 2044 3050 2119 indultoris,
3132 2064 3281 2110 tanto
3347 2056 3521 2137 unju-

1934 2148 2214 2219 apparebit
2270 2147 2411 2218 apml
2474 2146 2801 2203 indultorcm
2867 2146 3042 2218 gratia
3116 2146 3515 2207 intercessoris.

1934 2237 2062 2297 Scio
2113 2240 2248 2296 satis
2281 2280 2294 2303 ,
2357 2239 2621 2305 Domine,
2661 2239 2858 2295 dilecte
2906 2238 2997 2293 Dei
3046 2237 3339 2308 Scphane,
3393 2240 3519 2309 quia

1934 2346 2057 2385 cum
2087 2321 2262 2385 Deum
2284 2328 2500 2395 oll'lmdi,
2534 2337 2585 2384 te
2609 2345 2824 2401 quoque
2851 2338 2905 2385 ct
2935 2344 3124 2393 omnes
3159 2337 3375 2385 sanctos
3399 2328 3521 2398 ejus

1938 2420 2159 2480 edendi.
2208 2419 2408 2478 Verum
2458 2429 2605 2476 tanta
2649 2430 2729 2474 est
2786 2419 3080 2479 necessitas
3130 2434 3249 2476 mea
3300 2419 3437 2485 ²⁰²¹,,
3464 2428 3523 2473 ιιι

1935 2524 2094 2588 cogat
2124 2528 2207 2568 me
2248 2506 2493 2585 poscere
2523 2509 2822 2566 subsidium
2861 2511 3023 2589 etiam
3053 2509 3120 2565 ab
3150 2511 3216 2567 iis
3251 2526 3282 2567 ει
3324 2510 3521 2581 quibus

1934 2609 2106 2665 merui
2148 2605 2492 2679 supplicium.
2523 2604 2592 2660 Et
2625 2592 2832 2662 tantum
2867 2602 3056 2674 repleti
3086 2602 3218 2663 estis
3249 2611 3303 2657 ιιι
3340 2611 3394 2657 et
3426 2600 3519 2659 alii

1932 2692 2105 2760 Sancti
2138 2700 2227 2755 illo
2255 2692 2497 2769 copioso,
2520 2694 2609 2753 illo
2634 2684 2938 2769 inaestinmb
2965 2693 2999 2751 li
3027 2692 3176 2751 fonte
3197 2692 3439 2760 pietatis,
3459 2700 3521 2746 ut

1926 2784 2166 2847 delectet
2189 2806 2285 2844 vos
2314 2789 2479 2843 etiam
2509 2802 2602 2849 cos
2630 2786 2716 2856 pie
2754 2785 3009 2852 liberare,
3034 2798 3169 2856 quos
3190 2780 3339 2852 juste
3368 2792 3522 2857 pote.

1935 2885 2035 2940 stis
2058 2883 2321 2939 damnare
2351 2882 2468 2939 ²⁰²¹.
2502 2879 2693 2951 Magna
2717 2885 2867 2945 sunt,
2886 2890 3075 2949 magne
3097 2876 3191 2908 ¹⁰¹³
3223 2875 3519 2946 Stephane,
3582 2864 3587 2869 ’

1934 2990 2130 3047 magna
2163 2981 2289 3030 sunt
2334 2956 2527 3028 merita
2575 2962 2690 3034 tua.
2722 2980 2781 3026 ιιι
2820 2967 3065 3047 sufﬁcere
3092 2968 3303 3039 possint
3334 2968 3431 3023 tibi
3466 2976 3523 3022 et

1936 3067 2105 3133 mihi;
2139 3066 2266 3123 etsi
2302 3074 2531 3137 prosunt
2554 3064 2709 3129 mihi,
2746 3063 2882 3119 nihil
2920 3062 3039 3121 tibi,
3056 3063 3349 3119 minuetur.
3384 3061 3525 3123 Ecce

1935 3174 2119 3213 coram
2150 3157 2283 3225 Deo,
2323 3164 2378 3212 et
2404 3140 2594 3229 coram
2620 3165 2694 3223 te,
2721 3140 2879 3211 beate
2911 3152 3210 3222 Stephane.
3242 3161 3367 3207 sunt
3388 3168 3523 3209 cun-

1938 3261 2024 3307 cta
2056 3260 2278 3321 peccata
2306 3264 2449 3313 mea,
2474 3265 2593 3318 qua:
2623 3244 2894 3309 territant,
2925 3261 3045 3316 qua:
3066 3244 3379 3306 sollicitant,
3401 3258 3523 3313 qua

1936 3350 2167 3412 gravant
2196 3339 2431 3393 animum
2463 3354 2656 3394 meam.
2689 3337 2785 3392 llic
2818 3352 2971 3408 ergo.
3004 3351 3038 3392 o
3067 3336 3172 3407 pie,
3197 3334 3439 3405 piissimo
3467 3345 3525 3390 et

1938 3431 2294 3488 dilectissimo
2327 3429 2573 3486 dilectori
2600 3427 2695 3465 '°“
2730 3439 2844 3495 tuo,
2880 3428 2992 3493 die,
3029 3426 3269 3491 Domine,
3311 3442 3375 3480 ne
3397 3434 3522 3497 stag

1938 3534 2056 3581 luas
2081 3522 2156 3579 illi
2188 3523 2302 3578 haec
2326 3529 2546 3598 peccata
2577 3520 2670 3552 ²⁰²¹⁵
2703 3521 2842 3593 (Act.
2869 3535 2966 3582 vn,
2989 3517 3102 3592 59).
3134 3518 3248 3581 Dic,
3277 3516 3518 3586 inquam,

1930 3606 2037 3691 pro
2070 3630 2239 3686 cgeno
2268 3613 2361 3669 tibi
2393 3612 2759 3691 supplicante,
2789 3610 2933 3681 quod
2966 3608 3153 3665 dixisti
3198 3623 3297 3679 pro
3324 3605 3521 3678 populo

1931 3690 1993 3763 ἰο
2035 3706 2362 3765 trucidante.
2420 3690 2578 3760 Dicat
2626 3714 2834 3761 tantum
2877 3701 2961 3772 pia
3012 3700 3252 3756 charitas
3288 3708 3431 3771 tua;
3467 3706 3525 3750 et

1927 3778 2121 3855 'certus
2150 3814 2267 3853 sum
2292 3797 2422 3869 quia
2453 3796 2691 3851 remittet
2717 3787 3151 3869 benignissimus
3165 3792 3305 3846 Dens
3327 3798 3524 3865 cuneta

1940 3891 2080 3949 mala
2131 3905 2274 3945 mea.
2310 3866 2446 3955 lese
2494 3887 2639 3943 enim
2698 3894 2783 3938 cst
2834 3866 3145 3939 misericors
3192 3889 3249 3937 et
3295 3878 3525 3957 Creator

1939 3997 2114 4045 meas,
2145 3990 2245 4053 ego
2294 3966 2471 4034 miser
2509 3986 2563 4033 et
2604 3992 2742 4051 opus
2771 3975 2913 4045 ejus,
2965 3984 3023 4029 tu
3056 3971 3285 4028 dilectus
3314 3970 3525 4029 amittis

1938 4074 2055 4147 ejus
2082 4073 2172 4143 qui
2199 4081 2282 4127 est
2312 4070 2627 4127 benedictus
2658 4070 2712 4125 in
2743 4065 2959 4123 szrcula.
2984 4069 3156 4119 Amen
3184 4062 3281 4118 _’°“

2212 4204 2533 4261 Relrr'rctatio
2560 4198 2932 4269 clmrimtis-S.
2963 4196 3235 4267 Stephani.

2010 4342 2142 4399 Cum
2167 4339 2311 4395 enim
2340 4336 2515 4394 insani
2554 4335 2758 4391 inimici
2791 4334 2865 4393 tui
2911 4344 2964 4391 te
2989 4333 3359 4404 opprimerent
3387 4332 3521 4413 ami—

1939 4451 2063 4491 cum
2110 4447 2291 4497 suum,
2336 4428 2479 4484 sicut
2515 4426 2800 4498 Scriptura
2842 4427 2936 4483 ³⁸9⁷
2986 4440 3149 4485 verax
3184 4433 3434 4488 testatur,
3465 4433 3520 4502 ιιι

1874 4568 1914 4623 D
1942 4525 2136 4600 positis
2160 4523 2390 4597 genibus
2422 4518 2669 4575 clamasti
2704 4519 2799 4553 ¹⁰¹⁸
2833 4533 2963 4573 voce
2998 4530 3188 4587 magna
3228 4533 3242 4570 :
3274 4504 3523 4578 Domine,

1924 4605 1933 4617 ς
2439 4611 2451 4623 .
2726 4620 2733 4623 .
2872 4606 2983 4623 ι..
3190 4602 3276 4623 n-In
3344 4603 3385 4623 η
3476 4621 3523 4623 __

1944 4634 2006 4674 ne
2046 4625 2247 4670 statuas
2278 4611 2384 4667 illis
2430 4611 2528 4667 hoc
2559 4620 2827 4683 peccatum
2867 4606 3006 4681 (Act.
3051 4624 3151 4675 vn,
3185 4602 3300 4676 59).
3342 4603 3387 4661 Ο
3431 4621 3527 4663 cor

1945 4705 2260 4779 cpulcntum
2292 4702 2619 4777 pinguedine
2648 4702 2959 4765 charitatis;
2993 4702 3060 4757 de
3088 4717 3216 4771 quo.
3241 4716 3361 4757 cum
3391 4696 3527 4754 atlli-

1564 4860 1789 4918 V'Aiilzﬁ
1829 4857 2221 4918 LECTIUNES

323 4969 422 5048 "if
448 4969 621 5048 Tanta
675 4969 985 5048 charitatis_
1022 4972 1222 5048 pietate
1254 4987 1377 5048 uls.
1419 4970 1555 5048 Vict.
1598 4973 1685 5048 lli.
1724 4982 1887 5048 tanta:
1935 4960 2218 5048 charitatis
2275 4967 2478 5048 pietate
2568 4965 2759 5048 ,Μ’-8]

249 5042 338 5099 sic
390 5040 511 5096 l'nit.
564 5042 657 5096 Sic
708 5045 916 5112 gaudeo
962 5036 1130 5098 fuisse
1160 5060 1263 5097 ms.
1299 5041 1436 5096 ΤΙιιι.
1468 5044 1549 5097 sic
1597 5042 1765 5106 fuisti,
1810 5046 1949 5098 bone
2001 5036 2293 5112 Stephane,
2333 5040 2413 5095 sic
2440 5037 2650 5111 gaudeo
2689 5036 2854 5112 l'ui_s_e

1410 5112 1508 5189 ἲῗξδ
1539 5112 1716 5189 Sacer
1743 5129 1834 5189 es“

1928 5129 2001 5189 us.
2048 5108 2318 5168 Sim-Ger.
2371 5108 2711 5189 super-mem
2739 5108 2833 5189 ’1'"
2875 5108 3028 5186 llttne
3054 5115 3175 5185 oret
3222 5123 3275 5189 ιιι

474 5181 570 5214 ²⁰¹⁶
592 5182 829 5252 Tempus
856 5175 1244 5242 misericordia:
1271 5200 1369 5238 ms.
1415 5183 1549 5239 Vict.
1579 5175 1634 5238 ὅ.
1686 5184 1873 5239 omittit
1920 5182 2304 5238 misericordia:
2327 5175 2625 5252 msgVictL
2645 5175 2731 5252 ιϐ.
2763 5176 2910 5231 locus
2938 5175 3329 5252 misericordiae

251 5254 397 5325 Quia
428 5269 535 5309 non
586 5244 804 5325 semper
828 5271 953 5310 rm.
1007 5255 1108 5325 nisi
1155 5256 1284 5325 quia
1333 5271 1440 5310 non
1488 5270 1707 5325 semper
1798 5254 1893 5287 ²⁰¹⁸
1950 5253 2020 5310 Ut
2068 5253 2176 5308 illic
2219 5268 2342 5306 mu.
2404 5249 2536 5304 Vict.
2583 5246 2817 5325 Vol-lue.
2851 5256 2899 5300 et
2930 5244 3076 5325 Flor.
3111 5259 3169 5299 ut
3199 5246 3324 5325 illuc

252 5324 369 5380 Sed
391 5340 422 5371 ιι
448 5340 542 5377 vos
568 5322 798 5394 peccata
847 5342 973 5380 mss.
1010 5322 1151 5394 Vict.
1167 5322 1187 5394 ί
1200 5322 1431 5380 Val-lac.
1455 5337 1501 5380 et
1534 5324 1683 5380 Flor.
1735 5325 1841 5381 Sed
1870 5342 1904 5382 ο
1930 5340 2044 5389 vos,
2073 5338 2229 5394 ogvos
2258 5330 2477 5394 peccata

254 5394 391 5450 Scio
413 5390 591 5450 etiatn'
613 5402 761 5449 certe
785 5394 858 5449 ita
887 5406 973 5450 est
999 5413 1094 5451 ms.
1138 5393 1372 5450 VaHuc.
1405 5396 1582 5451 Etiam
1627 5407 1773 5453 certa
1821 5405 1905 5453 est
1949 5412 2049 5449 ms.
2081 5392 2231 5448 Flor.
2259 5390 2445 5456 etiam,
2472 5399 2623 5445 certe
2648 5390 2719 5444 ita
2742 5400 2830 5444 est

251 5112 399 5168 Tha.
437 5112 592 5167 Corb.
639 5121 687 5166 et
720 5111 989 5168 Son-Ger.
1044 5126 1102 5167 ιιι
1131 5113 1310 5183 places

251 5192 377 5236 oret
474 5181 570 5214 ²⁰¹⁶
592 5182 829 5236 Tempus
856 5184 1244 5236 misericordia:
1271 5200 1310 5236 nl

248 5200 354 5238 ore

2588 4965 2683 4999 ﬂ“
2713 4966 2802 5020 Sic
2861 4962 2977 5023 fuit.
3029 4964 3169 5017 l'one
3225 4952 3522 5031 Stephano,

2962 5036 3057 5066 ²⁰¹³
3099 5033 3166 5089 Ut
3196 5050 3355 5105 paces
3393 5051 3521 5092 ιιισε.

2739 5106 2833 5208 ’τη
2875 5104 3028 5160 linnc
3054 5115 3175 5159 oret
3222 5122 3347 5208 ipsa.
3377 5120 3523 5208 nqpq

2782 5192 2907 5208 ηις-η
2943 5175 3239 5208 ιηὶαιινὶιιιιιι.
3266 5175 3328 5208 ἔτι,
3482 5178 3494 5206 ι

3426 5244 3526 5283 ιοιο

2581 5320 2677 5353 seu
2700 5318 2826 5375 scio
2853 5328 3000 5373 certe
3031 5319 3100 5369 ita
3139 5324 3223 5371 est
3250 5332 3342 5371 nu.
3386 5315 3522 5375 Vict.

232 5470 320 5522 ‘ut
376 5472 475 5517 ms.
533 5462 666 5519 Vict.
714 5465 799 5519 16.
840 5465 1215 5525 oﬁensiomea
1266 5475 1325 5518 ιιι
1376 5483 1500 5519 mu.
1544 5464 1676 5521 Vict.
1708 5466 1762 5520 3.
1796 5466 1834 5521 S

1928 5462 2058 5519 -Ger.
2085 5475 2135 5518 et
2174 5462 2404 5516 Vat-lac.
2432 5461 2729 5516 necessitas
2756 5469 2815 5513 ιιι
2885 5459 2981 5491 ²⁰¹²
3006 5458 3238 5512 Potestis
3264 5457 3526 5513 damnare

251 5551 363 5606 agas.
396 5534 530 5590 ΤΙιιι.
582 5536 813 5606 possetis
857 5538 1117 5606 damnare

254 5600 510 5674 dilectori
540 5600 669 5674 nias.
704 5603 837 5660 Vict.
872 5604 1141 5663 Sun-Ger.
1172 5604 1355 5660 Carth.
1392 5600 1625 5659 Vbi-lac.
1659 5616 1707 5659 et
1743 5603 1893 5658 Flor.
1928 5605 2168 5674 piissimo
2197 5613 2252 5656 et
2281 5602 2633 5674 dilectissimo
2662 5601 2905 5657 dilecmri

254 5691 394 5753 mss.
418 5671 536 5753 Bac.
564 5673 708 5753 Tlm.
730 5674 867 5753 Vict.
903 5677 998 5753 ιϐ.
1020 5677 1121 5753 hoc
1144 5686 1426 5753 peccatum
1451 5691 1548 5753 me.
1576 5674 1687 5753 Son
1717 5674 1842 5730 Ger.
1871 5671 2151 5753 peccatum
2186 5689 2343 5753 suum
2430 5672 2542 5753 ἐφ’
2569 5674 2763 5753 Amen.
2809 5688 2907 5752 me.
2939 5671 3073 5723 ΤΙιιι.
3104 5671 3297 5753 inter):
3332 5671 3490 5753 Retra

1325 5745 1417 5777 "’7
1450 5744 1542 5801 Sic
1571 5746 1834 5814 scriptura

1928 5761 2015 5798 iss.
2058 5742 2187 5799 l’lcl.
2221 5746 2310 5801 l6.
2348 5753 2395 5798 et
2423 5742 2573 5800 Flor.
2603 5742 2742 5799 sicut
2773 5742 3041 5813 scriptura
3116 5741 3211 5775 ⁸⁰²⁸
3236 5741 3312 5798 Te
3336 5741 3528 5814 positis

256 5816 492 5893 genibus
510 5814 772 5871 clamasse
793 5832 892 5871 ms.
936 5814 1077 5873 Vict.
1096 5817 1182 5873 16.
1213 5816 1403 5891 positis
1426 5816 1650 5892 genibus
1671 5814 1917 5872 elamasti

238 5746 433 5818 ‘ctatiu
460 5745 741 5818 charitatis
778 5743 1249 5818 beati__Stephani.

1217 5534 1321 5606 '°”_
1342 5534 1537 5606 Magna
1571 5544 1715 5599 sunt,
1752 5551 1995 5606 “magne
2027 5551 2124 5587 ms.
2173 5529 2868 5606 Smr-Ger._ntagna__sunt,
2893 5538 3099 5606 sancte
3150 5527 3256 5606 _'_°“
3276 5527 3527 5584 Piissimo

3006 5599 3101 5632 m‘
3149 5599 3271 5655 llaec
3302 5610 3523 5668 peccata

2445 5672 2542 5706 m‘
2569 5674 2763 5729 Amen.
2809 5688 2907 5726 me.
2939 5669 3073 5723 Tim.
3104 5670 3297 5725 Amen.
3332 5670 3527 5724 Retra»

2936 5388 3031 5420 ““
3056 5388 3363 5443 Necessitas
3406 5403 3524 5443 mea
3608 5387 3628 5403 '
