4048 6288
440 5371 458 5386 ⁸
550 5377 675 5424 cote
707 5369 926 5423 tribulat

535 327 645 385 995

896 324 956 382 S.
984 323 1285 381 ANSELMI
1321 319 1625 380 CATUAR.
1661 319 1986 377 ARCHIEP.
2025 316 2127 374 ΟΡ]

2266 313 2402 372 ARS
2436 313 2500 368 ll.
2535 343 2603 353 -—
2637 308 3010 368 ΡΑΒᾸΞΝΕΤ.
3055 309 3146 366 ΕΤ
3184 309 3430 367 ASCET.

543 450 788 514 geretur,
814 450 922 495 tam
952 441 1165 510 copiosa
1193 437 1559 494 misericordia
1595 434 2039 506 superetiluelat!
2071 431 2117 489 Ο
2147 434 2192 494 Λ
2226 443 2374 489 nem,
2421 442 2556 479 sono
2610 431 2959 492 reprmsentat
3011 421 3463 478 misericordiam.
3509 420 3605 477 Dic
3649 438 3812 494 ergo,

536 549 691 589 mens
712 534 1061 588 vehementer
1085 532 1282 586 ardens
1305 545 1511 595 amore,
1543 529 1762 598 copiose
1779 538 1960 604 uncta
1985 526 2115 581 cha-

538 626 733 689 ritate;
779 623 844 676 de
883 636 1010 690 qua,
1049 636 1170 675 eum
1207 619 1582 682 tribularetur,
1613 628 1722 671 tam
1763 605 2004 671 Suaviter
2032 630 2120 668 ar-

543 715 735 768 dentes
760 721 814 766 et
845 721 951 766 tam
979 711 1234 766 ardenter
1261 726 1456 765 suaves
1482 706 1728 764 scintilla:
1742 705 2042 763 micabant!
2075 702 2120 761 Ο

543 800 708 856 favus
723 801 935 872 pinguis
963 801 1119 855 melle
1149 799 1480 866 dilectionis;
1513 801 1579 855 de
1608 814 1736 870 quo,
1767 814 1887 854 cum
1910 811 2122 868 preme-

539 903 716 959 retur,
786 902 893 947 tam
925 893 1232 962 opulentae,
1275 902 1386 946 tam
1433 891 1684 960 jucunda:
1731 899 1895 961 gutta:
1944 887 2120 944 distil-

536 985 744 1039 labant.
773 983 1012 1045 Domine,
1067 999 1131 1036 ne
1173 988 1378 1036 statuas
1419 982 1527 1035 illis
1575 982 1671 1035 hoc
1705 989 1997 1048 peccatum.
2027 977 2123 1032 Vir

531 1077 716 1142 beate,
777 1085 1036 1146 quantam
1077 1089 1230 1145 Spem
1278 1075 1448 1129 donas
1491 1071 1874 1144 peccatoribus
1924 1071 2120 1124 amicis

536 1171 666 1237 tuis,
693 1185 816 1225 cum
847 1169 1076 1223 audiunt
1105 1177 1156 1221 te
1181 1166 1262 1222 sic
1297 1165 1465 1221 fuisse
1493 1165 1788 1220 sollicitum
1816 1178 1913 1232 pro
1940 1161 2122 1232 impiis

535 1261 773 1316 inimicis
801 1261 939 1314 tuis?
969 1260 1074 1314 Vas
1102 1257 1386 1314 charitatis
1413 1255 1859 1326 superabundans
1890 1253 2122 1324 plenitu-

488 1371 491 1373 ·
537 1351 686 1418 dine,
720 1365 826 1421 qua
858 1351 1105 1404 ubertate
1133 1347 1346 1417 potabis
1388 1345 1761 1400 desiderantes
1786 1342 2044 1412 amplecti
2071 1350 2124 1397 te

540 1443 684 1498 intra
719 1458 814 1498 cor
844 1457 1023 1506 suum,
1055 1456 1175 1496 cum
1206 1439 1286 1494 sic
1319 1437 1599 1510 perfundis
1635 1437 1732 1468 ⁸⁰¹⁹
1765 1435 2043 1507 ejicientes
2071 1441 2123 1490 te

541 1546 698 1592 extra
719 1535 997 1590 civitatem
1027 1533 1220 1589 suam?

605 1625 740 1681 Cum
758 1625 837 1680 sic
862 1625 1118 1696 propinas
1145 1624 1329 1679 furore
1349 1622 1560 1678 anhelis
1587 1621 1922 1678 irruentibus
1949 1621 2001 1676 in
2035 1629 2118 1676 te:

535 1716 810 1787 quomodo
859 1711 1184 1770 refocillabis
1227 1713 1422 1768 timore
1471 1711 1698 1768 anhelos
1741 1712 2009 1782 fugientes
2053 1712 2120 1766 ad

534 1807 622 1862 te?
675 1806 932 1870 Domine,
982 1821 1045 1859 ne
1100 1813 1305 1857 statuas
1358 1801 1465 1858 illis
1503 1803 1600 1857 hoc
1636 1814 1926 1873 peccatum.
1979 1803 2122 1868 Quo-
2155 1790 2199 1850 li

536 1897 701 1959 modo
725 1895 1074 1966 respondebit
1106 1895 1416 1960 invocatus,
1443 1893 1536 1964 qui
1563 1894 1643 1950 sic
1671 1892 1993 1966 obiurgabat
2024 1893 2119 1924 ²⁰³⁰

534 1985 907 2056 provocatus?
938 1985 1111 2053 Quam
1138 1984 1369 2054 benigne
1412 1983 1616 2040 fovebit
1655 1984 1889 2040 humiles
1916 1985 2121 2040 exalta-

539 2088 630 2132 tus
673 2077 794 2142 'm,
841 2077 932 2146 qui
973 2075 1055 2130 sic
1091 2075 1341 2144 superbis
1379 2076 1735 2131 succurrebat
1767 2075 2122 2131 humiliatus?

543 2165 663 2232 Qua
687 2165 968 2221 celeritate
1006 2163 1259 2221 liberabit
1287 2163 1518 2220 aﬂlietos
1553 2174 1805 2236 potenter
1836 2165 2122 2231 liberatus,

539 2257 736 2326 quisic
765 2255 1127 2328 alliigentibus
1162 2255 1520 2330 subveniebat
1565 2255 1832 2314 afﬂictus?
1859 2257 1939 2311 llli
1970 2257 2124 2313 l'esri-

541 2348 748 2403 nabant
773 2347 992 2403 auferre
1020 2347 1260 2402 animam
1295 2357 1474 2412 tuam;
1513 2356 1567 2402 tu
1605 2349 1892 2418 satagebas
1914 2348 2124 2404 anima-

528 2442 640 2497 ‘bus
667 2456 854 2497 eorum
906 2441 1131 2497 reddere
1171 2440 1337 2495 vitam
1383 2455 1562 2495 suam.
1615 2439 1694 2495 llli
1748 2441 1922 2510 rigido
1961 2441 2120 2506 collo,

539 2546 737 2604 magno
764 2530 948 2585 furore
969 2528 1296 2597 fremebant,
1325 2539 1385 2585 ut
1416 2539 1468 2586 te
1499 2530 1860 2601 perimerent;
1895 2539 1950 2586 tu
1981 2532 2122 2600 ι)ουὶ-

547 2624 618 2679 tis
667 2624 894 2694 genibus
935 2636 1070 2678 voce
1115 2637 1312 2694 magna
1356 2622 1574 2690 oraba's,
1621 2635 1689 2677 ne
1735 2621 1810 2676 illi
1857 2622 2119 2692 perirent.

539 2713 740 2784 Utique
789 2727 924 2769 voce
975 2728 1192 2784 magna,
1251 2713 1377 2782 quia
1438 2711 1709 2768 charitate
1774 2727 2004 2783 magna;
2069 2723 2126 2767 et

541 2807 735 2876 positis
779 2805 1029 2878 genibus,
1082 2805 1209 2875 quia
1260 2821 1393 2861 vera
1445 2805 1817 2874 simplicitate.
1851 2804 2122 2874 Superbia

543 2892 906 2945 humilitatem
937 2891 1039 2945 sub
1075 2899 1200 2946 cote
1233 2891 1528 2947 tribulabat
1561 2891 1676 2958 ³⁸³³,
1711 2903 1766 2947 et
1787 2892 1922 2946 odor
1946 2892 2125 2947 chari-

542 2980 670 3034 tatis
712 2980 837 3036 inde
887 2976 1187 3048 fragrabat.
1232 2979 1488 3035 Charitas
1531 2979 1600 3035 ab
1628 2981 1757 3037 odio
1799 2996 1920 3036 cum
1971 2993 2122 3053 petra

542 3068 969 3138 percutiebatur,
1012 3078 1066 3124 et
1112 3069 1338 3125 titmitus
1382 3071 1599 3140 pietatis
1638 3070 1986 3126 reddebatur.
2019 3072 2124 3128 lm-

541 3160 718 3227 pietas
753 3159 1007 3229 pietatem
1047 3158 1222 3231 lapide
1261 3162 1564 3231 premebat,
1615 3171 1671 3218 et
1698 3161 1874 3221 oleum
1906 3163 2122 3220 miseri-
2151 3149 2196 3212 (ἶ

539 3251 740 3304 cordia:
771 3251 1082 3308 ebullicbat.

611 3340 777 3413 295
799 3341 842 3398 Ο
870 3342 912 3398 si
938 3358 1175 3414 unquam
1205 3345 1455 3401 merebor
1475 3346 1543 3402 de
1564 3347 1834 3403 charitate
1862 3347 2124 3420 Stephani

538 3429 717 3486 oleum
742 3431 995 3500 precibus
1021 3433 1240 3500 elicere,
1268 3437 1412 3506 quod
1435 3436 1508 3490 illi
1537 3447 1828 3507 potuerunt
1856 3439 2127 3510 lapidibus

539 3524 1130 3596 exprinierellanguet
1146 3542 1382 3597 namque
1399 3529 1493 3561 ²⁰³³
1517 3531 1698 3586 anima
1721 3547 1840 3587 mea
1870 3532 2128 3605 languore

541 3616 886 3684 gravissimo,
917 3619 1008 3688 qui
1039 3634 1148 3674 non
1177 3629 1403 3675 sanatur
1431 3621 1534 3677 nisi
1567 3623 1955 3680 misericordiae
1979 3625 2124 3682 oleo.

545 3706 766 3763 Utinam
789 3707 873 3763 vel
899 3709 1068 3765 semel
1095 3721 1353 3782 suggerat
1379 3713 1491 3768 Deo
1519 3729 1616 3784 pro
1643 3731 1750 3782 me,
1782 3702 1837 3772 et
1859 3733 1961 3787 pro
1996 3733 2129 3774 cun-

544 3808 636 3853 cto
664 3809 890 3868 peccato
907 3813 1028 3856 meo
1056 3819 1068 3855 :
1095 3801 1318 3858 Domine
1331 3821 1393 3859 ne
1408 3814 1613 3861 statuas
1636 3806 1710 3862 illi
1735 3807 1832 3863 hoc
1856 3822 2128 3878 peccatum

542 3889 687 3947 Doce
736 3907 863 3958 me,
915 3892 1074 3949 beata
1114 3895 1296 3950 anima
1335 3897 1482 3953 beati
1529 3897 1830 3970 Stephani,
1870 3917 1978 3972 quo
2037 3918 2128 3958 sa-

540 3995 675 4052 pore
700 3981 1115 4054 jucundabaris,
1144 4001 1250 4056 qua
1287 3987 1540 4044 satietate
1569 3989 1664 4021 ²⁰³⁸
1685 3991 1974 4059 aestuabas,
2005 3983 2128 4049 cum

541 4076 797 4129 eructauil
819 4092 911 4130 cor
931 4085 1081 4131 tuum
1103 4077 1312 4132 verbum
1335 4089 1443 4134 tam
1468 4080 1659 4135 bonum
1685 4081 1857 4152 (Psal.
1880 4099 2022 4146 κων,
2047 4085 2126 4157 9).

545 4163 720 4230 Quam
740 4165 901 4223 dulce
922 4167 1020 4198 '°"
1047 4168 1291 4237 faucibus
1319 4171 1514 4226 animm
1530 4188 1664 4228 mea:
1679 4173 1952 4244 eloquium
1979 4185 2127 4231 tuum

545 4255 724 4316 (Psal.
758 4273 951 4326 cxvm,
985 4260 1129 4331 103),
1156 4277 1312 4332 super
1341 4262 1443 4317 mel
1470 4275 1516 4318 et
1551 4263 1729 4332 favum
1764 4265 1939 4338 (Psal.
1970 4286 2128 4338 xviii,

546 4348 638 4418 Η)
665 4349 748 4404 ori
779 4366 900 4428 meo
929 4351 1049 4405 ¹⁰³⁶.
1077 4351 1402 4419 Maudendo,
1443 4356 1616 4426 magis
1645 4373 1709 4411 ac
1750 4360 1922 4431 magis
1949 4361 2130 4417 dulce-

546 4439 680 4504 scit;
713 4442 950 4512 sugendo
992 4442 1110 4513 plus
1150 4452 1205 4498 et
1245 4442 1361 4514 plus
1404 4447 1762 4502 suavissimus
1806 4466 1968 4521 sapor
2011 4435 2128 4521 ejus

547 4529 738 4587 allluit.
783 4533 907 4588 l’lus
960 4535 1209 4599 videndo,
1267 4536 1386 4606 plus
1433 4537 1708 4608 fulgescit;
1767 4545 1913 4597 omni
1969 4545 2132 4600 modo

551 4630 862 4686 tractatum,
888 4635 1102 4693 semper
1121 4623 1187 4679 ad
1205 4624 1612 4681 delectationem
1633 4631 1847 4686 crescit.
1875 4631 2127 4689 Formam

547 4711 690 4782 gerit
719 4712 866 4780 lidei,
900 4714 1229 4770 aoliditatem
1268 4715 1431 4772 habet
1465 4721 1757 4787 patientiae.
1798 4723 2131 4794 Simplicitao

551 4803 622 4858 tis
647 4804 880 4874 puritate
910 4805 1066 4870 nitet,
1103 4806 1456 4878 benignitatis
1483 4809 1664 4865 colore
1690 4811 1851 4868 lucet.
1882 4815 2128 4873 Charita-

551 4901 659 4948 teni
691 4895 852 4966 sapit,
888 4896 1146 4968 pietatem
1186 4894 1316 4962 olet,
1361 4906 1505 4954 tactu
1541 4900 1717 4956 reddit
1754 4908 2130 4963 mansuetudi-

2159 4505 2206 4564 D

2219 522 2379 576 beate
2408 517 2708 587 Stcphane,
2738 513 2868 586 quid
2897 516 3046 570 intus
3073 513 3318 578 fovebas,
3347 513 3489 569 unde
3517 513 3808 568 misturam

2221 621 2301 667 tot
2329 611 2656 666 suavitatnm
2685 607 2832 662 foras
2858 606 3216 676 erumpebas?
3245 602 3511 660 Nimirum
3537 603 3604 660 iis
3629 605 3814 660 omni-

2222 706 2324 760 bus
2352 703 2545 774 plenus
2573 718 2716 769 eras,
2745 701 2998 758 omnibus
3027 699 3094 755 iis
3121 709 3348 755 ornatus
3377 714 3523 765 eras,
3555 699 3816 753 omnibus

2221 795 2290 849 iis
2314 807 2580 848 accensus
2625 807 2770 846 eras.
2817 789 2925 844 Per
2965 789 3066 844 has
3105 804 3296 843 omnes
3336 789 3564 842 virtutes
3613 787 3816 855 quibus

2222 883 2556 949 abundabas,
2598 891 2650 936 te
2686 895 2904 951 precor,
2944 894 2978 935 o
3019 879 3346 934 charitalive
3381 879 3474 909 ⁸⁸³⁷
3509 877 3815 948 Stcphane,

2213 963 2318 1034 ora
2347 986 2406 1031 ut
2430 975 2721 1031 charitatis
2754 973 2909 1039 adipe
2939 983 2988 1026 et
3017 971 3332 1038 pinguedine
3369 970 3630 1038 repleatur
3657 968 3816 1022 arida

2222 1074 2402 1130 anima
2441 1089 2556 1126 mea
2588 1069 2763 1142 (Psul.
2806 1082 2944 1134 mi,
2991 1069 3067 1136 6).
3108 1067 3335 1137 Adjuva,
3371 1075 3428 1118 ut
3451 1079 3591 1135 pane
3624 1063 3817 1118 chari-

2226 1167 2353 1222 tatis
2383 1165 2611 1222 satietur
2639 1162 2890 1218 esuriens
2920 1160 3099 1213 anima
3130 1174 3276 1213 mea.
3305 1153 3415 1212 Fac
3441 1167 3499 1212 ut
3528 1157 3650 1225 igne
3680 1156 3821 1210 eba-

2193 1253 2404 1309 .ritatis
2433 1253 2624 1322 flagret
2658 1248 2854 1320 frigido
2890 1247 3075 1301 anima
3115 1260 3255 1309 mea,
3292 1252 3591 1314 pmstante
3620 1256 3687 1297 eo
3718 1241 3819 1312 qui

2224 1340 2428 1398 creavit
2452 1355 2572 1394 eam
2601 1337 2718 1390 "3°.

2465 1470 2792 1526 Retractatio
2813 1468 3149 1523 dormitiouis
3176 1467 3239 1522 S.
3273 1466 3552 1535 Stephani.

2296 1603 2365 1658 Et
2386 1619 2504 1657 cum
2521 1604 2618 1656 hoc
2641 1602 2882 1668 dixisset,
2903 1601 3214 1655 obdormivit
3240 1601 3294 1654 in
3312 1599 3536 1654 Domino
3561 1598 3702 1662 (Act.
3718 1611 3816 1660 vlt,

2224 1698 2340 1770 59).
2379 1697 2422 1753 0
2453 1696 2814 1752 obdormivit!
2846 1712 2880 1750 u
2921 1710 3144 1750 somnus
3197 1709 3321 1750 cum
3357 1693 3561 1764 requie,
3596 1693 3820 1764 requies

2229 1805 2352 1845 cum
2389 1787 2704 1852 securitate,
2734 1785 3006 1841 securitas
3033 1801 3156 1841 cum
3183 1785 3518 1840 aeternitate!
3555 1783 3822 1854 liequieso

2228 1882 2332 1946 cis,
2362 1896 2396 1936 ο
2420 1878 2573 1944 felix,
2612 1879 2666 1933 in
2703 1878 2922 1949 gaudio,
2956 1878 3162 1946 gaudes
3199 1878 3252 1932 in
3295 1877 3502 1947 requie.
3525 1877 3817 1944 Gloriaris,

2224 1989 2258 2030 ο
2283 1989 2493 2039 secure,
2523 1975 2577 2027 in
2609 1972 2884 2038 satietate,
2914 1972 3136 2026 satiaris
3163 1971 3216 2026 in
3249 1969 3444 2042 gloria.
3477 1969 3693 2025 laetitia
3728 1979 3820 2025 tua

2227 2083 2334 2123 non
2367 2066 2685 2130 mutabitur,
2725 2063 2906 2120 lumen
2941 2072 3087 2118 tuum
3125 2078 3230 2118 non
3264 2062 3499 2119 deﬁciet.
3534 2061 3814 2132 Quidquid

2228 2177 2336 2216 non
2373 2161 2478 2225 vis,
2515 2160 2702 2230 procul
2742 2158 2925 2222 abest;
2959 2156 3222 2226 quidquid
3259 2156 3362 2222 vis,
3395 2156 3464 2210 ad
3502 2164 3694 2210 votum
3725 2153 3820 2208 ad-

2225 2264 2325 2312 est.
2377 2254 2555 2310 Sitivit
2600 2253 2780 2306 anima
2827 2260 2916 2304 tua
2957 2247 3054 2280 ’⁸³⁸
3100 2248 3170 2302 ad
3210 2247 3379 2302 Deum
3420 2247 3618 2318 fontem
3646 2247 3820 2301 uirum

2226 2343 2400 2418 (Psal.
2458 2360 2546 2398 xu
2600 2343 2683 2413 3).
2712 2340 2920 2397 Venisti
2950 2340 3016 2394 ad
3043 2354 3188 2405 eum,
3217 2347 3271 2394 et
3306 2338 3447 2395 bibis
3474 2339 3543 2394 de
3573 2345 3822 2394 torrente

2223 2436 2515 2507 voluptatis
2540 2437 2658 2506 ejus
2689 2442 2950 2504 quantum
2984 2431 3088 2497 vis,
3125 2431 3400 2501 quomodo
3428 2430 3528 2494 vis,
3575 2428 3820 2499 quandiu

2223 2529 2328 2584 vis.
2361 2528 2591 2598 Semper
2622 2528 2850 2582 satiatus
2871 2539 3086 2594 semper
3117 2523 3282 2588 bibis,
3316 2522 3440 2592 quia
3468 2535 3690 2592 semper
3728 2521 3822 2576 de.

2228 2625 2396 2680 lectat
2421 2635 2473 2679 te
2497 2623 2711 2688 bibere,
2746 2635 2848 2676 nec
2878 2634 3116 2689 unquam
3152 2617 3389 2672 fastidis.
3429 2615 3541 2672 Nec
3557 2615 3735 2680 bibis,
3765 2623 3824 2669 ut

2227 2717 2319 2771 fiat
2348 2715 2444 2771 tibi
2477 2716 2704 2771 satietas
2726 2712 2882 2783 quasi
2913 2711 3152 2766 nondum
3188 2707 3449 2775 habenti;
3480 2709 3577 2764 sed
3603 2722 3822 2777 semper

2225 2807 2389 2872 bibis,
2427 2818 2486 2861 ut
2533 2818 2750 2876 semper
2783 2805 2941 2859 duret
2971 2801 3064 2834 ’m
3099 2800 3325 2856 satietas
3346 2798 3459 2868 jam
3491 2796 3818 2870 possidenti.

2226 2898 2454 2969 Semper
2481 2896 2629 2953 enim
2661 2895 2942 2950 desideras
2970 2893 3113 2964 quod
3138 2907 3352 2962 semper
3374 2891 3564 2956 habes,
3594 2901 3652 2945 et
3679 2886 3821 2961 quod

2227 3003 2443 3059 semper
2480 3001 2708 3042 securus
2746 3000 2807 3040 es
2853 2996 2905 3038 te
2945 2998 3160 3052 semper
3209 2981 3429 3036 habere.
3471 2979 3824 3036 lncessanter

2227 3079 2426 3150 quippe
2459 3088 2516 3134 et
2543 3075 2942 3134 delectabiliter
2967 3074 3246 3130 desideras
3276 3073 3456 3144 ipsum
3492 3071 3824 3128 delectabile

2229 3179 2321 3210 ²⁰⁵¹
2345 3177 2714 3242 desiderium;
2751 3185 2806 3230 et
2841 3188 3057 3245 seraper
3092 3171 3234 3228 bibis
3259 3185 3382 3226 cum
3410 3164 3720 3222 delectabili
3743 3179 3824 3218 ar-

2229 3270 2360 3324 dore
2407 3269 2585 3339 ipsum
2623 3266 2978 3332 desiderium,
3023 3278 3146 3320 eum
3196 3262 3414 3332 copiosa
3466 3259 3743 3314 satietate.
3777 3253 3824 3310 0

2226 3351 2500 3417 sulIieieus
2518 3347 2821 3422 beatitudo,
2849 3367 2905 3414 et
2926 3357 3084 3413 beata
3110 3353 3462 3411 sufﬁcientia!
3489 3350 3669 3420 Quam
3695 3348 3824 3403 felix

2228 3453 2561 3519 obdormire,
2591 3451 2906 3507 obdormire
2935 3451 2985 3506 in
3021 3448 3281 3504 Domino!
3314 3445 3527 3514 Quanta
3565 3457 3701 3514 pace
3723 3440 3825 3496 ob-

2229 3544 2529 3608 doriniunt,
2557 3543 2651 3612 qui
2696 3542 3048 3598 obdormiunt
3099 3539 3152 3593 in
3204 3536 3462 3593 Domino!
3509 3534 3632 3589 Non
3679 3533 3822 3588 enim

2231 3632 2537 3706 gravabant
2562 3646 2655 3687 eos
2687 3631 2922 3701 amplius
2955 3619 3197 3700 pondera
3239 3627 3446 3691 carnis,
3467 3640 3586 3680 non
3619 3640 3715 3678 eos
3743 3622 3825 3676 af.

2231 3727 2422 3798 lligent
2459 3724 2675 3781 dolores
2712 3723 3098 3794 corruptionis.
3143 3720 3258 3776 Non
3290 3719 3695 3792 impugnabant
3721 3717 3825 3773 sti-

2232 3818 2363 3873 muli
2396 3818 2781 3883 tentationum,
2814 3833 2919 3872 non
2951 3815 3174 3870 terrebit
3195 3812 3534 3870 conscientia
3569 3821 3829 3883 peccato-

2233 3926 2378 3967 rum.
2411 3909 2564 3963 Nulla
2590 3925 2684 3964 eos
2703 3907 3348 3978 sollicitabitindigentia.
3381 3904 3660 3959 Abstersit
3683 3901 3825 3956 Deus

2230 3983 2436 4055 omnem
2469 3999 2758 4076 lacrymam
2791 3999 2855 4054 ab
2887 4001 3053 4054 oculis
3077 4016 3257 4056 eorum
3277 3998 3465 4070 (Apoc.
3483 4013 3581 4064 vn,
3604 3993 3821 4068 l7)"“.

2303 4089 2348 4146 Ο
2385 4091 2538 4145 dives
2561 4101 2616 4146 et
2644 4088 2804 4145 beata
2837 4106 2966 4161 pax,
2989 4106 3154 4161 quam
3183 4090 3343 4162 longe
3369 4105 3490 4146 sum
3515 4103 3547 4143 a
3575 4087 3654 4143 te!
3687 4087 3829 4141 Ecce

2233 4181 2380 4236 enim
2410 4179 2502 4251 qui
2533 4197 2707 4235 conor
2733 4181 2815 4235 vel
2847 4181 3087 4236 tenuiter
3118 4189 3338 4250 gustare
3368 4178 3602 4234 salivam
3631 4175 3829 4232 alienae

2234 4272 2536 4340 felicitatis,
2562 4289 2729 4343 cogor
2754 4272 3040 4328 afﬂuenter
3086 4272 3283 4343 glutire
3322 4271 3553 4326 acerbos
3597 4270 3830 4324 haustus

2233 4381 2370 4421 meae
2397 4363 2756 4430 infelicitatis,
2790 4363 2881 4434 qui
2907 4378 2992 4434 me
3021 4370 3368 4419 commovent
3391 4370 3574 4415 tacere
3592 4375 3658 4415 ea
3683 4358 3829 4413 bona

2234 4474 2352 4529 qua:
2384 4473 2484 4512 nec
2515 4473 2732 4527 possum
2765 4457 3028 4528 cogitare,
3058 4463 3113 4511 et
3152 4454 3293 4509 flere
3314 4455 3504 4523 gravia
3538 4450 3681 4505 mala
3705 4462 3830 4518 qua:

2233 4546 2542 4604 sulferendo
2586 4565 2808 4620 possum
2859 4547 3105 4617 palpare.
3139 4545 3254 4599 lien
3285 4561 3372 4598 me
3403 4543 3698 4598 miserum!
3733 4539 3828 4595 ubi

2233 4657 2341 4695 non
2381 4657 2524 4709 sum,
2565 4631 2625 4698 et
2660 4643 2746 4697 ubi
2788 4656 2931 4705 sum,
2970 4638 3064 4709 qui
3113 4638 3296 4693 nescio
3333 4637 3423 4691 ubi
3455 4636 3671 4689 futurus
3701 4648 3825 4687 sum

2232 4731 2349 4785 m3.
2385 4732 2668 4788 Discordat
2697 4732 2898 4803 quippe
2928 4728 3318 4785 miserabiliter
3351 4728 3532 4782 anima
3559 4740 3677 4779 mea
3701 4739 3829 4779 eum

2231 4824 2481 4894 cepulata
2513 4826 2614 4880 sibi
2640 4840 2806 4881 carne
2830 4838 2969 4887 mea,
3001 4837 3165 4892 quam
3191 4820 3366 4891 sequi;
3389 4836 3496 4873 non
3544 4816 3683 4881 vult,
3725 4829 3833 4870 nec

2230 4924 2410 4984 potest
2431 4917 2549 4971 s'ue
2574 4916 2766 4971 timore
2799 4932 2812 4970 :
2861 4914 3166 4984 relinquere
3196 4928 3304 4968 non
3341 4911 3530 4976 audet,
3557 4923 3658 4964 nec
3680 4907 3833 4961 valet

1857 5100 2091 5160 VARIA‘I
2121 5105 2416 5164 LECTION
2423 5109 2527 5165 ES.

623 5228 1102 5309 "’.'_.Super_fumlis
1155 5248 1258 5309 ms.
1317 5232 1452 5309 Vrat.
1487 5234 1571 5289 16.
1600 5247 1648 5309 et
1683 5234 1835 5293 Flor.
1881 5241 2160 5309 perfundis

553 5297 783 5354 llumilis
809 5297 1076 5355 «Exaltatus
1097 5317 1223 5356 mss.
1245 5305 1477 5360 humiles
1500 5307 1770 5362 exaltatus

553 5454 661 5510 qua
693 5439 944 5510 satietate
1039 5442 1134 5472 ²⁰³¹⁶
1164 5443 1211 5510 ρ

2265 5243 2832 5327 issasic-olijurgalﬂt
2857 5263 2955 5300 ms.
2983 5245 3124 5327 Vict.-
3133 5245 3231 5327 _16_.
3268 5246 3363 5327 Δ8Ῐο
3393 5245 3667 5327 ἱιξὶᾘπδίξη
3730 5244 3835 5327 ’.ξι

1365 5312 1477 5386 tiles
1500 5312 1770 5362 exaltatus
1871 5312 1965 5345 m'
2001 5314 2112 5386 Sub
2150 5325 2270 5371 cote
2295 5312 2587 5370 trilnilabat
2632 5312 2730 5370 nis.
2769 5316 2903 5371 Tim.
2929 5318 3030 5371 sub
3058 5317 3281 5370 tribulat
3304 5312 3411 5370 ms:
3443 5312 3577 5369 Vict.
3606 5315 3687 5370 16.
3717 5317 3835 5370 sub

1167 5373 1450 5459 [hanguida
1477 5390 1708 5449 namque
1730 5390 1815 5435 est
1837 5398 1977 5459 ms_s._
2021 5383 2277 5459 Vict._tti_.
2305 5400 2350 5441 et
2377 5385 2526 5459 Flor.
2557 5387 2777 5459 languet
2806 5403 3043 5459 namque
3079 5458 3082 5459 ν
3122 5388 3238 5459 fw
3260 5388 3375 5459 Qua
3407 5387 3834 5459 socie:a:e_mss.

1199 5446 1304 5529 Quia
1341 5446 1497 5529 dulce
1526 5446 1653 5506 mss.
1693 5466 1857 5529 qualn
1892 5454 2045 5509 dulce
2119 5457 2214 5529 im
2240 5456 2332 5512 Ori
2349 5457 2473 5529 ejus
2497 5473 2619 5511 mss.
2649 5446 2732 5511 bri
2771 5474 2891 5513 meo
2935 5446 3084 5529 γ’²⁰³⁷
3110 5457 3154 5529 Ο
3194 5446 3470 5529 charitate
3515 5474 3615 5510 ms.
3683 5454 3835 5529 Viri.

775 5510 949 5597 .chztre
1049 5512 1144 5594 ³⁰³ξ⁵
1171 5508 1387 5570 Creavit
1437 5531 1581 5597 eam.
1621 5508 1737 5597 me:
1785 5523 1919 5597 _Tliu.
1955 5508 2160 5581 creavit
2203 5508 2732 5583 eamﬁjl'ietrae—tatio—
2772 5508 3588 5597 do‘tanitioriisvbeatiSfe‘phani

555 5576 748 5632 Anima
777 5589 863 5634 tua
894 5598 1018 5636 mss.
1044 5583 1223 5655 anima
1271 5601 1389 5641 mea
1489 5588 1581 5620 ³⁰³⁰
1605 5591 1852 5648 Abundet
1897 5576 3290 5655 ίηέέξ’ἀὶὶἑθι’”’ίῖιι’’ὑὲεἶᾶὲῖτῌιῐιιὲἷτὲἑὲῖ
3326 5576 3663 5652 “Vibilius
3687 5611 3837 5652 san—

555 5657 767 5700 ctorum
805 5667 927 5704 mss.
963 5654 1133 5710 oculis
1175 5668 1360 5710 eorum

557 5716 771 5771 futurus
799 5733 915 5773 sum

1485 5658 1582 5691 ’°"
1623 5661 1686 5716 Et
1719 5663 1805 5718 ubi
1837 5680 1977 5734 sum,
2011 5669 2101 5736 qui
2134 5670 2315 5725 nescio
2357 5669 2444 5724 tibi
2502 5669 2718 5725 futurus
2761 5686 2878 5725 sum
2921 5689 3018 5724 ms.
3057 5670 3188 5724 Tim.
3244 5677 3294 5723 et
3339 5669 3428 5726 tibi
3460 5685 3602 5735 sum,
3640 5677 3690 5724 et
3727 5671 3837 5724 ubi
