4048 6288
240 324 348 392 997

1679 323 2088 385 ORATIONES.

3394 335 3506 398 998

244 444 365 499 sine
386 414 609 508 dolore;
644 440 860 496 trahere
880 454 998 496 eam
1019 439 1116 472 '°“
1155 448 1276 510 post
1298 452 1358 495 se
1385 438 1523 505 vult,
1552 450 1607 495 et
1629 440 1816 510 nequit
1843 444 1891 500 Α
1916 440 2052 496 delis
2084 451 2139 496 et
2162 443 2397 512 prudens
2427 442 2770 513 dispensator
2810 447 3136 518 pauperibus
3176 450 3486 520 distribuit;

246 532 333 589 vel
364 547 488 588 cum
513 531 718 587 labore.
762 528 962 598 Infelix
998 544 1092 600 ego
1117 527 1291 595 Iconio,
1323 529 1442 599 quis
1470 544 1552 584 me
1579 527 1819 584 liberabit
1870 589 1875 593 ,

242 626 309 681 de
355 640 572 693 corpore
616 624 799 677 mortis
837 622 1036 691 hujus?
1060 621 1230 693 (Rom.
1262 636 1361 686 vn,
1383 620 1497 691 24).
1529 620 1750 687 Precor,
1780 635 1815 675 ο

242 717 402 771 beate
445 714 741 786 Stephaue,
777 729 988 783 precor,
1020 720 1331 785 compatere
1363 722 1418 768 tu
1450 712 1579 767 mihi
1624 713 1823 768 misero

244 806 527 877 indigenti,
557 804 649 875 qui
688 803 1001 875 congaudeo
1048 802 1143 858 tibi
1182 802 1362 866 beato,
1393 801 1518 857 licet
1544 816 1650 855 non
1676 800 1821 855 indi-
1898 814 1902 818 ‘

244 898 414 967 genti.
442 896 663 952 Liberet
691 912 775 951 me
798 895 868 952 de
889 908 1117 965 corpore
1160 893 1352 950 mortis
1379 892 1537 973 hujus
1565 892 1671 947 tuis
1711 904 1823 945 tne-

243 990 367 1045 ritis
404 989 575 1061 gratia
620 981 729 1043 Dei'
757 1002 856 1059 per
890 986 1076 1043 Jesum
1105 985 1380 1042 Christum
1406 984 1691 1040 Dominum
1719 998 1819 1038 no-

243 1091 441 1147 strum,
474 1089 533 1136 ιιι
560 1080 885 1150 quandoque
912 1079 968 1133 in
990 1078 1195 1149 pacein
1221 1077 1449 1147 idipsum
1476 1076 1738 1132 dormiant
1769 1084 1819 1130 et

244 1174 563 1241 requiescam
591 1170 767 1242 (Psal.
798 1186 874 1237 tv,
903 1170 959 1240 9)
986 1170 1039 1226 in
1065 1170 1315 1235 Domino,
1342 1169 1433 1239 qui
1460 1168 1594 1223 vivit
1613 1178 1670 1225 et
1701 1183 1822 1239 reg-

243 1273 340 1320 nat
367 1265 510 1321 Deus
547 1278 646 1334 per
667 1264 850 1319 omnia
878 1263 1076 1319 secula
1098 1262 1440 1319 saeculorum.
1463 1261 1657 1318 Amen.

553 1372 810 1430 onA'rto
835 1373 978 1428 Lxx
1009 1373 1103 1446 [οι.
1127 1371 1360 1445 vam]
1386 1372 1505 1427 ιοη.

664 1500 733 1541 ΔΙ)
762 1500 1005 1542 SANCTUI
1034 1500 1400 1565 LAURENTIUI.

316 1595 636 1652 Beatissime
707 1603 919 1667 martyr
963 1608 1028 1651 ac
1076 1593 1472 1651 ferventissime
1521 1595 1819 1652 Salvatoris

238 1690 495 1755 dilector,
538 1704 682 1746 verte
712 1687 988 1745 fclicitatis
1016 1688 1201 1745 laurea
1243 1689 1496 1747 redimite
1534 1689 1817 1758 Laurenti,

1924 531 2003 586 sic
2031 532 2097 587 de
2123 533 2377 588 thesauro
2401 534 2684 591 eharitatis
2716 546 2922 592 tantum
2965 539 3059 594 tibi
3092 540 3283 611 saltem
3312 542 3492 600 distil-

1925 622 2018 688 lct,
2050 640 2157 695 quo
2184 626 2236 680 in
2270 627 2387 683 dies
2413 627 2683 683 desiderio
2709 630 2826 700 ejus
2867 632 3040 701 magis
3069 631 3350 691 famelicus
3382 636 3500 705 llas,

1924 722 1979 770 et
2010 714 2154 771 illius
2182 716 2486 772 satietatem
2515 734 2729 789 semper
2758 718 3052 776 desideres.

1994 806 2073 860 Ad
2101 817 2152 861 te
2177 806 2361 876 igitur,
2390 810 2769 879 potentissime
2797 819 2851 865 et
2892 813 3281 881 pretiosissime
3311 814 3503 872 Salva-

1926 899 2060 956 toris
2094 900 2279 955 mundi
2308 903 2464 957 testis
2490 901 2772 970 Laurenti,
2802 905 2869 959 ad
2902 913 3007 960 tua:
3032 907 3259 976 pietatis
3272 926 3497 980 jannam

1888 1006 1891 1013 ί
1923 988 2127 1045 clamat
2157 990 2243 1046 hic
2272 989 2574 1058 famelicus,
2620 992 2708 1046 hic
2742 994 2987 1049 esuriens
3024 1010 3259 1066 pauper;
3296 1015 3402 1055 non
3445 1009 3505 1056 ut

1922 1079 2040 1150 ejus
2070 1081 2266 1136 famem
2295 1096 2547 1148 evaeues,
2595 1083 2687 1138 sed
2734 1091 2792 1139 ut
2833 1085 3193 1157 qualicunque
3222 1089 3503 1147 charitatis

1923 1181 2082 1243 gustu
2127 1172 2484 1229 refoeillatam
2527 1175 2701 1245 magis
2727 1176 3015 1243 aceendas,
3047 1183 3502 1249 quantulumcun-

1922 1277 2028 1332 que
2052 1261 2251 1317 stillam
2289 1260 2595 1317 dulcedinis
2620 1263 2738 1334 ejus
2764 1263 2969 1319 sitienti
2999 1267 3194 1323 anima:
3240 1285 3373 1325 mea:
3412 1273 3499 1325 in-

1886 1351 2216 1419 -fundendo,
2265 1354 2413 1409 sitim
2456 1354 2600 1409 illius
2640 1356 2693 1408 in
2745 1370 3103 1427 me‘augeas;
3157 1369 3216 1414 ut
3268 1376 3501 1417 onerosa

1884 1454 1887 1461 '
1923 1443 2055 1497 mihi
2078 1444 2149 1498 sit
2173 1445 2351 1500 omnis
2378 1444 2629 1512 dulcedo,
2657 1462 2776 1516 qua:
2806 1447 2950 1504 illius
2979 1464 3048 1504 ex
3077 1448 3227 1506 fonte
3257 1466 3365 1507 non
3393 1468 3503 1508 ma-

1922 1543 2048 1602 nat;
2074 1535 2120 1590 si
2147 1545 2328 1591 tamen
2357 1536 2588 1593 dulcedo
2612 1547 2758 1593 recte
2788 1538 3013 1594 dicemla
3039 1549 3142 1605 est,
3173 1556 3296 1612 quae
3320 1542 3390 1599 de
3412 1544 3499 1600 illa

1921 1640 2171 1697 saporem
2204 1642 2310 1683 non
2351 1629 2535 1684 habet.
2582 1628 2699 1684 Non
2739 1629 2942 1701 itaque,
2991 1632 3375 1703 benignissime
3405 1635 3503 1691 do-

1882 1748 1885 1751 -
1923 1719 2087 1784 mine,
2127 1718 2254 1776 licet
2280 1720 2444 1775 nimis
2471 1719 2706 1790 tepidam
2734 1719 2930 1776 famem
2963 1722 3143 1778 cordis
3172 1722 3302 1791 mei,
3335 1740 3497 1792 quam

243 1789 303 1835 tu
332 1779 464 1835 illud
491 1780 788 1850 pretiosum
815 1794 910 1835 vas
932 1779 1125 1836 domus
1151 1779 1271 1846 Dei,
1307 1787 1363 1835 ιιι
1392 1778 1483 1835 ille
1506 1779 1680 1837 fidelis
1710 1781 1814 1837 dis-

1924 1810 2025 1866 hae
2050 1810 2232 1866 esurie
2269 1810 2492 1881 patitur,
2522 1812 2749 1868 satietas
2795 1812 2975 1881 aliqua
3020 1814 3306 1870 mundanas
3350 1778 3496 1871 vom-

238 1880 500 1943 pensator
530 1871 768 1928 thesauri
798 1871 1057 1936 caelestis,
1095 1880 1152 1927 et
1194 1872 1581 1943 benignissime
1612 1889 1815 1945 paupe-

240 1979 364 2019 rum
401 1963 605 2020 Christi
649 1963 915 2033 provisor,
965 1973 1016 2019 te
1059 1963 1252 2021 invoco
1296 1965 1351 2020 in
1393 1965 1651 2023 auxilium
1686 1966 1817 2025 mihi

240 2053 576 2117 desideranti
601 2054 895 2125 deprecari
923 2052 1120 2119 faciem
1163 2053 1279 2119 Dei,
1311 2054 1406 2110 sed
1444 2070 1544 2125 pro
1568 2064 1820 2125 peceato-

237 2159 361 2200 rum
390 2143 758 2214 magnitudine
779 2143 848 2203 ad
877 2158 1000 2198 eum
1024 2142 1216 2200 faciem
1238 2143 1419 2200 levare
1442 2160 1550 2201 non
1573 2146 1816 2201 audenti.

237 2232 358 2305 Age
390 2248 539 2305 ergo,
568 2233 723 2290 testis
749 2233 1044 2290 fortissime
1070 2234 1324 2305 potentia:
1343 2232 1570 2301 Christi,
1593 2238 1818 2298 ostende

238 2314 298 2380 iii
332 2340 419 2380 me
447 2325 877 2393 benevolentiam
901 2335 1072 2392 tuam,
1104 2335 1163 2381 et
1184 2326 1411 2385 attende
1435 2327 1816 2384 necessitatem

236 2432 445 2483 meam,
493 2425 548 2471 et
576 2416 725 2472 defer
763 2416 842 2472 illi
878 2417 1179 2475 orationem
1227 2433 1427 2474 meam.
1467 2418 1681 2477 Evacua
1726 2423 1815 2493 pia

234 2506 631 2573 intercessione
688 2519 906 2579 peccata
972 2524 1116 2575 mea,
1173 2509 1414 2580 exstirpa
1477 2508 1815 2566 misericordi

234 2596 597 2655 subventione
626 2598 757 2654 vitia
781 2614 919 2665 mea,
953 2608 1013 2654 ιιι
1033 2600 1101 2656 ab
1132 2600 1264 2670 ipsis
1288 2610 1463 2665 eruta,
1491 2601 1813 2655 eharitatem

234 2783 519 2847 exarsisti.
548 2784 927 2854 quoquomodo
951 2784 1004 2840 in
1034 2799 1094 2840 se
1117 2785 1418 2842 accendere
1437 2784 1612 2839 valeat
1632 2784 1814 2846 anima

230 2889 382 2935 mea.
412 2873 492 2930 0b
531 2875 651 2943 hoc,
689 2876 1081 2945 pretiosissime
1121 2876 1366 2939 Domine.
1402 2876 1469 2931 ad
1515 2887 1568 2932 te
1594 2875 1814 2945 potissi-

231 2983 384 3023 mum
413 2968 635 3031 accedo.
668 2969 795 3039 quia
835 2968 1117 3024 charitatis
1148 2968 1309 3039 hujus
1338 2968 1392 3023 in
1422 2979 1474 3024 te
1506 2969 1810 3025 mirabilem

226 3057 508 3113 ﬂammam
534 3060 842 3117 considero.
871 3060 1005 3128 Quis
1029 3060 1175 3115 enim
1211 3061 1473 3132 cogitare,
1508 3077 1630 3131 quae
1659 3079 1812 3135 mens

227 3151 528 3217 restituam,
572 3151 693 3220 quis
733 3151 1037 3213 intellectus
1074 3166 1269 3222 capere
1308 3150 1539 3209 sullieiat
1579 3168 1687 3223 quo
1727 3169 1809 3208 ar-

178 3290 181 3293 .
227 3240 390 3304 dore,
425 3256 532 3310 quo
569 3250 732 3297 aestus
778 3242 955 3297 sancti
982 3240 1197 3318 affectu,
1228 3239 1345 3309 ejus
1369 3257 1611 3298 amorem
1635 3243 1729 3275 '°"‘
1754 3244 1806 3298 in

225 3332 399 3388 corde
427 3340 518 3386 tuo
548 3330 712 3386 fixum
744 3332 1000 3399 tenebas;
1041 3331 1151 3388 imo
1175 3346 1272 3388 cor
1307 3341 1458 3388 tuum
1494 3333 1668 3389 amori
1690 3332 1809 3401 ejus

226 3424 512 3490 infixeras,
562 3426 779 3499 quando
819 3424 901 3481 sic
941 3424 1168 3480 interius
1198 3424 1344 3480 illius
1373 3426 1658 3503 dulcedine
1708 3427 1804 3486 ‘°."

172 3561 179 3567 .
226 3516 553 3587 rcplebaris,
582 3525 642 3573 ut
666 3516 913 3574 ﬂammas
937 3519 1179 3574 exterius
1215 3527 1267 3575 te
1303 3528 1610 3590 prementes
1630 3520 1807 3590 parvi-

221 3607 533 3686 pcndcres?
554 3608 861 3680 ingredere,
892 3609 1073 3665 anima
1103 3627 1246 3677 mea,
1269 3610 1530 3668 interiora
1552 3611 1809 3683 spiritua-

222 3700 294 3754 lis
316 3699 567 3766 intuitus,
593 3710 650 3755 et
668 3712 891 3771 penetra
915 3701 959 3756 si
990 3714 1144 3772 potes
1164 3711 1434 3759 secretum
1456 3704 1598 3760 beati
1622 3713 1805 3774 pecto-

223 3789 328 3855 ris,
375 3798 485 3856 tam
523 3789 679 3861 igniti
724 3789 999 3863 dilectoris
1037 3792 1241 3849 domini
1274 3792 1375 3856 tui,
1415 3801 1472 3846 et
1516 3792 1803 3848 considera

172 3934 177 3939 ,
220 3895 391 3951 quam
427 3878 684 3935 nectarco
709 3879 903 3936 divina:
927 3881 1143 3945 vinculo
1177 3882 1464 3938 charitatis
1494 3881 1621 3938 felix
1653 3898 1809 3938 mens

218 3971 347 4041 ejus
386 3968 491 4024 fuit
534 3970 823 4043 colligata;
856 3986 979 4026 cum
1010 3987 1249 4033 carnem
1294 3974 1538 4030 exterius
1583 3974 1805 4031 crmlole

218 4072 462 4119 torreret
512 4050 847 4131 incendium,
875 4073 929 4119 et
955 4062 1179 4121 allectus
1215 4065 1443 4123 interior
1481 4067 1805 4124 exsultando

215 4155 416 4211 laudes
441 4156 699 4228 dirigeret
733 4157 786 4211 in
816 4160 1036 4213 ctelum.
1066 4158 1317 4224 Attende,
1354 4158 1594 4230 inquam,
1626 4168 1681 4215 et
1703 4161 1803 4214 ad-

213 4247 453 4312 mirare,
496 4247 695 4302 mirare
733 4259 788 4303 et
832 4251 1030 4319 gaude,
1077 4252 1252 4321 gaude
1293 4260 1349 4308 et
1386 4266 1534 4318 ama,
1587 4267 1708 4307 ama
1749 4260 1805 4308 et

211 4338 417 4404 lauda;
462 4329 946 4410 quantumcunque
979 4340 1123 4396 enim
1160 4353 1214 4399 te
1250 4344 1318 4399 ad
1345 4344 1801 4400 considerandum

212 4431 541 4493 intenderis,
571 4431 728 4502 longe
767 4440 917 4489 tuum
941 4443 1165 4507 superat
1190 4434 1286 4469 ὀδε
1331 4435 1661 4493 intellectum
1683 4437 1803 4493 dul-

1920 1903 2087 1973 ptatis
2128 1912 2355 1958 evacuet
2396 1918 2414 1958 :
2457 1910 2562 1958 non
2601 1901 2719 1972 ejus
2763 1904 2911 1958 sitim
2942 1903 3228 1960 delectatio
3248 1905 3502 1975 quaslibet

1879 2004 1889 2011 '
1922 1992 2154 2049 carnalis
2180 1993 2523 2064 exstinguat;
2555 1992 2650 2048 sed
2689 1992 2743 2048 in
2786 2004 2967 2048 mente
3010 1993 3086 2049 tui
3121 1993 3339 2050 humilis
3366 1996 3504 2051 dile-

1920 2085 2085 2141 ctoris
2114 2084 2278 2157 295
2311 2085 2363 2139 in
2392 2085 2510 2140 dies
2537 2092 2841 2140 excrescat.
2865 2083 2950 2140 Sit
2978 2086 3161 2140 anima
3188 2101 3310 2141 mea
3340 2085 3500 2154 hujus

1918 2175 2076 2229 avida
2110 2174 2290 2241 fanus,
2318 2173 2386 2228 ad
2407 2173 2590 2229 omnia
2639 2182 2859 2254 terrena
2901 2172 3207 2241 fastidiosa,
3233 2184 3293 2229 ut
3330 2176 3400 2230 ab
3434 2174 3500 2231 iis

1886 2286 1891 2291 α
1920 2265 2129 2321 delicio.
2154 2281 2204 2332 s,
2252 2264 2306 2320 in
2341 2265 2510 2320 illam;
2534 2265 2846 2336 proficiens,
2876 2279 2976 2334 per
3000 2264 3337 2338 spiritualem
3375 2281 3499 2321 esu-

1919 2356 2056 2411 riem
2087 2354 2154 2410 ad
2182 2355 2396 2411 beatum
2416 2354 2699 2426 perveniat
2722 2358 3050 2427 satietatem,
3073 2372 3180 2428 qua
3211 2357 3326 2428 ipse
3368 2357 3501 2413 insi-

1884 2473 1890 2479 τ
1919 2446 2118 2516 gnibus
2146 2444 2297 2500 dives
2322 2446 2532 2501 meritis
2576 2446 2766 2501 satiari
2800 2455 2855 2502 et
2884 2433 3180 2502 beati'licari
3222 2447 3506 2503 meruisti;

1915 2536 2123 2593 Adeaut
2151 2537 2240 2592 alii
2263 2537 2737 2617 pauperesjanuas
2759 2537 3004 2600 divitum,
3033 2547 3092 2593 ut
3114 2538 3344 2593 terrenis
3365 2554 3491 2609 epu-

1882 2628 1985 2687 'lis
2027 2630 2207 2687 satiati
2253 2628 2536 2699 corporea:
2583 2628 2747 2684 famis
2793 2627 3069 2699 expellant
3119 2629 3493 2698 incommoda;

234 2688 410 2758 illam,
476 2707 584 2762 qua
638 2691 693 2747 in
741 2691 953 2755 Christi
995 2691 1324 2767 desiderium
1384 2700 1532 2748 totus
1581 2691 1815 2748 feliciter
1880 2722 1885 2729 κ

1916 2737 2016 2794 ego
2044 2722 2114 2777 ad
2146 2731 2251 2776 tme
2278 2720 2499 2791 pietatis
2524 2719 2727 2790 januas
2756 2721 2934 2791 pulso,
2963 2732 3021 2777 ut
3054 2723 3361 2779 satietatem
3388 2731 3498 2778 ter-

1915 2828 2061 2869 rente
2083 2812 2456 2868 delectationis
2483 2812 2749 2879 evadere,
2780 2822 2835 2869 et
2873 2813 3069 2870 famem
3101 2829 3348 2885 supernae
3373 2814 3495 2870 dul-

1879 2912 1883 2915 '
1915 2902 2122 2958 cediuis
2138 2901 2538 2958 indefleientem
2563 2917 2782 2958 merear
2801 2903 3066 2959 obtinere.
3094 2902 3244 2959 Hanc
3265 2904 3495 2973 esurire,

1913 2993 2053 3049 hanc
2085 2993 2259 3060 sitire,
2306 2994 2372 3048 ad
2403 2993 2546 3049 hanc
2573 3008 2812 3066 gemere,
2857 2995 2985 3050 huic
3025 2996 3306 3068 suspirare
3352 2996 3499 3051 inar-

1914 3085 2099 3140 desco.
2560 3112 2566 3120 -
2790 3128 2793 3133 _
3242 3098 3249 3099 ί

1980 3176 2212 3232 Consule
2249 3177 2402 3241 mihi,
2443 3185 2652 3249 martyr
2691 3176 3099 3248 gloriosissime.
3150 3178 3289 3234 Ecce
3325 3178 3497 3234 indis-

1913 3276 2061 3323 creta
2092 3266 2323 3321 fortasse
2358 3268 2659 3322 verbositas
2685 3267 2816 3322 dicit
2850 3285 2863 3321 :
2916 3266 3060 3322 Satis
3091 3276 3296 3320 oratum
3318 3277 3415 3333 est,
3438 3278 3494 3321 et

1888 3355 2136 3411 affectus
2160 3355 2410 3411 desiderii
2445 3355 2645 3411 clamat
2675 3374 2689 3410 :
2722 3356 2913 3410 Adhuc
2958 3356 3229 3412 ardentius
3258 3357 3488 3412 orationi

1908 3443 2109 3499 insiste.
2141 3443 2312 3509 Itane,
2366 3444 2677 3501 dulcissime
2722 3429 2950 3501 domine
2995 3455 3052 3500 et
3100 3445 3496 3502 ferventissime

1909 3534 2112 3592 Christi
2135 3544 2367 3605 amator,
2395 3551 2514 3593 sese
2542 3538 2702 3593 habet
2731 3552 2837 3593 non
2868 3537 2989 3594 ficta
3024 3540 3216 3594 orandi
3256 3540 3494 3608 devotio,

1911 3636 1970 3682 ιιι
1991 3626 2226 3682 orationi
2257 3642 2366 3697 quo
2393 3627 2514 3698 plus
2552 3628 2807 3695 intendit,
2838 3627 2958 3700 plus
2979 3631 3347 3685 accendatur?
3375 3629 3495 3687 Sie-

1910 3719 2030 3773 eine
2066 3718 2119 3773 in
2168 3718 2361 3788 spiritu
2410 3726 2467 3773 et
2513 3718 2746 3775 veritate
2791 3729 3013 3776 orantes
3048 3721 3497 3792 ‘inc’omparahilis

1884 3809 2139 3866 attrahit
2167 3811 2304 3865 odor
2328 3810 2633 3875 ‘charitatis,
2659 3819 2719 3864 ut
2748 3809 2874 3867 dum
2897 3811 3075 3867 o‘ratio
3101 3811 3169 3866 ad
3196 3811 3490 3867 terminum

1910 3905 2127 3968 dicitur,
2147 3902 2349 3957 diutius
2370 3890 2529 3956 Orare
2554 3899 2914 3958 delectet?‘lta
2942 3901 3120 3971 plane.
3146 3901 3313 3957 Beata
3338 3916 3495 3958 meus

1884 3996 2025 4061 .illa,
2054 4010 2218 4066 quam
2257 3993 2366 4049 tale
2390 3993 2656 4048 veraciter
2703 3994 2999 4049 inﬂammat
3030 3994 3356 4050 incendium.
3386 3994 3493 4050 Sed

1884 4097 1969 4143 ¹ιιι
1991 4088 2103 4159 jam
2133 4101 2249 4142 mea
2281 4085 2671 4156 qualiscunque
2700 4085 2989 4141 claudatur
3020 4085 3508 4158 oratio,deprecor'

1882 4194 1888 4218 ε
1915 4189 1991 4244 te,
2014 4178 2324 4237 beatissime
2353 4185 2563 4249 martyr
2577 4186 2632 4232 et
2660 4177 2932 4248 praecipua
2960 4178 3207 4234 columna
3234 4179 3492 4235 Ecclesiae

1910 4271 2005 4326 Dei
2036 4269 2312 4335 Laurenti,
2334 4268 2426 4338 qui
2444 4265 2675 4323 feliciter
2695 4282 2725 4323 a
2742 4270 3132 4341 benignissimo
3153 4269 3278 4327 Jesu
3301 4272 3492 4328 audire

1909 4360 2177 4428 meruisti,
2209 4360 2346 4426 veni,
2376 4358 2703 4414 desideratur
2725 4359 2888 4426 bone;
2939 4361 3222 4427 suscipient
3245 4372 3294 4417 te
3318 4378 3434 4433 ang.-
3452 4362 3493 4417 li

1909 4452 2032 4520 mei,
2053 4452 2303 4525 quoniam
2331 4463 2540 4509 assattts
2572 4470 2677 4509 non
2716 4454 2917 4523 negasti
2942 4469 3046 4521 me,
3076 4454 3327 4525 probatus
3367 4469 3496 4512 con-

209 4522 356 4578 cedo
400 4521 492 4576 illa
534 4538 641 4592 qua
692 4524 806 4593 ipse
846 4523 1249 4594 jucundabatur
1294 4541 1394 4597 per
1438 4525 1716 4611 affectum,
1744 4537 1802 4583 et

1908 4521 2078 4616 fessus
2129 4562 2184 4601 es
2228 4562 2351 4603 me:
2383 4555 2456 4614 te,
2510 4546 2759 4619 inquam,
2782 4521 3340 4619 ideprecor,v'subleva
3385 4550 3493 4606 tuis

206 4611 638 4671 beatilicahatur
678 4628 777 4685 per
830 4614 1103 4671 effectum.
1151 4617 1235 4673 Ad
1280 4618 1385 4675 hoc
1442 4608 1622 4676 tamen
1674 4621 1799 4677 inde

206 4705 508 4778 cogitando
552 4706 816 4777 proficis,
875 4719 935 4763 ut
988 4723 1052 4765 ea
1098 4709 1285 4766 satiari
1327 4712 1539 4768 esurias
1581 4713 1700 4781 ³⁸⁸⁸.
1744 4722 1799 4772 et

203 4799 459 4871 quandiu
494 4800 721 4857 satietas
752 4802 929 4869 abest,
966 4800 1087 4872 ejus
1115 4804 1350 4861 esuriem
1366 4806 1624 4876 patiaris.
1659 4807 1798 4876 Quia

198 4892 474 4951 nimirum
499 4907 609 4963 quo
637 4892 757 4964 plus
783 4894 963 4951 esurie
1010 4895 1285 4964 alﬁcieris,
1321 4910 1388 4953 eo
1426 4899 1798 4958 abundantius

195 4993 467 5056 percepta
515 4986 765 5042 satietate
806 4986 1089 5058 gaudebis.
1130 4988 1249 5044 Non
1293 5005 1424 5062 ergo
1467 5006 1646 5048 cesses
1685 4993 1797 5050 cla-

166 5092 388 5151 ‘mare,
439 5093 545 5133 non
584 5079 882 5136 erubescas
924 5081 1241 5139 mendicare
1280 5083 1349 5140 ad
1378 5082 1600 5154 januam
1638 5085 1796 5156 hujus

195 5166 397 5223 divitis
420 5167 765 5236 thesaurarii,
798 5166 956 5237 cujus
980 5169 1239 5241 implores
1265 5174 1558 5243 auxilium;
1591 5177 1796 5248 suppli-

190 5256 352 5315 citer
373 5271 537 5313 orans
565 5267 624 5313 ut
650 5258 793 5314 sicut
837 5258 1123 5317 thesauros
1161 5261 1423 5321 Ecclesia:
1453 5274 1710 5337 tanquam
1741 5267 1796 5322 li-

1904 4634 2228 4698 sublimibus
2245 4647 2301 4692 et
2319 4637 2713 4708 potentissimis
2729 4638 2939 4694 meritis
2965 4639 3268 4695 orationem
3289 4654 3486 4703 meam,

1870 4796 1873 4801 _
1903 4735 2172 4795 quatenus
2214 4728 2360 4797 quod
2400 4743 2615 4785 summe
2654 4730 2906 4786 desidero
2937 4730 3212 4801 (videlicet
3245 4740 3304 4784 ut
3341 4745 3371 4784 a
3403 4746 3493 4785 nte

1901 4818 2235 4888 exstirpetur
2258 4820 2438 4876 omnis
2468 4818 2834 4894 iniquitas,'et
2858 4836 2989 4877 vera
3039 4836 3212 4892 usque
3240 4820 3295 4876 in
3326 4821 3489 4876 linem

1904 4909 1957 4965 in
1987 4926 2074 4967 me
2122 4912 2368 4983 proficiat
2400 4914 2683 4986 charitas),
2726 4924 2778 4969 te
2803 4914 3219 4979 interveniente,
3242 4922 3300 4970 et
3324 4913 3489 4969 ‘bono

1902 5002 2132 5059 Domino
2172 5002 2300 5061 Jesu
2355 5005 2595 5072 favente,
2639 5017 2851 5060 mereat-
2892 5005 3163 5073 obtinere,
3196 5015 3489 5076 praestante

1903 5094 2096 5150 eodem
2124 5094 2355 5152 Domino
2380 5108 2436 5152 et
2473 5097 2837 5167 Redemptore
2866 5107 3075 5163 nostro,
3105 5099 3200 5170 qui
3240 5107 3323 5154 est
3361 5114 3484 5153 cum

1901 5184 2065 5243 Patre
2087 5196 2144 5243 et
2165 5188 2370 5259 Spiritu
2394 5200 2582 5246 sancto
2608 5190 2715 5245 vita
2743 5199 2797 5244 et
2825 5206 3047 5263 regnum
3079 5192 3135 5247 in
3160 5203 3359 5249 aeterna
3381 5209 3485 5248 sa:-

1894 5276 2046 5333 ‘cula.
2067 5278 2258 5335 Amen.

1510 5427 1744 5485 VARUS
1777 5429 2179 5490 LECTIONES.

267 5552 378 5587 ⁸³⁸⁸
405 5555 466 5610 ΕΙ
500 5558 713 5617 trahere
740 5578 859 5617 eam
891 5580 1015 5617 mss.
1050 5562 1262 5617 trahere
1287 5579 1406 5618 eam
1503 5564 1597 5598 ’°"
1623 5565 1832 5622 Collata
1850 5576 1926 5622 est
1967 5583 2085 5622 cum
2121 5583 2220 5622 ms.
2249 5566 2386 5622 ΤΙιιι.
2411 5567 2539 5624 267.
2568 5570 2622 5623 in
2654 5568 2775 5624 aliis
2805 5558 2941 5623 enim
2973 5585 3079 5623 mss
3131 5585 3233 5622 non
3262 5566 3481 5623 [iubetur

182 5625 301 5708 f1“
333 5627 454 5708 Quo
480 5640 643 5708 restus
682 5634 856 5708 sancti
890 5634 1105 5697 affectu,
1139 5631 1254 5699 ejus
1282 5651 1523 5708 amorem
1567 5654 1665 5690 ms.
1714 5653 1821 5707 quo
1863 5639 2036 5693 sancti
2067 5647 2234 5693 aestus
2278 5637 2397 5705 ejus
2432 5654 2674 5694 amorem
2770 5640 2865 5671 “"7
2896 5640 3047 5708 Illius
3074 5639 3357 5696 dulcedine
3377 5655 3479 5694 ms.

183 5697 289 5755 illa
327 5697 607 5755 dulcedine
679 5703 773 5735 ὀν’
807 5703 945 5759 Τιιιιι
972 5697 1189 5784 superat
1218 5721 1314 5759 ms.
1343 5705 1494 5760 tuum
1524 5697 1748 5776 superni
1820 5708 1914 5741 ³⁸⁸⁸
1945 5709 2143 5765 Saliari
2174 5697 2449 5764 desideres
2481 5727 2578 5764 ms.
2611 5711 2801 5767 satiari
2831 5705 3050 5768 esurias
