4048 6288
1079 434 1335 492 ORATIO
1372 432 1537 488 LXXI
1560 433 1678 485 “5°.

967 595 970 599 ‘
1035 544 1099 582 ..ιι
1159 539 1401 578 sumen
1457 536 1760 580 M.\ltTl.VL')l.

757 619 860 676 Pro
881 621 1088 675 homine
1114 620 1166 671 in
1201 617 1387 686 abysso
1420 617 1751 686 peccatorum
1778 612 2051 665 existcnte.

582 698 590 706 ⁷
674 716 935 771 Peccator
970 709 1316 774 homunculo,
1360 719 1414 764 tu
1461 707 1688 761 multum
1727 706 1994 775 indigens,
2026 714 2080 758 tu
2105 702 2196 773 qui

603 807 768 868 nimis
793 807 961 862 Deum
993 802 1359 865 contristasti,
1391 801 1568 855 excita
1615 809 1852 854 mentem
1903 808 2072 860 tuam,
2117 797 2198 849 in-

520 899 522 901 ’
606 904 769 959 tende
791 901 844 955 in
875 898 1252 954 necessitatem
1280 904 1451 958 tuam,
1476 903 1529 947 et
1550 893 1743 946 invoca
1769 888 2196 945 misericordiam

603 1009 769 1064 super
797 992 1069 1046 miseriam
1101 998 1270 1042 tuam.
1305 986 1500 1040 Anima
1549 999 1696 1050 mea,
1738 982 1964 1051 evigila;
2002 981 2199 1034 misera

579 1066 582 1068 ⁷
615 1102 756 1153 mea,
811 1070 1210 1154 expergiscere,
1259 1078 1521 1136 scelerata
1552 1092 1697 1140 mea,
1725 1075 1900 1131 clama
1925 1073 2199 1127 ad-Dcum

580 1177 806 1232 .iratum
837 1183 1012 1236 tuum,
1040 1173 1084 1226 si
1123 1171 1260 1225 forte
1283 1169 1492 1238 ntigitet
1515 1182 1676 1236 super
1707 1175 1758 1220 te
1780 1165 1986 1218 vultum
2017 1179 2197 1218 Situm.

606 1267 719 1323 Sed
737 1266 1036 1320 altissimus
1058 1272 1164 1328 est,
1180 1271 1234 1315 et
1259 1259 1476 1316 iniimus
1497 1275 1639 1314 sum.
1667 1257 1947 1324 Quomodo
1973 1256 2202 1329 attinget

608 1373 715 1412 vox
746 1372 860 1411 mea
891 1355 956 1410 ad
987 1353 1168 1408 illum?
1193 1352 1410 1407 chabo
1446 1365 1607 1421 super
1629 1365 1714 1404 me
1737 1349 1974 1402 animam
2001 1365 2200 1415 meant,

611 1459 673 1505 ut
721 1449 969 1504 intendat
1015 1448 1216 1500 incum
1250 1444 1341 1514 qui
1375 1443 1465 1474 ’⁸⁸⁸
1491 1455 1578 1496 est.
1629 1456 1794 1509 super
1824 1455 1945 1496 eam
1989 1441 2034 1495 si
2066 1443 2204 1498 forte

613 1549 840 1596 vocatus
883 1538 1068 1592 audiat
1111 1535 1392 1604 eam.‘Sed
1439 1533 1625 1603 utique
1654 1531 1994 1599 justissin‘ms
2018 1543 2122 1597 est,
2147 1541 2208 1588 et

581 1683 600 1688 ..
629 1631 795 1686 nimis
829 1628 1045 1697 iniquus
1085 1641 1222 1680 sum.
1256 1622 1753 1695 Quomodoaudiet
1788 1623 1881 1654 ²⁰⁸²
1910 1622 2204 1677 clamorem

613 1718 832 1772 meum?
880 1717 1104 1771 lntrabo
1136 1715 1280 1769 intra
1329 1713 1618 1780 meipsmu,
1669 1711 1951 1767 excludam
2000 1711 2202 1780 otntiia,

928 325 986 382 S.
1027 321 1326 380 ANSELM!
1353 319 1704 376 CANTUAB.
1738 318 2066 396 iABCllIEP.
2107 315 2203 374 0P:

2307 313 2488 397 PARS
2513 313 2572 369 11.
2597 341 2668 358 -ι
2691 311 3070 369 ΡᾹιὶᾹῦΝΕΤ.
3101 310 3190 368 ΕΤ
3223 309 3468 382 ΑΞΕΕῙ.

3753 315 3878 370 1000

2221 437 2268 495 Α
2296 437 2485 500 petere
2535 435 2827 496 prtesumat
2881 427 3298 492 intercessorem
3357 439 3482 479 reus
3529 436 3672 478 tuus.
3707 424 3878 482 Nullus

2295 520 2442 575 enim
2475 535 2558 573 me
2605 519 2856 588 respiciet.
2894 517 3010 583 "5°,
3035 517 3138 571 nisi
3183 525 3236 571 te
3265 516 3524 587 jubenlc:
3557 517 3732 576 troilus
3763 519 3877 577 milii

2295 629 2396 684 pro
2421 613 2559 677 Eerit,
2605 612 2706 666 nisi
2739 621 2792 666 te
2816 619 3113 667 annuente.
3148 609 3214 664 Et
3247 620 3426 664 tamen
3461 625 3622 678 spero
3668 621 3724 665 ut
3749 614 3876 681 quod

2295 707 2432 760 mihi
2485 713 2706 773 propter
2771 715 2995 778 peccata
3035 717 3156 762 mea
3194 718 3379 776 negas,
3412 713 3633 772 propter
3670 704 3878 772 alicujus

2271 848 2274 850 γ
2304 797 2588 852 familiaris
2629 797 2704 850 tui
2741 796 2933 850 merita
2963 797 3249 850 concedas.
3280 793 3447 854 Bone.
3483 810 3550 849 ne
3577 804 3630 850 te
3659 796 3874 855 ultorem

2299 890 2586 953 exhibeas,
2611 905 2641 943 a
2669 905 2777 959 quo
2811 897 2934 958 pcto
2961 889 3418 954 interventorem;
3448 891 3494 943 si
3535 905 3640 942 non
3669 891 3761 920 ‘°“
3798 891 3877 945 das

2301 997 2402 1052 pro
2432 996 2572 1052 pane
2603 980 2860 1050 lapidem,
2882 963 2981 1044 pro
3004 981 3154 1051 pisce
3173 978 3877 1050 serpentem(uatlt.vn,9).

2300 1087 2400 1144 pro
2426 1088 2528 1143 ovo
2559 1073 2898 1141 scorpionem
2930 1071 3088 1142 (Luc.
3121 1088 3195 1137 λι.
3228 1072 3337 1141 12).
3366 1072 3439 1126 Da
3467 1087 3620 1139 ergo,
3641 1072 3871 1139 Domine,

2303 1166 2436 1219 mihi
2465 1167 2880 1222 intercessorem
2910 1166 3194 1220 Martinum
3221 1166 3368 1232 illum
3396 1182 3648 1234 magnum
3675 1167 3874 1222 Confes-

2305 1271 2506 1318 sorem,
2539 1257 2689 1329 cujus
2722 1272 2815 1326 per
2848 1266 3018 1308 totum
3048 1256 3308 1312 tumulum
3339 1256 3556 1310 beatum
3582 1257 3879 1326 glorificasti

2307 1361 2529 1400 llOlllCll.
2943 1389 2946 1391 λ
3525 1329 3528 1332 ἥ

2379 1436 2416 1492 S
2457 1431 2585 1492 nete
2616 1437 2865 1503 Marti-io,
2893 1435 3004 1507 per
3031 1437 3178 1491 illum
3226 1448 3277 1492 te
3317 1437 3412 1469 ’π’
3442 1454 3656 1508 precor,
3689 1438 3782 1508 qui
3811 1448 3880 1493 to-

2310 1540 2422 1584 tum
2455 1531 2550 1562 ’σθ’
2578 1531 2833 1585 untndum
2863 1516 3108 1584 venerari
3139 1531 3264 1585 facit
3291 1517 3482 1585 nomen
3517 1541 3688 1590 tuum,
3715 1545 3785 1585 uc
3807 1531 3880 1585 de-

2309 1635 2474 1691 neges
2531 1622 2788 1690 indigenti
2820 1631 2871 1676 et
2910 1621 3234 1690 supplicanti
3288 1620 3549 1673 auxilium
3583 1628 3761 1673 tuum.
3794 1619 3883 1674 Cur

2309 1729 2385 1777 es,
2433 1714 2672 1780 domine,
2711 1728 2811 1782 per
2844 1713 3032 1767 urbem
3065 1711 3134 1765 ab
3165 1712 3419 1766 omnibus
3441 1721 3686 1773 vocatus,
3719 1710 3882 1765 nisiut

585 1822 807 1882 ,praner
835 1809 981 1863 illum
1004 1807 1100 1841 ²⁰³³
1126 1816 1180 1862 et
1220 1807 1516 1876 meipsmu;
1558 1813 1614 1859 et
1641 1803 1911 1860 emundant
1964 1803 2218 1879 animam-
2237 1803 2284 1862 Β
2313 1805 2555 1860 omnium
2590 1804 2898 1874 rogantium
2922 1804 2998 1857 sis
3023 1803 3358 1860 adwcatus?
3383 1803 3464 1856 Ad
3500 1802 3631 1872 quid
3661 1812 3816 1857 sonat
3839 1803 3881 1859 in

608 1918 786 1957 meam
815 1911 870 1958 et
901 1917 1020 1970 qua:
1050 1900 1190 1954 intra
1221 1914 1306 1954 me
1330 1907 1455 1951 sunt
1484 1905 1612 1952 aute
1638 1897 1832 1967 ipsum.
1855 1896 2117 1951 Excitabo
2141 1904 2202 1950 ut

614 1993 803 2048 dolens
822 2002 875 2046 et
893 1991 1152 2046 dolendus
1175 1988 1423 2044 aﬂ'ecmm
1449 2002 1648 2054 meum;
1674 1987 1978 2056 expandam
2008 2000 2209 2040 acrum-

607 2099 713 2140 ttas
753 2098 902 2138 meas
950 2093 1076 2137 ante
1111 2097 1256 2146 eum,
1289 2080 1332 2134 si
1359 2079 1500 2134 forte
1536 2078 1623 2133 illa
1675 2094 1771 2133 sua
1804 2092 1996 2152 magna
2031 2077 2203 2152 pietas

611 2185 832 2231 moveat
850 2189 995 2229 cum.
1027 2173 1133 2227 Sed
1161 2171 1322 2226 nimis
1347 2171 1634 2236 iuunensa,
1654 2169 1817 2225 nimis
1847 2169 2056 2237 inlinita
2079 2176 2206 2241 sunt

618 2265 817 2321 delicta
850 2279 999 2328 mea;
1043 2278 1150 2318 non
1180 2261 1377 2318 sullicit
1418 2260 1536 2316 siue
1569 2259 1930 2314 intercessore
1953 2255 2072 2324 ’°“,
2103 2271 2204 2312 nec

585 2356 979 2426 .snsccptibilis
997 2364 1080 2410 est
1098 2354 1273 2408 oratio
1297 2367 1414 2407 mea
1446 2351 1563 2405 ’°".

687 2447 910 2517 Rogabo
937 2445 1176 2516 aliquem
1208 2445 1273 2499 de
1311 2443 1415 2500 illis
1447 2443 1656 2514 magnis
1699 2440 2056 2497 familiaribus
2087 2442 2201 2506 Dei,

611 2537 658 2592 si
690 2537 829 2591 forte
852 2536 1000 2590 illum
1031 2535 1214 2589 audiat
1243 2549 1338 2604 pro
1365 2549 1450 2589 mc
1486 2534 1657 2588 Deus.
1679 2533 1894 2590 Vocabo
1915 2531 2204 2588 Martinam

612 2627 764 2684 illmn
791 2643 1042 2697 magnmn
1077 2625 1469 2691 confessorem,
1505 2625 1671 2694 cujus,
1706 2640 1900 2680 nomen
1928 2625 2205 2694 gloriﬁca-

589 2729 728 2777 .tum
765 2729 847 2774 est
873 2735 970 2790 per
1019 2720 1230 2773 orbem.
1269 2717 1518 2772 Martiuc.
1553 2717 1597 2771 O
1641 2715 1685 2770 si
1740 2725 1797 2770 et
1830 2715 1923 2747 "5‘
1957 2715 2072 2785 ipse
2121 2728 2208 2768 me

612 2809 826 2872 audies;
855 2820 908 2863 tu
937 2808 1046 2876 ille,
1068 2807 1364 2879 magnem’
1389 2805 1764 2860 Martiue.Sc-d
1782 2805 1825 2860 si
1855 2803 2205 2879 Deusme’?”

615 2901 868 2972 despicit,
893 2901 1117 2972 quisme
1152 2897 1468 2969 respicit.Si
1505 2899 1646 2952 Deus
1667 2896 1858 2951 faciem
1885 2912 2039 2950 suam
2067 2912 2097 2949 a
2121 2910 2208 2951 me

589 2997 837 3059 .avcrtit,
867 2995 989 3064 quis
1044 3008 1197 3049 suam
1251 2992 1320 3047 ad
1364 3009 1450 3048 me
1494 2991 1796 3046 convertit?
1829 2990 1939 3045 Aut
1985 2990 2029 3044 si
2067 2989 2208 3046 Deus

616 3087 733 3141 odit
763 3099 868 3149 me,
904 3100 1064 3154 quem
1117 3083 1264 3137 audit
1286 3097 1383 3153 pro
1414 3082 1533 3136 me?
1564 3081 1870 3135 Misericors
1897 3091 1952 3134 et
1983 3080 2206 3135 misera-

2316 1911 2414 1952 ore
2481 1897 2766 1950 omnium:
2805 1891 3060 1950 Dominus
3114 1911 3272 1949 meus.
3323 1887 3542 1949 sanctus
3609 1896 3882 1961 "animo;

2324 1991 2566 2043 dominus
2592 2005 2738 2043 meus
2765 1999 2979 2041 sanctus
3025 1988 3310 2052 Martinus,
3335 1987 3436 2041 nisi
3474 1999 3531 2041 ut
3559 1989 3746 2042 dicere
3775 2003 3886 2058 pus-

2305 2081 2414 2136 sint
2458 2080 2603 2134 '°“:
2647 2079 2878 2150 Atlj’utor
2903 2094 3048 2134 meus
3087 2089 3302 2132 sanctus
3352 2079 3650 2144 Martinus;
3690 2082 3886 2150 mljtttor

2272 2207 2274 2209 ›
2304 2181 2452 2224 meus
2480 2179 2695 2225 sanctus
2726 2168 3038 2223 Martinus?
3070 2169 3135 2225 Ut
3171 2169 3300 2238 quid
3331 2178 3412 2225 est
3455 2171 3658 2240 ubique
3709 2187 3884 2226 nomen

2308 2271 2458 2318 tuum
2503 2261 2776 2328 diffusum,
2804 2261 2904 2317 nisi
2957 2269 3016 2317 ut
3047 2250 3248 2317 mundo
3288 2277 3387 2334 per
3433 2264 3534 2318 hoc
3570 2264 3644 2318 sit
3690 2263 3885 2333 aliquod

2308 2369 2566 2424 magnum
2596 2357 2798 2408 bonum
2849 2355 3129 2409 infusum?
3167 2353 3332 2409 Fama
3365 2363 3466 2409 tua
3503 2366 3662 2410 vocat
3713 2373 3797 2410 me
3832 2355 3889 2410 ad

2309 2449 2382 2507 te,
2400 2442 2659 2496 miracula
2687 2453 2775 2496 tua
2807 2443 3026 2497 mittunt
3045 2459 3132 2497 me
3156 2445 3224 2497 ad
3255 2444 3702 2499 intercessionem
3730 2455 3882 2509 tuam,

2306 2548 2472 2605 opera
2523 2545 2612 2589 tua
2675 2535 2900 2590 trahunt
2962 2550 3049 2590 me
3103 2536 3170 2590 ad
3227 2535 3676 2592 in‘CrCCNSiOIieIII
3739 2546 3890 2599 tuam.

2306 2640 2471 2703 opera
2515 2635 2604 2680 tua
2630 2627 2852 2680 trahunt
2888 2642 2973 2682 me
3001 2627 3067 2681 ad
3095 2627 3354 2682 auxilium
3388 2637 3556 2682 tuum.
3597 2628 3707 2681 Sed
3740 2641 3892 2697 quare

2310 2733 2525 2775 narrem
2565 2718 2825 2773 miracula
2868 2727 2979 2786 tua,
3015 2735 3139 2773 cum
3186 2720 3360 2790 major
3389 2720 3459 2774 sit
3503 2721 3750 2789 potentia
3782 2719 3892 2772 tua?

2313 2808 2381 2864 Ut
2423 2809 2551 2879 quid
2601 2818 2893 2864 retractem
2933 2824 3098 2879 opera
3156 2819 3268 2872 tua,
3321 2825 3446 2865 cum
3501 2810 3896 2880 superemineat

2309 2900 2650 2970 apudDeum
2699 2900 2870 2968 gratia
2925 2900 3053 2954 tua?
3079 2900 3188 2957 Cur
3221 2901 3445 2955 recitem
3489 2900 3895 2963 subventiones,

2309 3007 2448 3065 quas
2475 2991 2659 3046 multis
2687 2991 3019 3062 impendisti,
3052 3007 3176 3046 cum
3208 2991 3432 3047 meliora
3457 2991 3568 3046 sint
3597 2991 3894 3060 spiritualia

2311 3098 2433 3154 quae
2469 3091 2641 3153 potes.
2675 3097 2838 3153 quant
2871 3082 3175 3154 corporalia
3222 3099 3342 3153 qua:
3375 3084 3426 3137 in
3461 3083 3604 3138 cano
3657 3084 3896 3137 habitans

619 3186 706 3231 tor
739 3175 980 3238 Deus,au
1001 3173 1080 3228 sic
1103 3172 1390 3227 detestaris
1418 3171 1482 3224 ad
1515 3181 1566 3224 te
1597 3179 1983 3232 revertentem,
2008 3181 2064 3224 ut
2092 3169 2199 3241 pati
2231 3200 2276 3262 Ο
2309 3176 2461 3238 facis,
2495 3187 2548 3228 et.
2575 3176 2628 3230 in
2670 3185 2813 3229 terra
2843 3175 3202 3244 peregrinaris
3231 3173 3442 3229 fecisti?
3472 3173 3588 3228 Non
3626 3175 3776 3229 enim
3806 3174 3896 3230 ista

617 3286 726 3338 non
762 3270 935 3339 possis
967 3267 1062 3298 ²⁰⁵⁹
1097 3265 1341 3320 misereri
1394 3263 1510 3333 ejus
1553 3264 1718 3319 ullum
1763 3264 1863 3318 tibi
1913 3265 2198 3320 adhaeren-

613 3364 759 3420 tem?
795 3372 888 3418 aut
922 3370 1128 3416 tantum
1171 3359 1479 3414 exsecraris
1525 3375 1689 3412 unum
1721 3356 1994 3412 dolentem
2027 3368 2200 3422 tuum,

615 3466 678 3514 ιιι
701 3469 920 3526 prOpter
943 3470 1066 3514 eum
1089 3469 1196 3508 non
1218 3452 1603 3507 audias~u|lum
1632 3451 1865 3506 amicum
1894 3451 2075 3505 tuum?
2099 3450 2201 3516 Tu,

596 3548 864 3616 inquam,
893 3547 982 3615 qui
1016 3545 1266 3614 benignus
1289 3555 1334 3598 et
1369 3543 1661 3597 misericors
1692 3541 2207 3610 prwstabilissupcr

619 3636 882 3696 malitiam
937 3632 1110 3706 (Psal.
1163 3649 1225 3700 ιι,
1263 3633 1356 3704 15)
1395 3633 1626 3697 vocaris,
1667 3648 1734 3688 an
1773 3633 1844 3687 ita
1897 3633 2204 3688 exardeseis

619 3728 676 3782 in
704 3736 1045 3796 peccatorcm
1071 3726 1444 3796 penitentiam,
1487 3732 1546 3777 ut
1586 3723 1728 3792 quod
1750 3737 1810 3778 es
1835 3722 2206 3778 obliviscaris?

619 3818 849 3887 Propter
880 3816 1222 3885 temetipsum
1273 3823 1365 3868 aut
1397 3815 1522 3869 audi
1561 3829 1667 3880 me,
1697 3824 1793 3872 aet
1822 3813 2058 3868 concede
2100 3813 2205 3868 ali-

594 3927 780 3982 .quem
814 3909 1003 3966 audire
1048 3924 1153 3971 uie.
1185 3922 1347 3981 quem
1385 3909 1578 3963 audias
1610 3922 1708 3974 pro
1747 3921 1852 3961 me.
1888 3906 2132 3972 Domine,
2159 3905 2206 3961 si

601 4004 872 4065 'eoutiues
896 4018 926 4056 a
957 4011 1242 4072 peccatore
1273 4001 1516 4054 auditum
1553 4009 1728 4064 tmun,
1759 3999 1882 4068 quia
1905 3999 2087 4073 justus
2113 4014 2202 4065 es;

591 4094 703 4150 -vel
737 4111 804 4148 uc
829 4093 1119 4162 prohibeas
1144 4091 1380 4148 alienum
1407 4093 1649 4146 auditum
1687 4108 1716 4144 a
1750 4091 1951 4148 misero
1995 4090 2204 4162 suppli-

615 4196 802 4250 Cantc.
829 4186 953 4254 quia
982 4186 1101 4255 pius
1127 4199 1207 4241 es.
1235 4184 1497 4255 Benigne.
1521 4184 1641 4256 plus
1677 4200 1736 4238 es
1779 4184 2020 4239 clemens
2042 4200 2206 4257 quam

621 4291 840 4346 νκιδθιιιιι
891 4277 1164 4347 cogitare,
1208 4291 1314 4330 nou
1372 4277 1552 4330 minus
1609 4276 1709 4328 hoc
1757 4275 1991 4328 sentiam
2042 4289 2206 4341 quam

619 4384 889 4438 pnesumo
931 4384 1171 4438 sperare.
1196 4368 1430 4424 Tantum
1474 4368 1718 4433 conlidit,
1748 4367 1992 4432 Domine,
2023 4368 2090 4422 de
2117 4375 2208 4422 tua

593 4461 823 4530 .pietate
863 4469 1082 4516 creatus
1122 4470 1179 4515 et
1216 4469 1494 4515 recreatus
1517 4478 1546 4513 a
1592 4471 1643 4514 te
1679 4475 1871 4516 servus
1897 4470 2038 4523 tuus,
2069 4470 2129 4516 ut
2155 4471 2209 4515 te

2307 3265 2480 3320 solum
2533 3275 2708 3336 potes,
2737 3273 2794 3319 et
2837 3264 2927 3319 illa
2955 3281 3062 3319 non
3091 3274 3262 3336 potes.
3291 3263 3429 3330 Non,
3465 3266 3714 3333 inquam.
3744 3266 3792 3317 in
3826 3263 3896 3318 bis

2306 3356 2440 3410 solis
2467 3372 2526 3411 es
2570 3365 2763 3426 potens
2787 3372 2907 3427 qum
2935 3355 3002 3411 ad
3032 3356 3258 3412 nihilum
3299 3357 3596 3412 deveniunt
3617 3357 3746 3420 “",
3777 3365 3827 3409 et
3855 3356 3896 3406 in

2307 3447 2414 3505 iilis
2446 3450 2735 3520 impotens,
2768 3465 2888 3519 qua:
2940 3449 3007 3503 ad
3029 3449 3392 3505 aeternitatem
3423 3449 3765 3518 proveniunt
3793 3444 3894 3496 ω’.

2307 3538 2510 3610 Nempe
2537 3555 2640 3596 non
2681 3541 2746 3599 ad
2779 3542 2891 3596 lucc
2923 3543 3296 3596 tantummodo
3345 3540 3593 3596 facienda
3624 3541 3712 3595 sic
3739 3538 3902 3608 pmfe—

2307 3632 2427 3686 cisti
2459 3633 2572 3685 ’°°'.
2601 3631 2714 3686 Non
2761 3636 2826 3687 ad
2852 3635 2955 3688 ista
2994 3634 3331 3689 solummodo
3359 3634 3646 3689 tribuenda
3703 3643 3898 3687 tantum

2308 3737 2468 3776 ascen
2495 3723 2621 3778 listi.
2668 3725 2984 3794 Spiritualia
3027 3726 3335 3795 impartire,
3388 3726 3586 3795 quibus
3616 3723 3900 3795 gloriaris;

2307 3815 2529 3870 aeternis
2557 3815 2793 3878 lanifica,
2825 3818 3024 3887 quibus
3057 3817 3283 3882 hetaris;
3316 3817 3535 3872 celestia
3568 3815 3818 3876 infunde.
3846 3815 3894 3866 in

2315 3909 2514 3978 quibus
2570 3900 2914 3962 conversaris
2945 3909 3061 3963 ³⁰⁶⁸.
3105 3909 3321 3964 Illorum
3378 3923 3475 3978 per
3512 3918 3563 3962 te
3611 3909 3907 3968 sentiamus

2309 3997 2612 4067 indigentes
2661 3999 3080 4064 csuiulautiam,
3133 4014 3365 4068 quorum
3417 4010 3750 4069 perpetuam
3803 3996 3904 4066 plc-

2309 4103 2412 4144 nus
2437 4091 2532 4125 '0”
2560 4091 2790 4161 suscipis
2811 4092 3208 4150 immdantiam.

2382 4181 2426 4235 0
2453 4183 2716 4240 bonormn
2748 4185 2966 4235 tuorntu'
2994 4181 3331 4246 inundantia,
3364 4191 3418 4236 et
3450 4181 3730 4237 malorum
3765 4196 3901 4236 meo-

2309 4287 2428 4326 rum
2454 4273 2808 4331 abundantia.
2843 4272 3058 4338 Quanta
3089 4282 3173 4328 est
3195 4287 3274 4328 eo.
3295 4277 3386 4330 um
3416 4273 3723 4345 distantia}l
3751 4287 3904 4345 qualn

2307 4364 2663 4418 vehementer
2701 4364 2789 4417 illa
2845 4373 2897 4418 te
2942 4365 3073 4418 facit
3117 4363 3361 4430 felicem;
3391 4379 3560 4434 quam
3609 4366 3786 4419 nimis
3811 4365 3900 4416 ista

2287 4472 2398 4511 tne
2445 4455 2748 4512 infelicem?
2791 4457 2884 4512 llla
2931 4473 2999 4513 ex
3060 4457 3398 4530 plenitudine
3447 4457 3542 4516 Dei
3587 4456 3901 4515 descendit-

1937 4573 2170 4632 VARIA']
2209 4575 2610 4635 LECTIONES.

701 4685 1278 4760 3°”_Collott_t_cst_rttm
1312 4704 1432 4760 mss.
1477 4687 1611 4741 Vict.
1653 4686 1772 4742 KK.
1806 4689 1892 4743 16.
1921 4699 1966 4760 ξι
2001 4687 2112 4745 RR.
2145 4688 2450 4748 Cot’b.160.
2497 4691 2623 4750 Bec.
2658 4689 2724 4745 0.
2760 4692 2846 4745 ubi
2878 4692 2953 4744 bis
2998 4693 3209 4760 legitur.
3248 4690 3379 4744 'Iltu.
3412 4690 3543 4744 967.
3585 4688 3908 4744 Sari-Cena.

617 4756 746 4811 545.
781 4756 976 4831 Curtii.
1005 4755 1234 4810 Val-lue.
1262 4756 1516 4831 et__lf‘lor._
1539 4761 1616 4812 Ad
1647 4771 1892 4831 sanctum
1919 4758 2220 4828 Nicolaum,
2251 4761 2330 4815 vel
2358 4774 2602 4816 sanctum
2651 4761 2966 4824 lilartiuum,
3016 4755 3114 4830 pro
3148 4762 3369 4815 homine
3404 4763 3455 4814 iu
3483 4761 3697 4831 abysso
3735 4776 3912 4829 pen-ao

620 4838 799 4898 eorum
826 4829 1098 4884 existente
1139 4844 1266 4898 mss.
1311 4826 1439 4882 Vict.
1488 4828 1536 4882 5.
1570 4839 1617 4883 et
1664 4828 1891 4884 Volluc.
1931 4832 2108 4884 oratio
2155 4826 2222 4886 ad
2263 4842 2510 4887 sanctum
2543 4831 2856 4898 Martinam,
2901 4826 3029 4884 sive
3050 4832 3116 4885 ad
3155 4842 3402 4886 sanctum
3437 4826 3762 4885 Nicolaum}
3796 4845 3914 4883 mss.

598 4963 602 4968 _
635 4895 763 4951 Vict.
797 4899 881 4952 16.
912 4898 1070 4952 Corb.
1105 4909 1152 4952 et
1178 4896 1535 4968 Floraoratio
1563 4900 1628 4953 ad
1667 4911 1910 4955 sam-tum
1955 4900 2266 4956 Martiuum.
2311 4920 2411 4959 ms.
2447 4903 2568 4958 Bec.
2600 4903 2778 4957 oratio
2813 4895 3175 4958 devotissima
3208 4903 3276 4956 ad
3304 4903 3696 4958 beatissimum
3725 4911 3779 4955 et
3807 4900 3913 4968 εὒυο

620 4968 958 5022 riosissinum
994 4969 1291 5024 Nicolaum.
1322 4966 1474 5022 Item.
1505 4970 1691 5024 Oratio
1716 4973 1779 5022 ad
1809 4983 2055 5026 sanctum
2095 4971 2395 5028 Nicolaum.
2435 4991 2532 5026 ms.
2580 4973 2715 5026 'l'lm.
2758 4973 2934 5028 oratio
2965 4975 3032 5026 ad
3063 4972 3437 5026 beatissimum
3473 4966 3909 5026 [\ieolautuﬁtts.

617 5037 938 5112 Son-Germ.
969 5039 1042 5112 De
1070 5049 1262 5112 sancto,
1293 5037 1514 5096 Nicolao
1538 5039 1881 5112 tioufessore.
1915 5042 1980 5095 In
2013 5045 2266 5112 orationis
2291 5053 2532 5100 contextu
2567 5044 2620 5097 in
2650 5059 2772 5100 mss.
2815 5041 2947 5096 Vict.
2975 5041 3133 5094 Cori).
3159 5054 3204 5095 et
3237 5040 3384 5096 Flor.
3414 5059 3686 5112 nusquam
3729 5044 3914 5112 leqitu‘r

617 5125 810 5182 sternet:
855 5108 1066 5164 Nicoloi
1109 5111 1200 5164 sed
1230 5111 1488 5182 dmitttxat
1521 5109 1780 5182 Martini:
1809 5112 1862 5164 in
1894 5111 2184 5182 mss.]'lm.
2219 5112 2342 5170 lies.
2375 5130 2576 5182 semper
2625 5112 2838 5166 ΝίσοΙηὶ
2880 5119 3065 5166 nomen
3111 5112 3352 5174 habetur,
3381 5108 3645 5171 nasorum:
3680 5108 3914 5163 Martini.

602 5179 716 5252 ,Μ’
781 5181 838 5235 lu
891 5197 1011 5236 eam
1059 5183 1148 5251 qui
1179 5198 1306 5237 mss.
1355 5179 1487 5236 Vict.
1522 5183 1616 5252 illi.
1656 5180 1889 5235 Val-Inc.
1922 5194 1966 5236 et
2017 5181 2171 5237 Flor.
2203 5184 2253 5238 iu
2299 5199 2424 5240 eum
2460 5179 2550 5252 qui
2658 5184 2752 5221 ²⁰⁵²
2787 5184 3067 5250 Quomodo
3118 5183 3275 5236 audis
3321 5199 3446 5237 mss.
3481 5183 3782 5249 Quomodo
3823 5193 3915 5252 att:

617 5251 732 5306 tliel
808 5252 902 5285 ’³⁸³
930 5247 1133 5306 Praeter
1162 5253 1314 5322 illum
1345 5269 1470 5306 mss.
1509 5251 1643 5307 Vict.
1684 5263 1800 5322 post
1835 5252 1982 5306 illum
2056 5253 2152 5285 ’(³⁵³
2185 5255 2312 5309 Sine
2345 5247 2702 5310 intercessore
2742 5247 2840 5311 ms.
2881 5253 3014 5307 Vict.
3059 5255 3143 5306 lli.
3178 5255 3293 5306 sine
3325 5247 3534 5308 iutet'ce
3564 5268 3747 5322 διουιῖ
3835 5247 3918 5322 ff”

617 5323 807 5377 Oratio
849 5338 987 5376 mea.
1019 5340 1115 5376 ms.
1157 5321 1292 5375 Tim.
1321 5325 1496 5377 oratio
1541 5340 1657 5377 mea
1685 5320 1806 5377 sine
1826 5324 2142 5391 coadjutorc
2243 5325 2338 5357 ’°"
2367 5325 2410 5380 0
2439 5335 2492 5378 ιι
2522 5325 2565 5378 si
2598 5342 2724 5378 mss.
2753 5341 2786 5378 ο
2816 5325 2859 5376 si
2892 5334 2946 5378 et
3006 5323 3110 5377 3°"
3153 5321 3270 5388 Ipse
3317 5339 3402 5376 me
3431 5325 3618 5376 audiet
3648 5324 3663 5376 ε
3705 5320 3790 5374 Tu
3821 5320 3914 5372 ille.

621 5407 815 5464 magno
873 5410 968 5445 ms.
1006 5391 1139 5446 Tltu.
1174 5393 1287 5462 ipse
1311 5395 1496 5464 audies
1531 5410 1636 5456 me,
1670 5405 1723 5448 tu
1763 5409 1956 5464 magne
2027 5395 2120 5426 ²⁰³⁸
2152 5397 2290 5451 Dens
2323 5411 2472 5449 meus
2501 5411 2586 5449 me
2614 5411 2739 5448 mss.
2788 5394 2929 5448 Deus
2973 5410 3056 5448 me
3131 5394 3225 5424 ’°"
3269 5391 3395 5464 Pati
3425 5408 3530 5464 non
3575 5394 3773 5460 possis
3803 5405 3916 5464 ipss.

631 5461 908 5537 Vittxpati
947 5479 1051 5516 non
1082 5461 1252 5537 possit.
1325 5463 1426 5537 mf
1461 5464 1798 5537 Me_respuet
1829 5461 1953 5537 mss.
1988 5481 2072 5519 me
2105 5468 2358 5537 respiciet
2432 5466 2542 5537 ²⁰⁶¹Α
2573 5465 2678 5518 Sed
2713 5482 2817 5520 non
2855 5482 2983 5517 mss.
3032 5465 3074 5518 si
3126 5479 3244 5537 non
3310 5463 3403 5537 "f’
3437 5463 3644 5537 Sancte
3684 5461 3916 5537 διεξῄεις.

619 5547 718 5605 per
752 5534 900 5586 illmu
932 5543 983 5587 te
1011 5530 1108 5605 etc.
1142 5533 1208 5605 In
1254 5551 1352 5587 ms.
1390 5530 1706 5589 Sun-Germ.
1757 5537 1839 5588 hic
1885 5535 2063 5605 incipit
2099 5530 2285 5590 Oratio
2389 5537 2482 5568 ’⁸⁸³
2513 5535 2613 5603 Qui
2666 5552 2761 5605 per
2811 5546 2980 5589 totum
3017 5552 3141 5587 mss.
3183 5533 3440 5605 Vict._lti_.
3481 5531 3746 5585 Val-(uc.
3777 5530 3915 5587 Hor.

619 5603 713 5675 qui
763 5612 950 5675 totum
1004 5604 1100 5634 '°“
1141 5604 1327 5675 Dicere
1366 5606 1533 5674 possit
1561 5623 1684 5659 mss.
1735 5606 1914 5659 dicere
1962 5602 2171 5675 possint
2245 5606 2339 5638 '°“
2394 5602 2691 5662 Devenien't
2727 5623 2853 5659 mss.
2891 5605 3179 5658 deveniunt
3242 5602 3365 5675 ἦν(
3413 5602 3766 5656 Perveniunt
3800 5617 3919 5655 mss.

608 5669 766 5749 ~Virt.
813 5671 1039 5749 Vol—Inc.
1064 5683 1111 5727 et
1141 5672 1292 5728 Flor.
1320 5669 1643 5749 proveniunt
1668 5676 1812 5749 _f""_
1843 5669 2118 5749 l’erlecisti
2153 5694 2276 5731 mss.
2319 5675 2452 5734 Vict.
2495 5689 2540 5731 et
2594 5676 2824 5730 Val-Inc.
2859 5675 3136 5748 proiecisti
3211 5673 3306 5706 ¹⁰⁸⁸
3334 5671 3541 5744 Quibus
3585 5689 3918 5749 persevera:

619 5741 700 5799 iris
734 5759 853 5795 ntss.
883 5747 1076 5821 quibus
1120 5741 1463 5802 conversaris
1536 5745 1630 5778 “‘°
1668 5745 1882 5806 Plenius
1912 5763 2035 5803 mss.
2067 5748 2261 5823 plenus
2859 5741 2864 5752 “
