4048 6288
200 352 327 443 ioci

1629 376 2035 436 ORATIONES.

3321 387 3457 447 Ιυοὶ

194 502 296 557 ista
340 478 407 555 ex
456 498 757 567 indigentia
813 508 930 549 mea
961 500 1221 549 ascendit.
1260 490 1351 545 Illa
1406 489 1523 544 nuit
1566 504 1632 545 ex
1683 490 1774 546 Dei
1803 497 1852 558 Α
1882 488 2288 559 piteriiis?Cui,
2317 490 2419 546 nisi
2446 490 2660 564 caligini
2703 502 2975 563 perpetua:
3008 497 3208 561 noctis,
3236 506 3293 556 et
3326 514 3461 570 pon-

190 591 370 662 copia,
410 589 512 644 ista
550 586 724 656 surgit
760 600 827 640 ex
863 599 984 639 mea
1031 584 1232 654 inopia.
1265 582 1310 638 Ο
1346 583 1390 637 si
1429 582 1570 636 illius
1617 583 1774 637 inun-

191 681 395 739 dantia:
437 670 770 735 exundantia
819 674 1124 739 iiiumlabit,
1173 685 1232 728 ut
1281 672 1456 727 diluat
1508 672 1772 728 malorum

192 786 440 828 meorum
468 767 857 823 abundantiam
893 765 1022 818 πται
1061 764 1106 820 Ο
1134 765 1178 820 si
1203 764 1478 835 plenitudo
1508 764 1651 819 illius
1680 780 1770 820 sa-

190 859 647 930 tietatis‘replebit
684 859 1008 912 vacuitatem
1046 869 1176 909 mea:
1203 856 1489 925 egestatis!
1534 854 1648 911 Non
1678 854 1775 909 du-

190 954 323 1021 bito,
354 952 587 1014 domine,
615 958 666 1004 te
696 949 797 1003 hoc
828 946 957 1002 inibi
991 947 1301 1017 impetrare,
1325 949 1368 1001 si
1402 956 1608 1001 tantum
1637 947 1781 1002 velis

188 1059 288 1115 pro
316 1059 400 1097 me
418 1041 653 1111 judicent
682 1055 859 1095 meum
888 1038 1143 1093 dilectum
1172 1037 1485 1092 dilectorem
1512 1047 1661 1091 tuum
1677 1038 1771 1070 ⁸⁰⁷¹

188 1148 439 1190 exorare.
486 1130 563 1188 Ne
600 1141 884 1201 exspectes
904 1130 1021 1194 ⁸⁸⁷⁸,
1064 1129 1320 1194 Domine,
1366 1130 1433 1184 ad
1479 1131 1774 1185 exaudien-

186 1228 316 1282 duni
346 1239 522 1280 meam
540 1223 1031 1293 importunitatem;
1056 1222 1182 1291 quia
1205 1229 1258 1274 tu
1276 1222 1384 1275 scis
1410 1221 1475 1274 ad
1503 1222 1760 1274 orandum

187 1316 278 1371 diu
326 1327 500 1369 meam
532 1311 976 1368 imbecillitatem.
1010 1311 1175 1366 Velox
1224 1312 1369 1364 enim
1400 1324 1518 1363 sum
1544 1309 1612 1363 ad
1642 1309 1775 1364 deli-

188 1405 475 1470 ciendum;
504 1405 601 1461 sed
629 1412 748 1459 esto
774 1413 831 1458 tu
861 1402 1104 1459 velocior
1133 1404 1199 1457 ad
1239 1402 1404 1472 296
1446 1401 1773 1457 subvenien-

186 1500 337 1554 dum.
373 1496 535 1551 Certe
558 1494 603 1549 si
631 1508 728 1549 cor
756 1508 936 1549 meum
958 1494 1252 1548 contritum
1279 1492 1466 1555 fuerit,
1487 1491 1534 1546 si
1563 1490 1772 1545 viscera

186 1603 309 1643 mea
334 1593 604 1641 commota
626 1583 907 1649 fuerint,si
928 1581 1217 1653 liquefacta
1234 1580 1396 1636 fuerit
1418 1581 1599 1635 anima
1631 1596 1771 1646 mea,

183 1678 231 1733 si
262 1676 362 1731 rivi
415 1675 504 1730 diu
544 1673 800 1729 ﬂuxerint
847 1672 916 1729 ab
946 1671 1119 1729 oculis
1156 1672 1324 1738 meis;
1379 1681 1508 1727 tunc
1538 1672 1770 1742 sperabo

182 1772 317 1842 quia
365 1767 629 1825 Martinus
656 1769 814 1823 adest
854 1767 1106 1843 precibus
1145 1765 1301 1821 meis.
1340 1763 1581 1820 Concute
1614 1778 1768 1835 ergo,

1877 582 1991 637 deri
2018 584 2368 639 indesinentis
2390 585 2785 647 mortis?Certe
2807 587 2892 642 his
2912 587 3070 644 malis
3094 603 3180 643 me
3201 594 3457 660 servatis,

1878 674 1945 728 ad
1970 676 2087 729 hare
2110 674 2253 730 mala
2295 691 2382 732 me
2405 677 2641 733 trahitis.
2656 677 2816 734 Coi-te
2834 678 2887 733 in
2914 678 2999 733 his
3019 694 3115 734 ero
3152 680 3458 750 obvolutus,

1876 761 1922 815 sl
1967 761 2121 832 prius
2146 779 2175 817 a
2199 764 2355 820 vobis
2393 780 2499 821 non
2526 764 2680 822 fuero
2704 765 2931 822 solutus.
2965 765 3105 823 Vere
3132 769 3322 824 horum
3353 769 3460 825 illi-

1877 851 2137 907 he‘rahilis
2164 853 2259 887 ’⁸⁷⁸
2294 870 2486 911 servus
2517 871 2634 922 ero,
2664 857 2708 912 si
2758 857 2897 913 liber
2920 873 2951 913 a
2980 859 3133 916 vobis
3168 862 3318 930 prius
3349 875 3457 918 non
3546 860 3549 863 ’

1876 941 2048 1000 fuero.
2083 943 2282 1015 Utique
2308 961 2473 1017 prope
2500 957 2586 1002 est
2606 948 2724 1004 dies
2754 949 2865 1017 illa,
2884 965 3073 1021 prope,
3102 953 3345 1023 inquam,
3374 965 3460 1010 est

1876 1042 1931 1090 et
1983 1036 2254 1107 incognita
2291 1039 2410 1093 ³⁸⁷⁸.
2451 1037 2646 1096 Subito
2678 1043 2852 1109 venit,
2901 1053 2958 1098 et
3014 1044 3243 1100 forsitan
3297 1047 3459 1103 hodie

2007 1129 2125 1182 I011.

1947 1219 2148 1276 Delicta
2200 1236 2350 1287 mea,
2392 1240 2462 1278 an
2501 1234 2670 1280 eratis
2717 1234 2829 1281 tam
2871 1220 3032 1284 noxia
3084 1228 3284 1293 futura,
3331 1245 3457 1286 cum

1875 1311 2113 1366 animant
2147 1326 2323 1368 meam
2357 1325 2536 1371 vestra
2583 1315 2865 1373 dulcedine
2894 1320 3181 1388 putabatis,
3208 1334 3335 1377 cum
3363 1336 3459 1377 cor

1875 1417 2053 1458 meum
2091 1414 2269 1460 vestra
2293 1406 2567 1476 voluptate
2600 1410 2915 1481 ungebatis?
2934 1411 3043 1466 Cur
3069 1413 3183 1467 haec
3210 1427 3294 1467 me
3315 1412 3461 1469 cela-

1872 1496 2051 1551 batis?
2079 1497 2188 1552 Cur
2216 1513 2304 1553 me
2338 1500 2672 1556 tradebatis?
2700 1502 2815 1556 Imo
2866 1518 2974 1559 non
3006 1518 3102 1559 vos
3154 1519 3241 1558 me
3291 1505 3459 1560 tradi-

1873 1581 2028 1639 distis
2052 1583 2169 1651 “7',
2194 1587 2292 1651 sed
2321 1602 2422 1659 ego
2452 1604 2538 1644 me
2562 1591 2782 1655 tradidi,
2806 1592 2896 1661 qui
2927 1592 3081 1649 vobis
3115 1595 3453 1652 credidi'“.

1872 1669 1990 1727 Non
2022 1689 2118 1730 vos
2148 1690 2234 1730 me
2256 1677 2579 1748 decepistis;
2610 1680 2703 1735 sed
2736 1695 2837 1751 ego
2883 1697 2969 1736 ine
3000 1682 3212 1752 decepi,
3235 1684 3328 1753 qui
3362 1699 3457 1740 vos

1871 1763 2016 1820 intra
2048 1781 2133 1822 me
2176 1770 2407 1840 suscepi.
2454 1768 2499 1827 Ο
2534 1771 2774 1827 inaudita
2824 1772 3068 1828 insania!
3120 1774 3359 1830 sciebam
3399 1775 3457 1830 in

183 1862 410 1921 domine
452 1868 644 1916 sancte
694 1857 947 1927 Martine,
992 1867 1222 1913 concute
1263 1857 1514 1928 spiritum
1563 1870 1766 1922 meum,
1802 1869 1843 1928 Β
1871 1850 2030 1912 vobis
2078 1872 2186 1913 non
2212 1872 2335 1915 esse
2364 1858 2544 1928 (idem,
2583 1871 2639 1917 et
2685 1870 2862 1917 tamen
2899 1863 3061 1918 habui
3089 1865 3244 1921 vobis
3267 1865 3362 1899 ⁹⁰⁸⁰
3387 1866 3453 1921 li-

183 1952 367 2008 cxcita
402 1966 496 2007 cor
526 1965 727 2016 meum,
759 1956 1040 2006 commove
1080 1957 1317 2004 mentem
1363 1964 1538 2005 meam
1577 1948 1645 2002 ad
1691 1946 1772 2002 af-

180 2045 392 2099 fectum
441 2045 735 2100 secundum
782 2032 1193 2098 necessitatem
1225 2055 1402 2106 suam,
1436 2048 1496 2095 ut
1537 2038 1771 2096 sentiam

186 2136 555 2193 miserationis
590 2144 694 2192 tua:
727 2132 1103 2191 ell'ectum'ma
1132 2128 1430 2189 secundum
1470 2130 1768 2203 potentiam

182 2240 357 2284 tuam.
1462 2237 1469 2244 '

252 2314 365 2375 Sed
385 2306 551 2375 'Ti‘eul
576 2326 581 2330 '
610 2326 812 2389 quanto
855 2325 1100 2386 tempore
1154 2316 1373 2387 languet
1418 2328 1574 2369 mens
1627 2328 1767 2380 mea,

177 2420 393 2481 quanto
442 2418 666 2479 stupore
721 2408 1030 2463 induratum
1072 2415 1155 2461 est
1198 2420 1296 2461 eor
1336 2420 1541 2470 meum,
1566 2412 1771 2474 quanto

186 2512 411 2572 torpore
439 2502 688 2571 obruitur
713 2500 897 2554 anima
934 2498 1088 2554 mea?
1119 2498 1319 2552 Sancte
1360 2496 1609 2561 Martine,
1639 2494 1769 2565 quid

177 2574 270 2649 est
321 2594 466 2664 quod
527 2592 606 2648 sic
662 2607 750 2648 me
798 2591 1054 2662 impedit?
1099 2590 1238 2658 Quid
1282 2596 1369 2644 est
1419 2590 1561 2659 quod
1602 2589 1773 2644 cervi-

183 2701 310 2741 cem
349 2699 525 2739 meam
558 2683 639 2739 sic
685 2682 918 2754 premit?
965 2682 1114 2739 Unde
1143 2684 1223 2737 sic
1266 2681 1580 2736 tenebratur
1605 2680 1772 2735 intui-

178 2786 276 2831 tus
334 2773 524 2829 meus?
578 2771 732 2829 Unde
799 2775 881 2829 sic
938 2773 1212 2829 clauditur
1270 2772 1532 2829 circuitus
1586 2772 1771 2828 meus?

183 2862 336 2927 Vult,
370 2861 611 2926 domine,
640 2861 754 2917 vult
796 2862 864 2916 ad
916 2860 1085 2917 Deum
1133 2871 1190 2917 et
1235 2864 1302 2916 ad
1343 2871 1395 2916 te
1440 2862 1618 2915 anima
1651 2875 1769 2916 mea

176 2956 400 3025 erigere
444 2953 640 3010 faciem
682 2968 860 3019 suain,
891 2962 948 3009 et
973 2953 1227 3026 plumbeo
1271 2956 1511 3024 pondere
1541 2962 1767 3009 curvata

180 3056 467 3119 gravatur.
508 3046 671 3117 Cupit
702 3047 755 3101 in
786 3062 883 3103 vos
926 3046 1162 3118 dirigere
1204 3047 1457 3102 intuitum
1507 3061 1688 3112 suum,
1716 3056 1771 3103 et

174 3139 501 3210 caliginosis
517 3140 753 3197 tenebris
778 3141 1122 3196 obscuratur.
1145 3138 1386 3195 Conatur
1408 3154 1468 3195 se
1488 3139 1766 3210 expedire,

1875 1947 2019 2003 dem.
2046 1949 2159 2004 imo
2187 1965 2293 2005 non
2341 1952 2505 2008 habui
2559 1951 2745 2018 ﬁdem,
2776 1969 2877 2009 nec
2913 1955 3117 2010 cielidi
3146 1957 3326 2023 vobis;
3359 1958 3458 2014 sed

1874 2037 2108 2106 quodam
2151 2040 2399 2097 horribili
2430 2043 2588 2098 modo
2615 2043 2823 2109 videns,
2852 2060 3028 2101 caicus
3056 2048 3303 2103 commisi
3356 2064 3447 2104 uie

1872 2129 2046 2186 vobis.
2102 2129 2305 2187 Videris
2354 2146 2546 2198 eram,
2597 2134 2725 2203 quia
2764 2148 2860 2189 vos
2906 2137 3339 2207 cognoscebam,
3389 2145 3450 2194 et

1871 2237 1994 2295 quae
2026 2222 2166 2278 mala
2215 2238 2313 2280 vos
2357 2225 2693 2296 sequuntur,
2748 2224 3014 2292 sciebam;
3059 2241 3232 2283 caicus
3274 2242 3447 2298 eram,

1872 2316 1999 2385 quia
2052 2332 2157 2373 non
2193 2332 2224 2371 a
2270 2320 2412 2373 notis
2448 2320 2729 2375 cavebam.
2763 2319 2874 2376 Heu
2905 2332 3210 2391 peccatum,
3239 2338 3441 2379 nomen

1872 2407 2203 2464 horrendum
2224 2408 2344 2475 ³⁸⁸⁸,
2369 2425 2456 2466 res
2476 2411 2831 2476 detestabilis,
2852 2413 2979 2467 nulli
3006 2414 3144 2471 malo
3164 2430 3455 2487 compara-

1871 2497 2026 2553 bilis!
2051 2497 2240 2554 Caecns
2262 2514 2370 2554 non
2398 2500 2544 2555 videt
2570 2501 2801 2566 foveam,
2833 2503 2887 2556 in
2914 2518 3075 2573 quam
3099 2505 3275 2572 cadit;
3307 2506 3458 2561 insa-

1871 2601 1975 2642 nus
2003 2595 2154 2658 putat
2196 2603 2257 2644 se
2285 2591 2485 2646 debere
2516 2589 2695 2646 facere
2745 2593 2889 2662 quod
2925 2593 3101 2648 facit:
3137 2594 3230 2663 qui
3271 2603 3456 2652 autem

1871 2688 2063 2748 sponte
2088 2689 2301 2749 peccat,
2331 2681 2520 2737 videns
2542 2690 2599 2736 et
2631 2682 2811 2738 sciens
2842 2684 3151 2754 pmipitio
3180 2699 3239 2741 se
3261 2686 3451 2743 tradit.

1872 2770 2015 2829 Mors
2047 2783 2101 2828 et
2130 2781 2397 2829 tormenta
2430 2774 2717 2845 quaelibet,
2751 2783 3019 2831 tormenta
3058 2786 3266 2832 tantum
3294 2786 3451 2842 sunt;

1870 2880 1972 2921 nec
1997 2865 2051 2920 in
2078 2880 2139 2922 se
2164 2865 2309 2923 feda
2357 2876 2504 2936 sunt,
2531 2866 2656 2937 quia
2689 2866 2937 2923 ordinata
2985 2876 3131 2925 sunt.
3160 2868 3452 2926 Peccatum

1870 2956 1923 3012 in
1947 2971 2008 3013 se
2027 2955 2193 3013 habet
2234 2973 2389 3013 suam
2437 2957 2762 3026 fmditatem,
2791 2967 2847 3014 et
2871 2973 3058 3016 secum
3092 2959 3261 3016 trahit
3289 2971 3452 3018 arer—

1869 3062 1995 3102 nain
2027 3047 2421 3104 infelicitatem.
2453 3047 2645 3106 Melius
2672 3063 2804 3121 ergo
2834 3060 2953 3106 erat
2977 3049 3182 3123 eligere
3212 3060 3467 3108 tormen-i

1871 3146 1985 3191 tum
2014 3134 2110 3170 ⁸⁰⁸²
2139 3147 2405 3194 aeternum
2433 3139 2577 3209 quod
2625 3154 2722 3210 per
2771 3156 2830 3196 sc
2859 3138 3161 3196 fmditatem
3192 3149 3454 3197 aeternam

174 3240 238 3285 et
262 3228 460 3285 ferreis
489 3229 695 3285 catenis
724 3229 1062 3299 astringitur.
1097 3228 1298 3283 Tentat
1321 3228 1497 3294 exire,
1528 3238 1584 3284 et
1609 3243 1762 3284 aineo
1790 3228 1834 3290 C
1867 3243 1971 3283 non
1993 3229 2243 3294 attrahit,
2268 3244 2431 3299 quam
2463 3242 2744 3298 peccatum
2770 3233 2913 3301 quod
2937 3246 3060 3287 cum
3085 3231 3328 3287 fmditate
3348 3247 3454 3288 sua

175 3337 410 3378 carcere
437 3321 729 3378 clauditur.
761 3321 900 3390 Quid
951 3330 1076 3377 sunt
1108 3321 1233 3388 ista,
1288 3322 1451 3386 Deus,
1481 3320 1609 3392 quid
1639 3327 1768 3375 sunt

178 3413 314 3477 ista,
334 3427 454 3481 qua:
476 3413 557 3466 sic
579 3411 816 3466 animam
852 3426 1027 3465 meam
1047 3406 1407 3467 obtenebrant
1435 3421 1491 3466 et
1517 3420 1766 3481 gravant,

172 3506 445 3573 claudunt
472 3516 527 3561 et
573 3505 775 3577 ligant?
801 3506 1008 3562 Forsan
1055 3522 1176 3577 quae
1205 3516 1333 3563 sunt
1361 3516 1583 3578 peccata
1615 3521 1764 3574 mea;

175 3587 294 3651 i'ino
326 3609 452 3650 vere
483 3596 599 3651 haec
643 3607 771 3652 sunt
814 3606 1036 3667 peccata
1084 3610 1222 3652 mea.
1254 3598 1414 3652 Certe
1458 3598 1573 3653 haec
1617 3606 1764 3653 sunt.

172 3686 426 3744 Aﬂ'ectiis
444 3689 682 3746 carnalis
709 3686 1087 3762 iiil’atuavi‘t’in
1120 3706 1204 3745 me
1232 3705 1485 3760 saporem
1516 3691 1769 3760 spiritua-

173 3778 345 3844 lium;
378 3778 603 3834 intentio
627 3779 934 3835 inllmorum
982 3780 1282 3835 iucurvavit
1314 3782 1551 3835 animam
1591 3795 1764 3835 meam

173 3870 248 3924 ab
282 3869 481 3924 intuitu
510 3883 866 3940 supernorum
895 3886 911 3937 ;
950 3886 1103 3924 amor
1130 3860 1467 3926 terrestrium
1509 3871 1771 3926 exstinxit

175 3960 233 4014 in
268 3976 359 4015 me
393 3961 807 4018 delectationem
843 3963 1177 4029 ctelestium;
1229 3980 1326 4019 usu
1360 3965 1613 4019 vitiorum
1638 3978 1770 4019 eva-

170 4052 302 4104 nuit
329 4050 425 4082 ¹⁹⁷⁸
454 4050 507 4104 in
542 4068 628 4106 me
678 4068 873 4108 sensus
912 4068 1164 4108 verorum
1211 4053 1500 4108 bonorum.
1531 4054 1612 4108 Ab
1663 4054 1767 4109 illis

170 4142 341 4197 bonis
398 4157 516 4196 sum
567 4142 867 4215 elongatus,
898 4145 950 4199 in
1001 4145 1087 4201 bis
1118 4145 1275 4219 malis
1320 4146 1646 4216 occupatus,
1676 4159 1764 4200 se-

169 4233 366 4286 clusus
391 4233 460 4285 ali
493 4232 614 4297 illis,
641 4234 886 4290 inclusus
913 4235 971 4290 in
1021 4235 1168 4302 istis;
1204 4236 1271 4290 ab
1320 4230 1763 4302 illis'devolultts,

168 4321 231 4376 in
263 4322 387 4377 istis
415 4323 723 4379 obvolutus.
758 4318 894 4381 lliiic
923 4336 1007 4382 est
1060 4325 1149 4381 ille
1192 4341 1382 4383 carcer
1428 4336 1482 4382 et
1527 4326 1761 4382 vincula.

170 4410 321 4466 IIiiic
344 4423 471 4466 sunt
501 4413 606 4468 illa:
633 4416 868 4470 tenebrae
892 4425 947 4471 et
973 4416 1231 4485 pondera.

244 4503 482 4562 Peccata
530 4522 670 4572 mea,
702 4509 789 4563 cui
828 4510 1056 4564 servatis
1095 4509 1147 4563 in
1203 4509 1289 4564 his
1313 4509 1544 4564 vinculis
1573 4518 1627 4565 et
1656 4511 1760 4565 hoc

1868 3317 2085 3374 dolores
2112 3329 2354 3374 aeternos
2372 3318 2574 3390 jungit.
2601 3320 2666 3374 Et
2681 3330 2853 3385 certe,
2881 3336 2915 3375 ο
2936 3322 3102 3377 miser
3122 3322 3306 3385 homo,
3333 3322 3451 3392 ipsa

1869 3410 1982 3464 sola
2009 3408 2102 3450 ¹⁰⁸³
2134 3410 2251 3480 plus
2295 3410 2389 3465 tibi
2418 3410 2641 3465 vitanda
2669 3411 2767 3443 ³⁸⁸⁸
2788 3421 2910 3466 erat
2957 3412 3164 3481 peccati
3213 3411 3448 3480 reditas,

1868 3515 2030 3573 quam
2055 3500 2308 3573 quaelibet
2334 3504 2728 3556 tormentorum
2769 3502 3097 3558 immanitas.
3127 3501 3340 3574 Quippe
3392 3503 3461 3557 in;

1868 3595 2144 3664 peccando
2202 3592 2500 3651 fmdissima
2576 3594 2935 3665 perversitate
2997 3595 3338 3666 praiposuisti
3397 3604 3463 3650 te.

1872 3687 1981 3742 Deo
2004 3685 2247 3743 Creatori
2274 3697 2385 3753 tuo,
2416 3701 2524 3755 quo
2573 3687 2706 3742 nihil
2754 3686 3009 3758 iniustius
3037 3705 3051 3742 :
3081 3688 3134 3742 in
3162 3686 3449 3742 tolerantia

1868 3786 2259 3831 tormentorum
2294 3777 2484 3832 ordine
2520 3777 2886 3846 pulcherrimo
2917 3778 3211 3850 subiiceret
3248 3794 3309 3835 se
3348 3778 3448 3811 “9'

1869 3870 2078 3923 factura
2111 3884 2209 3924 suo
2234 3867 2429 3924 {actori
2460 3869 2575 3935 ²⁰⁸⁶,
2601 3884 2710 3939 quo
2733 3870 2864 3923 nihil
2894 3870 3213 3939 estjustius.

1937 3960 1982 4016 0
2028 3961 2211 4026 homo,
2243 3973 2352 4029 quo
2405 3960 2628 4015 evanuit
2676 3961 2985 4016 humanitas
3012 3961 3140 4015 tua?
3168 3960 3448 4017 Didiceras

1869 4051 2119 4123 quoniam
2143 4053 2235 4122 qui
2263 4053 2390 4123 facit
2410 4046 2700 4122 peccatum,
2735 4068 2914 4107 servus
2935 4063 3008 4108 est
3036 4055 3234 4125 peccati
3259 4053 3443 4125 (Joan.

1868 4159 1985 4207 vm,
2015 4144 2127 4214 35);
2155 4151 2212 4199 et
2259 4153 2316 4198 ut
2363 4145 2500 4199 tanti
2542 4143 2670 4198 mali
2714 4159 2903 4199 servus
2943 4160 3115 4210 esses,
3164 4155 3444 4215 [necatum

1867 4235 2062 4309 fecisti.
2093 4235 2314 4291 Sciebas
2342 4236 2466 4306 quia
2494 4237 2708 4305 spiritus
2729 4252 2785 4290 es
2811 4236 3004 4292 vadens
3029 4248 3076 4291 et
3104 4254 3209 4293 non
3240 4239 3444 4293 rediens

1867 4325 2039 4398 (Psat.
2066 4342 2268 4392 Lxxvn,
2292 4326 2405 4395 59);
2432 4337 2487 4381 et
2518 4326 2571 4380 in
2597 4327 2805 4397 peccati
2830 4327 3084 4398 abyssum
3129 4327 3446 4384 irreiiieabi—

1866 4417 1970 4472 lem
1997 4424 2051 4471 et
2089 4417 2207 4471 sine
2240 4415 2406 4471 fundo
2437 4427 2487 4472 te
2508 4416 2710 4487 iecisti.
2747 4414 2880 4471 Vere
2901 4417 3130 4489 abyssus
3166 4425 3292 4472 sunt
3320 4431 3449 4488 pec«

1868 4517 1985 4564 cata
2016 4523 2157 4576 mea,
2181 4508 2309 4579 quia
2357 4508 2924 4579 incomprehensibilia
2961 4517 3089 4564 sunt
3131 4509 3367 4580 pondere
3388 4519 3444 4566 et

164 4594 424 4659 carcere,
454 4597 555 4652 sub
605 4597 688 4652 his
721 4599 959 4654 tenebris
988 4609 1041 4652 et
1086 4600 1188 4653 hoc
1229 4598 1502 4669 pondere?
1524 4599 1619 4653 Cni
1652 4599 1754 4655 nisi
1788 4576 1836 4636 θ
1861 4576 2730 4670 ριοΐιιιιᾰίιιιιὲ;ξθιἰιιεξειὶιιιιιιιίιίιι
2753 4609 2877 4655 sunt
2897 4576 3442 4656 numero-etimmcn-

166 4690 431 4745 districto
468 4688 662 4757 indici,
703 4701 758 4745 et
807 4690 1105 4745 tortoribus
1135 4690 1350 4752 vestris,
1380 4698 1436 4743 et
1470 4690 1757 4744 tormentis

159 4780 431 4837 mternis?
460 4781 580 4848 Cui,
612 4783 716 4838 nisi
749 4782 957 4839 carceri
1007 4780 1226 4848 inferni,
1256 4790 1311 4837 et
1344 4780 1571 4837 vinculis
1609 4795 1754 4837 sein-

104 4895 153 4949 ,ἓ
168 4972 173 4975 ,

243 5081 344 5114 ³⁸⁷⁸
386 5079 730 5135 Aliundantia
771 5095 896 5134 mss.
948 5075 1333 5132 abundantiam

155 5151 434 5208 dilectum
503 5150 817 5205 dilectorem
864 5159 1013 5203 tuum
1071 5163 1172 5200 ms.
1243 5143 1569 5199 Sitit-Germ.
1625 5157 1806 5195 meum
1856 5141 2111 5195 tlilccttnii
2160 5151 2307 5195 tuum

1495 5214 1589 5244 ²⁰⁷³
1640 5210 1770 5265 Tum
1824 5210 2075 5265 aﬂ'ectum
2133 5228 2258 5265 mss.
2296 5210 2415 5266 Bec.
2476 5211 2607 5265 Vict.
2649 5208 2831 5264 Curtii.
2907 5208 3132 5265 Valluc.
3181 5222 3228 5264 et
3290 5209 3436 5265 Flor.

152 5236 356 5289 neque
380 5230 654 5289 expectes
692 5236 788 5273 ms.
852 5217 1109 5289 Val-(uc.
1135 5218 1281 5270 omit.
1320 5230 1385 5270 ne

153 5288 281 5346 tum
327 5288 579 5355 elTectutii

154 5359 419 5416 Val-(uc.
482 5369 534 5413 et
584 5358 735 5414 Flor.
792 5357 1126 5414 illiberabilis

200 5432 326 5484 nita
435 5429 530 5460 “’7
585 5430 753 5484 Hodie
808 5431 974 5484 venit.
1020 5425 1359 5480 uiss.'hodie
1386 5426 1493 5481 erit

197 5502 317 5555 aiis
425 5499 518 5531 ²⁰⁷⁹
563 5500 724 5556 Vobis
750 5498 952 5554 credidi
1005 5513 1131 5551 mas.
1174 5495 1328 5549 vobis
1362 5510 1447 5549 me
1485 5492 1688 5549 credidi

682 5289 778 5321 ²⁰⁷δ
831 5288 973 5344 Usus
1021 5286 1276 5364 vitiorum
1309 5284 1608 5364 ﬂevacuavit
1647 5297 1785 5364 μηδι.
1837 5296 1936 5334 usu
1978 5280 2230 5362 viti-orum
2264 5282 2503 5362 .evanuit
2628 5281 2722 5313 '°"
2775 5280 3056 5363 "liberalis
3110 5297 3234 5335 mss.

1233 5354 1328 5386 ²⁰⁷⁶
1378 5356 1584 5424 Cuique
1646 5353 1866 5419 inquam
1936 5362 2030 5432 est.
2066 5353 2349 5432 incognita.
2384 5368 2508 5433 nisi.
2561 5366 2729 5436 prope
2779 5360 2863 5406 est
2917 5353 3135 5432 inquam
3186 5359 3242 5405 et
3287 5353 3437 5406 inco-

1236 5425 1359 5478 odie
1386 5426 1493 5478 erit
1598 5422 1695 5455 ⁸⁷⁷⁸
1740 5420 2105 5476 Tradehaiis..
2159 5422 2455 5478 tradidistis
2502 5439 2601 5478 ms.
2646 5422 2803 5477 Loro.
2834 5422 3204 5476 ‘traliebatis..
3257 5422 3437 5475 trahe-

1795 5449 2105 5476 raucuuuau
2160 5449 2455 5478 bl'illlltllaua
2502 5449 2601 5478 τηε.
2646 5449 2803 5477 υυισ.
2862 5449 3204 5476 ιιαιιευιιιιθ..
3258 5449 3431 5475 ιιῑιυυ·

1795 5490 1893 5523 ’⁸⁸⁸
1948 5490 2180 5545 Adhibui
2238 5492 2391 5546 vobis
2436 5509 2559 5548 mss.
2607 5492 2743 5547 Vict.
2792 5492 2952 5546 habui
3001 5492 3052 5546 in
3105 5490 3256 5545 vobis
3306 5506 3431 5544 mss.

1869 4688 2192 4757 sitate.'Quai
2214 4689 2443 4762 abyssus
2470 4690 2828 4748 irreineabilis
2851 4691 3101 4762 est,‘quia
3129 4692 3444 4747 nullusinde
3485 4743 3489 4746 ,

1856 4780 1997 4836 redit
2016 4780 2133 4848 "3",
2156 4782 2257 4836 nisi
2282 4797 2377 4851 per
2397 4782 2631 4852 gratiam
2658 4783 2994 4848 retrahatur;
3018 4791 3070 4837 et
3100 4783 3217 4838 sine
3249 4782 3437 4847 fundo,

1452 4936 1689 4995 VARUS
1729 4933 2132 4993 LECTIONES.

1440 5073 1536 5106 ¹⁰⁷¹
1590 5071 1769 5127 Meum
1817 5071 2131 5126 dilectorem
2168 5079 2319 5126 tuum
2346 5089 2468 5126 mss.
2525 5071 2654 5125 Vici.
2700 5068 2932 5124 Valoiuc.
2977 5082 3027 5125 et
3060 5068 3209 5124 Flor.
3259 5084 3449 5127 meum.

2417 5143 2513 5176 ὀν’
2559 5142 2635 5197 Ne
2683 5150 2935 5209 expectes
2990 5158 3088 5194 ms.
3157 5138 3284 5194 Vici.
3348 5142 3436 5195 l6.

2628 5281 2722 5313 ’°"
2775 5280 3056 5337 Illiberalis
3110 5297 3234 5335 mss.
3299 5280 3434 5345 Vict,

154 5569 425 5628 Val-lue.
456 5580 503 5624 et
535 5569 679 5623 Flor.
707 5569 871 5625 habiti
897 5569 1046 5623 vobis
1116 5566 1209 5598 ’⁸⁸³
1240 5564 1413 5619 Meum
1445 5564 1774 5619 horrendum
1818 5578 1945 5617 mas.
1984 5559 2119 5614 Vict.
2173 5559 2402 5616 Val-lac.
2432 5574 2479 5617 et
2509 5561 2657 5617 Flor.
2707 5578 2900 5617 nomen
2934 5560 3264 5616 horrendum
3339 5560 3434 5593 ²⁰⁸¹

144 5643 306 5699 Erat
350 5650 675 5694 tormentum
706 5652 832 5694 mss.
860 5648 979 5695 erat
1002 5637 1199 5707 eligere
1230 5645 1552 5707 tormentum
1626 5633 1726 5707 ’Ἢ
1753 5633 1871 5707 Ipsa
1901 5632 2144 5707 sobrina.
2185 5630 2321 5707 Vici.
2352 5633 2406 5688 ὅ.
2439 5636 2561 5707 quia
2593 5633 2716 5707 sola
2778 5632 2873 5707 "8:
2897 5629 3018 5707 Ἰξιϋῇ
3045 5631 3432 5707 t_imenda_ii_m.

141 5697 271 5768 tibi
306 5710 528 5765 vitanda
602 5710 697 5742 ²⁰⁸⁸
727 5709 1023 5778 Subjiceret
1057 5697 1115 5764 se
1156 5725 1254 5761 ins.
1297 5703 1563 5778 ηιμ-16.Δ
1588 5697 1807 5778 subjicit
1854 5718 1913 5757 se
1987 5700 2094 5778 ‘_"‘_
2112 5702 2219 5756 Sua
2255 5697 2613 5778 factori'mss.
2661 5702 2792 5757 Vici.
2831 5702 2886 5757 ’5.
2919 5699 3154 5755 Val—luo.
3184 5709 3234 5756 et
3277 5697 3429 5756 Flor.

139 5798 271 5840 suo
298 5780 495 5836 factori
527 5797 627 5836 ms.
668 5780 804 5834 Vici.
838 5780 923 5834 t6.
969 5781 1114 5833 omit.
1147 5794 1245 5833 sua

468 5877 738 5942 PATROL,
787 5874 1055 5938 CLVIII.

1317 5775 1409 5807 ²⁰⁸⁷
1445 5773 1602 5829 Unde
1647 5769 1784 5828 rédit
1831 5790 1956 5827 mss.
2004 5769 2129 5826 inde
2177 5772 2316 5827 redit

2913 5867 2993 5927 32
