4048 6288
572 296 714 360 1005

931 302 990 359 S.
1030 298 1333 357 ANSELMI
1371 294 1725 355 CANTUAR.
1764 290 2088 349 AﬂClllEP.
2119 246 2493 347 0P9.-PARS
2528 288 2593 344 ll.
2619 287 3090 360 —,PAR:ENET.
3113 289 3203 347 ET
3234 280 3481 352 ASCET.

3696 293 3829 353 {006

463 471 472 477 .
569 421 695 491 quia
717 420 807 490 qui
830 425 1023 490 sponte
1043 417 1140 450 ἠδ
1161 426 1369 488 peccat,
1396 414 1591 471 merito
1611 414 1665 468 in
1693 409 1965 467 infinitum
1985 404 2151 473 cadit,
2183 409 2228 466 Α
2253 406 2399 460 Bone
2449 405 2610 471 Deus,
2641 405 2821 461 omnia
2854 404 2974 462 btec
3024 406 3205 462 fecisti
3258 405 3312 461 in
3339 406 3567 479 abysso;
3622 419 3679 464 et
3728 424 3832 466 non

569 517 613 570 si
660 525 774 570 'non
840 526 936 583 per
990 509 1414 567 misericordiam
1474 507 1788 563 retineatur.
1847 501 1892 558 Ο
1933 502 2148 571 abyssus

568 597 1053 669 abyssum-invocat
1098 593 1270 666 (Psal.
1311 608 1425 659 xu,
1461 592 1518 663 8)
1566 597 1784 661 peccata
1834 587 1983 643 mea!
2040 595 2150 642 tor-

567 698 749 743 menta
768 685 864 718 ¹⁶⁸⁹
886 699 1122 756 quoque,
1144 684 1341 755 quibus
1364 697 1452 737 me
1473 681 1722 747 servatis,
1745 679 1971 750 abyssus
1998 683 2145 742 sunt;

565 776 691 846 quia
745 776 954 831 infinita
1003 785 1060 831 et
1110 773 1330 831 omnino
1375 768 1943 842 incomprehensibilia
1999 775 2144 824 sunt.

564 870 685 935 Vae,
714 883 902 924 carcer
929 877 986 924 et
1013 866 1248 932 vincula,
1284 867 1518 921 tenebrae
1540 873 1594 919 et
1635 862 1871 934 pondera
1900 866 2150 930 peccato-

564 976 685 1015 rum
744 959 1023 1015 terrebant
1074 971 1161 1012 me
1188 956 1309 1022 '°’°;
1342 954 1437 1011 sed
1489 952 1616 1013 mali
1668 950 1799 1006 nulli
1852 950 1946 982 ¹⁰⁹¹
2006 947 2148 1003 malo

562 1050 945 1120 comparabilis
992 1063 1181 1105 servus
1210 1048 1387 1103 factus
1416 1061 1533 1101 sum
1562 1059 1579 1098 :
1607 1053 1662 1100 et
1690 1043 1770 1099 sic
1808 1041 1861 1097 in
1893 1041 2145 1112 abyssum

560 1156 775 1197 mersus
794 1156 935 1205 sum,
949 1149 1005 1194 et
1028 1154 1150 1194 cum
1173 1139 1276 1193 hac
1303 1135 1531 1193 dolenda
1555 1133 1833 1197 servitute,
1850 1139 1906 1188 et
1926 1132 2142 1201 abysso,

561 1235 615 1289 in
637 1236 859 1288 alteram
890 1233 1145 1303 abyssum
1192 1229 1534 1300 sepeliendus
1560 1242 1700 1284 sum.
1733 1223 1826 1280 Vae
1855 1238 2018 1294 super
2040 1238 2142 1289 vae;

560 1326 728 1380 timor
775 1339 940 1393 super
981 1323 1265 1387 timorem;
1297 1318 1448 1375 dolor
1494 1333 1655 1388 super
1701 1317 1964 1372 dolorem.
2002 1314 2146 1371 Ecce

560 1418 716 1472 tertia
747 1418 994 1488 abyssus,
1020 1422 1077 1468 et
1113 1414 1227 1483 ipsa
1272 1412 1433 1467 nimis
1474 1410 1775 1466 terribilis:
1796 1408 2007 1479 judicia
2048 1406 2142 1463 Dei

558 1509 777 1578 abyssus
801 1506 967 1561 multa
997 1504 1170 1576 (Psal.
1199 1519 1364 1572 xxxv,
1391 1503 1479 1573 7);
1505 1502 1687 1559 forsan
1718 1503 1773 1556 in
1796 1518 1915 1556 voce
1951 1501 2142 1556 harum

557 1609 945 1654 cataractarum
992 1597 1210 1667 abyssus
1255 1608 1372 1649 mea
1422 1596 1666 1665 abyssum
1719 1595 1924 1648 invocat
1967 1591 2139 1663 (Psal.

557 1706 669 1755 xu,
694 1690 767 1759 8).
801 1688 1101 1744 Cataractae
1132 1685 1357 1742 occultae
1393 1694 1539 1750 sunt,
1569 1683 1773 1753 judicia
1803 1683 1895 1739 Dei
1929 1684 2140 1739 occulta

2251 496 2405 552 audis
2431 494 2759 551 clamantem
2802 496 2868 552 de
2899 495 3129 568 abysso?
3160 496 3287 552 [late
3325 497 3708 566 pneveniendo
3739 498 3832 536 ³⁸⁸⁷

2251 586 2475 659 ι’υείιίνο
2529 596 2621 643 tuo
2649 587 2744 619 ¹⁰⁹⁸
2772 587 2979 655 fecisti;
3007 595 3064 644 et
3118 602 3224 646 non
3281 589 3629 659 subsequeris
3684 593 3748 647 ad
3781 601 3834 650 te

2251 680 2448 735 reverti
2470 678 2760 747 volentem,
2782 687 2842 734 ut
2867 680 3115 749 perlicias
3134 678 3280 749 quod
3316 679 3624 750 inrmpisti?

2321 771 2468 827 Bone
2517 771 2764 837 Domine,
2821 761 3028 841 gratias
3083 770 3200 826 tibi.
3252 769 3389 824 Vere
3428 770 3726 841 quzesivisti
3776 772 3830 827 in

2248 862 2442 934 abysso
2487 862 2756 932 perditum
2803 870 2953 915 tuum
2984 878 2999 914 :
3028 871 3084 916 et
3131 860 3408 927 invenisti,
3436 876 3597 930 quem
3645 863 3717 916 ita
3765 864 3833 918 de

2246 955 2487 1025 peccatis
2512 954 2626 1011 suis
2646 953 2981 1009 exterruisti.
3007 953 3110 1009 Per
3157 955 3350 1008 merita
3396 954 3571 1009 sancti
3616 954 3829 1013 Martini

2248 1047 2431 1104 dilecti
2462 1047 2560 1113 tui,
2587 1048 2754 1103 reduc
2780 1048 2849 1102 de
2875 1047 3073 1116 abysso
3098 1056 3465 1117 peccatorum,
3493 1062 3656 1118 quem
3684 1064 3831 1119 qua-

2247 1138 2410 1193 situm
2452 1136 2703 1194 invenisti
2731 1136 3003 1207 perditum
3032 1146 3215 1204 tuum;
3248 1152 3318 1194 ne
3359 1138 3556 1209 perdas
3603 1139 3834 1211 amplius

2247 1231 2521 1287 inventum
2552 1239 2722 1298 tuum,
2754 1243 2821 1285 ne
2848 1229 2900 1285 in
2921 1231 3122 1301 abysso
3145 1228 3366 1294 inferni,
3390 1229 3484 1286 ubi
3511 1229 3719 1286 nullum
3745 1231 3835 1287 in-

2246 1326 2418 1390 venis,
2449 1325 2642 1394 perdas
2669 1323 2946 1393 quaesitutn
2975 1337 3031 1378 et
3075 1323 3356 1379 inventum
3410 1335 3627 1378 servum
3657 1333 3831 1380 tuum.

2245 1417 2441 1484 Audio,
2474 1415 2720 1480 Domine,
2743 1414 2870 1483 quia
2895 1414 3054 1484 iubes
3077 1429 3165 1470 me
3191 1413 3394 1476 redire,
3426 1413 3521 1467 sed
3547 1413 3834 1470 miserabi-

2244 1510 2370 1565 liter
2402 1509 2617 1581 ligatus,
2648 1518 2704 1562 et
2729 1505 2901 1561 nimio
2919 1505 3157 1576 pondere
3182 1512 3440 1576 gravatus
3478 1519 3586 1560 non
3613 1519 3835 1575 possunt

2246 1618 2310 1657 ex
2322 1615 2418 1657 ire.

2318 1693 2450 1760 Sed,
2477 1709 2510 1749 o
2532 1701 2720 1747 sancte
2740 1688 2993 1755 Martine,
3013 1703 3111 1745 cur
3133 1703 3263 1760 ergo
3284 1701 3385 1759 per
3398 1688 3591 1743 merita
3620 1696 3709 1743 tua
3733 1704 3837 1746 oro

555 1795 678 1834 sunt
712 1804 725 1834 :
763 1781 991 1850 abyssus
1021 1779 1201 1850 agitur
1225 1778 1480 1849 abyssum
1503 1777 1554 1831 in
1585 1791 1721 1832 voce
1739 1784 2133 1832 cataractarum
2170 1775 2211 1834 Β
2242 1787 2409 1843 Deum
2441 1804 2455 1839 ε
2487 1800 2609 1841 cum
2634 1792 2687 1839 ιθ
2716 1782 2909 1841 melius
2941 1782 3045 1837 hoc
3070 1781 3266 1852 possis,
3293 1780 3384 1850 qui
3406 1793 3468 1834 es
3499 1787 3628 1844 3mg
3658 1781 3829 1834 eum?

556 1871 649 1926 Dei
686 1872 921 1939 invocat,
944 1871 1068 1940 quia
1098 1878 1442 1940 peccatorum
1484 1869 1711 1940 abyssus
1748 1876 2135 1921 tormentorum

555 1966 808 2035 abySsum
837 1973 1096 2028 meretur,
1138 1962 1282 2032 quod
1314 1960 1517 2039 iudicia
1547 1960 1642 2015 Dei
1675 1958 2044 2030 pronuntiant.
2079 1958 2135 2013 Si

552 2064 776 2125 peccata
828 2068 946 2108 mea
990 2068 1107 2125 [non
1152 2060 1334 2107 essent
1381 2052 1634 2124 abyssus,
1669 2051 1903 2105 timenda
1956 2059 2135 2105 tamen

556 2146 782 2201 multum
830 2154 950 2199 erat
992 2143 1317 2213 iudiciormn
1348 2135 1443 2197 Dei
1492 2143 1719 2214 abyssus
1765 2141 1961 2205 multa;
2003 2156 2139 2209 quo-

555 2238 702 2292 niam
728 2250 890 2307 supra
923 2236 1220 2291 humanum
1256 2248 1475 2289 sensum
1506 2243 1631 2288 sunt
1664 2232 1898 2289 occulta.

624 2327 779 2383 Nunc
826 2328 957 2400 ergo
979 2327 1073 2359 ²⁰⁹¹
1094 2325 1296 2396 iudicia
1322 2325 1418 2381 Dei
1470 2324 1717 2397 abyssus,
1741 2332 1962 2396 peccata
2016 2338 2136 2380 mea

555 2421 802 2493 abyssus,
835 2420 1012 2478 debita
1043 2419 1173 2475 mibi
1214 2428 1482 2476 tormenta
1513 2419 1759 2490 abyssus,
1790 2411 2020 2488 abyssus
2048 2415 2137 2484 iu-

552 2511 816 2567 diciorum
845 2526 908 2567 os
958 2525 1123 2582 super
1150 2510 1247 2545 ¹⁰⁶³
1278 2523 1387 2576 me,
1429 2509 1657 2580 abyssus
1703 2506 1900 2562 inferni
1950 2506 2139 2560 subtus

552 2619 663 2673 me,
696 2603 923 2675 abyssus
958 2611 1299 2675 peccatorum
1336 2602 1390 2657 in
1431 2616 1537 2672 qua
1566 2614 1706 2666 sum,
1738 2607 1795 2654 et
1847 2598 1961 2669 ipsa
1998 2598 2138 2652 intra

552 2709 658 2748 me.
704 2694 849 2749 Illam
896 2710 1020 2766 quae
1064 2709 1226 2765 supra
1265 2693 1512 2748 imminet
1537 2690 1635 2724 'm
1657 2691 1840 2758 timeo,
1869 2706 1937 2746 ne
1970 2690 2023 2744 in
2052 2703 2139 2744 me

552 2788 745 2854 irruat,
778 2799 833 2845 et
874 2804 962 2844 me
984 2804 1105 2844 eum
1146 2790 1341 2861 abysso
1367 2803 1485 2844 mea
1510 2788 1563 2842 in
1595 2787 1765 2853 illam,
1796 2801 1918 2856 quae
1944 2785 2138 2842 subtus

550 2886 720 2947 patet,
751 2879 961 2942 obruat,
988 2879 1080 2934 ubi
1111 2886 1378 2934 tormenta
1409 2893 1687 2949 nunquam
1719 2885 1941 2947 peccata
1988 2874 2137 2931 dele-

553 2969 721 3034 bunt;
744 2969 838 3024 sed
866 2977 1087 3039 peccata
1112 2982 1327 3037 semper
1358 2975 1622 3022 tormenta
1656 2966 1962 3029 tenebunt.i
1992 3018 1995 3021 ,

624 3053 808 3123 Miser,
861 3054 946 3111 cui
977 3056 1199 3126 peccavi
1236 3054 1365 3109 "3'?
1392 3070 1502 3126 quo
1544 3054 1769 3110 deveni?
1808 3069 1916 3124 quo
1965 3054 2073 3111 abii
2101 3069 2133 3109 a

552 3143 696 3200 Deo?
720 3144 808 3200 ubi
836 3146 1077 3217 perditus
1108 3161 1226 3201 sum
1251 3146 1321 3201 ab
1344 3146 1445 3201 eo?
1472 3144 1604 3213 Quis
1627 3161 1712 3201 me
1749 3145 1803 3199 in
1828 3144 2024 3217 abysso
2050 3145 2135 3199 ia-
2164 3139 2208 3200 C

554 3247 639 3292 ter
664 3237 889 3307 abyssos
907 3236 1147 3307 quaeret?
1172 3238 1278 3291 Aut
1308 3236 1577 3307 perditum
1606 3235 1699 3291 Dei
1723 3236 1843 3306 quis
1864 3234 2137 3291 inveniet?

552 3334 644 3380 aut
674 3326 797 3394 quis
824 3334 976 3381 extra
1021 3328 1276 3398 abyssum
1312 3335 1666 3397 peccatorum
1697 3326 1847 3381 audit
1893 3325 2137 3382 claman-

551 3428 662 3472 tem
711 3419 776 3472 de
804 3418 1071 3488 profundo
1098 3418 1321 3474 eorum?
1352 3418 1481 3484 Sed,
1510 3433 1544 3473 o
1573 3425 1630 3473 tu
1652 3418 1899 3484 Domine,
1928 3417 2020 3488 qui
2056 3416 2139 3472 in-

552 3510 722 3563 tueris
767 3508 1014 3579 abyssus,
1071 3525 1170 3580 quo
1216 3508 1291 3564 ivi
1338 3526 1370 3563 a
1406 3508 1592 3579 spiritu
1620 3518 1733 3576 tuo,
1768 3519 1816 3563 et
1874 3525 1977 3580 quo
2026 3508 2135 3580 fugi

554 3619 587 3655 a
612 3602 747 3671 [acie
770 3601 1075 3658 tua?Certe
1096 3618 1203 3657 non
1239 3602 1329 3657 ubi
1354 3602 1530 3657 adhuc
1567 3616 1711 3669 sum,
1743 3602 1902 3667 abes;
1933 3602 2060 3671 quia
2084 3612 2135 3656 et

552 3691 599 3746 si
646 3691 979 3760 descendere,
1002 3692 1057 3747 in
1080 3693 1342 3763 infernum
1388 3692 1513 3747 ades
1545 3691 1720 3765 (Paul.
1747 3707 2007 3759 cxxxvm,
2054 3692 2130 3761 8).

552 3783 618 3836 Et
653 3784 695 3838 si
727 3798 828 3854 ego
861 3785 1109 3854 nequiter
1141 3783 1250 3855 fugi
1281 3793 1355 3849 te,
1384 3791 1440 3838 et
1467 3783 1519 3837 in
1542 3783 1738 3855 abysso
1762 3799 1881 3838 mea
1912 3784 2135 3837 damna-

552 3874 1003 3931 biliterabseondi
1029 3891 1140 3941 me;
1164 3876 1254 3930 ubi
1279 3891 1495 3946 quoque
1513 3875 1661 3930 vides
1685 3890 1789 3930 me.
1815 3874 1947 3943 Quis
1966 3875 2133 3941 enim,

551 3966 655 4021 nisi
688 3974 765 4030 tu,
795 3966 862 4019 ad
908 3965 1275 4034 paenitendum
1302 3972 1482 4019 movet
1520 3963 1755 4018 animam
1787 3964 2000 4018 meam?
2027 3963 2139 4019 Aut

552 4068 608 4113 tu
644 4057 913 4128 quomodo
936 4071 1120 4112 moves
1148 4070 1293 4123 eam,
1326 4056 1372 4111 si
1414 4056 1466 4111 in
1494 4056 1690 4126 abysso
1724 4071 1820 4111 sua
1853 4072 1957 4111 non
1984 4056 2138 4111 vides

551 4150 714 4205 eam?
745 4148 890 4205 Bone
920 4149 1164 4212 Domine,
1194 4157 1249 4203 tu
1277 4147 1504 4218 pulsasti
1543 4156 1598 4202 et
1624 4148 1873 4203 exeitasti
1916 4162 2037 4203 eam
2082 4149 2135 4202 in

553 4243 752 4313 abysso
775 4242 1094 4297 delictorum
1139 4255 1383 4308 suorum,
1415 4239 1564 4296 velut
1592 4241 1645 4294 in
1688 4239 1829 4296 lecto
1856 4240 2135 4296 dormien-

555 4339 687 4385 tem.
716 4329 794 4384 Tu
844 4331 1163 4386 concussisti
1213 4339 1542 4401 torpentem,
1591 4340 1649 4387 tu
1693 4332 1989 4388 sollicitasti
2038 4346 2137 4386 ne-

552 4422 866 4494 gligentem,
893 4434 945 4479 tu
976 4425 1150 4479 fecisti
1180 4425 1529 4493 pmnitentem
1553 4427 1694 4482 unde
1709 4425 2131 4495 iucundabatur,

2238 1878 2439 1934 Precor
2469 1886 2542 1943 te,
2566 1875 2780 1933 domine
2808 1873 2926 1940 ’°”,
2950 1888 3046 1943 per
3072 1887 3268 1928 nomen
3297 1870 3436 1940 ejus,
3467 1885 3537 1925 ne
3566 1872 3836 1928 avertaris

2238 1987 2397 2043 quem
2442 1970 2559 2040 ipse
2584 1968 2694 2037 iam
2719 1967 2813 1999 ²¹⁰⁰
2837 1964 3096 2036 respexit,
3154 1964 3404 2034 quamvis
3430 1978 3585 2020 reum
3613 1978 3831 2039 sertum

2237 2061 2382 2131 eius;
2412 2059 2603 2115 adesto
2631 2056 2788 2124 milii,
2815 2070 2963 2126 rogo,
2995 2060 3135 2124 apud
3180 2054 3370 2118 Deum,
3402 2067 3509 2108 non
3554 2063 3612 2107 ut
3638 2051 3831 2108 defen-

2237 2153 2336 2209 das
2390 2167 2497 2219 me,
2533 2149 2627 2206 sed
2668 2157 2729 2203 ut
2781 2162 2906 2204 ores
2951 2161 3051 2218 pro
3094 2161 3199 2201 me.
3259 2144 3488 2200 Peeeata
3522 2144 3666 2199 enim
3705 2158 3835 2200 mea

2238 2259 2419 2301 coram
2468 2258 2537 2299 eo
2589 2256 2699 2297 non
2735 2238 2995 2303 defendo,
3041 2239 3136 2293 sed
3170 2237 3428 2302 ostendo;
3458 2250 3563 2291 non
3598 2250 3832 2301 excuso,

2239 2335 2333 2391 sed
2357 2347 2573 2389 accuso.
2598 2331 2712 2403 Ego
2735 2346 2853 2385 sum
2887 2342 3035 2395 reus,
3056 2342 3157 2400 ego
3195 2327 3311 2398 ipse
3342 2341 3463 2381 sum
3507 2327 3607 2382 sub
3645 2325 3737 2381 illo
3773 2335 3833 2381 et

2238 2442 2336 2498 pro
2371 2425 2461 2479 illo
2495 2432 2780 2479 accusator
2804 2436 2976 2476 meus.

2309 2515 2471 2586 297
2498 2511 2612 2568 Non
2645 2519 2864 2567 accuset
2891 2525 2998 2577 me,
3029 2509 3121 2579 qui
3153 2508 3278 2565 feeit
3312 2523 3429 2575 me;
3460 2506 3607 2563 solus
3636 2505 3834 2563 διισεοί

2239 2609 2305 2664 ad
2336 2605 2691 2679 peccandum,
2721 2603 2871 2659 solus
2898 2600 3157 2659 sutliciam
3188 2603 3256 2657 ad
3282 2600 3646 2657 accusandum
3678 2618 3691 2655 :
3724 2600 3832 2656 de-

2239 2703 2405 2773 nique
2433 2699 2476 2757 si
2501 2698 2666 2769 iudex
2690 2706 2775 2753 est
2799 2698 2865 2751 ad
2890 2695 3241 2766 iudicandum
3276 2711 3431 2752 reum
3460 2711 3640 2761 suum,
3661 2705 3747 2751 est
3774 2708 3837 2753 et

2242 2795 2501 2852 Dominus
2528 2790 2595 2845 ad
2630 2791 2885 2846 tuendum
2926 2805 3141 2847 servum
3189 2804 3379 2855 suum;
3416 2798 3501 2845 est
3525 2798 3585 2844 et
3602 2788 3841 2845 Creator

2240 2887 2306 2941 ad
2345 2886 2672 2941 servandum
2699 2898 2838 2953 opus
2885 2896 3081 2948 suum;
3128 2890 3204 2938 est
3240 2881 3384 2936 Deus
3416 2880 3482 2935 ad
3509 2878 3839 2935 salvandurn

2240 2976 2548 3032 credentem
2579 2984 2636 3030 et
2664 2973 2993 3043 baptizatum
3023 2986 3202 3025 suum.
3248 2970 3356 3024 Aut
3380 2970 3649 3040 quomodo
3671 2968 3840 3038 iudi-

2240 3064 2386 3120 cabit
2414 3071 2778 3135 peceatorem,
2809 3069 2868 3114 ut
2903 3066 3364 3123 contemnentem,
3390 3057 3483 3127 qui
3514 3073 3571 3112 se
3600 3058 3664 3111 dc
3694 3073 3843 3127 pec-

2240 3155 2378 3211 catis
2404 3155 2659 3210 miserum
2689 3151 2960 3223 cognoscit
2998 3162 3052 3205 et
3078 3149 3277 3205 fatetur
3299 3150 3691 3220 pmnitentem?
3735 3161 3846 3207 aut

2239 3248 2515 3321 quomodo
2537 3244 2820 3302 damnabit
2849 3251 2908 3298 ut
2928 3242 3300 3299 adversarium
3330 3250 3695 3312 peceatorem,
3732 3244 3839 3313 qui

2238 3354 2297 3395 se
2330 3352 2586 3410 peccasse
2613 3334 2782 3402 dolet,
2816 3341 2873 3389 et
2906 3332 3044 3403 fugit
3075 3333 3142 3387 ad
3180 3340 3286 3386 tam
3326 3333 3561 3387 amicum
3590 3330 3708 3401 eius
3750 3336 3846 3387 in-

2239 3427 2628 3486 tercessorem?
2673 3427 2834 3492 Deus,
2868 3425 2923 3479 in
2959 3434 3011 3479 te
3037 3438 3179 3494 pono
3208 3439 3359 3494 spem
3398 3439 3594 3478 meam.
3621 3422 3842 3480 Sancte

2237 3519 2495 3585 Martine,
2551 3518 2646 3574 tibi
2702 3516 2984 3573 committo
3033 3513 3334 3570 orationem
3388 3528 3588 3568 meam.
3644 3512 3843 3585 Super

2237 3609 2425 3663 ambos
2445 3606 2593 3676 iacto
2624 3620 2811 3661 curam
2841 3618 3052 3670 meam;
3085 3603 3196 3660 imo
3223 3603 3378 3657 vobis
3415 3604 3506 3635 ¹¹⁹¹
3529 3601 3675 3672 iacto
3706 3606 3843 3660 ani-

2194 3720 2203 3777 ;
2237 3714 2381 3754 mam
2414 3713 2612 3765 meam,
2644 3697 2748 3751 hoc
2775 3703 2879 3760 est,
2911 3694 3053 3765 quod
3101 3709 3131 3749 ει
3162 3708 3250 3749 me
3275 3693 3451 3765 magis
3488 3693 3734 3762 exigitis,
3780 3706 3842 3751 tu

2192 3780 2195 3786 ’
2231 3789 2490 3862 iubendo,
2523 3796 2579 3842 tu
2608 3785 2965 3843 consulendo.
3004 3783 3274 3853 Suscipite
3298 3798 3422 3838 eam
3449 3783 3725 3837 vobis'm
3748 3786 3843 3854 μ.

2238 3890 2465 3945 elatam,
2516 3879 2714 3935 habete
2768 3891 2889 3933 eam
2938 3876 3093 3932 vobis
3141 3883 3492 3945 prostratam.
3557 3873 3842 3933 Reducite

2240 3986 2360 4027 eam
2386 3970 2480 4001 ’⁸⁸³
2506 3969 2572 4024 de
2600 3968 2797 4040 abysso
2828 3975 3170 4037 peccatorum
3197 3982 3210 4018 :
3239 3980 3401 4035 quam
3426 3965 3713 4034 quaesitam
3754 3968 3843 4021 in-

2236 4059 2463 4116 venistis
2492 4056 2783 4129 perditam,
2811 4071 2880 4112 ne
2908 4053 3150 4126 perdatis
3194 4053 3492 4109 inventam.
3532 4051 3839 4111 Custodite

2237 4165 2379 4216 eam,
2410 4162 2535 4205 eum
2575 4146 2818 4213 dormio;
2855 4154 3069 4201 servate
3097 4159 3240 4211 eam,
3285 4158 3409 4199 cum
3451 4142 3595 4197 aliud
3637 4141 3836 4213 facio;

2238 4246 2419 4301 videte
2466 4257 2608 4307 eam,
2654 4255 2777 4297 cum
2825 4238 2971 4293 aliud
3019 4238 3198 4309 cogito
3233 4255 3247 4291 :
3284 4245 3347 4303 ιιι¹
3388 4250 3484 4307 per
3511 4238 3841 4293 concessio-

2238 4349 2361 4391 nem
2387 4332 2505 4400 “°‘,
2536 4343 2590 4388 tu
2624 4346 2722 4401 per
2757 4330 3230 4393 intercessionem,
3276 4335 3333 4380 tu
3371 4335 3591 4396 propter
3624 4329 3839 4383 merita

2240 4428 2313 4481 tui
2361 4437 2468 4481 tam
2518 4422 2703 4480 dilecti
2728 4419 2825 4453 ¹¹⁰³
2850 4420 3205 4485 confessoris,
3254 4426 3311 4474 lu
3352 4427 3574 4488 prepter
3625 4433 3839 4476 nomen

553 4524 610 4570 et
652 4516 918 4571 dolentem
954 4517 1097 4571 unde
1141 4516 1525 4571 delectabatur.
1560 4517 1662 4586 Tu,
1713 4494 1771 4573 ut
1812 4528 2020 4589 peteret
2042 4518 2137 4550 ²⁰⁹⁶
2173 4494 2214 4548 D
2246 4518 2321 4574 tui
2356 4526 2411 4572 et
2449 4516 2556 4572 mei
2591 4514 2890 4579 Creatoris,
2925 4512 3016 4581 qui
3061 4518 3140 4566 es“
3170 4509 3264 4542 ¹¹⁰⁶
3285 4508 3608 4565 benedictus
3641 4508 3707 4563 in
3739 4526 3842 4567 sa:-

554 4606 991 4676 intercessorem,
1042 4608 1388 4677 consuluisti;
1419 4620 1475 4666 tu
1523 4610 1598 4666 illi
1648 4624 1771 4666 eum
1819 4608 2134 4665 exbibuisti.

2245 4606 2387 4663 cula.
2425 4606 2618 4660 Anien.

1850 4718 2082 4778 VARUS
2123 4717 2525 4774 LECTIONES.

610 4816 706 4850 ’(⁵⁸⁸
722 4816 864 4889 Quia
889 4818 978 4887 qui
998 4825 1191 4889 sponte
1210 4832 1311 4872 ms.
1334 4814 1469 4871 Vict.
1489 4815 1577 4871 16.
1593 4814 1716 4886 quia
1743 4789 1787 4870 si
1811 4822 2005 4884 sponte
2042 4811 2137 4843 ¹⁰⁸⁹
2158 4809 2202 4866 Ο
2225 4809 2590 4889 abysst-t‘s‘guze
2608 4808 2861 4889 abyssum
2876 4805 3089 4889 invocat
3114 4814 3334 4889 peccata
3358 4818 3475 4889 mea
3487 4800 3845 4889 {Incipe-nia

553 4905 680 4942 mss.
706 4872 999 4958 O~abyslsus
1020 4872 1271 4958 abyssum
1300 4888 1542 4958 invocat!
1585 4872 1807 4958 peccata
1830 4872 1976 4958 mea;
2003 4872 2313 4958 tormenta:
2342 4879 2435 4911 ὀνο
2458 4872 2767 4958 Traliebaut
2791 4889 2876 4958 me
2900 4892 3023 4929 mss.
3047 4872 3432 4958 ter—rebar}.an
3462 4872 3600 4958 υ¹ξ⁹¹
3626 4872 3845 4930 Malitia

554 4960 682 5013 nulli
708 4942 991 5012 utssfl’ict.
1009 4942 1107 5012 16Ϊ
1109 4957 1291 5013 Carth.
1319 4955 1552 5011 Val-lue.
1569 4942 1615 5010 ἐι
1648 4954 1794 5009 Flor.
1811 4953 1934 5008 ntali
1951 4942 2077 5008 nulli
2153 4951 2247 5023 ξφ
2266 4949 2418 5005 Nunc
2436 4964 2561 5023 vero
2588 4965 2688 5023 ius.
2715 4946 2869 5001 Corb.
2894 4960 3036 5000 nunc
3051 4960 3206 5023 ergo_
3255 4943 3350 5023 ’Ψ
3375 4942 3726 5023 ,ιιιάξςιοτιιριιι
3752 4962 3847 5023 sn-

555 5011 651 5098 per
672 5011 803 5082 nisi.
838 5011 974 5098 Vict.
999 5011 1142 5082 ωλι
1179 5025 1399 5082 Val-(uc.
1415 5027 1746 5098 iudiciorum
1766 5024 1859 5079 Dei
1887 5038 2049 5098 super
2121 5020 2715 5098 ’_°”Sen_tperininiinet
2737 5033 2863 5071 mss.
2885 5011 3304 5098 superimminet
3331 5030 3458 5098 mss.
3484 5011 3845 5098 Yictliqm‘r.

570 5100 794 5154 l’al-Iuc.
827 5110 872 5153 et
896 5082 1044 5152 Flor.
1064 5113 1223 5166 supra
1248 5082 1494 5152 imminet
1527 5096 1620 5128 ²⁰⁹⁸
1638 5095 1818 5166 Miser,
1837 5082 2161 5166 euijeccavi
2186 5109 2283 5146 ms.
2303 5082 2485 5166 (Idi-(It.
2515 5089 2678 5166 miser
2696 5102 2798 5166 cur
2815 5082 3072 5166 peccavi?
3108 5084 3202 5166 mf
3224 5082 3294 5139 Ut
3313 5092 3524 5166 peteret
3546 5098 3648 5166 nis.
3680 5084 3848 5138 Cors.

556 5152 926 5239 utvpoeuilcret
998 5169 1090 5200 "9"
1130 5152 1504 5223 Perveniendo
1543 5183 1669 5221 mss.
1726 5152 1865 5219 Vict.
1900 5152 2054 5217 F'Ior.
2139 5162 2478 5217 rmvenieudo
2553 5158 2648 5190 ὀη
2695 5152 2946 5225 Fugitive
2990 5169 3149 5209 servo
3174 5163 3265 5235 tuo
3311 5152 3439 5207 nus.
3481 5152 3725 5222 fugitivo
3758 5166 3853 5234 tuo

555 5237 648 5272 ’σθ’
699 5240 899 5294 Precor
959 5249 1031 5294 te.
1077 5247 1264 5294 sancte
1314 5254 1439 5291 mss.
1481 5236 1611 5291 Vict.
1654 5234 1838 5290 Curth.
1869 5244 1917 5289 et
1970 5179 2200 5286 Val-grta
2248 5245 2440 5294 precor
2482 5238 2553 5293 te,
2589 5228 2813 5283 Domine
2886 5226 2980 5258 ²¹⁰⁰
3007 5227 3177 5293 Quem
3221 5238 3335 5294 ipse
3373 5224 3486 5294 ia_m
3520 5238 3656 5275 mss.
3704 5222 3851 5277 Vict.

759 5256 899 5291 'eeor
959 5249 1031 5291 te.
1077 5247 1264 5291 sancte
1314 5254 1439 5291 mss.
1481 5241 1611 5291 Vict.
1654 5241 1838 5290 Curth.
1869 5244 1917 5289 et
1974 5241 2200 5286 Val-mc.
2248 5245 2440 5291 precor
2482 5241 2553 5291 lc,
2591 5241 2813 5283 Domtne
2887 5241 2980 5258 ""
3007 5241 3177 5291 Quem
3221 5241 3335 5291 Ipse
3373 5241 3486 5291 iam
3520 5241 3656 5275 mss.
3710 5241 3851 5277 Vict.

555 5240 648 5272 "9’
699 5240 899 5294 Precor
959 5249 1031 5299 te,
1077 5247 1264 5294 sancte
1314 5254 1439 5291 mss.
1481 5240 1611 5291 Vict.
1654 5240 1838 5290 Curth.
1869 5244 1917 5289 et
1974 5240 2200 5286 Vat-Inc.
2248 5245 2440 5301 precor
2482 5240 2553 5293 te,
2591 5240 2813 5283 Domine
2887 5240 2980 5258 ἰν*
3007 5240 3177 5293 Quem
3221 5240 3335 5293 ipse
3373 5240 3486 5294 iam
3520 5240 3656 5275 mss.
3709 5240 3851 5277 net.

555 5308 850 5380 quemjant
895 5308 1015 5380 ν⁹¹⁰¹
1051 5307 1165 5365 ιιιιο
1191 5308 1341 5380 vobis
1366 5324 1467 5380 nis.
1503 5304 1909 5380 Sun-Genium
1950 5304 2086 5380 etin
2126 5302 2276 5357 vobis
2353 5301 2445 5331 ²¹⁰²
2479 5300 2899 5380 Suscipitencam
2946 5297 3103 5380 vobis
3126 5310 3235 5380 rm.
3260 5290 3542 5380 suffer;
3564 5294 3853 5380 suscipite

556 5360 850 5450 agaso}?
890 5379 945 5434 in
1007 5360 1161 5433 vobis
1190 5360 1326 5450 fl“
1363 5360 1719 5450 Prestratam.
1772 5376 2048 5450 Custodite
2102 5388 2222 5450 eam
2278 5382 2376 5426 etc.
2434 5388 2535 5424 ms.
2581 5360 2863 5450 Sun-Ger.
2918 5360 3857 5450 prostratam.vitellucitefgrlide

557 5431 1149 5521 aiii'ssﬁiécélitqniih;
1176 5446 1347 5516 Quem
1376 5431 1659 5516 quaesitum
1687 5446 1973 5521 invenistis
2004 5445 2300 5521 ριξιηιξιιιιιιἱ
2350 5456 2416 5495 ne
2465 5441 2705 5521 perdatis
2750 5431 3051 5521 inventum.
3093 5434 3381 5521 Custodite
3405 5446 3505 5521 me
3519 5431 3855 5521 “'“Z’ASero

558 5508 684 5573 va'te
710 5508 874 5575 eain..
911 5519 1088 5577 videte
1117 5508 1281 5588 eain.
1314 5508 1495 5588 tu'per
1519 5520 1924 5588 concessionem
1952 5508 2078 5588 mss.
2114 5508 2642 5588 San-_(_.'_et..se‘r_v:‘t_te
2668 5523 2798 5563 me..
2833 5508 3011 5561 videte
3046 5521 3174 5588 me..
3209 5515 3265 5588 tu
3286 5508 3855 5588 percensensipneui

558 5587 657 5622 ³¹⁰⁸
688 5588 878 5645 Merita
931 5590 1008 5643 tui
1056 5598 1165 5643 tam
1210 5577 1416 5641 dilecti.
1454 5604 1552 5641 ms.
1593 5585 1652 5641 S.
1678 5584 1801 5641 Ger.
1863 5587 2055 5642 merita
2088 5595 2195 5639 tam
2233 5582 2413 5638 dilecti
2488 5581 2583 5612 ’¹⁰⁶
2607 5580 2836 5649 Propter
2866 5592 3061 5632 nomen
3100 5577 3175 5631 tui
3208 5585 3264 5630 et
3302 5577 3408 5629 mei
3438 5577 3727 5628 creatoris
3760 5577 3859 5641 qui

557 5666 646 5715 est
667 5674 764 5713 ms.
797 5657 1057 5716 Sun—Ger.
1106 5662 1326 5728 propter
1352 5656 1517 5712 Deum
1548 5657 1638 5727 qui
1684 5667 1765 5713 cst
