  <div class='ocr_page' id='page_1' title='image "/cluster/home/n/w/nwhite01/storage/ocr_20150623/158/hvd.32044024236689/557.png"; bbox 0 0 4048 6288; ppageno 0'>
   <div class='ocr_carea' id='block_1_1' title="bbox 549 321 697 386">
    <p class='ocr_par' dir='ltr' id='par_1_1' title="bbox 549 321 697 386">
     <span class='ocr_line' id='line_1_1' title="bbox 549 321 697 386; baseline -0.02 0"><span class='ocrx_word' id='word_1_1' title='bbox 549 321 697 386; x_wconf 71' lang='grc'>1007</span> 
     </span>
    </p>
   </div>
   <div class='ocr_carea' id='block_1_2' title="bbox 921 300 3438 386">
    <p class='ocr_par' dir='ltr' id='par_1_2' title="bbox 921 300 3438 386">
     <span class='ocr_line' id='line_1_2' title="bbox 921 300 3438 386; baseline -0 -2"><span class='ocrx_word' id='word_1_2' title='bbox 921 327 980 384; x_wconf 93' lang='lat' dir='ltr'><strong>S.</strong></span> <span class='ocrx_word' id='word_1_3' title='bbox 1015 327 1312 384; x_wconf 78' lang='lat' dir='ltr'><strong>ANSELMI</strong></span> <span class='ocrx_word' id='word_1_4' title='bbox 1337 300 1685 383; x_wconf 64' lang='lat' dir='ltr'><strong>CANTUAR.</strong></span> <span class='ocrx_word' id='word_1_5' title='bbox 1726 324 2045 382; x_wconf 77' lang='lat' dir='ltr'><strong>ARCHIEP.</strong></span> <span class='ocrx_word' id='word_1_6' title='bbox 2079 322 2228 380; x_wconf 80' lang='lat' dir='ltr'><strong>OPP.</strong></span> <span class='ocrx_word' id='word_1_7' title='bbox 2259 325 2444 382; x_wconf 75' lang='lat' dir='ltr'><strong>PARS</strong></span> <span class='ocrx_word' id='word_1_8' title='bbox 2482 326 2545 380; x_wconf 84' lang='lat' dir='ltr'><strong>il.</strong></span> <span class='ocrx_word' id='word_1_9' title='bbox 2568 323 3020 382; x_wconf 77' lang='lat' dir='ltr'><strong>——PARA3NET.</strong></span> <span class='ocrx_word' id='word_1_10' title='bbox 3066 326 3153 383; x_wconf 83' lang='lat' dir='ltr'><strong>ET</strong></span> <span class='ocrx_word' id='word_1_11' title='bbox 3192 327 3438 386; x_wconf 83' lang='lat' dir='ltr'><strong>ASCET.</strong></span> 
     </span>
    </p>
   </div>
   <div class='ocr_carea' id='block_1_3' title="bbox 3663 329 3832 386">
    <p class='ocr_par' dir='ltr' id='par_1_3' title="bbox 3663 329 3832 386">
     <span class='ocr_line' id='line_1_3' title="bbox 3663 329 3832 386; baseline 0 -1"><span class='ocrx_word' id='word_1_12' title='bbox 3663 329 3800 386; x_wconf 67' lang='grc'>1008</span> <span class='ocrx_word' id='word_1_13' title='bbox 3829 357 3832 360; x_wconf 59' lang='grc' dir='ltr'><strong>ο</strong></span> 
     </span>
    </p>
   </div>
   <div class='ocr_carea' id='block_1_4' title="bbox 555 431 3818 515">
    <p class='ocr_par' dir='ltr' id='par_1_4' title="bbox 555 431 3818 515">
     <span class='ocr_line' id='line_1_4' title="bbox 555 431 3818 515; baseline 0 -15"><span class='ocrx_word' id='word_1_14' title='bbox 555 444 870 510; x_wconf 82' lang='lat' dir='ltr'><strong>Benedictc,</strong></span> <span class='ocrx_word' id='word_1_15' title='bbox 911 459 1008 498; x_wconf 91' lang='lat' dir='ltr'><strong>oro</strong></span> <span class='ocrx_word' id='word_1_16' title='bbox 1051 451 1106 498; x_wconf 92' lang='lat' dir='ltr'><strong>et</strong></span> <span class='ocrx_word' id='word_1_17' title='bbox 1143 431 1368 498; x_wconf 86' lang='lat' dir='ltr'><strong>obsecro</strong></span> <span class='ocrx_word' id='word_1_18' title='bbox 1397 443 1487 474; x_wconf 77' lang='grc'><strong>¹¹³¹</strong></span> <span class='ocrx_word' id='word_1_19' title='bbox 1531 456 1628 510; x_wconf 90' lang='lat' dir='ltr'><strong>per</strong></span> <span class='ocrx_word' id='word_1_20' title='bbox 1674 434 2124 504; x_wconf 75' lang='lat' dir='ltr'><strong>miSericordiam,</strong></span> <span class='ocrx_word' id='word_1_21' title='bbox 2154 444 2333 509; x_wconf 82' lang='lat' dir='ltr'><strong>Aque</strong></span> <span class='ocrx_word' id='word_1_22' title='bbox 2365 450 2738 496; x_wconf 74' lang='lat' dir='ltr'><strong>exsecrantur.</strong></span> <span class='ocrx_word' id='word_1_23' title='bbox 2780 441 2917 496; x_wconf 87' lang='lat' dir='ltr'><strong>Ecce</strong></span> <span class='ocrx_word' id='word_1_24' title='bbox 2954 443 3195 511; x_wconf 75' lang='lat' dir='ltr'><strong>miseria,</strong></span> <span class='ocrx_word' id='word_1_25' title='bbox 3233 457 3359 500; x_wconf 90' lang='lat' dir='ltr'><strong>ecce</strong></span> <span class='ocrx_word' id='word_1_26' title='bbox 3389 445 3668 515; x_wconf 78' lang='lat' dir='ltr'><strong>angustia;</strong></span> <span class='ocrx_word' id='word_1_27' title='bbox 3721 447 3818 501; x_wconf 85' lang='lat' dir='ltr'><strong>ubi</strong></span> 
     </span>
    </p>
   </div>
   <div class='ocr_carea' id='block_1_5' title="bbox 553 531 2134 610">
    <p class='ocr_par' dir='ltr' id='par_1_5' title="bbox 553 531 2134 610">
     <span class='ocr_line' id='line_1_5' title="bbox 553 531 2134 610; baseline -0.001 -25"><span class='ocrx_word' id='word_1_28' title='bbox 553 549 717 604; x_wconf 85' lang='lat' dir='ltr'><strong>quam</strong></span> <span class='ocrx_word' id='word_1_29' title='bbox 748 533 1036 610; x_wconf 87' lang='lat' dir='ltr'><strong>ergaalios</strong></span> <span class='ocrx_word' id='word_1_30' title='bbox 1066 532 1324 598; x_wconf 79' lang='lat' dir='ltr'><strong>habuisti,</strong></span> <span class='ocrx_word' id='word_1_31' title='bbox 1351 543 1403 587; x_wconf 89' lang='lat' dir='ltr'><strong>et</strong></span> <span class='ocrx_word' id='word_1_32' title='bbox 1433 545 1530 602; x_wconf 89' lang='lat' dir='ltr'><strong>per</strong></span> <span class='ocrx_word' id='word_1_33' title='bbox 1563 531 1707 586; x_wconf 82' lang='lat' dir='ltr'><strong>illam</strong></span> <span class='ocrx_word' id='word_1_34' title='bbox 1735 546 1896 602; x_wconf 90' lang='lat' dir='ltr'><strong>quam</strong></span> <span class='ocrx_word' id='word_1_35' title='bbox 1923 545 2050 599; x_wconf 84' lang='lat' dir='ltr'><strong>erga</strong></span> <span class='ocrx_word' id='word_1_36' title='bbox 2081 540 2134 584; x_wconf 89' lang='lat' dir='ltr'><strong>te</strong></span> 
     </span>
    </p>
   </div>
   <div class='ocr_carea' id='block_1_6' title="bbox 554 623 2134 694">
    <p class='ocr_par' dir='ltr' id='par_1_6' title="bbox 554 623 2134 694">
     <span class='ocr_line' id='line_1_6' title="bbox 554 623 2134 694; baseline -0.003 -14"><span class='ocrx_word' id='word_1_37' title='bbox 554 626 698 681; x_wconf 85' lang='lat' dir='ltr'><strong>Deus</strong></span> <span class='ocrx_word' id='word_1_38' title='bbox 730 625 937 690; x_wconf 78' lang='lat' dir='ltr'><strong>habuit,</strong></span> <span class='ocrx_word' id='word_1_39' title='bbox 970 633 1279 694; x_wconf 75' lang='lat' dir='ltr'><strong>competere</strong></span> <span class='ocrx_word' id='word_1_40' title='bbox 1324 625 1556 680; x_wconf 67' lang='lat' dir='ltr'><strong>miseria:</strong></span> <span class='ocrx_word' id='word_1_41' title='bbox 1598 639 1753 689; x_wconf 70' lang='lat' dir='ltr'><strong>meae,</strong></span> <span class='ocrx_word' id='word_1_42' title='bbox 1782 623 1873 693; x_wconf 91' lang='lat' dir='ltr'><strong>qui</strong></span> <span class='ocrx_word' id='word_1_43' title='bbox 1902 637 2134 692; x_wconf 89' lang='lat' dir='ltr'><strong>congra-</strong></span> 
     </span>
    </p>
   </div>
   <div class='ocr_carea' id='block_1_7' title="bbox 557 710 2132 784">
    <p class='ocr_par' dir='ltr' id='par_1_7' title="bbox 557 710 2132 784">
     <span class='ocr_line' id='line_1_7' title="bbox 557 710 2132 784; baseline -0.003 -13"><span class='ocrx_word' id='word_1_44' title='bbox 557 716 698 771; x_wconf 90' lang='lat' dir='ltr'><strong>tulor</strong></span> <span class='ocrx_word' id='word_1_45' title='bbox 747 714 988 770; x_wconf 83' lang='lat' dir='ltr'><strong>felicitati</strong></span> <span class='ocrx_word' id='word_1_46' title='bbox 1045 723 1169 769; x_wconf 71' lang='lat' dir='ltr'><strong>ture.</strong></span> <span class='ocrx_word' id='word_1_47' title='bbox 1241 714 1509 770; x_wconf 88' lang='lat' dir='ltr'><strong>Succurre</strong></span> <span class='ocrx_word' id='word_1_48' title='bbox 1567 723 1620 770; x_wconf 89' lang='lat' dir='ltr'><strong>te</strong></span> <span class='ocrx_word' id='word_1_49' title='bbox 1673 723 1958 784; x_wconf 90' lang='lat' dir='ltr'><strong>patronum</strong></span> <span class='ocrx_word' id='word_1_50' title='bbox 2022 710 2132 768; x_wconf 87' lang='lat' dir='ltr'><strong>cla-</strong></span> 
     </span>
    </p>
   </div>
   <div class='ocr_carea' id='block_1_8' title="bbox 553 791 2134 872">
    <p class='ocr_par' dir='ltr' id='par_1_8' title="bbox 553 791 2134 872">
     <span class='ocr_line' id='line_1_8' title="bbox 553 791 2134 872; baseline -0.001 -14"><span class='ocrx_word' id='word_1_51' title='bbox 553 805 720 859; x_wconf 87' lang='lat' dir='ltr'><strong>manti</strong></span> <span class='ocrx_word' id='word_1_52' title='bbox 737 805 862 870; x_wconf 78' lang='lat' dir='ltr'><strong>m&quot;;</strong></span> <span class='ocrx_word' id='word_1_53' title='bbox 887 817 1123 859; x_wconf 82' lang='lat' dir='ltr'><strong>exonera</strong></span> <span class='ocrx_word' id='word_1_54' title='bbox 1151 805 1291 860; x_wconf 90' lang='lat' dir='ltr'><strong>mole</strong></span> <span class='ocrx_word' id='word_1_55' title='bbox 1314 812 1657 872; x_wconf 90' lang='lat' dir='ltr'><strong>peccatorum</strong></span> <span class='ocrx_word' id='word_1_56' title='bbox 1685 803 1960 868; x_wconf 88' lang='lat' dir='ltr'><strong>obrutum,</strong></span> <span class='ocrx_word' id='word_1_57' title='bbox 1987 791 2134 858; x_wconf 81' lang='lat' dir='ltr'><strong>soive</strong></span> 
     </span>
    </p>
   </div>
   <div class='ocr_carea' id='block_1_9' title="bbox 553 894 2137 967">
    <p class='ocr_par' dir='ltr' id='par_1_9' title="bbox 553 894 2137 967">
     <span class='ocr_line' id='line_1_9' title="bbox 553 894 2137 967; baseline -0.003 -15"><span class='ocrx_word' id='word_1_58' title='bbox 553 898 872 953; x_wconf 86' lang='lat' dir='ltr'><strong>delictorum</strong></span> <span class='ocrx_word' id='word_1_59' title='bbox 905 896 1124 952; x_wconf 83' lang='lat' dir='ltr'><strong>funibus</strong></span> <span class='ocrx_word' id='word_1_60' title='bbox 1151 896 1398 967; x_wconf 86' lang='lat' dir='ltr'><strong>ligatum,</strong></span> <span class='ocrx_word' id='word_1_61' title='bbox 1426 896 1616 966; x_wconf 82' lang='lat' dir='ltr'><strong>expedi</strong></span> <span class='ocrx_word' id='word_1_62' title='bbox 1649 895 1970 950; x_wconf 88' lang='lat' dir='ltr'><strong>criminibus</strong></span> <span class='ocrx_word' id='word_1_63' title='bbox 2001 894 2137 948; x_wconf 85' lang='lat' dir='ltr'><strong>irre-</strong></span> 
     </span>
    </p>
   </div>
   <div class='ocr_carea' id='block_1_10' title="bbox 555 986 2134 1060">
    <p class='ocr_par' dir='ltr' id='par_1_10' title="bbox 555 986 2134 1060">
     <span class='ocr_line' id='line_1_10' title="bbox 555 986 2134 1060; baseline -0.003 -16"><span class='ocrx_word' id='word_1_64' title='bbox 555 991 735 1055; x_wconf 88' lang='lat' dir='ltr'><strong>titum,</strong></span> <span class='ocrx_word' id='word_1_65' title='bbox 786 989 933 1060; x_wconf 85' lang='lat' dir='ltr'><strong>erige</strong></span> <span class='ocrx_word' id='word_1_66' title='bbox 981 989 1279 1060; x_wconf 86' lang='lat' dir='ltr'><strong>jacentem,</strong></span> <span class='ocrx_word' id='word_1_67' title='bbox 1326 989 1533 1043; x_wconf 81' lang='lat' dir='ltr'><strong>sustine</strong></span> <span class='ocrx_word' id='word_1_68' title='bbox 1580 996 1879 1053; x_wconf 89' lang='lat' dir='ltr'><strong>nutantem,</strong></span> <span class='ocrx_word' id='word_1_69' title='bbox 1928 986 2134 1040; x_wconf 85' lang='lat' dir='ltr'><strong>instrue</strong></span> 
     </span>
    </p>
   </div>
   <div class='ocr_carea' id='block_1_11' title="bbox 551 1079 2134 1153">
    <p class='ocr_par' dir='ltr' id='par_1_11' title="bbox 551 1079 2134 1153">
     <span class='ocr_line' id='line_1_11' title="bbox 551 1079 2134 1153; baseline -0.003 -16"><span class='ocrx_word' id='word_1_70' title='bbox 551 1082 926 1153; x_wconf 89' lang='lat' dir='ltr'><strong>spiritualibus</strong></span> <span class='ocrx_word' id='word_1_71' title='bbox 959 1081 1145 1145; x_wconf 87' lang='lat' dir='ltr'><strong>armis,</strong></span> <span class='ocrx_word' id='word_1_72' title='bbox 1178 1081 1231 1134; x_wconf 92' lang='lat' dir='ltr'><strong>id</strong></span> <span class='ocrx_word' id='word_1_73' title='bbox 1259 1089 1344 1135; x_wconf 90' lang='lat' dir='ltr'><strong>est</strong></span> <span class='ocrx_word' id='word_1_74' title='bbox 1367 1079 1658 1135; x_wconf 84' lang='lat' dir='ltr'><strong>virtutibus</strong></span> <span class='ocrx_word' id='word_1_75' title='bbox 1689 1079 1976 1142; x_wconf 86' lang='lat' dir='ltr'><strong>inermem,</strong></span> <span class='ocrx_word' id='word_1_76' title='bbox 2000 1079 2134 1133; x_wconf 89' lang='lat' dir='ltr'><strong>doce</strong></span> 
     </span>
    </p>
   </div>
   <div class='ocr_carea' id='block_1_12' title="bbox 553 1165 2130 1243">
    <p class='ocr_par' dir='ltr' id='par_1_12' title="bbox 553 1165 2130 1243">
     <span class='ocr_line' id='line_1_12' title="bbox 553 1165 2130 1243; baseline -0.004 -16"><span class='ocrx_word' id='word_1_77' title='bbox 553 1182 607 1228; x_wconf 92' lang='lat' dir='ltr'><strong>et</strong></span> <span class='ocrx_word' id='word_1_78' title='bbox 643 1182 867 1243; x_wconf 88' lang='lat' dir='ltr'><strong>prolege</strong></span> <span class='ocrx_word' id='word_1_79' title='bbox 905 1179 1256 1242; x_wconf 82' lang='lat' dir='ltr'><strong>pugnantem,</strong></span> <span class='ocrx_word' id='word_1_80' title='bbox 1287 1187 1526 1240; x_wconf 76' lang='lat' dir='ltr'><strong>expugna</strong></span> <span class='ocrx_word' id='word_1_81' title='bbox 1569 1171 1930 1238; x_wconf 82' lang='lat' dir='ltr'><strong>impugnantes</strong></span> <span class='ocrx_word' id='word_1_82' title='bbox 1957 1165 2130 1221; x_wconf 77' lang='lat' dir='ltr'><strong>(Psal.</strong></span> 
     </span>
    </p>
   </div>
   <div class='ocr_carea' id='block_1_13' title="bbox 553 1260 2134 1334">
    <p class='ocr_par' dir='ltr' id='par_1_13' title="bbox 553 1260 2134 1334">
     <span class='ocr_line' id='line_1_13' title="bbox 553 1260 2134 1334; baseline -0.003 -16"><span class='ocrx_word' id='word_1_83' title='bbox 553 1280 736 1328; x_wconf 80' lang='lat' dir='ltr'><strong>xxxiv,</strong></span> <span class='ocrx_word' id='word_1_84' title='bbox 769 1267 848 1334; x_wconf 88' lang='lat' dir='ltr'><strong>l);</strong></span> <span class='ocrx_word' id='word_1_85' title='bbox 891 1265 1038 1334; x_wconf 86' lang='lat' dir='ltr'><strong>erige</strong></span> <span class='ocrx_word' id='word_1_86' title='bbox 1081 1263 1213 1317; x_wconf 89' lang='lat' dir='ltr'><strong>mihi</strong></span> <span class='ocrx_word' id='word_1_87' title='bbox 1251 1262 1532 1316; x_wconf 80' lang='lat' dir='ltr'><strong>victoriam</strong></span> <span class='ocrx_word' id='word_1_88' title='bbox 1564 1261 1678 1325; x_wconf 61' lang='lat'><strong>&quot;3’,</strong></span> <span class='ocrx_word' id='word_1_89' title='bbox 1720 1269 1775 1314; x_wconf 93' lang='lat' dir='ltr'><strong>et</strong></span> <span class='ocrx_word' id='word_1_90' title='bbox 1815 1260 2018 1328; x_wconf 87' lang='lat' dir='ltr'><strong>perduc</strong></span> <span class='ocrx_word' id='word_1_91' title='bbox 2049 1276 2134 1314; x_wconf 90' lang='lat' dir='ltr'><strong>me</strong></span> 
     </span>
    </p>
   </div>
   <div class='ocr_carea' id='block_1_14' title="bbox 552 1353 2135 1426">
    <p class='ocr_par' dir='ltr' id='par_1_14' title="bbox 552 1353 2135 1426">
     <span class='ocr_line' id='line_1_14' title="bbox 552 1353 2135 1426; baseline -0.003 -16"><span class='ocrx_word' id='word_1_92' title='bbox 552 1359 619 1411; x_wconf 89' lang='lat' dir='ltr'><strong>ad</strong></span> <span class='ocrx_word' id='word_1_93' title='bbox 650 1373 926 1412; x_wconf 81' lang='lat' dir='ltr'><strong>coronam.</strong></span> <span class='ocrx_word' id='word_1_94' title='bbox 972 1358 1103 1426; x_wconf 85' lang='lat' dir='ltr'><strong>Age,</strong></span> <span class='ocrx_word' id='word_1_95' title='bbox 1132 1356 1391 1411; x_wconf 87' lang='lat' dir='ltr'><strong>advocate</strong></span> <span class='ocrx_word' id='word_1_96' title='bbox 1428 1355 1839 1420; x_wconf 85' lang='lat' dir='ltr'><strong>monachorum,</strong></span> <span class='ocrx_word' id='word_1_97' title='bbox 1870 1367 1968 1422; x_wconf 90' lang='lat' dir='ltr'><strong>per</strong></span> <span class='ocrx_word' id='word_1_98' title='bbox 1997 1353 2135 1407; x_wconf 83' lang='lat' dir='ltr'><strong>cha-</strong></span> 
     </span>
    </p>
   </div>
   <div class='ocr_carea' id='block_1_15' title="bbox 503 1435 2132 1520">
    <p class='ocr_par' dir='ltr' id='par_1_15' title="bbox 503 1435 2132 1520">
     <span class='ocr_line' id='line_1_15' title="bbox 503 1435 2132 1520; baseline -0.004 -15"><span class='ocrx_word' id='word_1_99' title='bbox 503 1435 510 1440; x_wconf 51' lang='grc'><em>’</em></span> <span class='ocrx_word' id='word_1_100' title='bbox 554 1451 795 1513; x_wconf 84' lang='lat' dir='ltr'><strong>ritatem,</strong></span> <span class='ocrx_word' id='word_1_101' title='bbox 820 1464 923 1520; x_wconf 88' lang='lat' dir='ltr'><strong>qua</strong></span> <span class='ocrx_word' id='word_1_102' title='bbox 956 1448 1213 1502; x_wconf 76' lang='lat' dir='ltr'><strong>sollicitus</strong></span> <span class='ocrx_word' id='word_1_103' title='bbox 1239 1447 1383 1501; x_wconf 87' lang='lat' dir='ltr'><strong>fuisti</strong></span> <span class='ocrx_word' id='word_1_104' title='bbox 1411 1446 1680 1516; x_wconf 87' lang='lat' dir='ltr'><strong>quomodo</strong></span> <span class='ocrx_word' id='word_1_105' title='bbox 1704 1445 1886 1498; x_wconf 80' lang='lat' dir='ltr'><strong>vivere</strong></span> <span class='ocrx_word' id='word_1_106' title='bbox 1908 1443 2132 1499; x_wconf 79' lang='lat' dir='ltr'><strong>debere-</strong></span> 
     </span>
    </p>
   </div>
   <div class='ocr_carea' id='block_1_16' title="bbox 550 1535 2137 1606">
    <p class='ocr_par' dir='ltr' id='par_1_16' title="bbox 550 1535 2137 1606">
     <span class='ocr_line' id='line_1_16' title="bbox 550 1535 2137 1606; baseline -0.004 -12"><span class='ocrx_word' id='word_1_107' title='bbox 550 1557 675 1595; x_wconf 85' lang='lat' dir='ltr'><strong>mus</strong></span> <span class='ocrx_word' id='word_1_108' title='bbox 698 1541 819 1606; x_wconf 63' lang='grc'><strong>⁹¹³⁸;</strong></span> <span class='ocrx_word' id='word_1_109' title='bbox 856 1550 973 1595; x_wconf 91' lang='lat' dir='ltr'><strong>esto</strong></span> <span class='ocrx_word' id='word_1_110' title='bbox 1015 1538 1305 1601; x_wconf 87' lang='lat' dir='ltr'><strong>sollicitus,</strong></span> <span class='ocrx_word' id='word_1_111' title='bbox 1352 1545 1411 1592; x_wconf 89' lang='lat' dir='ltr'><strong>ut</strong></span> <span class='ocrx_word' id='word_1_112' title='bbox 1450 1535 1781 1592; x_wconf 75' lang='lat' dir='ltr'><strong>sufﬁcienter</strong></span> <span class='ocrx_word' id='word_1_113' title='bbox 1815 1535 2044 1589; x_wconf 78' lang='lat' dir='ltr'><strong>velimus</strong></span> <span class='ocrx_word' id='word_1_114' title='bbox 2081 1543 2137 1588; x_wconf 92' lang='lat' dir='ltr'><strong>et</strong></span> 
     </span>
    </p>
   </div>
   <div class='ocr_carea' id='block_1_17' title="bbox 551 1629 2135 1704">
    <p class='ocr_par' dir='ltr' id='par_1_17' title="bbox 551 1629 2135 1704">
     <span class='ocr_line' id='line_1_17' title="bbox 551 1629 2135 1704; baseline -0.004 -16"><span class='ocrx_word' id='word_1_115' title='bbox 551 1633 844 1689; x_wconf 76' lang='lat' dir='ltr'><strong>efﬁcaciter</strong></span> <span class='ocrx_word' id='word_1_116' title='bbox 871 1633 1138 1704; x_wconf 88' lang='lat' dir='ltr'><strong>possimus</strong></span> <span class='ocrx_word' id='word_1_117' title='bbox 1173 1631 1355 1686; x_wconf 84' lang='lat' dir='ltr'><strong>vivere</strong></span> <span class='ocrx_word' id='word_1_118' title='bbox 1380 1629 1834 1701; x_wconf 86' lang='lat' dir='ltr'><strong>quemadmodum</strong></span> <span class='ocrx_word' id='word_1_119' title='bbox 1857 1629 1951 1661; x_wconf 69' lang='grc'>³³³⁸</span> <span class='ocrx_word' id='word_1_120' title='bbox 1975 1629 2135 1682; x_wconf 90' lang='lat' dir='ltr'><strong>debe-</strong></span> 
     </span>
    </p>
   </div>
   <div class='ocr_carea' id='block_1_18' title="bbox 551 1720 2134 1792">
    <p class='ocr_par' dir='ltr' id='par_1_18' title="bbox 551 1720 2134 1792">
     <span class='ocr_line' id='line_1_18' title="bbox 551 1720 2134 1792; baseline -0.003 -14"><span class='ocrx_word' id='word_1_121' title='bbox 551 1740 704 1792; x_wconf 85' lang='lat' dir='ltr'><strong>mus;</strong></span> <span class='ocrx_word' id='word_1_122' title='bbox 750 1734 806 1779; x_wconf 91' lang='lat' dir='ltr'><strong>ut</strong></span> <span class='ocrx_word' id='word_1_123' title='bbox 843 1734 898 1778; x_wconf 90' lang='lat' dir='ltr'><strong>et</strong></span> <span class='ocrx_word' id='word_1_124' title='bbox 941 1734 995 1778; x_wconf 88' lang='lat' dir='ltr'><strong>tu</strong></span> <span class='ocrx_word' id='word_1_125' title='bbox 1033 1723 1129 1755; x_wconf 76' lang='grc'><strong>³⁸⁸⁸</strong></span> <span class='ocrx_word' id='word_1_126' title='bbox 1157 1723 1221 1778; x_wconf 91' lang='lat' dir='ltr'><strong>de</strong></span> <span class='ocrx_word' id='word_1_127' title='bbox 1257 1732 1443 1778; x_wconf 90' lang='lat' dir='ltr'><strong>nostro</strong></span> <span class='ocrx_word' id='word_1_128' title='bbox 1485 1721 1825 1792; x_wconf 87' lang='lat' dir='ltr'><strong>discipulatu.</strong></span> <span class='ocrx_word' id='word_1_129' title='bbox 1857 1728 1914 1776; x_wconf 91' lang='lat' dir='ltr'><strong>et</strong></span> <span class='ocrx_word' id='word_1_130' title='bbox 1942 1735 2040 1775; x_wconf 92' lang='lat' dir='ltr'><strong>nos</strong></span> <span class='ocrx_word' id='word_1_131' title='bbox 2069 1720 2134 1775; x_wconf 93' lang='lat' dir='ltr'><strong>de</strong></span> 
     </span>
    </p>
   </div>
   <div class='ocr_carea' id='block_1_19' title="bbox 2237 532 3819 598">
    <p class='ocr_par' dir='ltr' id='par_1_19' title="bbox 2237 532 3819 598">
     <span class='ocr_line' id='line_1_19' title="bbox 2237 532 3819 598; baseline 0.005 -15"><span class='ocrx_word' id='word_1_132' title='bbox 2237 545 2360 584; x_wconf 90' lang='lat' dir='ltr'><strong>reus</strong></span> <span class='ocrx_word' id='word_1_133' title='bbox 2405 532 2820 598; x_wconf 87' lang='lat' dir='ltr'><strong>condemnatur,</strong></span> <span class='ocrx_word' id='word_1_134' title='bbox 2865 541 2920 588; x_wconf 89' lang='lat' dir='ltr'><strong>et</strong></span> <span class='ocrx_word' id='word_1_135' title='bbox 2960 533 3138 588; x_wconf 90' lang='lat' dir='ltr'><strong>omnis</strong></span> <span class='ocrx_word' id='word_1_136' title='bbox 3179 534 3273 589; x_wconf 89' lang='lat' dir='ltr'><strong>Dei</strong></span> <span class='ocrx_word' id='word_1_137' title='bbox 3324 534 3712 589; x_wconf 67' lang='lat' dir='ltr'><strong>misericordia:</strong></span> <span class='ocrx_word' id='word_1_138' title='bbox 3750 549 3819 591; x_wconf 87' lang='lat' dir='ltr'><strong>ac</strong></span> 
     </span>
    </p>
   </div>
   <div class='ocr_carea' id='block_1_20' title="bbox 2233 624 3814 696">
    <p class='ocr_par' dir='ltr' id='par_1_20' title="bbox 2233 624 3814 696">
     <span class='ocr_line' id='line_1_20' title="bbox 2233 624 3814 696; baseline 0.002 -18"><span class='ocrx_word' id='word_1_139' title='bbox 2233 625 2448 695; x_wconf 88' lang='lat' dir='ltr'><strong>pietatis</strong></span> <span class='ocrx_word' id='word_1_140' title='bbox 2482 624 2632 680; x_wconf 90' lang='lat' dir='ltr'><strong>sinus</strong></span> <span class='ocrx_word' id='word_1_141' title='bbox 2660 625 2980 690; x_wconf 87' lang='lat' dir='ltr'><strong>obseratur;</strong></span> <span class='ocrx_word' id='word_1_142' title='bbox 3024 626 3103 681; x_wconf 91' lang='lat' dir='ltr'><strong>sic</strong></span> <span class='ocrx_word' id='word_1_143' title='bbox 3131 627 3399 696; x_wconf 80' lang='lat' dir='ltr'><strong>arguitur,</strong></span> <span class='ocrx_word' id='word_1_144' title='bbox 3439 625 3814 691; x_wconf 85' lang='lat' dir='ltr'><strong>confunditur,</strong></span> 
     </span>
    </p>
   </div>
   <div class='ocr_carea' id='block_1_21' title="bbox 2233 715 3820 786">
    <p class='ocr_par' dir='ltr' id='par_1_21' title="bbox 2233 715 3820 786">
     <span class='ocr_line' id='line_1_21' title="bbox 2233 715 3820 786; baseline 0.002 -17"><span class='ocrx_word' id='word_1_145' title='bbox 2233 715 2570 782; x_wconf 88' lang='lat' dir='ltr'><strong>obtunditur,</strong></span> <span class='ocrx_word' id='word_1_146' title='bbox 2612 716 2949 771; x_wconf 87' lang='lat' dir='ltr'><strong>accusatrice</strong></span> <span class='ocrx_word' id='word_1_147' title='bbox 2977 717 3326 781; x_wconf 88' lang='lat' dir='ltr'><strong>conscientia,</strong></span> <span class='ocrx_word' id='word_1_148' title='bbox 3361 727 3419 771; x_wconf 91' lang='lat' dir='ltr'><strong>ut</strong></span> <span class='ocrx_word' id='word_1_149' title='bbox 3440 732 3542 773; x_wconf 91' lang='lat' dir='ltr'><strong>nec</strong></span> <span class='ocrx_word' id='word_1_150' title='bbox 3571 715 3820 786; x_wconf 76' lang='lat' dir='ltr'><strong>iudicem</strong></span> 
     </span>
    </p>
   </div>
   <div class='ocr_carea' id='block_1_22' title="bbox 2235 806 3817 880">
    <p class='ocr_par' dir='ltr' id='par_1_22' title="bbox 2235 806 3817 880">
     <span class='ocr_line' id='line_1_22' title="bbox 2235 806 3817 880; baseline 0.003 -20"><span class='ocrx_word' id='word_1_151' title='bbox 2235 806 2510 876; x_wconf 89' lang='lat' dir='ltr'><strong>deprecari</strong></span> <span class='ocrx_word' id='word_1_152' title='bbox 2570 810 2797 871; x_wconf 83' lang='lat' dir='ltr'><strong>audeat,</strong></span> <span class='ocrx_word' id='word_1_153' title='bbox 2860 823 2961 863; x_wconf 87' lang='lat' dir='ltr'><strong>nec</strong></span> <span class='ocrx_word' id='word_1_154' title='bbox 3014 809 3106 878; x_wconf 89' lang='lat' dir='ltr'><strong>qui</strong></span> <span class='ocrx_word' id='word_1_155' title='bbox 3168 811 3485 877; x_wconf 89' lang='lat' dir='ltr'><strong>deprecetur</strong></span> <span class='ocrx_word' id='word_1_156' title='bbox 3550 825 3652 880; x_wconf 92' lang='lat' dir='ltr'><strong>pro</strong></span> <span class='ocrx_word' id='word_1_157' title='bbox 3699 825 3817 864; x_wconf 89' lang='lat' dir='ltr'><strong>ea:</strong></span> 
     </span>
    </p>
   </div>
   <div class='ocr_carea' id='block_1_23' title="bbox 2235 898 3824 969">
    <p class='ocr_par' dir='ltr' id='par_1_23' title="bbox 2235 898 3824 969">
     <span class='ocr_line' id='line_1_23' title="bbox 2235 898 3824 969; baseline 0.001 -16"><span class='ocrx_word' id='word_1_158' title='bbox 2235 899 2350 965; x_wconf 90' lang='lat' dir='ltr'><strong>sed,</strong></span> <span class='ocrx_word' id='word_1_159' title='bbox 2386 915 2418 952; x_wconf 84' lang='grc' dir='ltr'>ι)</span> <span class='ocrx_word' id='word_1_160' title='bbox 2445 907 2534 964; x_wconf 87' lang='grc' dir='ltr'><strong>ιιι,</strong></span> <span class='ocrx_word' id='word_1_161' title='bbox 2576 898 2885 954; x_wconf 89' lang='lat' dir='ltr'><strong>misericors</strong></span> <span class='ocrx_word' id='word_1_162' title='bbox 2934 907 2988 953; x_wconf 93' lang='lat' dir='ltr'><strong>et</strong></span> <span class='ocrx_word' id='word_1_163' title='bbox 3024 899 3141 968; x_wconf 90' lang='lat' dir='ltr'><strong>pie,</strong></span> <span class='ocrx_word' id='word_1_164' title='bbox 3182 899 3272 954; x_wconf 92' lang='lat' dir='ltr'><strong>ubi</strong></span> <span class='ocrx_word' id='word_1_165' title='bbox 3313 902 3517 969; x_wconf 89' lang='lat' dir='ltr'><strong>pietas,</strong></span> <span class='ocrx_word' id='word_1_166' title='bbox 3571 901 3663 954; x_wconf 88' lang='lat' dir='ltr'><strong>ubi</strong></span> <span class='ocrx_word' id='word_1_167' title='bbox 3718 902 3824 954; x_wconf 83' lang='lat' dir='ltr'><strong>mi-</strong></span> 
     </span>
    </p>
   </div>
   <div class='ocr_carea' id='block_1_24' title="bbox 2235 990 3819 1056">
    <p class='ocr_par' dir='ltr' id='par_1_24' title="bbox 2235 990 3819 1056">
     <span class='ocr_line' id='line_1_24' title="bbox 2235 990 3819 1056; baseline 0.001 -11"><span class='ocrx_word' id='word_1_168' title='bbox 2235 992 2454 1055; x_wconf 87' lang='lat' dir='ltr'><strong>seratio,</strong></span> <span class='ocrx_word' id='word_1_169' title='bbox 2512 991 2602 1045; x_wconf 90' lang='lat' dir='ltr'><strong>ubi</strong></span> <span class='ocrx_word' id='word_1_170' title='bbox 2637 991 3042 1056; x_wconf 88' lang='lat' dir='ltr'><strong>misericordia,</strong></span> <span class='ocrx_word' id='word_1_171' title='bbox 3103 992 3204 1046; x_wconf 88' lang='lat' dir='ltr'><strong>nisi</strong></span> <span class='ocrx_word' id='word_1_172' title='bbox 3259 992 3349 1051; x_wconf 90' lang='lat' dir='ltr'><strong>ubi</strong></span> <span class='ocrx_word' id='word_1_173' title='bbox 3387 991 3650 1046; x_wconf 86' lang='lat' dir='ltr'><strong>miseria?</strong></span> <span class='ocrx_word' id='word_1_174' title='bbox 3718 990 3819 1046; x_wconf 89' lang='lat' dir='ltr'><strong>Cui</strong></span> 
     </span>
    </p>
   </div>
   <div class='ocr_carea' id='block_1_25' title="bbox 2234 1082 3819 1153">
    <p class='ocr_par' dir='ltr' id='par_1_25' title="bbox 2234 1082 3819 1153">
     <span class='ocr_line' id='line_1_25' title="bbox 2234 1082 3819 1153; baseline 0 -17"><span class='ocrx_word' id='word_1_175' title='bbox 2234 1083 2390 1153; x_wconf 89' lang='lat' dir='ltr'><strong>pius,</strong></span> <span class='ocrx_word' id='word_1_176' title='bbox 2442 1083 2528 1137; x_wconf 87' lang='lat' dir='ltr'><strong>cui</strong></span> <span class='ocrx_word' id='word_1_177' title='bbox 2586 1082 2894 1137; x_wconf 86' lang='lat' dir='ltr'><strong>misericors</strong></span> <span class='ocrx_word' id='word_1_178' title='bbox 2955 1082 3070 1147; x_wconf 90' lang='lat' dir='ltr'><strong>fies,</strong></span> <span class='ocrx_word' id='word_1_179' title='bbox 3116 1083 3217 1138; x_wconf 89' lang='lat' dir='ltr'><strong>nisi</strong></span> <span class='ocrx_word' id='word_1_180' title='bbox 3255 1083 3503 1139; x_wconf 83' lang='lat' dir='ltr'><strong>misero?</strong></span> <span class='ocrx_word' id='word_1_181' title='bbox 3544 1084 3819 1153; x_wconf 78' lang='lat' dir='ltr'><strong>Agnosco,</strong></span> 
     </span>
    </p>
   </div>
   <div class='ocr_carea' id='block_1_26' title="bbox 2236 1173 3827 1244">
    <p class='ocr_par' dir='ltr' id='par_1_26' title="bbox 2236 1173 3827 1244">
     <span class='ocr_line' id='line_1_26' title="bbox 2236 1173 3827 1244; baseline 0.001 -17"><span class='ocrx_word' id='word_1_182' title='bbox 2236 1188 2486 1244; x_wconf 87' lang='lat' dir='ltr'><strong>agnosco,</strong></span> <span class='ocrx_word' id='word_1_183' title='bbox 2551 1188 2848 1243; x_wconf 84' lang='lat' dir='ltr'><strong>agnoscens</strong></span> <span class='ocrx_word' id='word_1_184' title='bbox 2917 1173 3249 1230; x_wconf 86' lang='lat' dir='ltr'><strong>obmutesce.</strong></span> <span class='ocrx_word' id='word_1_185' title='bbox 3326 1173 3608 1230; x_wconf 89' lang='lat' dir='ltr'><strong>lntentans</strong></span> <span class='ocrx_word' id='word_1_186' title='bbox 3655 1188 3827 1230; x_wconf 83' lang='lat' dir='ltr'><strong>enor-</strong></span> 
     </span>
    </p>
   </div>
   <div class='ocr_carea' id='block_1_27' title="bbox 2236 1265 3826 1336">
    <p class='ocr_par' dir='ltr' id='par_1_27' title="bbox 2236 1265 3826 1336">
     <span class='ocr_line' id='line_1_27' title="bbox 2236 1265 3826 1336; baseline 0.001 -18"><span class='ocrx_word' id='word_1_187' title='bbox 2236 1266 2476 1320; x_wconf 89' lang='lat' dir='ltr'><strong>mitatem</strong></span> <span class='ocrx_word' id='word_1_188' title='bbox 2525 1265 2814 1320; x_wconf 88' lang='lat' dir='ltr'><strong>criminum</strong></span> <span class='ocrx_word' id='word_1_189' title='bbox 2856 1279 3133 1331; x_wconf 85' lang='lat' dir='ltr'><strong>meorum;</strong></span> <span class='ocrx_word' id='word_1_190' title='bbox 3180 1275 3419 1324; x_wconf 88' lang='lat' dir='ltr'><strong>attamen</strong></span> <span class='ocrx_word' id='word_1_191' title='bbox 3463 1275 3670 1336; x_wconf 90' lang='lat' dir='ltr'><strong>quanto</strong></span> <span class='ocrx_word' id='word_1_192' title='bbox 3703 1282 3826 1320; x_wconf 85' lang='lat' dir='ltr'><strong>ma-</strong></span> 
     </span>
    </p>
   </div>
   <div class='ocr_carea' id='block_1_28' title="bbox 2230 1355 3823 1426">
    <p class='ocr_par' dir='ltr' id='par_1_28' title="bbox 2230 1355 3823 1426">
     <span class='ocr_line' id='line_1_28' title="bbox 2230 1355 3823 1426; baseline 0.001 -17"><span class='ocrx_word' id='word_1_193' title='bbox 2230 1355 2318 1426; x_wconf 88' lang='lat' dir='ltr'><strong>jor</strong></span> <span class='ocrx_word' id='word_1_194' title='bbox 2358 1356 2595 1422; x_wconf 88' lang='lat' dir='ltr'><strong>miseria,</strong></span> <span class='ocrx_word' id='word_1_195' title='bbox 2656 1364 2804 1410; x_wconf 87' lang='lat' dir='ltr'><strong>tanto</strong></span> <span class='ocrx_word' id='word_1_196' title='bbox 2860 1357 2921 1410; x_wconf 89' lang='lat' dir='ltr'><strong>fit</strong></span> <span class='ocrx_word' id='word_1_197' title='bbox 2970 1355 3366 1426; x_wconf 67' lang='lat' dir='ltr'><strong>praedicabilior</strong></span> <span class='ocrx_word' id='word_1_198' title='bbox 3410 1357 3823 1421; x_wconf 82' lang='lat' dir='ltr'><strong>misericordia;</strong></span> 
     </span>
    </p>
   </div>
   <div class='ocr_carea' id='block_1_29' title="bbox 2237 1447 3824 1518">
    <p class='ocr_par' dir='ltr' id='par_1_29' title="bbox 2237 1447 3824 1518">
     <span class='ocr_line' id='line_1_29' title="bbox 2237 1447 3824 1518; baseline 0.003 -19"><span class='ocrx_word' id='word_1_199' title='bbox 2237 1460 2338 1500; x_wconf 90' lang='lat' dir='ltr'><strong>nec</strong></span> <span class='ocrx_word' id='word_1_200' title='bbox 2364 1447 2579 1502; x_wconf 86' lang='lat' dir='ltr'><strong>miseria</strong></span> <span class='ocrx_word' id='word_1_201' title='bbox 2612 1461 2728 1501; x_wconf 90' lang='lat' dir='ltr'><strong>mea</strong></span> <span class='ocrx_word' id='word_1_202' title='bbox 2759 1457 2904 1501; x_wconf 90' lang='lat' dir='ltr'><strong>tanta</strong></span> <span class='ocrx_word' id='word_1_203' title='bbox 2928 1448 3052 1518; x_wconf 86' lang='lat' dir='ltr'><strong>erit,</strong></span> <span class='ocrx_word' id='word_1_204' title='bbox 3078 1457 3137 1502; x_wconf 92' lang='lat' dir='ltr'><strong>ut</strong></span> <span class='ocrx_word' id='word_1_205' title='bbox 3165 1449 3422 1504; x_wconf 87' lang='lat' dir='ltr'><strong>deficiens</strong></span> <span class='ocrx_word' id='word_1_206' title='bbox 3450 1448 3542 1502; x_wconf 88' lang='lat' dir='ltr'><strong>fiat</strong></span> <span class='ocrx_word' id='word_1_207' title='bbox 3572 1451 3824 1518; x_wconf 78' lang='lat' dir='ltr'><strong>potentia</strong></span> 
     </span>
    </p>
   </div>
   <div class='ocr_carea' id='block_1_30' title="bbox 2238 1535 3825 1607">
    <p class='ocr_par' dir='ltr' id='par_1_30' title="bbox 2238 1535 3825 1607">
     <span class='ocr_line' id='line_1_30' title="bbox 2238 1535 3825 1607; baseline 0.004 -21"><span class='ocrx_word' id='word_1_208' title='bbox 2238 1543 2342 1590; x_wconf 73' lang='lat' dir='ltr'><strong>tua:</strong></span> <span class='ocrx_word' id='word_1_209' title='bbox 2365 1535 2601 1590; x_wconf 87' lang='lat' dir='ltr'><strong>virtutis.</strong></span> <span class='ocrx_word' id='word_1_210' title='bbox 2631 1535 2715 1589; x_wconf 78' lang='lat' dir='ltr'><strong>An</strong></span> <span class='ocrx_word' id='word_1_211' title='bbox 2741 1551 2808 1590; x_wconf 90' lang='lat' dir='ltr'><strong>eo</strong></span> <span class='ocrx_word' id='word_1_212' title='bbox 2836 1551 3009 1606; x_wconf 89' lang='lat' dir='ltr'><strong>usque</strong></span> <span class='ocrx_word' id='word_1_213' title='bbox 3034 1537 3396 1607; x_wconf 88' lang='lat' dir='ltr'><strong>amplificatur</strong></span> <span class='ocrx_word' id='word_1_214' title='bbox 3423 1539 3643 1594; x_wconf 83' lang='lat' dir='ltr'><strong>miseria</strong></span> <span class='ocrx_word' id='word_1_215' title='bbox 3675 1553 3825 1605; x_wconf 83' lang='lat' dir='ltr'><strong>mea,</strong></span> 
     </span>
    </p>
   </div>
   <div class='ocr_carea' id='block_1_31' title="bbox 2237 1626 3824 1696">
    <p class='ocr_par' dir='ltr' id='par_1_31' title="bbox 2237 1626 3824 1696">
     <span class='ocr_line' id='line_1_31' title="bbox 2237 1626 3824 1696; baseline 0.006 -18"><span class='ocrx_word' id='word_1_216' title='bbox 2237 1632 2295 1680; x_wconf 88' lang='grc' dir='ltr'><strong>ιιι</strong></span> <span class='ocrx_word' id='word_1_217' title='bbox 2324 1633 2642 1696; x_wconf 88' lang='lat' dir='ltr'><strong>augustetur</strong></span> <span class='ocrx_word' id='word_1_218' title='bbox 2681 1626 3053 1683; x_wconf 88' lang='lat' dir='ltr'><strong>misericordia</strong></span> <span class='ocrx_word' id='word_1_219' title='bbox 3086 1629 3209 1684; x_wconf 89' lang='lat' dir='ltr'><strong>tua?</strong></span> <span class='ocrx_word' id='word_1_220' title='bbox 3243 1629 3324 1684; x_wconf 87' lang='lat' dir='ltr'><strong>Au</strong></span> <span class='ocrx_word' id='word_1_221' title='bbox 3357 1629 3660 1687; x_wconf 84' lang='lat' dir='ltr'><strong>invalitudo</strong></span> <span class='ocrx_word' id='word_1_222' title='bbox 3695 1647 3824 1688; x_wconf 75' lang='lat' dir='ltr'><strong>mea</strong></span> 
     </span>
    </p>
   </div>
   <div class='ocr_carea' id='block_1_32' title="bbox 2240 1719 3825 1790">
    <p class='ocr_par' dir='ltr' id='par_1_32' title="bbox 2240 1719 3825 1790">
     <span class='ocr_line' id='line_1_32' title="bbox 2240 1719 3825 1790; baseline 0.005 -17"><span class='ocrx_word' id='word_1_223' title='bbox 2240 1719 2674 1788; x_wconf 72' lang='lat' dir='ltr'><strong>przeponderabit</strong></span> <span class='ocrx_word' id='word_1_224' title='bbox 2711 1721 3086 1790; x_wconf 89' lang='lat' dir='ltr'><strong>potentissima</strong></span> <span class='ocrx_word' id='word_1_225' title='bbox 3134 1723 3327 1778; x_wconf 89' lang='lat' dir='ltr'><strong>merita</strong></span> <span class='ocrx_word' id='word_1_226' title='bbox 3362 1725 3497 1778; x_wconf 82' lang='lat' dir='ltr'><strong>tua?</strong></span> <span class='ocrx_word' id='word_1_227' title='bbox 3532 1725 3643 1779; x_wconf 88' lang='lat' dir='ltr'><strong>imo</strong></span> <span class='ocrx_word' id='word_1_228' title='bbox 3698 1739 3825 1781; x_wconf 85' lang='lat' dir='ltr'><strong>me-</strong></span> 
     </span>
    </p>
   </div>
   <div class='ocr_carea' id='block_1_33' title="bbox 555 1809 3828 1888">
    <p class='ocr_par' dir='ltr' id='par_1_33' title="bbox 555 1809 3828 1888">
     <span class='ocr_line' id='line_1_33' title="bbox 555 1809 3828 1888; baseline 0.001 -18"><span class='ocrx_word' id='word_1_229' title='bbox 555 1827 646 1870; x_wconf 93' lang='lat' dir='ltr'><strong>tuo</strong></span> <span class='ocrx_word' id='word_1_230' title='bbox 699 1817 1007 1888; x_wconf 84' lang='lat' dir='ltr'><strong>magisterio</strong></span> <span class='ocrx_word' id='word_1_231' title='bbox 1048 1815 1342 1888; x_wconf 77' lang='lat' dir='ltr'><strong>gloriemur</strong></span> <span class='ocrx_word' id='word_1_232' title='bbox 1386 1830 1570 1872; x_wconf 91' lang='lat' dir='ltr'><strong>coram</strong></span> <span class='ocrx_word' id='word_1_233' title='bbox 1619 1815 1730 1871; x_wconf 92' lang='lat' dir='ltr'><strong>Deo</strong></span> <span class='ocrx_word' id='word_1_234' title='bbox 1774 1815 1864 1885; x_wconf 89' lang='lat' dir='ltr'><strong>qui</strong></span> <span class='ocrx_word' id='word_1_235' title='bbox 1909 1815 2041 1869; x_wconf 90' lang='lat' dir='ltr'><strong>vivit</strong></span> <span class='ocrx_word' id='word_1_236' title='bbox 2081 1811 2209 1869; x_wconf 89' lang='lat' dir='ltr'><strong>etB</strong></span> <span class='ocrx_word' id='word_1_237' title='bbox 2237 1809 2464 1864; x_wconf 89' lang='lat' dir='ltr'><strong>ritorum</strong></span> <span class='ocrx_word' id='word_1_238' title='bbox 2501 1819 2712 1864; x_wconf 89' lang='lat' dir='ltr'><strong>tuorum</strong></span> <span class='ocrx_word' id='word_1_239' title='bbox 2742 1814 3158 1881; x_wconf 70' lang='lat' dir='ltr'><strong>praeponderans</strong></span> <span class='ocrx_word' id='word_1_240' title='bbox 3182 1814 3354 1884; x_wconf 87' lang='lat' dir='ltr'><strong>gratia</strong></span> <span class='ocrx_word' id='word_1_241' title='bbox 3386 1814 3659 1881; x_wconf 87' lang='lat' dir='ltr'><strong>sustollat,</strong></span> <span class='ocrx_word' id='word_1_242' title='bbox 3687 1815 3828 1872; x_wconf 76' lang='lat' dir='ltr'><strong>levi-</strong></span> 
     </span>
    </p>
   </div>
   <div class='ocr_carea' id='block_1_34' title="bbox 554 1907 1944 1981">
    <p class='ocr_par' dir='ltr' id='par_1_34' title="bbox 554 1907 1944 1981">
     <span class='ocr_line' id='line_1_34' title="bbox 554 1907 1944 1981; baseline -0.004 -16"><span class='ocrx_word' id='word_1_243' title='bbox 554 1922 739 1980; x_wconf 84' lang='lat' dir='ltr'><strong>regnat</strong></span> <span class='ocrx_word' id='word_1_244' title='bbox 776 1926 872 1981; x_wconf 89' lang='lat' dir='ltr'><strong>per</strong></span> <span class='ocrx_word' id='word_1_245' title='bbox 903 1908 1312 1965; x_wconf 62' lang='lat' dir='ltr'><strong>omnia&#39;saecula</strong></span> <span class='ocrx_word' id='word_1_246' title='bbox 1345 1907 1687 1962; x_wconf 65' lang='lat' dir='ltr'><strong>saeculorum.</strong></span> <span class='ocrx_word' id='word_1_247' title='bbox 1728 1909 1898 1962; x_wconf 86' lang='lat' dir='ltr'><strong>Amen</strong></span> <span class='ocrx_word' id='word_1_248' title='bbox 1942 1969 1944 1971; x_wconf 0' lang='grc' dir='ltr'><strong>ι</strong></span> 
     </span>
    </p>
   </div>
   <div class='ocr_carea' id='block_1_35' title="bbox 579 1997 1774 2071">
    <p class='ocr_par' dir='ltr' id='par_1_35' title="bbox 579 1997 1774 2071">
     <span class='ocr_line' id='line_1_35' title="bbox 579 1997 1774 2071; baseline -0.002 -17"><span class='ocrx_word' id='word_1_249' title='bbox 579 2003 591 2014; x_wconf 87' lang='grc'><strong>·</strong></span> <span class='ocrx_word' id='word_1_250' title='bbox 907 1997 1165 2056; x_wconf 79' lang='lat' dir='ltr'><strong>ORATIO</strong></span> <span class='ocrx_word' id='word_1_251' title='bbox 1201 1997 1409 2053; x_wconf 81' lang='lat' dir='ltr'><strong>Lxxnt</strong></span> <span class='ocrx_word' id='word_1_252' title='bbox 1442 1998 1535 2071; x_wconf 83' lang='grc' dir='ltr'>[οι.</span> <span class='ocrx_word' id='word_1_253' title='bbox 1566 1998 1774 2071; x_wconf 82' lang='lat' dir='ltr'><strong>LXXI].</strong></span> 
     </span>
    </p>
   </div>
   <div class='ocr_carea' id='block_1_36' title="bbox 1021 2104 1705 2146">
    <p class='ocr_par' dir='ltr' id='par_1_36' title="bbox 1021 2104 1705 2146">
     <span class='ocr_line' id='line_1_36' title="bbox 1021 2104 1705 2146; baseline 0.001 -3"><span class='ocrx_word' id='word_1_254' title='bbox 1021 2105 1051 2143; x_wconf 93' lang='lat' dir='ltr'><strong>D</strong></span> <span class='ocrx_word' id='word_1_255' title='bbox 1087 2104 1329 2145; x_wconf 70' lang='lat' dir='ltr'><strong>SANCTUM</strong></span> <span class='ocrx_word' id='word_1_256' title='bbox 1367 2105 1705 2146; x_wconf 62' lang='lat' dir='ltr'><strong>DUNSTA‘SUU.</strong></span> 
     </span>
    </p>
   </div>
   <div class='ocr_carea' id='block_1_37' title="bbox 800 2188 1872 2258">
    <p class='ocr_par' dir='ltr' id='par_1_37' title="bbox 800 2188 1872 2258">
     <span class='ocr_line' id='line_1_37' title="bbox 800 2188 1872 2258; baseline -0.005 -14"><span class='ocrx_word' id='word_1_257' title='bbox 800 2189 930 2244; x_wconf 84' lang='lat' dir='ltr'><strong>Cum</strong></span> <span class='ocrx_word' id='word_1_258' title='bbox 960 2190 1324 2244; x_wconf 80' lang='lat' dir='ltr'><strong>recordatione</strong></span> <span class='ocrx_word' id='word_1_259' title='bbox 1353 2188 1728 2242; x_wconf 82' lang='lat' dir='ltr'><strong>miraculorum</strong></span> <span class='ocrx_word' id='word_1_260' title='bbox 1758 2189 1872 2258; x_wconf 68' lang='lat' dir='ltr'><strong>ejus</strong></span> 
     </span>
    </p>
   </div>
   <div class='ocr_carea' id='block_1_38' title="bbox 627 2277 2136 2343">
    <p class='ocr_par' dir='ltr' id='par_1_38' title="bbox 627 2277 2136 2343">
     <span class='ocr_line' id='line_1_38' title="bbox 627 2277 2136 2343; baseline -0.003 -7"><span class='ocrx_word' id='word_1_261' title='bbox 627 2279 829 2337; x_wconf 83' lang='lat' dir='ltr'><strong>Sanete</strong></span> <span class='ocrx_word' id='word_1_262' title='bbox 857 2282 1156 2342; x_wconf 82' lang='lat' dir='ltr'><strong>Dunstanc,</strong></span> <span class='ocrx_word' id='word_1_263' title='bbox 1188 2279 1360 2334; x_wconf 90' lang='lat' dir='ltr'><strong>dulcis</strong></span> <span class='ocrx_word' id='word_1_264' title='bbox 1403 2281 1468 2333; x_wconf 90' lang='lat' dir='ltr'><strong>ad</strong></span> <span class='ocrx_word' id='word_1_265' title='bbox 1498 2279 1876 2343; x_wconf 67' lang='lat' dir='ltr'><strong>inmorandum,</strong></span> <span class='ocrx_word' id='word_1_266' title='bbox 1901 2286 1956 2333; x_wconf 90' lang='lat' dir='ltr'><strong>et</strong></span> <span class='ocrx_word' id='word_1_267' title='bbox 1982 2277 2136 2334; x_wconf 88' lang='lat' dir='ltr'><strong>beni-</strong></span> 
     </span>
    </p>
   </div>
   <div class='ocr_carea' id='block_1_39' title="bbox 555 2369 2132 2444">
    <p class='ocr_par' dir='ltr' id='par_1_39' title="bbox 555 2369 2132 2444">
     <span class='ocr_line' id='line_1_39' title="bbox 555 2369 2132 2444; baseline -0.005 -14"><span class='ocrx_word' id='word_1_268' title='bbox 555 2391 692 2444; x_wconf 80' lang='lat' dir='ltr'><strong>gnus</strong></span> <span class='ocrx_word' id='word_1_269' title='bbox 731 2375 798 2429; x_wconf 89' lang='lat' dir='ltr'><strong>ad</strong></span> <span class='ocrx_word' id='word_1_270' title='bbox 833 2373 1260 2437; x_wconf 81' lang='lat' dir='ltr'><strong>exaudiendum,</strong></span> <span class='ocrx_word' id='word_1_271' title='bbox 1305 2372 1424 2440; x_wconf 91' lang='lat' dir='ltr'><strong>pius</strong></span> <span class='ocrx_word' id='word_1_272' title='bbox 1467 2371 1533 2425; x_wconf 89' lang='lat' dir='ltr'><strong>ad</strong></span> <span class='ocrx_word' id='word_1_273' title='bbox 1572 2369 2026 2434; x_wconf 85' lang='lat' dir='ltr'><strong>subveniendum;</strong></span> <span class='ocrx_word' id='word_1_274' title='bbox 2077 2377 2132 2422; x_wconf 90' lang='lat' dir='ltr'><strong>tu</strong></span> 
     </span>
    </p>
   </div>
   <div class='ocr_carea' id='block_1_40' title="bbox 553 2459 2130 2535">
    <p class='ocr_par' dir='ltr' id='par_1_40' title="bbox 553 2459 2130 2535">
     <span class='ocr_line' id='line_1_40' title="bbox 553 2459 2130 2535; baseline -0.004 -16"><span class='ocrx_word' id='word_1_275' title='bbox 553 2469 620 2520; x_wconf 90' lang='lat' dir='ltr'><strong>ad</strong></span> <span class='ocrx_word' id='word_1_276' title='bbox 658 2477 708 2520; x_wconf 89' lang='lat' dir='ltr'><strong>te</strong></span> <span class='ocrx_word' id='word_1_277' title='bbox 743 2464 1072 2535; x_wconf 83' lang='lat' dir='ltr'><strong>fugientibus</strong></span> <span class='ocrx_word' id='word_1_278' title='bbox 1106 2477 1381 2532; x_wconf 85' lang='lat' dir='ltr'><strong>nunquam</strong></span> <span class='ocrx_word' id='word_1_279' title='bbox 1436 2463 1700 2516; x_wconf 89' lang='lat' dir='ltr'><strong>incertum</strong></span> <span class='ocrx_word' id='word_1_280' title='bbox 1754 2459 2042 2532; x_wconf 87' lang='lat' dir='ltr'><strong>refugium,</strong></span> <span class='ocrx_word' id='word_1_281' title='bbox 2076 2469 2130 2513; x_wconf 90' lang='lat' dir='ltr'><strong>tu</strong></span> 
     </span>
    </p>
   </div>
   <div class='ocr_carea' id='block_1_41' title="bbox 544 2554 2129 2624">
    <p class='ocr_par' dir='ltr' id='par_1_41' title="bbox 544 2554 2129 2624">
     <span class='ocr_line' id='line_1_41' title="bbox 544 2554 2129 2624; baseline -0.003 -13"><span class='ocrx_word' id='word_1_282' title='bbox 544 2559 617 2611; x_wconf 75' lang='lat' dir='ltr'><strong>al</strong></span> <span class='ocrx_word' id='word_1_283' title='bbox 655 2567 708 2611; x_wconf 87' lang='lat' dir='ltr'><strong>te</strong></span> <span class='ocrx_word' id='word_1_284' title='bbox 747 2556 1106 2611; x_wconf 81' lang='lat' dir='ltr'><strong>clamantibus</strong></span> <span class='ocrx_word' id='word_1_285' title='bbox 1147 2569 1420 2624; x_wconf 90' lang='lat' dir='ltr'><strong>nunquam</strong></span> <span class='ocrx_word' id='word_1_286' title='bbox 1463 2554 1788 2624; x_wconf 90' lang='lat' dir='ltr'><strong>imparatum</strong></span> <span class='ocrx_word' id='word_1_287' title='bbox 1839 2554 2129 2618; x_wconf 75' lang='lat' dir='ltr'><strong>auxrlium;</strong></span> 
     </span>
    </p>
   </div>
   <div class='ocr_carea' id='block_1_42' title="bbox 551 2643 2129 2717">
    <p class='ocr_par' dir='ltr' id='par_1_42' title="bbox 551 2643 2129 2717">
     <span class='ocr_line' id='line_1_42' title="bbox 551 2643 2129 2717; baseline -0.004 -13"><span class='ocrx_word' id='word_1_288' title='bbox 551 2659 763 2715; x_wconf 88' lang='lat' dir='ltr'><strong>sancte,</strong></span> <span class='ocrx_word' id='word_1_289' title='bbox 799 2647 1027 2717; x_wconf 84' lang='lat' dir='ltr'><strong>benigne</strong></span> <span class='ocrx_word' id='word_1_290' title='bbox 1064 2661 1129 2701; x_wconf 89' lang='lat' dir='ltr'><strong>ac</strong></span> <span class='ocrx_word' id='word_1_291' title='bbox 1163 2646 1251 2716; x_wconf 93' lang='lat' dir='ltr'><strong>pie</strong></span> <span class='ocrx_word' id='word_1_292' title='bbox 1288 2646 1582 2707; x_wconf 85' lang='lat' dir='ltr'><strong>Dunstanc,</strong></span> <span class='ocrx_word' id='word_1_293' title='bbox 1616 2645 1824 2714; x_wconf 89' lang='lat' dir='ltr'><strong>respice</strong></span> <span class='ocrx_word' id='word_1_294' title='bbox 1857 2643 2129 2698; x_wconf 78' lang='lat' dir='ltr'><strong>miseriam</strong></span> 
     </span>
    </p>
   </div>
   <div class='ocr_carea' id='block_1_43' title="bbox 548 2734 2128 2806">
    <p class='ocr_par' dir='ltr' id='par_1_43' title="bbox 548 2734 2128 2806">
     <span class='ocr_line' id='line_1_43' title="bbox 548 2734 2128 2806; baseline -0.004 -12"><span class='ocrx_word' id='word_1_295' title='bbox 548 2740 752 2794; x_wconf 69' lang='lat' dir='ltr'><strong>animae</strong></span> <span class='ocrx_word' id='word_1_296' title='bbox 803 2752 986 2793; x_wconf 84' lang='lat' dir='ltr'><strong>meae:</strong></span> <span class='ocrx_word' id='word_1_297' title='bbox 1029 2737 1075 2791; x_wconf 82' lang='lat' dir='ltr'><strong>si</strong></span> <span class='ocrx_word' id='word_1_298' title='bbox 1129 2737 1273 2792; x_wconf 89' lang='lat' dir='ltr'><strong>enim</strong></span> <span class='ocrx_word' id='word_1_299' title='bbox 1321 2735 1642 2806; x_wconf 80' lang='lat' dir='ltr'><strong>respexeris,</strong></span> <span class='ocrx_word' id='word_1_300' title='bbox 1680 2734 1724 2790; x_wconf 88' lang='lat' dir='ltr'><strong>si</strong></span> <span class='ocrx_word' id='word_1_301' title='bbox 1761 2734 2128 2789; x_wconf 85' lang='lat' dir='ltr'><strong>calamitatem</strong></span> 
     </span>
    </p>
   </div>
   <div class='ocr_carea' id='block_1_44' title="bbox 552 2823 2127 2896">
    <p class='ocr_par' dir='ltr' id='par_1_44' title="bbox 552 2823 2127 2896">
     <span class='ocr_line' id='line_1_44' title="bbox 552 2823 2127 2896; baseline -0.002 -13"><span class='ocrx_word' id='word_1_302' title='bbox 552 2844 730 2884; x_wconf 86' lang='lat' dir='ltr'><strong>meam</strong></span> <span class='ocrx_word' id='word_1_303' title='bbox 767 2836 821 2882; x_wconf 91' lang='lat' dir='ltr'><strong>et</strong></span> <span class='ocrx_word' id='word_1_304' title='bbox 856 2827 1132 2883; x_wconf 90' lang='lat' dir='ltr'><strong>miseriam</strong></span> <span class='ocrx_word' id='word_1_305' title='bbox 1178 2827 1502 2891; x_wconf 83' lang='lat' dir='ltr'><strong>attenderis,</strong></span> <span class='ocrx_word' id='word_1_306' title='bbox 1542 2823 1784 2896; x_wconf 88' lang='lat' dir='ltr'><strong>profecto</strong></span> <span class='ocrx_word' id='word_1_307' title='bbox 1816 2826 2127 2880; x_wconf 80' lang='lat' dir='ltr'><strong>misericor-</strong></span> 
     </span>
    </p>
   </div>
   <div class='ocr_carea' id='block_1_45' title="bbox 548 2913 2126 2981">
    <p class='ocr_par' dir='ltr' id='par_1_45' title="bbox 548 2913 2126 2981">
     <span class='ocr_line' id='line_1_45' title="bbox 548 2913 2126 2981; baseline -0.001 -9"><span class='ocrx_word' id='word_1_308' title='bbox 548 2919 654 2973; x_wconf 68' lang='lat' dir='ltr'><strong>diae</strong></span> <span class='ocrx_word' id='word_1_309' title='bbox 692 2928 795 2971; x_wconf 72' lang='lat' dir='ltr'><strong>tua:</strong></span> <span class='ocrx_word' id='word_1_310' title='bbox 825 2919 1032 2972; x_wconf 88' lang='lat' dir='ltr'><strong>viscera</strong></span> <span class='ocrx_word' id='word_1_311' title='bbox 1068 2931 1176 2970; x_wconf 90' lang='lat' dir='ltr'><strong>non</strong></span> <span class='ocrx_word' id='word_1_312' title='bbox 1217 2916 1537 2970; x_wconf 88' lang='lat' dir='ltr'><strong>continebis.</strong></span> <span class='ocrx_word' id='word_1_313' title='bbox 1587 2913 1827 2980; x_wconf 86' lang='lat' dir='ltr'><strong>Timore,</strong></span> <span class='ocrx_word' id='word_1_314' title='bbox 1873 2925 2126 2981; x_wconf 88' lang='lat' dir='ltr'><strong>tremore,</strong></span> 
     </span>
    </p>
   </div>
   <div class='ocr_carea' id='block_1_46' title="bbox 547 3005 2126 3077">
    <p class='ocr_par' dir='ltr' id='par_1_46' title="bbox 547 3005 2126 3077">
     <span class='ocr_line' id='line_1_46' title="bbox 547 3005 2126 3077; baseline -0.001 -13"><span class='ocrx_word' id='word_1_315' title='bbox 547 3011 780 3064; x_wconf 85' lang='lat' dir='ltr'><strong>horrore</strong></span> <span class='ocrx_word' id='word_1_316' title='bbox 808 3008 1083 3062; x_wconf 90' lang='lat' dir='ltr'><strong>cruciatur</strong></span> <span class='ocrx_word' id='word_1_317' title='bbox 1113 3006 1290 3060; x_wconf 90' lang='lat' dir='ltr'><strong>anima</strong></span> <span class='ocrx_word' id='word_1_318' title='bbox 1327 3005 1494 3077; x_wconf 74' lang='lat'><strong>298</strong></span> <span class='ocrx_word' id='word_1_319' title='bbox 1523 3020 1667 3071; x_wconf 89' lang='lat' dir='ltr'><strong>mea;</strong></span> <span class='ocrx_word' id='word_1_320' title='bbox 1721 3007 1895 3071; x_wconf 88' lang='lat' dir='ltr'><strong>timet,</strong></span> <span class='ocrx_word' id='word_1_321' title='bbox 1945 3007 2126 3062; x_wconf 88' lang='lat' dir='ltr'><strong>tremit</strong></span> 
     </span>
    </p>
   </div>
   <div class='ocr_carea' id='block_1_47' title="bbox 545 3096 2129 3169">
    <p class='ocr_par' dir='ltr' id='par_1_47' title="bbox 545 3096 2129 3169">
     <span class='ocr_line' id='line_1_47' title="bbox 545 3096 2129 3169; baseline 0 -13"><span class='ocrx_word' id='word_1_322' title='bbox 545 3111 606 3156; x_wconf 82' lang='lat' dir='ltr'><strong>et</strong></span> <span class='ocrx_word' id='word_1_323' title='bbox 636 3101 894 3155; x_wconf 78' lang='lat' dir='ltr'><strong>exhorret</strong></span> <span class='ocrx_word' id='word_1_324' title='bbox 943 3096 1223 3162; x_wconf 87' lang='lat' dir='ltr'><strong>immania,</strong></span> <span class='ocrx_word' id='word_1_325' title='bbox 1278 3113 1398 3167; x_wconf 65' lang='lat' dir='ltr'><strong>quae</strong></span> <span class='ocrx_word' id='word_1_326' title='bbox 1446 3106 1708 3165; x_wconf 88' lang='lat' dir='ltr'><strong>meretur,</strong></span> <span class='ocrx_word' id='word_1_327' title='bbox 1739 3098 2028 3169; x_wconf 89' lang='lat' dir='ltr'><strong>supplicia;</strong></span> <span class='ocrx_word' id='word_1_328' title='bbox 2070 3109 2129 3156; x_wconf 85' lang='lat' dir='ltr'><strong>et</strong></span> 
     </span>
    </p>
   </div>
   <div class='ocr_carea' id='block_1_48' title="bbox 2236 1905 3826 1979">
    <p class='ocr_par' dir='ltr' id='par_1_48' title="bbox 2236 1905 3826 1979">
     <span class='ocr_line' id='line_1_48' title="bbox 2236 1905 3826 1979; baseline 0.006 -23"><span class='ocrx_word' id='word_1_329' title='bbox 2236 1914 2326 1976; x_wconf 83' lang='lat' dir='ltr'><strong>get</strong></span> <span class='ocrx_word' id='word_1_330' title='bbox 2357 1921 2420 1960; x_wconf 92' lang='lat' dir='ltr'><strong>ac</strong></span> <span class='ocrx_word' id='word_1_331' title='bbox 2442 1914 2667 1960; x_wconf 86' lang='lat' dir='ltr'><strong>evacuel</strong></span> <span class='ocrx_word' id='word_1_332' title='bbox 2690 1905 3028 1976; x_wconf 90' lang='lat' dir='ltr'><strong>impietatum</strong></span> <span class='ocrx_word' id='word_1_333' title='bbox 3056 1922 3300 1963; x_wconf 87' lang='lat' dir='ltr'><strong>mearum</strong></span> <span class='ocrx_word' id='word_1_334' title='bbox 3327 1911 3591 1979; x_wconf 89' lang='lat' dir='ltr'><strong>pondera.</strong></span> <span class='ocrx_word' id='word_1_335' title='bbox 3622 1908 3826 1965; x_wconf 82' lang='lat' dir='ltr'><strong>Liben-</strong></span> 
     </span>
    </p>
   </div>
   <div class='ocr_carea' id='block_1_49' title="bbox 2234 1998 3824 2072">
    <p class='ocr_par' dir='ltr' id='par_1_49' title="bbox 2234 1998 3824 2072">
     <span class='ocr_line' id='line_1_49' title="bbox 2234 1998 3824 2072; baseline 0.001 -18"><span class='ocrx_word' id='word_1_336' title='bbox 2234 2000 2441 2055; x_wconf 75' lang='lat' dir='ltr'><strong>tissime</strong></span> <span class='ocrx_word' id='word_1_337' title='bbox 2483 1999 2577 2053; x_wconf 84' lang='lat' dir='ltr'><strong>tibi</strong></span> <span class='ocrx_word' id='word_1_338' title='bbox 2621 1998 2785 2066; x_wconf 89' lang='lat' dir='ltr'><strong>judex</strong></span> <span class='ocrx_word' id='word_1_339' title='bbox 2835 1999 2948 2069; x_wconf 88' lang='lat' dir='ltr'><strong>ipse</strong></span> <span class='ocrx_word' id='word_1_340' title='bbox 2993 2001 3215 2056; x_wconf 88' lang='lat' dir='ltr'><strong>donabit</strong></span> <span class='ocrx_word' id='word_1_341' title='bbox 3258 2001 3520 2072; x_wconf 91' lang='lat' dir='ltr'><strong>quidquid</strong></span> <span class='ocrx_word' id='word_1_342' title='bbox 3570 2010 3658 2056; x_wconf 89' lang='lat' dir='ltr'><strong>tua</strong></span> <span class='ocrx_word' id='word_1_343' title='bbox 3704 2012 3824 2056; x_wconf 87' lang='lat' dir='ltr'><strong>tam</strong></span> 
     </span>
    </p>
   </div>
   <div class='ocr_carea' id='block_1_50' title="bbox 2235 2089 3822 2160">
    <p class='ocr_par' dir='ltr' id='par_1_50' title="bbox 2235 2089 3822 2160">
     <span class='ocr_line' id='line_1_50' title="bbox 2235 2089 3822 2160; baseline 0.004 -21"><span class='ocrx_word' id='word_1_344' title='bbox 2235 2091 2429 2145; x_wconf 78' lang='lat' dir='ltr'><strong>dilecta</strong></span> <span class='ocrx_word' id='word_1_345' title='bbox 2466 2099 2521 2144; x_wconf 91' lang='lat' dir='ltr'><strong>ct</strong></span> <span class='ocrx_word' id='word_1_346' title='bbox 2556 2090 2723 2144; x_wconf 88' lang='lat' dir='ltr'><strong>chara</strong></span> <span class='ocrx_word' id='word_1_347' title='bbox 2763 2104 2886 2143; x_wconf 91' lang='lat' dir='ltr'><strong>eum</strong></span> <span class='ocrx_word' id='word_1_348' title='bbox 2927 2089 3271 2146; x_wconf 84' lang='lat' dir='ltr'><strong>familiaritas</strong></span> <span class='ocrx_word' id='word_1_349' title='bbox 3310 2091 3608 2160; x_wconf 89' lang='lat' dir='ltr'><strong>postulabit</strong></span> <span class='ocrx_word' id='word_1_350' title='bbox 3648 2108 3666 2148; x_wconf 90' lang='lat'><strong>:</strong></span> <span class='ocrx_word' id='word_1_351' title='bbox 3706 2108 3822 2147; x_wconf 83' lang='lat' dir='ltr'><strong>non</strong></span> 
     </span>
    </p>
   </div>
   <div class='ocr_carea' id='block_1_51' title="bbox 2234 2179 3822 2252">
    <p class='ocr_par' dir='ltr' id='par_1_51' title="bbox 2234 2179 3822 2252">
     <span class='ocr_line' id='line_1_51' title="bbox 2234 2179 3822 2252; baseline -0.001 -17"><span class='ocrx_word' id='word_1_352' title='bbox 2234 2182 2456 2252; x_wconf 87' lang='lat' dir='ltr'><strong>negabit</strong></span> <span class='ocrx_word' id='word_1_353' title='bbox 2503 2180 2596 2235; x_wconf 90' lang='lat' dir='ltr'><strong>tibi</strong></span> <span class='ocrx_word' id='word_1_354' title='bbox 2640 2195 2800 2236; x_wconf 82' lang='lat' dir='ltr'><strong>unius</strong></span> <span class='ocrx_word' id='word_1_355' title='bbox 2843 2179 3070 2241; x_wconf 83' lang='lat' dir='ltr'><strong>salutem</strong></span> <span class='ocrx_word' id='word_1_356' title='bbox 3121 2181 3327 2246; x_wconf 87' lang='lat' dir='ltr'><strong>miseri,</strong></span> <span class='ocrx_word' id='word_1_357' title='bbox 3373 2180 3518 2236; x_wconf 87' lang='lat' dir='ltr'><strong>salus</strong></span> <span class='ocrx_word' id='word_1_358' title='bbox 3567 2181 3682 2251; x_wconf 91' lang='lat' dir='ltr'><strong>ipsa</strong></span> <span class='ocrx_word' id='word_1_359' title='bbox 3725 2181 3822 2236; x_wconf 67' lang='lat' dir='ltr'><strong>&quot;cui</strong></span> 
     </span>
    </p>
   </div>
   <div class='ocr_carea' id='block_1_52' title="bbox 2233 2271 3825 2338">
    <p class='ocr_par' dir='ltr' id='par_1_52' title="bbox 2233 2271 3825 2338">
     <span class='ocr_line' id='line_1_52' title="bbox 2233 2271 3825 2338; baseline 0.001 -10"><span class='ocrx_word' id='word_1_360' title='bbox 2233 2283 2340 2328; x_wconf 91' lang='lat' dir='ltr'><strong>tam</strong></span> <span class='ocrx_word' id='word_1_361' title='bbox 2367 2272 2646 2328; x_wconf 86' lang='lat' dir='ltr'><strong>familiaris</strong></span> <span class='ocrx_word' id='word_1_362' title='bbox 2668 2272 2886 2338; x_wconf 84' lang='lat' dir='ltr'><strong>existis;</strong></span> <span class='ocrx_word' id='word_1_363' title='bbox 2913 2271 3070 2328; x_wconf 90' lang='lat' dir='ltr'><strong>facile</strong></span> <span class='ocrx_word' id='word_1_364' title='bbox 3098 2273 3286 2336; x_wconf 78' lang='lat' dir='ltr'><strong>reddet</strong></span> <span class='ocrx_word' id='word_1_365' title='bbox 3312 2273 3404 2327; x_wconf 90' lang='lat' dir='ltr'><strong>tibi</strong></span> <span class='ocrx_word' id='word_1_366' title='bbox 3430 2272 3591 2328; x_wconf 89' lang='lat' dir='ltr'><strong>unius</strong></span> <span class='ocrx_word' id='word_1_367' title='bbox 3613 2273 3825 2329; x_wconf 86' lang='lat' dir='ltr'><strong>mortui</strong></span> 
     </span>
    </p>
   </div>
   <div class='ocr_carea' id='block_1_53' title="bbox 2233 2364 3821 2435">
    <p class='ocr_par' dir='ltr' id='par_1_53' title="bbox 2233 2364 3821 2435">
     <span class='ocr_line' id='line_1_53' title="bbox 2233 2364 3821 2435; baseline -0.001 -15"><span class='ocrx_word' id='word_1_368' title='bbox 2233 2366 2421 2430; x_wconf 87' lang='lat' dir='ltr'><strong>vitam,</strong></span> <span class='ocrx_word' id='word_1_369' title='bbox 2453 2365 2560 2420; x_wconf 88' lang='lat' dir='ltr'><strong>vita</strong></span> <span class='ocrx_word' id='word_1_370' title='bbox 2598 2365 2716 2431; x_wconf 87' lang='lat' dir='ltr'><strong>ipsa</strong></span> <span class='ocrx_word' id='word_1_371' title='bbox 2753 2364 2893 2434; x_wconf 91' lang='lat' dir='ltr'><strong>apud</strong></span> <span class='ocrx_word' id='word_1_372' title='bbox 2923 2379 3084 2435; x_wconf 83' lang='lat' dir='ltr'><strong>quam</strong></span> <span class='ocrx_word' id='word_1_373' title='bbox 3118 2374 3322 2420; x_wconf 88' lang='lat' dir='ltr'><strong>tantam</strong></span> <span class='ocrx_word' id='word_1_374' title='bbox 3351 2365 3519 2420; x_wconf 88' lang='lat' dir='ltr'><strong>habes</strong></span> <span class='ocrx_word' id='word_1_375' title='bbox 3556 2365 3821 2434; x_wconf 81' lang='lat' dir='ltr'><strong>gratiam.</strong></span> 
     </span>
    </p>
   </div>
   <div class='ocr_carea' id='block_1_54' title="bbox 2304 2455 3826 2526">
    <p class='ocr_par' dir='ltr' id='par_1_54' title="bbox 2304 2455 3826 2526">
     <span class='ocr_line' id='line_1_54' title="bbox 2304 2455 3826 2526; baseline 0.001 -16"><span class='ocrx_word' id='word_1_376' title='bbox 2304 2455 2381 2511; x_wconf 89' lang='lat' dir='ltr'><strong>Ne</strong></span> <span class='ocrx_word' id='word_1_377' title='bbox 2419 2455 2657 2521; x_wconf 84' lang='lat' dir='ltr'><strong>deficiat,</strong></span> <span class='ocrx_word' id='word_1_378' title='bbox 2697 2470 2898 2525; x_wconf 62' lang='lat' dir='ltr'><strong>quaeso,</strong></span> <span class='ocrx_word' id='word_1_379' title='bbox 2938 2455 2992 2509; x_wconf 92' lang='lat' dir='ltr'><strong>in</strong></span> <span class='ocrx_word' id='word_1_380' title='bbox 3033 2471 3120 2511; x_wconf 91' lang='lat' dir='ltr'><strong>me</strong></span> <span class='ocrx_word' id='word_1_381' title='bbox 3159 2471 3268 2510; x_wconf 93' lang='lat' dir='ltr'><strong>uno</strong></span> <span class='ocrx_word' id='word_1_382' title='bbox 3317 2467 3420 2511; x_wconf 71' lang='lat' dir='ltr'><strong>tute</strong></span> <span class='ocrx_word' id='word_1_383' title='bbox 3462 2455 3826 2526; x_wconf 82' lang='lat' dir='ltr'><strong>benignitatis</strong></span> 
     </span>
    </p>
   </div>
   <div class='ocr_carea' id='block_1_55' title="bbox 2232 2543 3826 2616">
    <p class='ocr_par' dir='ltr' id='par_1_55' title="bbox 2232 2543 3826 2616">
     <span class='ocr_line' id='line_1_55' title="bbox 2232 2543 3826 2616; baseline -0.001 -15"><span class='ocrx_word' id='word_1_384' title='bbox 2232 2544 2623 2610; x_wconf 89' lang='lat' dir='ltr'><strong>munificentia,</strong></span> <span class='ocrx_word' id='word_1_385' title='bbox 2655 2543 2813 2616; x_wconf 89' lang='lat' dir='ltr'><strong>cujus</strong></span> <span class='ocrx_word' id='word_1_386' title='bbox 2851 2544 2904 2598; x_wconf 91' lang='lat' dir='ltr'><strong>in</strong></span> <span class='ocrx_word' id='word_1_387' title='bbox 2942 2544 3125 2600; x_wconf 91' lang='lat' dir='ltr'><strong>multis</strong></span> <span class='ocrx_word' id='word_1_388' title='bbox 3153 2553 3206 2600; x_wconf 91' lang='lat' dir='ltr'><strong>et</strong></span> <span class='ocrx_word' id='word_1_389' title='bbox 3238 2555 3346 2600; x_wconf 90' lang='lat' dir='ltr'><strong>tam</strong></span> <span class='ocrx_word' id='word_1_390' title='bbox 3385 2546 3686 2600; x_wconf 87' lang='lat' dir='ltr'><strong>innumeris</strong></span> <span class='ocrx_word' id='word_1_391' title='bbox 3725 2560 3826 2600; x_wconf 84' lang='lat' dir='ltr'><strong>re-</strong></span> 
     </span>
    </p>
   </div>
   <div class='ocr_carea' id='block_1_56' title="bbox 2232 2631 3825 2709">
    <p class='ocr_par' dir='ltr' id='par_1_56' title="bbox 2232 2631 3825 2709">
     <span class='ocr_line' id='line_1_56' title="bbox 2232 2631 3825 2709; baseline 0.001 -18"><span class='ocrx_word' id='word_1_392' title='bbox 2232 2637 2472 2691; x_wconf 89' lang='lat' dir='ltr'><strong>dundant</strong></span> <span class='ocrx_word' id='word_1_393' title='bbox 2510 2635 2795 2692; x_wconf 86' lang='lat' dir='ltr'><strong>beneficia.</strong></span> <span class='ocrx_word' id='word_1_394' title='bbox 2839 2635 3126 2691; x_wconf 87' lang='lat' dir='ltr'><strong>Obtineam</strong></span> <span class='ocrx_word' id='word_1_395' title='bbox 3164 2654 3262 2707; x_wconf 83' lang='lat' dir='ltr'><strong>per</strong></span> <span class='ocrx_word' id='word_1_396' title='bbox 3304 2648 3355 2691; x_wconf 91' lang='lat' dir='ltr'><strong>te</strong></span> <span class='ocrx_word' id='word_1_397' title='bbox 3375 2631 3825 2709; x_wconf 81' lang='lat' dir='ltr'><strong>indulgentiam,</strong></span> 
     </span>
    </p>
   </div>
   <div class='ocr_carea' id='block_1_57' title="bbox 2231 2725 3826 2794">
    <p class='ocr_par' dir='ltr' id='par_1_57' title="bbox 2231 2725 3826 2794">
     <span class='ocr_line' id='line_1_57' title="bbox 2231 2725 3826 2794; baseline 0.004 -14"><span class='ocrx_word' id='word_1_398' title='bbox 2231 2735 2291 2780; x_wconf 90' lang='lat' dir='ltr'><strong>ut</strong></span> <span class='ocrx_word' id='word_1_399' title='bbox 2334 2734 2442 2780; x_wconf 92' lang='lat' dir='ltr'><strong>tam</strong></span> <span class='ocrx_word' id='word_1_400' title='bbox 2487 2725 2665 2781; x_wconf 91' lang='lat' dir='ltr'><strong>dilecti</strong></span> <span class='ocrx_word' id='word_1_401' title='bbox 2712 2733 2770 2780; x_wconf 85' lang='lat' dir='ltr'><strong>et</strong></span> <span class='ocrx_word' id='word_1_402' title='bbox 2811 2725 3083 2794; x_wconf 84' lang='lat' dir='ltr'><strong>diligentis</strong></span> <span class='ocrx_word' id='word_1_403' title='bbox 3119 2727 3232 2791; x_wconf 85' lang='lat' dir='ltr'><strong>Dei,</strong></span> <span class='ocrx_word' id='word_1_404' title='bbox 3277 2744 3340 2783; x_wconf 91' lang='lat' dir='ltr'><strong>ac</strong></span> <span class='ocrx_word' id='word_1_405' title='bbox 3373 2727 3596 2785; x_wconf 86' lang='lat' dir='ltr'><strong>Domini.</strong></span> <span class='ocrx_word' id='word_1_406' title='bbox 3635 2731 3709 2784; x_wconf 92' lang='lat' dir='ltr'><strong>tui</strong></span> <span class='ocrx_word' id='word_1_407' title='bbox 3758 2732 3826 2787; x_wconf 85' lang='lat' dir='ltr'><strong>in</strong></span> 
     </span>
    </p>
   </div>
   <div class='ocr_carea' id='block_1_58' title="bbox 2228 2815 3824 2886">
    <p class='ocr_par' dir='ltr' id='par_1_58' title="bbox 2228 2815 3824 2886">
     <span class='ocr_line' id='line_1_58' title="bbox 2228 2815 3824 2886; baseline 0.003 -16"><span class='ocrx_word' id='word_1_408' title='bbox 2228 2827 2417 2870; x_wconf 91' lang='lat' dir='ltr'><strong>omnes</strong></span> <span class='ocrx_word' id='word_1_409' title='bbox 2479 2815 2772 2885; x_wconf 67' lang='lat' dir='ltr'><strong>praedicent</strong></span> <span class='ocrx_word' id='word_1_410' title='bbox 2819 2829 2885 2870; x_wconf 90' lang='lat' dir='ltr'><strong>ac</strong></span> <span class='ocrx_word' id='word_1_411' title='bbox 2946 2816 3292 2886; x_wconf 89' lang='lat' dir='ltr'><strong>magnificent</strong></span> <span class='ocrx_word' id='word_1_412' title='bbox 3358 2818 3824 2876; x_wconf 84' lang='lat' dir='ltr'><strong>misericordiam.</strong></span> 
     </span>
    </p>
   </div>
   <div class='ocr_carea' id='block_1_59' title="bbox 2229 2905 3826 2977">
    <p class='ocr_par' dir='ltr' id='par_1_59' title="bbox 2229 2905 3826 2977">
     <span class='ocr_line' id='line_1_59' title="bbox 2229 2905 3826 2977; baseline 0.005 -14"><span class='ocrx_word' id='word_1_413' title='bbox 2229 2905 2274 2963; x_wconf 93' lang='lat' dir='ltr'><strong>O</strong></span> <span class='ocrx_word' id='word_1_414' title='bbox 2328 2922 2489 2977; x_wconf 90' lang='lat' dir='ltr'><strong>quam</strong></span> <span class='ocrx_word' id='word_1_415' title='bbox 2555 2908 2914 2977; x_wconf 65' lang='lat' dir='ltr'><strong>praedicandis</strong></span> <span class='ocrx_word' id='word_1_416' title='bbox 2985 2911 3326 2966; x_wconf 90' lang='lat' dir='ltr'><strong>monstrabat</strong></span> <span class='ocrx_word' id='word_1_417' title='bbox 3388 2911 3534 2968; x_wconf 85' lang='lat' dir='ltr'><strong>Deus</strong></span> <span class='ocrx_word' id='word_1_418' title='bbox 3595 2913 3826 2971; x_wconf 87' lang='lat' dir='ltr'><strong>indiciis</strong></span> 
     </span>
    </p>
   </div>
   <div class='ocr_carea' id='block_1_60' title="bbox 2227 3000 3829 3071">
    <p class='ocr_par' dir='ltr' id='par_1_60' title="bbox 2227 3000 3829 3071">
     <span class='ocr_line' id='line_1_60' title="bbox 2227 3000 3829 3071; baseline 0.007 -21"><span class='ocrx_word' id='word_1_419' title='bbox 2227 3008 2488 3068; x_wconf 89' lang='lat' dir='ltr'><strong>quantum</strong></span> <span class='ocrx_word' id='word_1_420' title='bbox 2519 3000 2567 3055; x_wconf 91' lang='lat' dir='ltr'><strong>ei</strong></span> <span class='ocrx_word' id='word_1_421' title='bbox 2598 3007 2651 3054; x_wconf 90' lang='lat' dir='ltr'><strong>tu</strong></span> <span class='ocrx_word' id='word_1_422' title='bbox 2682 3009 2869 3071; x_wconf 88' lang='lat' dir='ltr'><strong>gratus</strong></span> <span class='ocrx_word' id='word_1_423' title='bbox 2901 3015 3050 3058; x_wconf 87' lang='lat' dir='ltr'><strong>esses</strong></span> <span class='ocrx_word' id='word_1_424' title='bbox 3085 3017 3148 3058; x_wconf 90' lang='lat' dir='ltr'><strong>ac</strong></span> <span class='ocrx_word' id='word_1_425' title='bbox 3175 3002 3489 3060; x_wconf 85' lang='lat' dir='ltr'><strong>familiaris!</strong></span> <span class='ocrx_word' id='word_1_426' title='bbox 3537 3003 3583 3060; x_wconf 91' lang='grc' dir='ltr'>Ο</span> <span class='ocrx_word' id='word_1_427' title='bbox 3610 3006 3791 3062; x_wconf 67' lang='lat' dir='ltr'><strong>inmsti</strong></span> <span class='ocrx_word' id='word_1_428' title='bbox 3811 3037 3829 3049; x_wconf 85' lang='lat'><strong>-</strong></span> 
     </span>
    </p>
   </div>
   <div class='ocr_carea' id='block_1_61' title="bbox 2229 3091 3827 3166">
    <p class='ocr_par' dir='ltr' id='par_1_61' title="bbox 2229 3091 3827 3166">
     <span class='ocr_line' id='line_1_61' title="bbox 2229 3091 3827 3166; baseline 0.006 -21"><span class='ocrx_word' id='word_1_429' title='bbox 2229 3091 2446 3147; x_wconf 89' lang='lat' dir='ltr'><strong>mabilis</strong></span> <span class='ocrx_word' id='word_1_430' title='bbox 2492 3092 2673 3149; x_wconf 89' lang='lat' dir='ltr'><strong>cordis</strong></span> <span class='ocrx_word' id='word_1_431' title='bbox 2729 3094 2802 3148; x_wconf 92' lang='lat' dir='ltr'><strong>tui</strong></span> <span class='ocrx_word' id='word_1_432' title='bbox 2847 3095 3084 3163; x_wconf 87' lang='lat' dir='ltr'><strong>puritas,</strong></span> <span class='ocrx_word' id='word_1_433' title='bbox 3135 3110 3257 3150; x_wconf 91' lang='lat' dir='ltr'><strong>cum</strong></span> <span class='ocrx_word' id='word_1_434' title='bbox 3305 3111 3409 3166; x_wconf 89' lang='lat' dir='ltr'><strong>qua</strong></span> <span class='ocrx_word' id='word_1_435' title='bbox 3461 3106 3572 3152; x_wconf 89' lang='lat' dir='ltr'><strong>tam</strong></span> <span class='ocrx_word' id='word_1_436' title='bbox 3617 3099 3827 3155; x_wconf 69' lang='lat' dir='ltr'><strong>crebro</strong></span> 
     </span>
    </p>
   </div>
   <div class='ocr_carea' id='block_1_62' title="bbox 549 3153 3827 3261">
    <p class='ocr_par' dir='ltr' id='par_1_62' title="bbox 549 3153 3827 3261">
     <span class='ocr_line' id='line_1_62' title="bbox 549 3153 3827 3261; baseline 0 -17"><span class='ocrx_word' id='word_1_437' title='bbox 549 3209 656 3248; x_wconf 88' lang='lat' dir='ltr'><strong>non</strong></span> <span class='ocrx_word' id='word_1_438' title='bbox 684 3201 766 3247; x_wconf 90' lang='lat' dir='ltr'><strong>est</strong></span> <span class='ocrx_word' id='word_1_439' title='bbox 795 3201 901 3261; x_wconf 90' lang='lat' dir='ltr'><strong>quo</strong></span> <span class='ocrx_word' id='word_1_440' title='bbox 942 3189 1164 3261; x_wconf 80' lang='lat' dir='ltr'><strong>effugiat</strong></span> <span class='ocrx_word' id='word_1_441' title='bbox 1203 3153 1497 3244; x_wconf 62' lang='lat' dir='ltr'><strong>coristituta</strong></span> <span class='ocrx_word' id='word_1_442' title='bbox 1536 3197 1661 3244; x_wconf 90' lang='lat' dir='ltr'><strong>ante</strong></span> <span class='ocrx_word' id='word_1_443' title='bbox 1695 3153 1954 3260; x_wconf 61' lang='lat' dir='ltr'><strong>iudicem.</strong></span> <span class='ocrx_word' id='word_1_444' title='bbox 2002 3153 2126 3245; x_wconf 56' lang='lat' dir='ltr'><strong>Sola</strong></span> <span class='ocrx_word' id='word_1_445' title='bbox 2155 3153 2200 3214; x_wconf 55' lang='grc' dir='ltr'><strong>(ί</strong></span> <span class='ocrx_word' id='word_1_446' title='bbox 2234 3181 2738 3237; x_wconf 89' lang='lat' dir='ltr'><strong>sermocinabantur</strong></span> <span class='ocrx_word' id='word_1_447' title='bbox 2777 3183 2950 3254; x_wconf 87' lang='lat' dir='ltr'><strong>angeli</strong></span> <span class='ocrx_word' id='word_1_448' title='bbox 2982 3185 3114 3240; x_wconf 91' lang='lat' dir='ltr'><strong>Dei!</strong></span> <span class='ocrx_word' id='word_1_449' title='bbox 3163 3200 3195 3240; x_wconf 92' lang='grc' dir='ltr'>ο</span> <span class='ocrx_word' id='word_1_450' title='bbox 3235 3153 3627 3243; x_wconf 62' lang='lat' dir='ltr'><strong>intestimahilis</strong></span> <span class='ocrx_word' id='word_1_451' title='bbox 3670 3193 3827 3259; x_wconf 83' lang='lat' dir='ltr'><strong>apud</strong></span> 
     </span>
    </p>
   </div>
   <div class='ocr_carea' id='block_1_63' title="bbox 549 3281 2127 3354">
    <p class='ocr_par' dir='ltr' id='par_1_63' title="bbox 549 3281 2127 3354">
     <span class='ocr_line' id='line_1_63' title="bbox 549 3281 2127 3354; baseline 0.001 -17"><span class='ocrx_word' id='word_1_452' title='bbox 549 3286 782 3351; x_wconf 87' lang='lat' dir='ltr'><strong>assistit;</strong></span> <span class='ocrx_word' id='word_1_453' title='bbox 817 3284 1014 3349; x_wconf 89' lang='lat' dir='ltr'><strong>nullus,</strong></span> <span class='ocrx_word' id='word_1_454' title='bbox 1042 3283 1132 3354; x_wconf 85' lang='lat' dir='ltr'><strong>qui</strong></span> <span class='ocrx_word' id='word_1_455' title='bbox 1165 3295 1263 3352; x_wconf 90' lang='lat' dir='ltr'><strong>pro</strong></span> <span class='ocrx_word' id='word_1_456' title='bbox 1291 3297 1354 3337; x_wconf 89' lang='lat' dir='ltr'><strong>ea</strong></span> <span class='ocrx_word' id='word_1_457' title='bbox 1380 3289 1525 3352; x_wconf 86' lang='lat' dir='ltr'><strong>agat,</strong></span> <span class='ocrx_word' id='word_1_458' title='bbox 1556 3282 1760 3336; x_wconf 84' lang='lat' dir='ltr'><strong>existit.</strong></span> <span class='ocrx_word' id='word_1_459' title='bbox 1794 3281 1915 3337; x_wconf 85' lang='lat' dir='ltr'><strong>Vita</strong></span> <span class='ocrx_word' id='word_1_460' title='bbox 1946 3284 2127 3339; x_wconf 90' lang='lat' dir='ltr'><strong>discu-</strong></span> 
     </span>
    </p>
   </div>
   <div class='ocr_carea' id='block_1_64' title="bbox 548 3374 2128 3447">
    <p class='ocr_par' dir='ltr' id='par_1_64' title="bbox 548 3374 2128 3447">
     <span class='ocr_line' id='line_1_64' title="bbox 548 3374 2128 3447; baseline -0.002 -13"><span class='ocrx_word' id='word_1_461' title='bbox 548 3379 701 3442; x_wconf 89' lang='lat' dir='ltr'><strong>titur,</strong></span> <span class='ocrx_word' id='word_1_462' title='bbox 733 3375 1052 3432; x_wconf 89' lang='lat' dir='ltr'><strong>damnabilis</strong></span> <span class='ocrx_word' id='word_1_463' title='bbox 1080 3375 1369 3430; x_wconf 89' lang='lat' dir='ltr'><strong>invenitur.</strong></span> <span class='ocrx_word' id='word_1_464' title='bbox 1397 3374 1538 3429; x_wconf 86' lang='lat' dir='ltr'><strong>Bona</strong></span> <span class='ocrx_word' id='word_1_465' title='bbox 1565 3376 1763 3430; x_wconf 92' lang='lat' dir='ltr'><strong>etenim</strong></span> <span class='ocrx_word' id='word_1_466' title='bbox 1796 3384 1914 3431; x_wconf 73' lang='lat' dir='ltr'><strong>acta</strong></span> <span class='ocrx_word' id='word_1_467' title='bbox 1947 3377 2128 3447; x_wconf 87' lang='lat' dir='ltr'><strong>requi-</strong></span> 
     </span>
    </p>
   </div>
   <div class='ocr_carea' id='block_1_65' title="bbox 548 3465 2127 3536">
    <p class='ocr_par' dir='ltr' id='par_1_65' title="bbox 548 3465 2127 3536">
     <span class='ocr_line' id='line_1_65' title="bbox 548 3465 2127 3536; baseline 0 -12"><span class='ocrx_word' id='word_1_468' title='bbox 548 3477 772 3534; x_wconf 90' lang='lat' dir='ltr'><strong>runtur;</strong></span> <span class='ocrx_word' id='word_1_469' title='bbox 809 3469 924 3535; x_wconf 84' lang='lat' dir='ltr'><strong>vix,</strong></span> <span class='ocrx_word' id='word_1_470' title='bbox 952 3477 1045 3522; x_wconf 89' lang='lat' dir='ltr'><strong>aut</strong></span> <span class='ocrx_word' id='word_1_471' title='bbox 1084 3467 1229 3522; x_wconf 89' lang='lat' dir='ltr'><strong>nulla</strong></span> <span class='ocrx_word' id='word_1_472' title='bbox 1271 3467 1633 3536; x_wconf 82' lang='lat' dir='ltr'><strong>reperiuntur.</strong></span> <span class='ocrx_word' id='word_1_473' title='bbox 1678 3465 2003 3522; x_wconf 89' lang='lat' dir='ltr'><strong>Deferuntur</strong></span> <span class='ocrx_word' id='word_1_474' title='bbox 2031 3471 2127 3524; x_wconf 82' lang='lat' dir='ltr'><strong>ad-</strong></span> 
     </span>
    </p>
   </div>
   <div class='ocr_carea' id='block_1_66' title="bbox 545 3557 2120 3629">
    <p class='ocr_par' dir='ltr' id='par_1_66' title="bbox 545 3557 2120 3629">
     <span class='ocr_line' id='line_1_66' title="bbox 545 3557 2120 3629; baseline 0 -15"><span class='ocrx_word' id='word_1_475' title='bbox 545 3559 742 3624; x_wconf 69' lang='lat' dir='ltr'><strong>inissa;</strong></span> <span class='ocrx_word' id='word_1_476' title='bbox 777 3559 965 3629; x_wconf 87' lang='lat' dir='ltr'><strong>negari</strong></span> <span class='ocrx_word' id='word_1_477' title='bbox 994 3573 1099 3612; x_wconf 90' lang='lat' dir='ltr'><strong>non</strong></span> <span class='ocrx_word' id='word_1_478' title='bbox 1126 3568 1352 3628; x_wconf 87' lang='lat' dir='ltr'><strong>possunt</strong></span> <span class='ocrx_word' id='word_1_479' title='bbox 1386 3567 1495 3612; x_wconf 91' lang='lat' dir='ltr'><strong>tam</strong></span> <span class='ocrx_word' id='word_1_480' title='bbox 1529 3557 1697 3612; x_wconf 90' lang='lat' dir='ltr'><strong>multa</strong></span> <span class='ocrx_word' id='word_1_481' title='bbox 1732 3567 1790 3612; x_wconf 91' lang='lat' dir='ltr'><strong>ct</strong></span> <span class='ocrx_word' id='word_1_482' title='bbox 1821 3567 1926 3612; x_wconf 87' lang='lat' dir='ltr'><strong>tam</strong></span> <span class='ocrx_word' id='word_1_483' title='bbox 1964 3575 2120 3629; x_wconf 86' lang='lat' dir='ltr'><strong>gran-</strong></span> 
     </span>
    </p>
   </div>
   <div class='ocr_carea' id='block_1_67' title="bbox 547 3647 2126 3721">
    <p class='ocr_par' dir='ltr' id='par_1_67' title="bbox 547 3647 2126 3721">
     <span class='ocr_line' id='line_1_67' title="bbox 547 3647 2126 3721; baseline -0.001 -15"><span class='ocrx_word' id='word_1_484' title='bbox 547 3653 658 3715; x_wconf 91' lang='lat' dir='ltr'><strong>dia,</strong></span> <span class='ocrx_word' id='word_1_485' title='bbox 701 3664 820 3719; x_wconf 68' lang='lat' dir='ltr'><strong>quaz</strong></span> <span class='ocrx_word' id='word_1_486' title='bbox 860 3663 1075 3703; x_wconf 91' lang='lat' dir='ltr'><strong>omnem</strong></span> <span class='ocrx_word' id='word_1_487' title='bbox 1106 3648 1286 3702; x_wconf 70' lang='lat' dir='ltr'><strong>venite</strong></span> <span class='ocrx_word' id='word_1_488' title='bbox 1325 3659 1474 3718; x_wconf 76' lang='lat' dir='ltr'><strong>Spem</strong></span> <span class='ocrx_word' id='word_1_489' title='bbox 1508 3647 1818 3704; x_wconf 87' lang='lat' dir='ltr'><strong>excludunt.</strong></span> <span class='ocrx_word' id='word_1_490' title='bbox 1861 3649 2126 3721; x_wconf 80' lang='lat' dir='ltr'><strong>Lougaui-</strong></span> 
     </span>
    </p>
   </div>
   <div class='ocr_carea' id='block_1_68' title="bbox 546 3738 2124 3812">
    <p class='ocr_par' dir='ltr' id='par_1_68' title="bbox 546 3738 2124 3812">
     <span class='ocr_line' id='line_1_68' title="bbox 546 3738 2124 3812; baseline -0.001 -13"><span class='ocrx_word' id='word_1_491' title='bbox 546 3760 690 3799; x_wconf 86' lang='lat' dir='ltr'><strong>mem</strong></span> <span class='ocrx_word' id='word_1_492' title='bbox 719 3743 800 3797; x_wconf 91' lang='lat' dir='ltr'><strong>sui</strong></span> <span class='ocrx_word' id='word_1_493' title='bbox 831 3740 1143 3812; x_wconf 84' lang='lat' dir='ltr'><strong>patientiam</strong></span> <span class='ocrx_word' id='word_1_494' title='bbox 1166 3738 1328 3808; x_wconf 83' lang='lat' dir='ltr'><strong>judex</strong></span> <span class='ocrx_word' id='word_1_495' title='bbox 1358 3740 1624 3810; x_wconf 91' lang='lat' dir='ltr'><strong>exigendo</strong></span> <span class='ocrx_word' id='word_1_496' title='bbox 1649 3741 1965 3808; x_wconf 76' lang='lat' dir='ltr'><strong>przetendit;</strong></span> <span class='ocrx_word' id='word_1_497' title='bbox 1991 3741 2124 3796; x_wconf 91' lang='lat' dir='ltr'><strong>nihil</strong></span> 
     </span>
    </p>
   </div>
   <div class='ocr_carea' id='block_1_69' title="bbox 546 3831 2122 3903">
    <p class='ocr_par' dir='ltr' id='par_1_69' title="bbox 546 3831 2122 3903">
     <span class='ocr_line' id='line_1_69' title="bbox 546 3831 2122 3903; baseline -0.001 -13"><span class='ocrx_word' id='word_1_498' title='bbox 546 3836 650 3891; x_wconf 89' lang='lat' dir='ltr'><strong>nisi</strong></span> <span class='ocrx_word' id='word_1_499' title='bbox 699 3835 1028 3903; x_wconf 86' lang='lat' dir='ltr'><strong>pertinacem</strong></span> <span class='ocrx_word' id='word_1_500' title='bbox 1079 3831 1161 3885; x_wconf 91' lang='lat' dir='ltr'><strong>sui</strong></span> <span class='ocrx_word' id='word_1_501' title='bbox 1203 3832 1652 3900; x_wconf 71' lang='lat' dir='ltr'><strong>impmniteutiam</strong></span> <span class='ocrx_word' id='word_1_502' title='bbox 1708 3832 1808 3886; x_wconf 75' lang='lat' dir='ltr'><strong>iata</strong></span> <span class='ocrx_word' id='word_1_503' title='bbox 1853 3833 2122 3888; x_wconf 87' lang='lat' dir='ltr'><strong>obtendit.</strong></span> 
     </span>
    </p>
   </div>
   <div class='ocr_carea' id='block_1_70' title="bbox 542 3925 2124 3994">
    <p class='ocr_par' dir='ltr' id='par_1_70' title="bbox 542 3925 2124 3994">
     <span class='ocr_line' id='line_1_70' title="bbox 542 3925 2124 3994; baseline -0.001 -10"><span class='ocrx_word' id='word_1_504' title='bbox 542 3927 969 3984; x_wconf 87' lang='lat' dir='ltr'><strong>Circumsistuut</strong></span> <span class='ocrx_word' id='word_1_505' title='bbox 1007 3933 1361 3990; x_wconf 88' lang='lat' dir='ltr'><strong>accusantes,</strong></span> <span class='ocrx_word' id='word_1_506' title='bbox 1401 3925 1600 3980; x_wconf 87' lang='lat' dir='ltr'><strong>iterant</strong></span> <span class='ocrx_word' id='word_1_507' title='bbox 1637 3936 1692 3981; x_wconf 86' lang='lat' dir='ltr'><strong>et</strong></span> <span class='ocrx_word' id='word_1_508' title='bbox 1728 3925 2010 3994; x_wconf 88' lang='lat' dir='ltr'><strong>reiterant,</strong></span> <span class='ocrx_word' id='word_1_509' title='bbox 2037 3942 2124 3982; x_wconf 91' lang='lat' dir='ltr'><strong>re-</strong></span> 
     </span>
    </p>
   </div>
   <div class='ocr_carea' id='block_1_71' title="bbox 543 4013 2123 4089">
    <p class='ocr_par' dir='ltr' id='par_1_71' title="bbox 543 4013 2123 4089">
     <span class='ocr_line' id='line_1_71' title="bbox 543 4013 2123 4089; baseline 0.001 -19"><span class='ocrx_word' id='word_1_510' title='bbox 543 4019 826 4089; x_wconf 88' lang='lat' dir='ltr'><strong>plicantct</strong></span> <span class='ocrx_word' id='word_1_511' title='bbox 854 4015 1129 4085; x_wconf 86' lang='lat' dir='ltr'><strong>explicant</strong></span> <span class='ocrx_word' id='word_1_512' title='bbox 1177 4013 1387 4069; x_wconf 88' lang='lat' dir='ltr'><strong>delatas</strong></span> <span class='ocrx_word' id='word_1_513' title='bbox 1430 4014 1825 4070; x_wconf 90' lang='lat' dir='ltr'><strong>accusationes.</strong></span> <span class='ocrx_word' id='word_1_514' title='bbox 1876 4015 2123 4084; x_wconf 89' lang='lat' dir='ltr'><strong>Undique</strong></span> 
     </span>
    </p>
   </div>
   <div class='ocr_carea' id='block_1_72' title="bbox 544 4107 2125 4177">
    <p class='ocr_par' dir='ltr' id='par_1_72' title="bbox 544 4107 2125 4177">
     <span class='ocr_line' id='line_1_72' title="bbox 544 4107 2125 4177; baseline -0.003 -10"><span class='ocrx_word' id='word_1_515' title='bbox 544 4120 857 4176; x_wconf 89' lang='lat' dir='ltr'><strong>accusatur,</strong></span> <span class='ocrx_word' id='word_1_516' title='bbox 898 4126 927 4163; x_wconf 94' lang='lat' dir='ltr'><strong>a</strong></span> <span class='ocrx_word' id='word_1_517' title='bbox 967 4107 1112 4162; x_wconf 86' lang='lat' dir='ltr'><strong>nullo</strong></span> <span class='ocrx_word' id='word_1_518' title='bbox 1148 4115 1462 4161; x_wconf 87' lang='lat' dir='ltr'><strong>excusatur.</strong></span> <span class='ocrx_word' id='word_1_519' title='bbox 1493 4107 1685 4160; x_wconf 84' lang='lat' dir='ltr'><strong>Astant</strong></span> <span class='ocrx_word' id='word_1_520' title='bbox 1722 4117 1775 4161; x_wconf 89' lang='lat' dir='ltr'><strong>et</strong></span> <span class='ocrx_word' id='word_1_521' title='bbox 1809 4117 2125 4177; x_wconf 67' lang='lat' dir='ltr'><strong>exspectant</strong></span> 
     </span>
    </p>
   </div>
   <div class='ocr_carea' id='block_1_73' title="bbox 540 4183 2123 4266">
    <p class='ocr_par' dir='ltr' id='par_1_73' title="bbox 540 4183 2123 4266">
     <span class='ocr_line' id='line_1_73' title="bbox 540 4183 2123 4266; baseline -0.004 -7"><span class='ocrx_word' id='word_1_522' title='bbox 540 4183 792 4259; x_wconf 74' lang='lat' dir='ltr'><strong>erudeles</strong></span> <span class='ocrx_word' id='word_1_523' title='bbox 818 4216 882 4255; x_wconf 90' lang='lat' dir='ltr'><strong>ac</strong></span> <span class='ocrx_word' id='word_1_524' title='bbox 910 4197 1164 4256; x_wconf 91' lang='lat' dir='ltr'><strong>horrendi</strong></span> <span class='ocrx_word' id='word_1_525' title='bbox 1207 4205 1463 4262; x_wconf 87' lang='lat' dir='ltr'><strong>tortores,</strong></span> <span class='ocrx_word' id='word_1_526' title='bbox 1490 4206 1549 4251; x_wconf 90' lang='lat' dir='ltr'><strong>ut</strong></span> <span class='ocrx_word' id='word_1_527' title='bbox 1579 4197 1784 4266; x_wconf 88' lang='lat' dir='ltr'><strong>prolata</strong></span> <span class='ocrx_word' id='word_1_528' title='bbox 1821 4199 2123 4257; x_wconf 83' lang='lat' dir='ltr'><strong>damnatio-</strong></span> 
     </span>
    </p>
   </div>
   <div class='ocr_carea' id='block_1_74' title="bbox 547 4288 2152 4359">
    <p class='ocr_par' dir='ltr' id='par_1_74' title="bbox 547 4288 2152 4359">
     <span class='ocr_line' id='line_1_74' title="bbox 547 4288 2152 4359; baseline -0.002 -11"><span class='ocrx_word' id='word_1_529' title='bbox 547 4295 631 4348; x_wconf 89' lang='lat' dir='ltr'><strong>nis</strong></span> <span class='ocrx_word' id='word_1_530' title='bbox 673 4292 938 4348; x_wconf 87' lang='lat' dir='ltr'><strong>sententia</strong></span> <span class='ocrx_word' id='word_1_531' title='bbox 987 4305 1109 4344; x_wconf 82' lang='lat' dir='ltr'><strong>mox</strong></span> <span class='ocrx_word' id='word_1_532' title='bbox 1157 4303 1275 4342; x_wconf 90' lang='lat' dir='ltr'><strong>eam</strong></span> <span class='ocrx_word' id='word_1_533' title='bbox 1316 4289 1382 4342; x_wconf 91' lang='lat' dir='ltr'><strong>ad</strong></span> <span class='ocrx_word' id='word_1_534' title='bbox 1433 4288 1784 4342; x_wconf 85' lang='lat' dir='ltr'><strong>cruciandum</strong></span> <span class='ocrx_word' id='word_1_535' title='bbox 1828 4289 2152 4359; x_wconf 87' lang='lat' dir='ltr'><strong>abripiant..</strong></span> 
     </span>
    </p>
   </div>
   <div class='ocr_carea' id='block_1_75' title="bbox 545 4380 2114 4462">
    <p class='ocr_par' dir='ltr' id='par_1_75' title="bbox 545 4380 2114 4441">
     <span class='ocr_line' id='line_1_75' title="bbox 545 4380 2114 4441; baseline -0.003 0"><span class='ocrx_word' id='word_1_536' title='bbox 545 4386 720 4441; x_wconf 81' lang='lat' dir='ltr'><strong>Tanta</strong></span> <span class='ocrx_word' id='word_1_537' title='bbox 768 4384 1103 4439; x_wconf 86' lang='lat' dir='ltr'><strong>miseriarum</strong></span> <span class='ocrx_word' id='word_1_538' title='bbox 1152 4380 1290 4435; x_wconf 90' lang='lat' dir='ltr'><strong>mole</strong></span> <span class='ocrx_word' id='word_1_539' title='bbox 1331 4381 1525 4435; x_wconf 90' lang='lat' dir='ltr'><strong>obruta</strong></span> <span class='ocrx_word' id='word_1_540' title='bbox 1573 4380 1898 4436; x_wconf 85' lang='lat' dir='ltr'><strong>miserabilis</strong></span> <span class='ocrx_word' id='word_1_541' title='bbox 1937 4382 2114 4437; x_wconf 90' lang='lat' dir='ltr'><strong>anima</strong></span> 
     </span>
    </p>
   </div>
   <div class='ocr_carea' id='block_1_76' title="bbox 536 4473 2194 4554">
    <p class='ocr_par' dir='ltr' id='par_1_76' title="bbox 536 4473 2194 4554">
     <span class='ocr_line' id='line_1_76' title="bbox 536 4473 2194 4554; baseline -0.002 -23"><span class='ocrx_word' id='word_1_542' title='bbox 536 4479 758 4549; x_wconf 68' lang='lat' dir='ltr'><strong>.qumrit,</strong></span> <span class='ocrx_word' id='word_1_543' title='bbox 790 4485 843 4531; x_wconf 92' lang='lat' dir='ltr'><strong>et</strong></span> <span class='ocrx_word' id='word_1_544' title='bbox 871 4473 1266 4542; x_wconf 90' lang='lat' dir='ltr'><strong>circumspicit;</strong></span> <span class='ocrx_word' id='word_1_545' title='bbox 1312 4481 1366 4528; x_wconf 90' lang='lat' dir='ltr'><strong>et</strong></span> <span class='ocrx_word' id='word_1_546' title='bbox 1399 4487 1551 4538; x_wconf 83' lang='lat' dir='ltr'><strong>ecce,</strong></span> <span class='ocrx_word' id='word_1_547' title='bbox 1589 4473 1678 4542; x_wconf 92' lang='lat' dir='ltr'><strong>qui</strong></span> <span class='ocrx_word' id='word_1_548' title='bbox 1719 4482 2029 4544; x_wconf 82' lang='lat' dir='ltr'><strong>consurgat,</strong></span> <span class='ocrx_word' id='word_1_549' title='bbox 2064 4482 2118 4528; x_wconf 90' lang='lat' dir='ltr'><strong>ct</strong></span> <span class='ocrx_word' id='word_1_550' title='bbox 2151 4500 2194 4554; x_wconf 70' lang='grc' dir='ltr'><strong>Ι)</strong></span> 
     </span>
    </p>
   </div>
   <div class='ocr_carea' id='block_1_77' title="bbox 544 4562 1580 4640">
    <p class='ocr_par' dir='ltr' id='par_1_77' title="bbox 544 4562 1580 4640">
     <span class='ocr_line' id='line_1_77' title="bbox 544 4562 1580 4640; baseline -0.008 -16"><span class='ocrx_word' id='word_1_551' title='bbox 544 4584 643 4640; x_wconf 91' lang='lat' dir='ltr'><strong>pro</strong></span> <span class='ocrx_word' id='word_1_552' title='bbox 670 4585 732 4622; x_wconf 86' lang='lat' dir='ltr'><strong>ca</strong></span> <span class='ocrx_word' id='word_1_553' title='bbox 763 4566 1100 4636; x_wconf 85' lang='lat' dir='ltr'><strong>respondeat,</strong></span> <span class='ocrx_word' id='word_1_554' title='bbox 1135 4562 1334 4616; x_wconf 89' lang='lat' dir='ltr'><strong>nullum</strong></span> <span class='ocrx_word' id='word_1_555' title='bbox 1367 4563 1580 4632; x_wconf 87' lang='lat' dir='ltr'><strong>aspicit.</strong></span> 
     </span>
    </p>
   </div>
   <div class='ocr_carea' id='block_1_78' title="bbox 617 4654 2116 4728">
    <p class='ocr_par' dir='ltr' id='par_1_78' title="bbox 617 4654 2116 4728">
     <span class='ocr_line' id='line_1_78' title="bbox 617 4654 2116 4728; baseline -0.002 -13"><span class='ocrx_word' id='word_1_556' title='bbox 617 4660 696 4715; x_wconf 88' lang='lat' dir='ltr'><strong>Tu</strong></span> <span class='ocrx_word' id='word_1_557' title='bbox 726 4673 878 4727; x_wconf 86' lang='lat' dir='ltr'><strong>ergo,</strong></span> <span class='ocrx_word' id='word_1_558' title='bbox 923 4656 1044 4728; x_wconf 90' lang='lat' dir='ltr'><strong>pie,</strong></span> <span class='ocrx_word' id='word_1_559' title='bbox 1093 4654 1402 4709; x_wconf 88' lang='lat' dir='ltr'><strong>misericors</strong></span> <span class='ocrx_word' id='word_1_560' title='bbox 1447 4665 1500 4709; x_wconf 90' lang='lat' dir='ltr'><strong>et</strong></span> <span class='ocrx_word' id='word_1_561' title='bbox 1543 4655 1780 4711; x_wconf 89' lang='lat' dir='ltr'><strong>clemens</strong></span> <span class='ocrx_word' id='word_1_562' title='bbox 1820 4656 2116 4723; x_wconf 89' lang='lat' dir='ltr'><strong>Dunstanc,</strong></span> 
     </span>
    </p>
   </div>
   <div class='ocr_carea' id='block_1_79' title="bbox 542 4744 2116 4823">
    <p class='ocr_par' dir='ltr' id='par_1_79' title="bbox 542 4744 2116 4823">
     <span class='ocr_line' id='line_1_79' title="bbox 542 4744 2116 4823; baseline -0.003 -15"><span class='ocrx_word' id='word_1_563' title='bbox 542 4767 725 4823; x_wconf 82' lang='lat' dir='ltr'><strong>surge,</strong></span> <span class='ocrx_word' id='word_1_564' title='bbox 777 4763 970 4821; x_wconf 87' lang='lat' dir='ltr'><strong>surge,</strong></span> <span class='ocrx_word' id='word_1_565' title='bbox 1019 4745 1215 4802; x_wconf 81' lang='lat' dir='ltr'><strong>exhibe</strong></span> <span class='ocrx_word' id='word_1_566' title='bbox 1266 4744 1479 4800; x_wconf 87' lang='lat' dir='ltr'><strong>solitam</strong></span> <span class='ocrx_word' id='word_1_567' title='bbox 1527 4762 1683 4817; x_wconf 91' lang='lat' dir='ltr'><strong>opem</strong></span> <span class='ocrx_word' id='word_1_568' title='bbox 1735 4748 2116 4815; x_wconf 89' lang='lat' dir='ltr'><strong>miserationis,</strong></span> 
     </span>
    </p>
   </div>
   <div class='ocr_carea' id='block_1_80' title="bbox 541 4837 2116 4910">
    <p class='ocr_par' dir='ltr' id='par_1_80' title="bbox 541 4837 2116 4910">
     <span class='ocr_line' id='line_1_80' title="bbox 541 4837 2116 4910; baseline -0.002 -12"><span class='ocrx_word' id='word_1_569' title='bbox 541 4844 739 4899; x_wconf 89' lang='lat' dir='ltr'><strong>adhibe</strong></span> <span class='ocrx_word' id='word_1_570' title='bbox 769 4842 976 4896; x_wconf 89' lang='lat' dir='ltr'><strong>viscera</strong></span> <span class='ocrx_word' id='word_1_571' title='bbox 1015 4837 1252 4909; x_wconf 89' lang='lat' dir='ltr'><strong>pietatis,</strong></span> <span class='ocrx_word' id='word_1_572' title='bbox 1299 4837 1546 4908; x_wconf 88' lang='lat' dir='ltr'><strong>impende</strong></span> <span class='ocrx_word' id='word_1_573' title='bbox 1585 4837 1896 4910; x_wconf 83' lang='lat' dir='ltr'><strong>suffragium</strong></span> <span class='ocrx_word' id='word_1_574' title='bbox 1947 4841 2116 4895; x_wconf 86' lang='lat' dir='ltr'><strong>inter-</strong></span> 
     </span>
    </p>
   </div>
   <div class='ocr_carea' id='block_1_81' title="bbox 540 4930 2118 4992">
    <p class='ocr_par' dir='ltr' id='par_1_81' title="bbox 540 4930 2118 4992">
     <span class='ocr_line' id='line_1_81' title="bbox 540 4930 2118 4992; baseline -0.003 -1"><span class='ocrx_word' id='word_1_575' title='bbox 540 4932 811 4992; x_wconf 79' lang='lat' dir='ltr'><strong>ventionis</strong></span> <span class='ocrx_word' id='word_1_576' title='bbox 840 4951 852 4987; x_wconf 90' lang='lat'><strong>:</strong></span> <span class='ocrx_word' id='word_1_577' title='bbox 878 4931 944 4986; x_wconf 90' lang='lat' dir='ltr'><strong>ad</strong></span> <span class='ocrx_word' id='word_1_578' title='bbox 980 4939 1031 4986; x_wconf 90' lang='lat' dir='ltr'><strong>te</strong></span> <span class='ocrx_word' id='word_1_579' title='bbox 1063 4930 1402 4985; x_wconf 88' lang='lat' dir='ltr'><strong>clamandum</strong></span> <span class='ocrx_word' id='word_1_580' title='bbox 1445 4930 1744 4986; x_wconf 77' lang='lat' dir='ltr'><strong>invitabant</strong></span> <span class='ocrx_word' id='word_1_581' title='bbox 1785 4939 1839 4986; x_wconf 88' lang='lat' dir='ltr'><strong>et</strong></span> <span class='ocrx_word' id='word_1_582' title='bbox 1865 4932 2118 4987; x_wconf 81' lang='lat' dir='ltr'><strong>exhorta-</strong></span> 
     </span>
    </p>
   </div>
   <div class='ocr_carea' id='block_1_82' title="bbox 534 5023 2113 5096">
    <p class='ocr_par' dir='ltr' id='par_1_82' title="bbox 534 5023 2113 5096">
     <span class='ocr_line' id='line_1_82' title="bbox 534 5023 2113 5096; baseline -0.003 -12"><span class='ocrx_word' id='word_1_583' title='bbox 534 5030 736 5093; x_wconf 81' lang='lat' dir='ltr'><strong>bantur</strong></span> <span class='ocrx_word' id='word_1_584' title='bbox 768 5038 936 5095; x_wconf 89' lang='lat' dir='ltr'><strong>opera</strong></span> <span class='ocrx_word' id='word_1_585' title='bbox 971 5023 1208 5096; x_wconf 90' lang='lat' dir='ltr'><strong>pietatis,</strong></span> <span class='ocrx_word' id='word_1_586' title='bbox 1238 5037 1356 5092; x_wconf 77' lang='lat' dir='ltr'><strong>quze</strong></span> <span class='ocrx_word' id='word_1_587' title='bbox 1393 5023 1459 5078; x_wconf 88' lang='lat' dir='ltr'><strong>de</strong></span> <span class='ocrx_word' id='word_1_588' title='bbox 1501 5034 1550 5077; x_wconf 93' lang='lat' dir='ltr'><strong>te</strong></span> <span class='ocrx_word' id='word_1_589' title='bbox 1588 5024 1975 5092; x_wconf 65' lang='lat' dir='ltr'><strong>praedicantur;</strong></span> <span class='ocrx_word' id='word_1_590' title='bbox 2021 5026 2113 5081; x_wconf 85' lang='lat' dir='ltr'><strong>scd</strong></span> 
     </span>
    </p>
   </div>
   <div class='ocr_carea' id='block_1_83' title="bbox 543 5111 2116 5186">
    <p class='ocr_par' dir='ltr' id='par_1_83' title="bbox 543 5111 2116 5186">
     <span class='ocr_line' id='line_1_83' title="bbox 543 5111 2116 5186; baseline -0.002 -15"><span class='ocrx_word' id='word_1_591' title='bbox 543 5115 836 5186; x_wconf 86' lang='lat' dir='ltr'><strong>repellunt,</strong></span> <span class='ocrx_word' id='word_1_592' title='bbox 862 5128 926 5168; x_wconf 90' lang='lat' dir='ltr'><strong>ac</strong></span> <span class='ocrx_word' id='word_1_593' title='bbox 946 5111 1256 5166; x_wconf 89' lang='lat' dir='ltr'><strong>obtundunt</strong></span> <span class='ocrx_word' id='word_1_594' title='bbox 1285 5127 1444 5180; x_wconf 90' lang='lat' dir='ltr'><strong>opera</strong></span> <span class='ocrx_word' id='word_1_595' title='bbox 1483 5112 1798 5181; x_wconf 87' lang='lat' dir='ltr'><strong>impietatis,</strong></span> <span class='ocrx_word' id='word_1_596' title='bbox 1828 5128 1946 5182; x_wconf 75' lang='lat' dir='ltr'><strong>quae</strong></span> <span class='ocrx_word' id='word_1_597' title='bbox 1974 5129 2002 5168; x_wconf 90' lang='lat' dir='ltr'><strong>a</strong></span> <span class='ocrx_word' id='word_1_598' title='bbox 2033 5130 2116 5168; x_wconf 88' lang='lat' dir='ltr'><strong>me</strong></span> 
     </span>
    </p>
   </div>
   <div class='ocr_carea' id='block_1_84' title="bbox 539 5201 2120 5260">
    <p class='ocr_par' dir='ltr' id='par_1_84' title="bbox 539 5201 2120 5260">
     <span class='ocr_line' id='line_1_84' title="bbox 539 5201 2120 5260; baseline -0.003 0"><span class='ocrx_word' id='word_1_599' title='bbox 539 5204 827 5260; x_wconf 89' lang='lat' dir='ltr'><strong>commissa</strong></span> <span class='ocrx_word' id='word_1_600' title='bbox 859 5218 888 5257; x_wconf 93' lang='lat' dir='ltr'><strong>a</strong></span> <span class='ocrx_word' id='word_1_601' title='bbox 921 5211 973 5255; x_wconf 90' lang='lat' dir='ltr'><strong>te</strong></span> <span class='ocrx_word' id='word_1_602' title='bbox 1000 5201 1224 5255; x_wconf 86' lang='lat' dir='ltr'><strong>horrore</strong></span> <span class='ocrx_word' id='word_1_603' title='bbox 1263 5201 1584 5256; x_wconf 86' lang='lat' dir='ltr'><strong>intolerabili</strong></span> <span class='ocrx_word' id='word_1_604' title='bbox 1621 5202 2006 5257; x_wconf 86' lang='lat' dir='ltr'><strong>abominantur</strong></span> <span class='ocrx_word' id='word_1_605' title='bbox 2036 5212 2120 5257; x_wconf 85' lang='lat' dir='ltr'><strong>at-</strong></span> 
     </span>
    </p>
   </div>
   <div class='ocr_carea' id='block_1_85' title="bbox 2233 3272 3824 3350">
    <p class='ocr_par' dir='ltr' id='par_1_85' title="bbox 2233 3272 3824 3350">
     <span class='ocr_line' id='line_1_85' title="bbox 2233 3272 3824 3350; baseline 0.005 -22"><span class='ocrx_word' id='word_1_606' title='bbox 2233 3272 2401 3328; x_wconf 90' lang='lat' dir='ltr'><strong>Deum</strong></span> <span class='ocrx_word' id='word_1_607' title='bbox 2429 3272 2787 3339; x_wconf 87' lang='lat' dir='ltr'><strong>familiaritas,</strong></span> <span class='ocrx_word' id='word_1_608' title='bbox 2823 3275 2908 3330; x_wconf 89' lang='lat' dir='ltr'><strong>cui</strong></span> <span class='ocrx_word' id='word_1_609' title='bbox 2937 3275 3016 3331; x_wconf 91' lang='lat' dir='ltr'><strong>sic</strong></span> <span class='ocrx_word' id='word_1_610' title='bbox 3043 3275 3327 3333; x_wconf 87' lang='lat' dir='ltr'><strong>familiaris</strong></span> <span class='ocrx_word' id='word_1_611' title='bbox 3355 3286 3474 3333; x_wconf 87' lang='lat' dir='ltr'><strong>erat</strong></span> <span class='ocrx_word' id='word_1_612' title='bbox 3497 3279 3824 3350; x_wconf 85' lang='lat' dir='ltr'><strong>angelorum</strong></span> 
     </span>
    </p>
   </div>
   <div class='ocr_carea' id='block_1_86' title="bbox 2229 3367 3824 3443">
    <p class='ocr_par' dir='ltr' id='par_1_86' title="bbox 2229 3367 3824 3443">
     <span class='ocr_line' id='line_1_86' title="bbox 2229 3367 3824 3443; baseline 0.005 -21"><span class='ocrx_word' id='word_1_613' title='bbox 2229 3367 2501 3438; x_wconf 87' lang='lat' dir='ltr'><strong>dignitas!</strong></span> <span class='ocrx_word' id='word_1_614' title='bbox 2551 3369 2596 3425; x_wconf 92' lang='grc' dir='ltr'>Ο</span> <span class='ocrx_word' id='word_1_615' title='bbox 2626 3370 2791 3424; x_wconf 88' lang='lat' dir='ltr'><strong>decus</strong></span> <span class='ocrx_word' id='word_1_616' title='bbox 2816 3386 2888 3426; x_wconf 85' lang='lat' dir='ltr'><strong>ac</strong></span> <span class='ocrx_word' id='word_1_617' title='bbox 2918 3370 3197 3440; x_wconf 67' lang='lat' dir='ltr'><strong>prtemium</strong></span> <span class='ocrx_word' id='word_1_618' title='bbox 3232 3372 3578 3443; x_wconf 89' lang='lat' dir='ltr'><strong>virginitatis,</strong></span> <span class='ocrx_word' id='word_1_619' title='bbox 3613 3373 3696 3428; x_wconf 89' lang='lat' dir='ltr'><strong>cui</strong></span> <span class='ocrx_word' id='word_1_620' title='bbox 3733 3374 3824 3430; x_wconf 88' lang='lat' dir='ltr'><strong>sic</strong></span> 
     </span>
    </p>
   </div>
   <div class='ocr_carea' id='block_1_87' title="bbox 2229 3459 3820 3532">
    <p class='ocr_par' dir='ltr' id='par_1_87' title="bbox 2229 3459 3820 3532">
     <span class='ocr_line' id='line_1_87' title="bbox 2229 3459 3820 3532; baseline 0.004 -20"><span class='ocrx_word' id='word_1_621' title='bbox 2229 3459 2498 3529; x_wconf 87' lang='lat' dir='ltr'><strong>adgaudet</strong></span> <span class='ocrx_word' id='word_1_622' title='bbox 2564 3468 2760 3514; x_wconf 90' lang='lat' dir='ltr'><strong>natura</strong></span> <span class='ocrx_word' id='word_1_623' title='bbox 2832 3460 3091 3532; x_wconf 70' lang='lat' dir='ltr'><strong>angelica:</strong></span> <span class='ocrx_word' id='word_1_624' title='bbox 3134 3461 3443 3530; x_wconf 78' lang='lat' dir='ltr'><strong>dignitatis!</strong></span> <span class='ocrx_word' id='word_1_625' title='bbox 3503 3461 3560 3516; x_wconf 84' lang='lat' dir='ltr'><strong>In</strong></span> <span class='ocrx_word' id='word_1_626' title='bbox 3606 3461 3820 3518; x_wconf 66' lang='lat' dir='ltr'><strong>caelum</strong></span> 
     </span>
    </p>
   </div>
   <div class='ocr_carea' id='block_1_88' title="bbox 2234 3549 3818 3620">
    <p class='ocr_par' dir='ltr' id='par_1_88' title="bbox 2234 3549 3818 3620">
     <span class='ocr_line' id='line_1_88' title="bbox 2234 3549 3818 3620; baseline 0.003 -17"><span class='ocrx_word' id='word_1_627' title='bbox 2234 3549 2620 3615; x_wconf 88' lang='lat' dir='ltr'><strong>deducebaris,</strong></span> <span class='ocrx_word' id='word_1_628' title='bbox 2673 3549 2940 3605; x_wconf 90' lang='lat' dir='ltr'><strong>intereras</strong></span> <span class='ocrx_word' id='word_1_629' title='bbox 2995 3550 3171 3606; x_wconf 86' lang='lat' dir='ltr'><strong>beatis</strong></span> <span class='ocrx_word' id='word_1_630' title='bbox 3217 3550 3523 3620; x_wconf 88' lang='lat' dir='ltr'><strong>agminibus</strong></span> <span class='ocrx_word' id='word_1_631' title='bbox 3572 3550 3818 3619; x_wconf 83' lang='lat' dir='ltr'><strong>illorum,</strong></span> 
     </span>
    </p>
   </div>
   <div class='ocr_carea' id='block_1_89' title="bbox 2228 3638 3818 3712">
    <p class='ocr_par' dir='ltr' id='par_1_89' title="bbox 2228 3638 3818 3712">
     <span class='ocr_line' id='line_1_89' title="bbox 2228 3638 3818 3712; baseline 0.004 -20"><span class='ocrx_word' id='word_1_632' title='bbox 2228 3638 2593 3694; x_wconf 89' lang='lat' dir='ltr'><strong>oblectabaris</strong></span> <span class='ocrx_word' id='word_1_633' title='bbox 2625 3639 3082 3696; x_wconf 87' lang='lat' dir='ltr'><strong>modulationibus</strong></span> <span class='ocrx_word' id='word_1_634' title='bbox 3116 3640 3394 3712; x_wconf 87' lang='lat' dir='ltr'><strong>angelicis.</strong></span> <span class='ocrx_word' id='word_1_635' title='bbox 3429 3650 3658 3697; x_wconf 83' lang='lat' dir='ltr'><strong>cantans</strong></span> <span class='ocrx_word' id='word_1_636' title='bbox 3683 3657 3818 3698; x_wconf 86' lang='lat' dir='ltr'><strong>cum</strong></span> 
     </span>
    </p>
   </div>
   <div class='ocr_carea' id='block_1_90' title="bbox 2227 3728 3813 3803">
    <p class='ocr_par' dir='ltr' id='par_1_90' title="bbox 2227 3728 3813 3803">
     <span class='ocr_line' id='line_1_90' title="bbox 2227 3728 3813 3803; baseline 0.003 -19"><span class='ocrx_word' id='word_1_637' title='bbox 2227 3728 2332 3785; x_wconf 89' lang='lat' dir='ltr'><strong>illis</strong></span> <span class='ocrx_word' id='word_1_638' title='bbox 2359 3729 2657 3797; x_wconf 89' lang='lat' dir='ltr'><strong>canticum,</strong></span> <span class='ocrx_word' id='word_1_639' title='bbox 2693 3733 2834 3800; x_wconf 91' lang='lat' dir='ltr'><strong>quod</strong></span> <span class='ocrx_word' id='word_1_640' title='bbox 2875 3730 3024 3786; x_wconf 87' lang='lat' dir='ltr'><strong>solus</strong></span> <span class='ocrx_word' id='word_1_641' title='bbox 3058 3741 3244 3787; x_wconf 89' lang='lat' dir='ltr'><strong>cantat</strong></span> <span class='ocrx_word' id='word_1_642' title='bbox 3279 3731 3481 3787; x_wconf 89' lang='lat' dir='ltr'><strong>chorus</strong></span> <span class='ocrx_word' id='word_1_643' title='bbox 3506 3732 3813 3803; x_wconf 79' lang='lat' dir='ltr'><strong>virginalis.</strong></span> 
     </span>
    </p>
   </div>
   <div class='ocr_carea' id='block_1_91' title="bbox 2225 3819 3813 3893">
    <p class='ocr_par' dir='ltr' id='par_1_91' title="bbox 2225 3819 3813 3893">
     <span class='ocr_line' id='line_1_91' title="bbox 2225 3819 3813 3893; baseline 0.002 -18"><span class='ocrx_word' id='word_1_644' title='bbox 2225 3819 2435 3876; x_wconf 83' lang='lat' dir='ltr'><strong>Rursus</strong></span> <span class='ocrx_word' id='word_1_645' title='bbox 2475 3820 2568 3876; x_wconf 89' lang='lat' dir='ltr'><strong>tibi</strong></span> <span class='ocrx_word' id='word_1_646' title='bbox 2617 3821 2670 3876; x_wconf 91' lang='lat' dir='ltr'><strong>in</strong></span> <span class='ocrx_word' id='word_1_647' title='bbox 2718 3822 2878 3878; x_wconf 88' lang='lat' dir='ltr'><strong>terris</strong></span> <span class='ocrx_word' id='word_1_648' title='bbox 2925 3822 3180 3893; x_wconf 74' lang='lat' dir='ltr'><strong>hymnum</strong></span> <span class='ocrx_word' id='word_1_649' title='bbox 3227 3821 3525 3878; x_wconf 86' lang='lat' dir='ltr'><strong>celebranti</strong></span> <span class='ocrx_word' id='word_1_650' title='bbox 3567 3823 3813 3879; x_wconf 86' lang='lat' dir='ltr'><strong>vicissim</strong></span> 
     </span>
    </p>
   </div>
   <div class='ocr_carea' id='block_1_92' title="bbox 2226 3911 3814 3978">
    <p class='ocr_par' dir='ltr' id='par_1_92' title="bbox 2226 3911 3814 3978">
     <span class='ocr_line' id='line_1_92' title="bbox 2226 3911 3814 3978; baseline 0.001 -14"><span class='ocrx_word' id='word_1_651' title='bbox 2226 3911 2410 3966; x_wconf 90' lang='lat' dir='ltr'><strong>aderat</strong></span> <span class='ocrx_word' id='word_1_652' title='bbox 2442 3921 2496 3968; x_wconf 90' lang='lat' dir='ltr'><strong>et</strong></span> <span class='ocrx_word' id='word_1_653' title='bbox 2520 3914 2855 3968; x_wconf 92' lang='lat' dir='ltr'><strong>consonabat</strong></span> <span class='ocrx_word' id='word_1_654' title='bbox 2879 3913 3109 3969; x_wconf 89' lang='lat' dir='ltr'><strong>melodia</strong></span> <span class='ocrx_word' id='word_1_655' title='bbox 3139 3911 3409 3978; x_wconf 67' lang='lat' dir='ltr'><strong>caelestis;</strong></span> <span class='ocrx_word' id='word_1_656' title='bbox 3445 3912 3814 3967; x_wconf 87' lang='lat' dir='ltr'><strong>concinebant</strong></span> 
     </span>
    </p>
   </div>
   <div class='ocr_carea' id='block_1_93' title="bbox 2226 4002 3814 4073">
    <p class='ocr_par' dir='ltr' id='par_1_93' title="bbox 2226 4002 3814 4073">
     <span class='ocr_line' id='line_1_93' title="bbox 2226 4002 3814 4073; baseline 0 -19"><span class='ocrx_word' id='word_1_657' title='bbox 2226 4003 2442 4072; x_wconf 90' lang='lat' dir='ltr'><strong>agmina</strong></span> <span class='ocrx_word' id='word_1_658' title='bbox 2481 4004 2830 4073; x_wconf 81' lang='lat' dir='ltr'><strong>virginitatis,</strong></span> <span class='ocrx_word' id='word_1_659' title='bbox 2868 4017 3079 4057; x_wconf 76' lang='lat' dir='ltr'><strong>Summa</strong></span> <span class='ocrx_word' id='word_1_660' title='bbox 3122 4002 3357 4072; x_wconf 87' lang='lat' dir='ltr'><strong>dignitas</strong></span> <span class='ocrx_word' id='word_1_661' title='bbox 3396 4015 3643 4070; x_wconf 67' lang='lat' dir='ltr'><strong>superna:</strong></span> <span class='ocrx_word' id='word_1_662' title='bbox 3673 4002 3814 4054; x_wconf 75' lang='lat' dir='ltr'><strong>civi-</strong></span> 
     </span>
    </p>
   </div>
   <div class='ocr_carea' id='block_1_94' title="bbox 2227 4092 3813 4163">
    <p class='ocr_par' dir='ltr' id='par_1_94' title="bbox 2227 4092 3813 4163">
     <span class='ocr_line' id='line_1_94' title="bbox 2227 4092 3813 4163; baseline 0 -16"><span class='ocrx_word' id='word_1_663' title='bbox 2227 4095 2376 4149; x_wconf 91' lang='lat' dir='ltr'><strong>tatis.</strong></span> <span class='ocrx_word' id='word_1_664' title='bbox 2404 4093 2601 4150; x_wconf 90' lang='lat' dir='ltr'><strong>Potens</strong></span> <span class='ocrx_word' id='word_1_665' title='bbox 2624 4109 2688 4149; x_wconf 89' lang='lat' dir='ltr'><strong>ac</strong></span> <span class='ocrx_word' id='word_1_666' title='bbox 2712 4104 3013 4163; x_wconf 79' lang='lat' dir='ltr'><strong>praepotens</strong></span> <span class='ocrx_word' id='word_1_667' title='bbox 3043 4094 3238 4163; x_wconf 89' lang='lat' dir='ltr'><strong>gratia,</strong></span> <span class='ocrx_word' id='word_1_668' title='bbox 3271 4093 3356 4146; x_wconf 91' lang='lat' dir='ltr'><strong>cui</strong></span> <span class='ocrx_word' id='word_1_669' title='bbox 3377 4092 3468 4146; x_wconf 89' lang='lat' dir='ltr'><strong>.sic</strong></span> <span class='ocrx_word' id='word_1_670' title='bbox 3497 4093 3813 4162; x_wconf 87' lang='lat' dir='ltr'><strong>obsequens</strong></span> 
     </span>
    </p>
   </div>
   <div class='ocr_carea' id='block_1_95' title="bbox 2223 4184 3811 4257">
    <p class='ocr_par' dir='ltr' id='par_1_95' title="bbox 2223 4184 3811 4257">
     <span class='ocr_line' id='line_1_95' title="bbox 2223 4184 3811 4257; baseline -0.001 -15"><span class='ocrx_word' id='word_1_671' title='bbox 2223 4196 2343 4242; x_wconf 90' lang='lat' dir='ltr'><strong>erat</strong></span> <span class='ocrx_word' id='word_1_672' title='bbox 2391 4185 2670 4257; x_wconf 86' lang='lat' dir='ltr'><strong>dignitatis</strong></span> <span class='ocrx_word' id='word_1_673' title='bbox 2735 4185 2994 4257; x_wconf 81' lang='lat' dir='ltr'><strong>angelicae</strong></span> <span class='ocrx_word' id='word_1_674' title='bbox 3055 4186 3338 4256; x_wconf 87' lang='lat' dir='ltr'><strong>potentia!</strong></span> <span class='ocrx_word' id='word_1_675' title='bbox 3400 4184 3687 4240; x_wconf 83' lang='lat' dir='ltr'><strong>Excellens</strong></span> <span class='ocrx_word' id='word_1_676' title='bbox 3744 4199 3811 4240; x_wconf 87' lang='lat' dir='ltr'><strong>ac</strong></span> 
     </span>
    </p>
   </div>
   <div class='ocr_carea' id='block_1_96' title="bbox 2221 4277 3806 4350">
    <p class='ocr_par' dir='ltr' id='par_1_96' title="bbox 2221 4277 3806 4350">
     <span class='ocr_line' id='line_1_96' title="bbox 2221 4277 3806 4350; baseline -0.001 -16"><span class='ocrx_word' id='word_1_677' title='bbox 2221 4278 2539 4350; x_wconf 78' lang='lat' dir='ltr'><strong>praecellens</strong></span> <span class='ocrx_word' id='word_1_678' title='bbox 2577 4277 2754 4333; x_wconf 90' lang='lat' dir='ltr'><strong>meriti</strong></span> <span class='ocrx_word' id='word_1_679' title='bbox 2789 4277 3119 4343; x_wconf 87' lang='lat' dir='ltr'><strong>eminentia,</strong></span> <span class='ocrx_word' id='word_1_680' title='bbox 3157 4293 3319 4348; x_wconf 90' lang='lat' dir='ltr'><strong>quam</strong></span> <span class='ocrx_word' id='word_1_681' title='bbox 3359 4277 3461 4333; x_wconf 90' lang='lat' dir='ltr'><strong>sibi</strong></span> <span class='ocrx_word' id='word_1_682' title='bbox 3497 4285 3806 4346; x_wconf 87' lang='lat' dir='ltr'><strong>acccptam.</strong></span> 
     </span>
    </p>
   </div>
   <div class='ocr_carea' id='block_1_97' title="bbox 2221 4368 3804 4440">
    <p class='ocr_par' dir='ltr' id='par_1_97' title="bbox 2221 4368 3804 4440">
     <span class='ocr_line' id='line_1_97' title="bbox 2221 4368 3804 4440; baseline -0.003 -15"><span class='ocrx_word' id='word_1_683' title='bbox 2221 4371 2301 4425; x_wconf 92' lang='lat' dir='ltr'><strong>sic</strong></span> <span class='ocrx_word' id='word_1_684' title='bbox 2344 4371 2634 4440; x_wconf 88' lang='lat' dir='ltr'><strong>pretiosam</strong></span> <span class='ocrx_word' id='word_1_685' title='bbox 2692 4369 2872 4423; x_wconf 87' lang='lat' dir='ltr'><strong>divina</strong></span> <span class='ocrx_word' id='word_1_686' title='bbox 2915 4370 3250 4424; x_wconf 89' lang='lat' dir='ltr'><strong>monstrabat</strong></span> <span class='ocrx_word' id='word_1_687' title='bbox 3287 4368 3804 4439; x_wconf 77' lang='lat' dir='ltr'><strong>super-excellentia!</strong></span> 
     </span>
    </p>
   </div>
   <div class='ocr_carea' id='block_1_98' title="bbox 2222 4458 3808 4529">
    <p class='ocr_par' dir='ltr' id='par_1_98' title="bbox 2222 4458 3808 4529">
     <span class='ocr_line' id='line_1_98' title="bbox 2222 4458 3808 4529; baseline 0.001 -16"><span class='ocrx_word' id='word_1_688' title='bbox 2222 4458 2506 4528; x_wconf 84' lang='lat' dir='ltr'><strong>Nunquam</strong></span> <span class='ocrx_word' id='word_1_689' title='bbox 2543 4475 2670 4529; x_wconf 88' lang='lat' dir='ltr'><strong>ergo</strong></span> <span class='ocrx_word' id='word_1_690' title='bbox 2707 4469 2814 4513; x_wconf 91' lang='lat' dir='ltr'><strong>tam</strong></span> <span class='ocrx_word' id='word_1_691' title='bbox 2849 4459 3057 4525; x_wconf 89' lang='lat' dir='ltr'><strong>dilecti,</strong></span> <span class='ocrx_word' id='word_1_692' title='bbox 3097 4468 3206 4514; x_wconf 88' lang='lat' dir='ltr'><strong>tam</strong></span> <span class='ocrx_word' id='word_1_693' title='bbox 3244 4459 3528 4514; x_wconf 86' lang='lat' dir='ltr'><strong>familiaris</strong></span> <span class='ocrx_word' id='word_1_694' title='bbox 3560 4460 3643 4513; x_wconf 76' lang='grc' dir='ltr'><strong>ειιί</strong></span> <span class='ocrx_word' id='word_1_695' title='bbox 3681 4474 3808 4527; x_wconf 85' lang='lat' dir='ltr'><strong>pre-</strong></span> 
     </span>
    </p>
   </div>
   <div class='ocr_carea' id='block_1_99' title="bbox 2223 4548 3805 4618">
    <p class='ocr_par' dir='ltr' id='par_1_99' title="bbox 2223 4548 3805 4618">
     <span class='ocr_line' id='line_1_99' title="bbox 2223 4548 3805 4618; baseline -0.002 -12"><span class='ocrx_word' id='word_1_696' title='bbox 2223 4566 2340 4606; x_wconf 91' lang='lat' dir='ltr'><strong>cem</strong></span> <span class='ocrx_word' id='word_1_697' title='bbox 2373 4560 2601 4616; x_wconf 88' lang='lat' dir='ltr'><strong>avertet,</strong></span> <span class='ocrx_word' id='word_1_698' title='bbox 2628 4560 2687 4605; x_wconf 90' lang='lat' dir='ltr'><strong>ut</strong></span> <span class='ocrx_word' id='word_1_699' title='bbox 2722 4551 2932 4606; x_wconf 23' lang='lat' dir='ltr'><strong>reoruni</strong></span> <span class='ocrx_word' id='word_1_700' title='bbox 2962 4551 3175 4607; x_wconf 87' lang='lat' dir='ltr'><strong>veniam</strong></span> <span class='ocrx_word' id='word_1_701' title='bbox 3205 4566 3313 4604; x_wconf 93' lang='lat' dir='ltr'><strong>non</strong></span> <span class='ocrx_word' id='word_1_702' title='bbox 3343 4550 3528 4605; x_wconf 79' lang='lat' dir='ltr'><strong>donet.</strong></span> <span class='ocrx_word' id='word_1_703' title='bbox 3557 4548 3805 4618; x_wconf 87' lang='lat' dir='ltr'><strong>Denique</strong></span> 
     </span>
    </p>
   </div>
   <div class='ocr_carea' id='block_1_100' title="bbox 2223 4638 3805 4709">
    <p class='ocr_par' dir='ltr' id='par_1_100' title="bbox 2223 4638 3805 4709">
     <span class='ocr_line' id='line_1_100' title="bbox 2223 4638 3805 4709; baseline 0 -17"><span class='ocrx_word' id='word_1_704' title='bbox 2223 4638 2337 4708; x_wconf 91' lang='lat' dir='ltr'><strong>ipse</strong></span> <span class='ocrx_word' id='word_1_705' title='bbox 2372 4647 2602 4693; x_wconf 89' lang='lat' dir='ltr'><strong>testatur</strong></span> <span class='ocrx_word' id='word_1_706' title='bbox 2636 4641 2891 4709; x_wconf 89' lang='lat' dir='ltr'><strong>quoniam</strong></span> <span class='ocrx_word' id='word_1_707' title='bbox 2935 4656 3040 4694; x_wconf 93' lang='lat' dir='ltr'><strong>non</strong></span> <span class='ocrx_word' id='word_1_708' title='bbox 3071 4641 3184 4695; x_wconf 90' lang='lat' dir='ltr'><strong>vult</strong></span> <span class='ocrx_word' id='word_1_709' title='bbox 3213 4649 3273 4694; x_wconf 92' lang='lat' dir='ltr'><strong>ut</strong></span> <span class='ocrx_word' id='word_1_710' title='bbox 3317 4650 3572 4709; x_wconf 89' lang='lat' dir='ltr'><strong>peccator</strong></span> <span class='ocrx_word' id='word_1_711' title='bbox 3602 4640 3805 4694; x_wconf 79' lang='lat' dir='ltr'><strong>moria-</strong></span> 
     </span>
    </p>
   </div>
   <div class='ocr_carea' id='block_1_101' title="bbox 2225 4730 3805 4803">
    <p class='ocr_par' dir='ltr' id='par_1_101' title="bbox 2225 4730 3805 4803">
     <span class='ocr_line' id='line_1_101' title="bbox 2225 4730 3805 4803; baseline 0.001 -19"><span class='ocrx_word' id='word_1_712' title='bbox 2225 4739 2311 4784; x_wconf 89' lang='lat' dir='ltr'><strong>tur</strong></span> <span class='ocrx_word' id='word_1_713' title='bbox 2372 4730 2607 4800; x_wconf 78' lang='lat' dir='ltr'><strong>(Ezerft.</strong></span> <span class='ocrx_word' id='word_1_714' title='bbox 2660 4747 2857 4792; x_wconf 79' lang='lat' dir='ltr'><strong>xxxut.</strong></span> <span class='ocrx_word' id='word_1_715' title='bbox 2889 4733 3037 4803; x_wconf 77' lang='lat' dir='ltr'><strong>ll):</strong></span> <span class='ocrx_word' id='word_1_716' title='bbox 3086 4733 3318 4788; x_wconf 89' lang='lat' dir='ltr'><strong>libenter</strong></span> <span class='ocrx_word' id='word_1_717' title='bbox 3378 4732 3561 4802; x_wconf 88' lang='lat' dir='ltr'><strong>itaque</strong></span> <span class='ocrx_word' id='word_1_718' title='bbox 3609 4731 3805 4786; x_wconf 67' lang='lat' dir='ltr'><strong>anima:</strong></span> 
     </span>
    </p>
   </div>
   <div class='ocr_carea' id='block_1_102' title="bbox 2222 4820 3806 4892">
    <p class='ocr_par' dir='ltr' id='par_1_102' title="bbox 2222 4820 3806 4892">
     <span class='ocr_line' id='line_1_102' title="bbox 2222 4820 3806 4892; baseline 0.003 -21"><span class='ocrx_word' id='word_1_719' title='bbox 2222 4820 2510 4888; x_wconf 87' lang='lat' dir='ltr'><strong>peecatrici</strong></span> <span class='ocrx_word' id='word_1_720' title='bbox 2565 4820 2790 4876; x_wconf 89' lang='lat' dir='ltr'><strong>salutem</strong></span> <span class='ocrx_word' id='word_1_721' title='bbox 2843 4823 3010 4890; x_wconf 87' lang='lat' dir='ltr'><strong>dabit,</strong></span> <span class='ocrx_word' id='word_1_722' title='bbox 3065 4822 3217 4892; x_wconf 88' lang='lat' dir='ltr'><strong>cujus</strong></span> <span class='ocrx_word' id='word_1_723' title='bbox 3269 4832 3499 4878; x_wconf 86' lang='lat' dir='ltr'><strong>testatur</strong></span> <span class='ocrx_word' id='word_1_724' title='bbox 3545 4838 3608 4877; x_wconf 89' lang='lat' dir='ltr'><strong>se</strong></span> <span class='ocrx_word' id='word_1_725' title='bbox 3661 4821 3806 4877; x_wconf 87' lang='lat' dir='ltr'><strong>nolle</strong></span> 
     </span>
    </p>
   </div>
   <div class='ocr_carea' id='block_1_103' title="bbox 2222 4919 2472 4965">
    <p class='ocr_par' dir='ltr' id='par_1_103' title="bbox 2222 4919 2472 4965">
     <span class='ocr_line' id='line_1_103' title="bbox 2222 4919 2472 4965; baseline 0 0"><span class='ocrx_word' id='word_1_726' title='bbox 2222 4919 2472 4965; x_wconf 90' lang='lat' dir='ltr'><strong>mortem.</strong></span> 
     </span>
    </p>
   </div>
   <div class='ocr_carea' id='block_1_104' title="bbox 2293 5024 3803 5097">
    <p class='ocr_par' dir='ltr' id='par_1_104' title="bbox 2293 5024 3803 5097">
     <span class='ocr_line' id='line_1_104' title="bbox 2293 5024 3803 5097; baseline 0.003 -19"><span class='ocrx_word' id='word_1_727' title='bbox 2293 5024 2501 5080; x_wconf 76' lang='lat' dir='ltr'><strong>Rursus</strong></span> <span class='ocrx_word' id='word_1_728' title='bbox 2541 5035 2833 5080; x_wconf 90' lang='lat' dir='ltr'><strong>occurrunt</strong></span> <span class='ocrx_word' id='word_1_729' title='bbox 2873 5042 2998 5095; x_wconf 87' lang='lat' dir='ltr'><strong>spes</strong></span> <span class='ocrx_word' id='word_1_730' title='bbox 3031 5036 3084 5082; x_wconf 90' lang='lat' dir='ltr'><strong>et</strong></span> <span class='ocrx_word' id='word_1_731' title='bbox 3123 5027 3452 5081; x_wconf 88' lang='lat' dir='ltr'><strong>confidentia</strong></span> <span class='ocrx_word' id='word_1_732' title='bbox 3501 5025 3803 5097; x_wconf 85' lang='lat' dir='ltr'><strong>ereptionis</strong></span> 
     </span>
    </p>
   </div>
   <div class='ocr_carea' id='block_1_105' title="bbox 2221 5114 3804 5186">
    <p class='ocr_par' dir='ltr' id='par_1_105' title="bbox 2221 5114 3804 5186">
     <span class='ocr_line' id='line_1_105' title="bbox 2221 5114 3804 5186; baseline 0.001 -18"><span class='ocrx_word' id='word_1_733' title='bbox 2221 5128 2355 5168; x_wconf 69' lang='lat' dir='ltr'><strong>mea:</strong></span> <span class='ocrx_word' id='word_1_734' title='bbox 2407 5114 2547 5183; x_wconf 88' lang='lat' dir='ltr'><strong>apud</strong></span> <span class='ocrx_word' id='word_1_735' title='bbox 2589 5114 2760 5183; x_wconf 91' lang='lat' dir='ltr'><strong>ipsum</strong></span> <span class='ocrx_word' id='word_1_736' title='bbox 2810 5114 3076 5182; x_wconf 83' lang='lat' dir='ltr'><strong>judiccm,</strong></span> <span class='ocrx_word' id='word_1_737' title='bbox 3127 5115 3355 5186; x_wconf 87' lang='lat' dir='ltr'><strong>insignia</strong></span> <span class='ocrx_word' id='word_1_738' title='bbox 3413 5115 3804 5170; x_wconf 81' lang='lat' dir='ltr'><strong>familiaritatis</strong></span> 
     </span>
    </p>
   </div>
   <div class='ocr_carea' id='block_1_106' title="bbox 2227 5205 3806 5277">
    <p class='ocr_par' dir='ltr' id='par_1_106' title="bbox 2227 5205 3806 5277">
     <span class='ocr_line' id='line_1_106' title="bbox 2227 5205 3806 5277; baseline 0.003 -21"><span class='ocrx_word' id='word_1_739' title='bbox 2227 5213 2347 5258; x_wconf 68' lang='lat' dir='ltr'><strong>tum.</strong></span> <span class='ocrx_word' id='word_1_740' title='bbox 2387 5208 2532 5270; x_wconf 78' lang='lat' dir='ltr'><strong>Quos</strong></span> <span class='ocrx_word' id='word_1_741' title='bbox 2563 5205 2704 5259; x_wconf 89' lang='lat' dir='ltr'><strong>enim</strong></span> <span class='ocrx_word' id='word_1_742' title='bbox 2740 5208 3088 5274; x_wconf 80' lang='lat' dir='ltr'><strong>pramuntios,</strong></span> <span class='ocrx_word' id='word_1_743' title='bbox 3116 5221 3253 5277; x_wconf 90' lang='lat' dir='ltr'><strong>quos</strong></span> <span class='ocrx_word' id='word_1_744' title='bbox 3281 5206 3618 5277; x_wconf 89' lang='lat' dir='ltr'><strong>apparitores</strong></span> <span class='ocrx_word' id='word_1_745' title='bbox 3653 5206 3725 5260; x_wconf 88' lang='lat' dir='ltr'><strong>ad</strong></span> <span class='ocrx_word' id='word_1_746' title='bbox 3752 5217 3806 5261; x_wconf 86' lang='lat' dir='ltr'><strong>te</strong></span> 
     </span>
    </p>
   </div>
   <div class='ocr_carea' id='block_1_107' title="bbox 1823 5311 2487 5372">
    <p class='ocr_par' dir='ltr' id='par_1_107' title="bbox 1823 5311 2487 5372">
     <span class='ocr_line' id='line_1_107' title="bbox 1823 5311 2487 5372; baseline 0.009 -6"><span class='ocrx_word' id='word_1_747' title='bbox 1823 5311 2050 5368; x_wconf 69' lang='lat' dir='ltr'><strong>VARI/E</strong></span> <span class='ocrx_word' id='word_1_748' title='bbox 2089 5314 2487 5372; x_wconf 82' lang='lat' dir='ltr'><strong>LECTlONES.</strong></span> 
     </span>
    </p>
   </div>
   <div class='ocr_carea' id='block_1_108' title="bbox 610 5422 3795 5494">
    <p class='ocr_par' dir='ltr' id='par_1_108' title="bbox 610 5422 3795 5494">
     <span class='ocr_line' id='line_1_108' title="bbox 610 5422 3795 5494; baseline 0.001 -16"><span class='ocrx_word' id='word_1_749' title='bbox 610 5425 702 5461; x_wconf 74' lang='grc'>⁸³³⁸</span> <span class='ocrx_word' id='word_1_750' title='bbox 727 5425 772 5481; x_wconf 92' lang='grc' dir='ltr'><strong>Ο</strong></span> <span class='ocrx_word' id='word_1_751' title='bbox 795 5434 850 5479; x_wconf 92' lang='grc' dir='ltr'><strong>ιιι</strong></span> <span class='ocrx_word' id='word_1_752' title='bbox 878 5422 950 5476; x_wconf 91' lang='lat' dir='ltr'><strong>mi</strong></span> <span class='ocrx_word' id='word_1_753' title='bbox 980 5422 1121 5494; x_wconf 70' lang='lat' dir='ltr'><strong>bene</strong></span> <span class='ocrx_word' id='word_1_754' title='bbox 1149 5422 1542 5494; x_wconf 15' lang='lat' dir='ltr'><strong>duxtorsuavis</strong></span> <span class='ocrx_word' id='word_1_755' title='bbox 1572 5423 1851 5494; x_wconf 77' lang='lat' dir='ltr'><strong>magister,</strong></span> <span class='ocrx_word' id='word_1_756' title='bbox 1874 5439 1906 5478; x_wconf 93' lang='grc' dir='ltr'>ο</span> <span class='ocrx_word' id='word_1_757' title='bbox 1930 5424 2100 5481; x_wconf 90' lang='lat' dir='ltr'><strong>dulcis</strong></span> <span class='ocrx_word' id='word_1_758' title='bbox 2129 5435 2282 5494; x_wconf 88' lang='lat' dir='ltr'><strong>pater</strong></span> <span class='ocrx_word' id='word_1_759' title='bbox 2304 5427 2616 5491; x_wconf 83' lang='lat' dir='ltr'><strong>Benedicto,</strong></span> <span class='ocrx_word' id='word_1_760' title='bbox 2651 5428 2735 5482; x_wconf 90' lang='lat' dir='ltr'><strong>vel</strong></span> <span class='ocrx_word' id='word_1_761' title='bbox 2781 5427 2844 5481; x_wconf 91' lang='lat' dir='ltr'><strong>N.</strong></span> <span class='ocrx_word' id='word_1_762' title='bbox 2898 5444 2994 5483; x_wconf 92' lang='lat' dir='ltr'><strong>oro</strong></span> <span class='ocrx_word' id='word_1_763' title='bbox 3025 5437 3078 5484; x_wconf 91' lang='lat' dir='ltr'><strong>et</strong></span> <span class='ocrx_word' id='word_1_764' title='bbox 3103 5429 3329 5485; x_wconf 88' lang='lat' dir='ltr'><strong>obsecro</strong></span> <span class='ocrx_word' id='word_1_765' title='bbox 3378 5446 3475 5484; x_wconf 75' lang='lat' dir='ltr'><strong>ms.</strong></span> <span class='ocrx_word' id='word_1_766' title='bbox 3528 5427 3795 5484; x_wconf 78' lang='lat' dir='ltr'><strong>Sun-Ger.</strong></span> 
     </span>
    </p>
   </div>
   <div class='ocr_carea' id='block_1_109' title="bbox 540 5490 3797 5568">
    <p class='ocr_par' dir='ltr' id='par_1_109' title="bbox 540 5490 3797 5568">
     <span class='ocr_line' id='line_1_109' title="bbox 540 5490 3797 5568; baseline 0.001 -18"><span class='ocrx_word' id='word_1_767' title='bbox 540 5495 767 5568; x_wconf 76' lang='lat' dir='ltr'><strong>Age,mi</strong></span> <span class='ocrx_word' id='word_1_768' title='bbox 801 5490 1171 5568; x_wconf 45' lang='lat' dir='ltr'><strong>benedicta,</strong></span> <span class='ocrx_word' id='word_1_769' title='bbox 1209 5491 1382 5568; x_wconf 74' lang='lat' dir='ltr'><strong>dulcis</strong></span> <span class='ocrx_word' id='word_1_770' title='bbox 1416 5491 1583 5568; x_wconf 16' lang='lat' dir='ltr'><strong>Pater.</strong></span> <span class='ocrx_word' id='word_1_771' title='bbox 1611 5490 1916 5568; x_wconf 79' lang='lat' dir='ltr'><strong>Benedicto,</strong></span> <span class='ocrx_word' id='word_1_772' title='bbox 1955 5490 2181 5568; x_wconf 79' lang='lat' dir='ltr'><strong>obsecro</strong></span> <span class='ocrx_word' id='word_1_773' title='bbox 2254 5499 2347 5529; x_wconf 70' lang='grc' dir='ltr'><strong>ἰδ’</strong></span> <span class='ocrx_word' id='word_1_774' title='bbox 2393 5490 2680 5568; x_wconf 77' lang='lat' dir='ltr'><strong>l’atronum</strong></span> <span class='ocrx_word' id='word_1_775' title='bbox 2720 5499 2972 5552; x_wconf 90' lang='lat' dir='ltr'><strong>clamanti</strong></span> <span class='ocrx_word' id='word_1_776' title='bbox 3026 5515 3124 5553; x_wconf 82' lang='lat' dir='ltr'><strong>ms.</strong></span> <span class='ocrx_word' id='word_1_777' title='bbox 3162 5498 3472 5553; x_wconf 76' lang='lat' dir='ltr'><strong>Sun-Germ.</strong></span> <span class='ocrx_word' id='word_1_778' title='bbox 3507 5510 3797 5568; x_wconf 89' lang='lat' dir='ltr'><strong>patronum</strong></span> 
     </span>
    </p>
   </div>
   <div class='ocr_carea' id='block_1_110' title="bbox 541 5565 813 5622">
    <p class='ocr_par' dir='ltr' id='par_1_110' title="bbox 541 5565 813 5622">
     <span class='ocr_line' id='line_1_110' title="bbox 541 5565 813 5622; baseline -0.018 0"><span class='ocrx_word' id='word_1_779' title='bbox 541 5565 813 5622; x_wconf 59' lang='lat' dir='ltr'><strong>in&#39;vocanti</strong></span> 
     </span>
    </p>
   </div>
   <div class='ocr_carea' id='block_1_111' title="bbox 541 5627 2154 5699">
    <p class='ocr_par' dir='ltr' id='par_1_111' title="bbox 541 5627 2154 5699">
     <span class='ocr_line' id='line_1_111' title="bbox 541 5627 2154 5699; baseline -0.001 -8"><span class='ocrx_word' id='word_1_780' title='bbox 541 5649 674 5692; x_wconf 83' lang='lat' dir='ltr'><strong>vere</strong></span> <span class='ocrx_word' id='word_1_781' title='bbox 716 5635 971 5687; x_wconf 88' lang='lat' dir='ltr'><strong>debemus</strong></span> <span class='ocrx_word' id='word_1_782' title='bbox 999 5627 1280 5685; x_wconf 51' lang='lat' dir='ltr'><strong>mhFlor.</strong></span> <span class='ocrx_word' id='word_1_783' title='bbox 1309 5631 1611 5687; x_wconf 76' lang='lat' dir='ltr'><strong>viveremus</strong></span> <span class='ocrx_word' id='word_1_784' title='bbox 1685 5634 1777 5665; x_wconf 78' lang='grc'><strong>²¹³⁸</strong></span> <span class='ocrx_word' id='word_1_785' title='bbox 1805 5627 2099 5699; x_wconf 56' lang='lat' dir='ltr'><strong>Passionis,</strong></span> <span class='ocrx_word' id='word_1_786' title='bbox 2142 5656 2154 5690; x_wconf 87' lang='lat' dir='ltr'><strong>f</strong></span> 
     </span>
    </p>
   </div>
   <div class='ocr_carea' id='block_1_112' title="bbox 547 5699 2146 5762">
    <p class='ocr_par' dir='ltr' id='par_1_112' title="bbox 547 5699 2146 5762">
     <span class='ocr_line' id='line_1_112' title="bbox 547 5699 2146 5762; baseline 0.001 -2"><span class='ocrx_word' id='word_1_787' title='bbox 547 5703 766 5760; x_wconf 85' lang='lat' dir='ltr'><strong>modum</strong></span> <span class='ocrx_word' id='word_1_788' title='bbox 835 5701 929 5732; x_wconf 80' lang='grc'><strong>¹¹³⁶</strong></span> <span class='ocrx_word' id='word_1_789' title='bbox 959 5701 1020 5753; x_wconf 83' lang='grc' dir='ltr'>Ει</span> <span class='ocrx_word' id='word_1_790' title='bbox 1052 5710 1110 5753; x_wconf 86' lang='grc' dir='ltr'><strong>ιιι</strong></span> <span class='ocrx_word' id='word_1_791' title='bbox 1156 5709 1210 5753; x_wconf 91' lang='grc' dir='ltr'><strong>ιιι</strong></span> <span class='ocrx_word' id='word_1_792' title='bbox 1243 5717 1368 5753; x_wconf 83' lang='lat' dir='ltr'><strong>mss.</strong></span> <span class='ocrx_word' id='word_1_793' title='bbox 1419 5701 1576 5754; x_wconf 84' lang='lat' dir='ltr'><strong>Tom.</strong></span> <span class='ocrx_word' id='word_1_794' title='bbox 1622 5699 1850 5756; x_wconf 80' lang='lat' dir='ltr'><strong>Val-(uc.</strong></span> <span class='ocrx_word' id='word_1_795' title='bbox 1903 5714 2041 5760; x_wconf 72' lang='lat' dir='ltr'><strong>IIl-et</strong></span> <span class='ocrx_word' id='word_1_796' title='bbox 2092 5715 2146 5762; x_wconf 86' lang='grc' dir='ltr'><strong>ιιι</strong></span> 
     </span>
    </p>
   </div>
   <div class='ocr_carea' id='block_1_113' title="bbox 887 5561 3793 5634">
    <p class='ocr_par' dir='ltr' id='par_1_113' title="bbox 887 5561 3793 5634">
     <span class='ocr_line' id='line_1_113' title="bbox 887 5561 3793 5634; baseline 0.003 -20"><span class='ocrx_word' id='word_1_797' title='bbox 887 5561 982 5594; x_wconf 79' lang='grc'><strong>²¹³³</strong></span> <span class='ocrx_word' id='word_1_798' title='bbox 1007 5561 1261 5634; x_wconf 66' lang='lat' dir='ltr'><strong>Erigein</strong></span> <span class='ocrx_word' id='word_1_799' title='bbox 1293 5562 1583 5634; x_wconf 83' lang='lat' dir='ltr'><strong>victoriam</strong></span> <span class='ocrx_word' id='word_1_800' title='bbox 1612 5580 1735 5617; x_wconf 81' lang='lat' dir='ltr'><strong>mss.</strong></span> <span class='ocrx_word' id='word_1_801' title='bbox 1778 5565 1924 5634; x_wconf 74' lang='lat' dir='ltr'><strong>erige</strong></span> <span class='ocrx_word' id='word_1_802' title='bbox 1969 5567 2099 5620; x_wconf 90' lang='lat' dir='ltr'><strong>mihi</strong></span> <span class='ocrx_word' id='word_1_803' title='bbox 2156 5568 2434 5624; x_wconf 78' lang='lat' dir='ltr'><strong>victoriam</strong></span> <span class='ocrx_word' id='word_1_804' title='bbox 2511 5568 2606 5599; x_wconf 53' lang='grc' dir='ltr'><strong>ἠδ</strong></span> <span class='ocrx_word' id='word_1_805' title='bbox 2653 5567 2847 5623; x_wconf 76' lang='lat' dir='ltr'><strong>Vivere</strong></span> <span class='ocrx_word' id='word_1_806' title='bbox 2893 5569 3214 5623; x_wconf 89' lang='lat' dir='ltr'><strong>deberemus</strong></span> <span class='ocrx_word' id='word_1_807' title='bbox 3258 5587 3352 5623; x_wconf 79' lang='lat' dir='ltr'><strong>ms.</strong></span> <span class='ocrx_word' id='word_1_808' title='bbox 3416 5561 3551 5624; x_wconf 70' lang='lat' dir='ltr'><strong>Vict.</strong></span> <span class='ocrx_word' id='word_1_809' title='bbox 3601 5570 3682 5624; x_wconf 87' lang='lat' dir='ltr'><strong>l6.</strong></span> <span class='ocrx_word' id='word_1_810' title='bbox 3714 5571 3793 5622; x_wconf 86' lang='lat' dir='ltr'><strong>vi-</strong></span> 
     </span>
    </p>
   </div>
   <div class='ocr_carea' id='block_1_114' title="bbox 2157 5637 3794 5716">
    <p class='ocr_par' dir='ltr' id='par_1_114' title="bbox 2157 5637 3794 5716">
     <span class='ocr_line' id='line_1_114' title="bbox 2157 5637 3794 5716; baseline 0.001 -25"><span class='ocrx_word' id='word_1_811' title='bbox 2157 5639 2594 5708; x_wconf 78' lang='lat' dir='ltr'><strong>1uemadmedum</strong></span> <span class='ocrx_word' id='word_1_812' title='bbox 2647 5655 2745 5716; x_wconf 71' lang='lat' dir='ltr'><strong>ma.</strong></span> <span class='ocrx_word' id='word_1_813' title='bbox 2783 5637 2948 5712; x_wconf 85' lang='lat' dir='ltr'><strong>_Flor.</strong></span> <span class='ocrx_word' id='word_1_814' title='bbox 2997 5639 3263 5708; x_wconf 91' lang='lat' dir='ltr'><strong>possimus</strong></span> <span class='ocrx_word' id='word_1_815' title='bbox 3311 5641 3492 5695; x_wconf 81' lang='lat' dir='ltr'><strong>vivere</strong></span> <span class='ocrx_word' id='word_1_816' title='bbox 3536 5638 3794 5710; x_wconf 77' lang='lat' dir='ltr'><strong>quemad-</strong></span> 
     </span>
    </p>
   </div>
  </div>
