4048 6288
267 355 408 413 1009

1626 351 1661 408 C
1675 349 2038 407 RATIONES.

3390 331 3529 387 lOlO

255 470 544 539 praemisit,
577 483 700 525 cum
727 468 988 525 directam
1024 479 1169 525 tuam
1205 476 1421 527 beatam
1457 469 1690 523 animam
1723 467 1837 537 jam
1868 475 1915 528 Α
2020 462 2375 536 299-301
2414 455 2669 516 ORATIO
2698 453 2908 510 LXXIV
2951 453 3044 524 [οι.
3083 447 3315 521 LXXIII]
3335 448 3450 501 ⁸⁸³³⁷.

259 574 428 614 carne
457 558 748 623 abituram,
778 557 924 614 illum
955 559 1243 626 adituram,
1270 574 1333 613 ac
1359 573 1543 614 secum
1584 573 1837 626 perman-

256 639 443 704 surain
473 647 832 719 adiudicavit?
864 663 932 703 ne
963 647 1071 702 ullo
1097 657 1240 702 metu
1274 657 1592 709 terreretur,
1623 661 1649 702 s
1675 661 1843 717 upore

257 739 595 807 turbaretur,
636 739 1018 794 incertitudine
1057 739 1464 805 sollicitaretur,
1506 739 1620 793 dies
1648 738 1844 809 prmiti-

255 833 423 897 citur,
451 841 672 888 aeterna:
699 831 1046 886 beatitudinis
1075 831 1286 886 mansio
1307 831 1656 900 promittitur,
1681 831 1848 886 duca-

256 930 348 977 tus
383 921 551 976 curiae
591 921 831 976 caelestis
870 921 1185 988 adducitur;
1229 936 1259 975 a
1292 936 1396 991 quo
1435 922 1594 976 hilari
1635 922 1842 978 securi-

256 1018 394 1076 tate,
423 1026 488 1066 ac
512 1026 702 1066 secura
730 1009 1003 1065 hilaritate
1028 1010 1375 1080 perducatur.

329 1101 541 1168 Quanta
579 1108 632 1154 et
675 1116 707 1155 o
735 1109 968 1170 quanta,
1008 1099 1151 1169 quali
1187 1111 1244 1156 et
1281 1116 1314 1155 ο
1357 1101 1504 1171 quali
1553 1101 1846 1172 suscipitur

256 1195 644 1262 exsultatione,
690 1195 782 1264 qui
831 1210 953 1249 cum
999 1194 1089 1248 tali
1139 1210 1202 1249 ac
1247 1201 1394 1250 tanta
1446 1195 1728 1250 deducitur
1753 1211 1846 1265 ap-

258 1285 572 1356 paritione?
609 1296 870 1355 quantum
907 1285 1240 1354 jucundatur
1267 1297 1323 1343 et
1362 1286 1699 1357 gloriﬁcatur
1727 1301 1848 1342 sus-

256 1386 472 1448 ceptus,
522 1375 673 1447 cujus
717 1377 796 1432 sic
848 1377 1238 1433 honoriﬁcatur
1280 1376 1585 1433 adventus?
1635 1375 1845 1443 Quanta

260 1469 498 1539 denique
539 1469 911 1536 veneratione,
943 1476 1144 1540 quanta
1187 1454 1594 1540 gloriﬁcationis
1633 1468 1845 1523 exhibi-

261 1561 412 1616 tione
441 1561 500 1615 tit
534 1561 649 1632 ipsa
685 1561 1028 1624 annuntiatio
1066 1560 1404 1631 ntigrationis
1446 1561 1589 1615 tum?
1630 1559 1735 1615 Per
1763 1560 1846 1613 vi-

261 1667 382 1708 sum
418 1649 510 1706 tibi
553 1650 760 1706 sedenti
798 1651 851 1706 in
889 1651 1145 1706 cathedra
1189 1659 1275 1705 tua
1323 1649 1618 1720 pontiﬁcali
1661 1659 1847 1704 astans

261 1753 320 1799 et
361 1745 723 1799 circumstans
769 1743 1082 1814 angelorum
1132 1743 1437 1814 frequentia
1487 1759 1844 1814 supernorum

2227 570 2296 608 AD
2337 565 2578 608 SANCTAM
2628 562 2830 602 MANAM
2871 556 3248 605 MAGIDALENAM,

2161 647 2293 702 Cum
2323 644 2694 700 retractatione
2723 638 2919 694 amoris
2943 635 3011 690 ad
3038 633 3321 689 Christum.

2019 761 2223 816 Sancta
2273 756 2442 811 Maria
2493 752 2825 824 Magdalena,
2875 763 2994 818 quae
3034 761 3154 801 cum
3184 743 3333 799 fonte
3363 740 3535 811 lacry—

1947 865 2158 906 marum
2183 848 2249 902 ad
2271 846 2476 902 fontem
2507 841 2896 899 misericordia:
2936 836 3211 894 Christum
3237 831 3452 894 venisti,
3471 831 3538 884 de

1945 957 2054 1013 quo
2081 940 2335 996 ardenter
2382 936 2573 993 sitiens
2603 933 2943 988 abundanter
2972 943 3034 984 es
3063 924 3383 988 refocillata,
3440 936 3536 992 per

1948 1011 2109 1105 quem
2159 1027 2432 1101 peccatrix
2488 1041 2545 1082 es
2577 1024 2894 1094 iustiﬁcata,
2953 1034 2982 1073 a
3037 1033 3144 1087 quo
3197 1011 3540 1088 amarissime

1948 1122 2136 1178 dolens
2180 1119 2490 1176 dulcissime
2539 1131 2599 1171 es
2651 1113 2948 1170 consolata.
2999 1109 3113 1176 Tu,
3160 1107 3376 1163 domina
3417 1118 3536 1171 mea

1947 1214 2287 1273 charissima.
2310 1208 2766 1282 pertemetipsam
2795 1221 2856 1261 es
2898 1212 3124 1274 experta
3153 1199 3385 1270 qualiter
3411 1211 3537 1266 pec-

1948 1303 2124 1358 catrix
2146 1301 2324 1356 anima
2354 1298 2600 1356 Creatori
2629 1311 2726 1352 suo
2753 1292 3159 1370 reconcilietur,
3190 1289 3332 1359 quod
3356 1284 3537 1343 consl-

1951 1390 2079 1446 lium
2113 1389 2323 1444 misera:
2350 1387 2543 1441 animae
2557 1384 2960 1455 expediat,quae
2986 1379 3251 1436 medicina
3281 1377 3538 1444 languen-

1951 1485 1988 1540 ti
2012 1483 2238 1539 salutem
2270 1482 2540 1537 restituat.
2581 1478 2727 1533 Satis
2749 1478 2891 1531 enim
2919 1474 3141 1538 scimus,
3169 1472 3335 1526 chara
3365 1467 3536 1522 amica

1947 1577 2166 1642 Dei,cui
2195 1576 2414 1631 dimissa
2465 1580 2594 1629 sunt
2614 1580 2827 1640 peccata
2868 1567 3058 1644 multa,
3084 1564 3330 1636 quoniam
3353 1560 3537 1614 dilex't

1949 1667 2280 1725 multum’m
2315 1665 2468 1735 (Luc.
2495 1679 2592 1727 vn,
2619 1662 2728 1736 47).
2763 1657 2880 1713 Νοη
2903 1671 3006 1730 ego
3059 1651 3535 1711 sceleratissimus,

1947 1759 2165 1814 domina
2194 1755 2525 1818 beatissima,
2549 1767 2656 1807 non
2695 1766 2795 1822 ego
2843 1746 3292 1820 sceleratissimus
3318 1749 3538 1812 peccata

258 1835 464 1890 civium
508 1836 681 1901 curia,
719 1835 910 1904 quaerit
947 1851 976 1888 a
1016 1844 1068 1889 te
1097 1836 1274 1906 quoad
1311 1836 1405 1891 tibi
1446 1835 1657 1907 placeat
1694 1852 1840 1892 com-

1954 1860 2034 1904 tua
2062 1846 2476 1918 improperaudo
2492 1851 2746 1908 retracto;
2762 1840 2852 1896 sed
2869 1838 3286 1894 immensitatem
3300 1833 3539 1889 clemen-

259 1926 468 1980 morari
499 1927 553 1981 in
581 1941 744 1982 carne
769 1927 902 1994 ista;
930 1927 1095 1982 refert
1127 1929 1395 1996 nuntium,
1428 1929 1631 1984 indicat
1660 1940 1843 1985 votum

230 2015 433 2070 atotius
480 2031 728 2086 supernae
775 2017 1052 2073 concionis
1102 2019 1362 2088 Optantis,
1413 2021 1620 2075 orantis
1656 2036 1720 2076 ac
1759 2023 1848 2078 de-

261 2108 561 2176 precantis,
592 2117 652 2161 ut
675 2108 785 2178 jam
817 2124 938 2163 cum
967 2111 1048 2164 eis
1077 2117 1200 2165 ante
1238 2125 1508 2164 summum
1539 2111 1846 2180 pontiﬁcem

260 2206 582 2267 pcipetuum
607 2196 831 2252 Sanctus
857 2199 1116 2260 decantes
1147 2200 1199 2254 in
1227 2200 1398 2256 caelis.
1424 2199 1764 2270 Respondisti
1800 2214 1850 2258 te

262 2303 413 2344 nunc
454 2305 559 2344 non
603 2304 764 2360 posse
805 2290 989 2354 abire;
1035 2290 1160 2359 quia
1186 2290 1478 2345 Dominica:
1501 2291 1850 2346 Ascensionis

262 2379 453 2434 aderat
476 2380 696 2446 festum,
723 2381 776 2434 in
799 2395 905 2449 quo
928 2379 1260 2437 allocuturus
1279 2389 1335 2436 et
1357 2381 1852 2437 communicaturus

259 2484 390 2528 e‘as
429 2473 776 2527 commissum
816 2472 908 2528 tibi
943 2472 1222 2543 populum.
1275 2472 1362 2527 Fit
1390 2475 1670 2530 concessio
1692 2475 1852 2546 jnstm

262 2572 322 2618 et
351 2563 690 2618 charitativze
728 2565 1125 2632 excusationis;
1169 2566 1425 2621 indicitur
1467 2565 1603 2630 dies,
1653 2566 1706 2621 in
1745 2582 1852 2637 qua

263 2656 415 2711 nulla
451 2666 766 2714 occurreret
801 2673 963 2714 causa
1005 2659 1298 2715 dilationis.
1331 2659 1375 2715 O
1407 2660 1634 2730 insignis
1668 2669 1723 2715 ct
1759 2661 1853 2716 ad-

265 2746 530 2802 mirabilis
549 2748 726 2816 gratia
751 2746 1164 2823 familiaritatis;
1194 2751 1346 2820 cujus
1373 2748 1540 2805 solius
1564 2748 1849 2814 voluntati,

266 2838 435 2890 totius
477 2851 723 2905 supernae
759 2837 1038 2907 dignitatis
1071 2851 1254 2894 votum
1298 2855 1362 2895 ac
1394 2838 1644 2894 voluntas
1673 2838 1846 2894 cedit!

264 2926 530 2982 Concedit
569 2927 881 2982 dilationem
920 2929 1026 2992 sui,
1074 2943 1141 2983 ne
1183 2928 1342 2998 hujus
1379 2945 1483 2984 non
1516 2928 1716 2983 habeat
1759 2930 1852 2985 ad-

263 3018 672 3090 impletionem;
707 3022 849 3087 quod
877 3037 980 3075 non
1005 3023 1146 3085 vult,
1176 3022 1265 3076 illa
1291 3021 1408 3076 ﬁeri
1441 3022 1663 3087 mavult,
1692 3036 1854 3091 quam

263 3126 336 3166 re
369 3126 474 3165 non
503 3111 596 3166 ﬁat
621 3111 762 3182 quod
792 3112 893 3166 ista
922 3113 1058 3168 vult.
1087 3113 1206 3181 Quo
1236 3129 1367 3184 ergo
1401 3129 1589 3170 amore
1617 3129 1853 3184 praesen-

263 3204 342 3259 tia
382 3204 500 3274 ejus
535 3213 750 3258 amatur
782 3215 838 3260 et
879 3204 1246 3275 amplectitur,
1297 3208 1451 3276 cujus
1490 3206 1734 3261 absentia
1772 3206 1852 3261 sic

263 3295 616 3351 desideratur
649 3306 707 3351 et
734 3299 1120 3367 exspectatur?
1155 3297 1306 3365 Quod
1340 3313 1369 3351 a
1393 3298 1504 3352 Deo
1534 3298 1723 3368 gratiae
1751 3297 1850 3352 do-

263 3401 399 3439 num
438 3387 650 3457 accepit
687 3387 741 3440 in
772 3386 944 3454 caelis,
984 3389 1070 3443 cui
1112 3396 1316 3442 tantum
1349 3387 1532 3457 gloriae
1564 3401 1760 3442 munus
1795 3386 1852 3441 in

263 3477 435 3532 terris
483 3479 792 3534 concessit?
839 3478 1162 3549 Splendidus
1213 3479 1264 3532 in
1317 3478 1454 3535 stola
1501 3478 1850 3550 virginitatis,

262 3585 434 3639 quam
463 3582 794 3628 veneranter
833 3573 1126 3643 suscipitur
1159 3573 1227 3626 ad
1265 3571 1480 3642 nuptias
1505 3571 1664 3642 Agui.
1710 3569 1855 3625 Inter

264 3667 480 3738 primos
506 3668 826 3734 discumbit;
861 3651 996 3737 quia.
1026 3681 1148 3721 cum
1179 3667 1374 3721 decore
1408 3664 1736 3737 integritatis
1773 3664 1855 3718 iu-

265 3759 459 3814 duitur
486 3759 685 3814 virtute
714 3759 1068 3822 humilitatis;
1115 3759 1481 3829 prmtlitusque
1518 3759 1688 3829 gratia
1723 3758 1854 3812 cha-

266 3849 454 3905 ritatis
491 3864 555 3904 ac
597 3850 759 3903 totius
800 3849 1016 3904 virtut's
1046 3848 1293 3918 sequitur
1318 3849 1522 3917 Agnum
1547 3863 1854 3916 quocunque

265 3941 624 4011 vadit(Apoc.
655 3940 854 4010 xw,4).
879 3939 1158 4008 Quomodo
1183 3954 1314 4011 ergo
1339 3950 1447 3993 tam
1475 3947 1709 4001 amatus,
1746 3945 1854 3991 tam

267 4034 562 4092 familiaris
592 4034 732 4104 apud
773 4034 950 4103 ipsum
979 4041 1256 4086 auctorem
1299 4028 1520 4094 salutis,
1548 4027 1857 4084 misericor-

268 4128 379 4182 diae
417 4141 480 4180 ac
509 4113 749 4196 pietatis,
779 4139 886 4178 non
916 4122 1186 4178 obtinebis
1221 4121 1448 4176 salutem
1474 4120 1636 4174 unius
1663 4131 1858 4188 pecca-

272 4219 443 4273 tnis.
497 4217 542 4272 si
589 4217 837 4272 voluntas
881 4216 1070 4282 adest,
1113 4222 1327 4271 constat
1365 4213 1489 4283 quia
1526 4211 1857 4283 possibilitas

272 4326 384 4365 non
419 4311 594 4373 deest;
640 4322 742 4363 nec
781 4307 1112 4362 voluntatem
1152 4305 1235 4362 fas
1275 4312 1361 4360 est
1401 4303 1613 4368 abesse,
1645 4301 1768 4371 quia
1807 4310 1858 4357 te

271 4400 539 4454 voluntati
588 4398 703 4468 ejus
752 4397 832 4452 fas
888 4413 995 4453 non
1037 4406 1125 4452 est
1173 4393 1510 4451 contrarium
1557 4391 1858 4461 csse,-qui

269 4506 468 4550 omnes
512 4491 758 4547 homines
802 4489 917 4545 vult
961 4489 1141 4544 salvos
1183 4488 1382 4543 facere.
1437 4485 1633 4541 Obtine
1678 4484 1859 4550 itaque

269 4584 423 4654 qttod
463 4585 567 4648 vis,
606 4594 660 4638 et
698 4582 841 4653 quod
879 4590 1035 4652 potes
1072 4582 1256 4636 obtine
1287 4596 1301 4634 :
1337 4580 1596 4634 liberetur
1633 4592 1688 4636 et
1716 4582 1861 4634 νζνιιι

273 4686 368 4730 tua
414 4675 801 4729 intercessione
838 4673 1017 4727 anima
1057 4687 1208 4739 mea,
1246 4685 1346 4742 pro
1383 4685 1511 4741 qua,
1545 4679 1605 4726 ut
1629 4671 1856 4726 viveret.

270 4767 418 4823 mori
446 4766 611 4820 voluit
638 4765 747 4819 vita
777 4766 954 4830 beata,
989 4763 1130 4818 Deus
1167 4764 1282 4832 ipse
1313 4762 1684 4817 misericordia
1717 4777 1858 4828 mea,

270 4858 368 4929 qui
402 4865 485 4912 est
509 4855 824 4912 benedictus
853 4854 906 4910 in
934 4852 1150 4910 saecula.
1182 4854 1376 4908 Amen.

1953 1939 2058 2003 tim,
2075 1915 2172 2010 per
2197 1915 2356 2008 quam
2374 1935 2544 1990 deleta
2558 1942 2703 1996 sunt,
2731 1938 3024 2002 pertracto;
3040 1936 3092 1982 et
3113 1941 3208 1996 per
3232 1939 3350 1980 eam
3369 1915 3540 1992 respi-

1952 2047 2012 2086 ro
2028 2047 2094 2088 ne
2122 2027 2530 2100 desperemm’,
2548 2035 2603 2080 et
2624 2025 2690 2080 ad
2717 2023 2961 2080 eamdem
2985 2019 3195 2094 suspiro
3210 2031 3276 2071 ne
3298 2029 3542 2085 peream;

1950 2138 2073 2192 ego,
2123 2122 2365 2191 inquam,
2412 2115 2801 2174 miserabiliter
2835 2114 2888 2168 in
2917 2110 3245 2184 profundum
3285 2107 3553 2162 vitiorum.

1951 2215 2339 2288 praecipitatus,
2363 2228 2464 2284 ego
2491 2211 2660 2267 nimio
2683 2208 2921 2280 pondere
2949 2204 3237 2261 criminum
3261 2207 3536 2272 gravatus,

1952 2319 2050 2374 ego
2093 2305 2146 2358 in
2177 2304 2408 2359 obscuro
2452 2314 2670 2356 carcere
2730 2304 3079 2366 peccatorum
3132 2307 3162 2346 a
3220 2289 3543 2359 memetipso

1955 2398 2231 2462 detrusus,
2255 2404 2310 2450 et
2344 2396 2396 2450 in
2427 2393 2660 2463 torporis
2683 2391 2776 2423 ²¹⁸⁰
2810 2388 3047 2446 tenebris
3068 2386 3376 2442 obvolutus.

2024 2486 2186 2557 Ergo,
2208 2485 2379 2540 electa
2404 2482 2672 2546 dilectrix,
2699 2489 2756 2536 et
2797 2479 2994 2534 dilecta
3036 2475 3259 2531 electri:
3294 2471 3409 2541 Dei,
3437 2484 3550 2541 ego,

1955 2580 2122 2633 miser
2145 2591 2276 2646 rogo
2310 2585 2362 2631 te
2383 2575 2621 2640 beatam,
2653 2571 2973 2628 tenebrosus
3003 2565 3386 2627 illuminatam,
3410 2575 3539 2630 pec-

1955 2675 2110 2724 cator
2130 2664 2512 2735 iustiﬁcatam,
2541 2661 2853 2717 immundus
2877 2659 3210 2714 mundatam.
3249 2653 3536 2720 Memento,
3565 2676 3573 2688 ι

1955 2757 2361 2830 benignissima,
2388 2755 2516 2825 quid
2557 2751 2727 2814 fuisti.
2777 2759 2832 2806 et
2859 2757 3124 2819 quantum
3167 2743 3542 2801 misericordia

1957 2847 2255 2919 indiguisti,
2287 2855 2340 2901 et
2365 2843 2576 2916 postula
2603 2841 2734 2897 mihi
2770 2838 3181 2908 indulgentiam,
3226 2834 3377 2914 sicut
3419 2847 3540 2887 eam

1960 2934 2054 2989 tibi
2081 2934 2194 2991 ﬁeri
2227 2925 2464 2989 voluisti.
2490 2932 2722 3002 lmpetra
2765 2927 2897 2984 mihi
2930 2923 3399 2997 compunctionem
3429 2922 3548 2992 pie-

1961 3026 2106 3088 tatis,
2144 3026 2413 3098 lacrymas
2434 3021 2778 3083 humilitatis.
2834 3019 3026 3092 patria:
3054 3016 3294 3072 caelestis
3336 3012 3544 3070 deside-

1959 3117 2121 3185 rium,
2149 3117 2350 3172 terreni
2382 3114 2557 3170 exsilii
2591 3112 2890 3177 fastidium,
2916 3106 3248 3181 poenitentia:
3284 3103 3538 3159 amaritu-

1879 3191 1920 3249 Ο
1957 3207 2140 3264 dinem
2183 3208 2301 3273 ²¹⁵¹,
2355 3206 2544 3262 aeterni
2573 3204 2851 3259 cruciatus
2884 3202 3156 3256 timorem.
3183 3196 3364 3253 Prosit
3389 3195 3556 3256 mihi,

1953 3300 2298 3361 charissima.
2331 3296 2614 3351 familiaris
2669 3291 3013 3349 conversatio
3066 3287 3185 3353 “",
3221 3301 3384 3357 quam
3443 3284 3542 3338 ha-

1953 3391 2118 3448 buisti
2148 3401 2198 3447 et
2255 3391 2422 3444 habes
2474 3389 2620 3443 circa
2668 3385 2871 3441 fontem
2921 3378 3339 3442 misericordiae;
3384 3374 3542 3430 hauri

1955 3487 2084 3543 mihi
2125 3485 2194 3540 ab
2223 3483 2315 3538 illo
2337 3481 2479 3536 unde
2506 3480 2679 3535 lavem
2709 3483 2931 3548 peccata
2958 3487 3108 3538 mea;
3142 3469 3367 3542 propina
3411 3465 3552 3522 mihi»

1955 3577 2132 3635 dcillo
2159 3575 2302 3631 unde
2331 3573 2566 3630 satietur
2607 3571 2728 3626 sitis
2752 3583 2908 3632 mea;
2941 3563 3164 3619 infunde
3192 3560 3324 3616 mihi
3357 3559 3420 3613 de
3452 3557 3562 3612 illo-

1955 3670 2097 3726 unde
2126 3667 2383 3739 irrigetur
2405 3664 2629 3720 ariditas
2656 3676 2772 3716 mea
2799 3677 2812 3713 :
2841 3673 2947 3714 non
2973 3656 3118 3710 enim
3152 3653 3255 3708 erit
3286 3651 3380 3706 tibi
3409 3647 3544 3703 ditii-

1955 3761 2059 3817 cile
2079 3746 2340 3830 quidquid
2386 3754 2622 3810 volueris
2655 3750 2901 3806 obtinere
2929 3761 2957 3801 a
2985 3743 3336 3802 dilect'ssimo
3365 3739 3458 3772 ιω
3488 3745 3554 3793 et.

1957 3849 2279 3908 suavissimo
2306 3845 2546 3906 domino,
2578 3851 2633 3896 et
2661 3842 2836 3895 amico
2864 3836 2962 3869 ¹¹⁵⁶
2993 3845 3084 3890 tuo
3117 3831 3234 3886 m'.
3515 3824 3517 3826 ’

2028 3941 2162 4009 Quis
2199 3939 2343 3994 enim
2384 3934 2637 4004 explicet,
2688 3947 2720 3986 ο
2774 3933 2932 3986 beata
2954 3941 3152 3998 sponsa
3210 3922 3327 3980 Dei.
3381 3933 3542 3990 quam

1955 4034 2188 4102 benigna
2214 4028 2584 4084 familiaritate
2622 4022 2689 4078 et'
2730 4019 2982 4076 familiari
3021 4015 3380 4085 benignitate,
3429 4013 3546 4080 ipse

1958 4121 2420 4184 calumniantibus
2455 4127 2529 4182 te,
2587 4112 2960 4184 respondendo
2995 4121 3092 4178 pro
3118 4115 3190 4171 te,
3219 4119 3278 4160 se
3303 4117 3541 4172 oppone-

1960 4218 2082 4284 bat;
2107 4228 2269 4286 quam
2297 4212 2406 4283 pie,
2434 4208 2668 4280 superbo
2717 4203 2993 4259 Pharisaeo
3017 4200 3082 4255 dc
3131 4209 3182 4254 te
3209 4196 3541 4286 indignante,

1960 4310 2073 4379 ipse
2120 4284 2172 4361 te
2203 4301 2562 4364 defendebat;
2595 4295 2866 4364 quomodo
2896 4295 3008 4364 ipse
3034 4301 3084 4346 te
3105 4290 3400 4346 excusabat
3424 4284 3540 4350 ωε,

1960 4377 2148 4454 sorore
2177 4405 2264 4450 tua
2297 4394 2361 4449 de
2415 4403 2466 4446 te
2515 4394 2922 4456 conquerente;
2982 4379 3221 4452 qualiter
3268 4377 3385 4447 ipse
3409 4389 3546 4446 opus

1966 4501 2117 4547 tuum
2151 4486 2428 4550 laudabat,
2478 4481 2613 4536 Juda
2643 4480 2694 4533 in
2728 4487 2779 4532 te
2807 4472 3108 4530 fremente?
3131 4470 3269 4539 Quid
3291 4468 3542 4536 denique,

1967 4581 2093 4653 quid
2131 4579 2330 4643 dicam,
2361 4574 2446 4630 vel
2475 4572 2654 4644 potius
2696 4566 2967 4639 quomodo
3017 4563 3220 4630 dicam,
3273 4575 3396 4616 cum
3427 4556 3546 4626 ejus

1966 4649 2150 4727 amore
2197 4667 2434 4736 ﬂagrans
2484 4676 2608 4717 eum
2662 4661 2729 4713 ad
2791 4664 3196 4712 monumentum
3253 4649 3548 4722 qurerendo

1965 4761 2156 4822 ﬂebas,
2187 4766 2240 4812 et
2269 4755 2444 4810 ﬂendo
2489 4749 2805 4823 quazrebas?
2853 4747 3027 4815 Quam
3083 4742 3369 4798 aﬂ'abiliter
3428 4739 3543 4804 ηδ’,

1967 4846 2502 4920 quamamicabiliter
2528 4854 2600 4910 te,
2627 4857 2787 4912 quam
2817 4835 3084 4896 consolari
3115 4841 3356 4898 venerat,
3375 4831 3545 4902 magis

1578 4944 1815 5001 VARIA‘J
1851 4939 2251 4999 LECTIONES.

350 5022 444 5055 ³⁸³⁷
501 5019 709 5076 Collata
759 5029 835 5074 est
890 5035 1008 5074 cum
1060 5035 1185 5073 mss.
1257 5017 1388 5072 Vict.
1431 5013 1556 5069 KK.
1600 4994 1815 5070 liii—et
1852 4994 2115 5069 iiii-’5'.—
2143 4994 2351 5066 Thuan.
2392 5009 2520 5064 267.
2560 5006 2714 5076 Cora.
2742 5000 2864 5076 1‘60.
2901 4995 3177 5076 B_e_cc._t_).
3218 4997 3272 5048 in
3319 5011 3420 5065 quo
3465 4994 3546 5048 his

270 5093 513 5160 legitur,
567 5088 884 5146 Sun-Germ.
957 5089 1082 5144 545.
1114 5089 1394 5160 ACarthus.
1442 5105 1476 5140 a
1527 5083 1744 5160 Porto,

271 5150 672 5218 retractatione
721 5160 924 5215 amoris
970 5161 1035 5212 ad
1097 5158 1394 5216 Christum.
1443 5173 1569 5212 mss.
1623 5150 2004 5210 Ad'sanctam
2061 5154 2287 5208 Mariam
2342 5150 2462 5219 Mag

842 5231 936 5262 ¹¹³⁸
995 5229 1235 5285 Dilexisti
1297 5229 1522 5282 multum
1591 5241 1717 5280 mss.
1774 5224 1964 5280 dilexit
2008 5225 2233 5278 tnultum

273 5235 363 5288 ria
415 5231 724 5301 Magdalene

1805 5067 2184 5139 Florincensis.
2237 5082 2316 5136 Ad
2369 5081 2580 5134 beatam
2646 5073 2868 5130 Mariam
2938 5067 3352 5139 Magdalenamj
3423 5078 3545 5139 eum

3057 5153 3132 5191 er.
3191 5136 3265 5190 De
3314 5135 3370 5190 S.
3436 5133 3547 5186 Ma-

3204 5214 3260 5260 et
3320 5206 3546 5259 eandem

2465 5149 2706 5204 dalenam
2755 5160 2854 5197 ms.
2897 5140 2958 5196 S.

2341 5217 2453 5260 ¹¹³ο“
2486 5217 2724 5287 Respira
2738 5284 2746 5287 _
2766 5229 2832 5267 ne
2873 5224 3134 5287 peream,

271 5275 588 5372 suspirobne
617 5303 959 5372 desesperem
1000 5316 1125 5354 mss.
1151 5275 1362 5372 respiro
1405 5313 1472 5372 n_e
1492 5275 1972 5372 desperernZet—ad
1994 5275 2290 5372 eam—king.
2342 5288 2455 5344 ναι.
2469 5288 2572 5370 late.
2595 5275 2829 5372 'etflor.
2861 5275 3217 5372 ad‘eandem)
3245 5275 3456 5344 suspiro
3478 5287 3548 5372 nze

273 5388 502 5445 peream

577 5372 670 5404 ²¹⁸⁰
698 5371 753 5424 ln
776 5350 1375 5439 fcerit—oris‘ins-sf'iiic—t.
1405 5350 1682 5439 VSthCfer.
1717 5350 1818 5420 νάι
1846 5366 1949 5419 lue.
1981 5367 2026 5439 et
2060 5350 2210 5439 Flor.
2247 5363 2302 5415 in
2329 5359 2561 5439 torporis
2589 5428 2598 5439 .
2634 5357 2724 5388 ²¹⁸¹
2749 5350 3155 5439 Amaritttdittes
3195 5350 3549 5439 ntt‘sslatr'tfa'ri-

277 5409 528 5499 rudinem
603 5441 695 5474 ²¹¹⁵²
727 5409 1032 5496 Familiaris
1075 5409 1778 5495 coniversatiowchaiissima
1807 5451 1933 5490 nias.
1974 5433 2316 5496 charissima,
2349 5409 2632 5499 familiaris
2669 5423 3012 5499 conversatio
3051 5435 3192 5499 maia
3217 5414 3383 5499 (lori).-
3411 5409 3546 5499 Tha:

274 5513 785 5576 Reverendissima,
835 5510 1118 5566 familiaris
1164 5487 1777 5566 conversatio-"vig'v-X
1807 5487 2162 5560 dilectissimo
2195 5487 2315 5576 ῃηί
2348 5496 2619 5576 gari-Ger.
2661 5511 2692 5550 a
2724 5493 3033 5576 dulcissimo
3106 5487 3198 5576 ’2⁵
3233 5487 3549 5576 ψιιιίηςξξι

272 5586 465 5641 amico
488 5601 590 5639 ms.
624 5571 893 5638 Son-Car.
926 5580 1155 5635 Domino
1179 5581 1356 5635 amico
1429 5579 1522 5610 ’³⁵⁵
1547 5577 1664 5632 Τυο
1693 5576 1784 5648 qui
1818 5583 2007 5648 regnat
2036 5589 2158 5628 cum
2191 5571 2323 5648 Deo.

2350 5569 2483 5637 Quis
2516 5585 2640 5622 mss.
2671 5567 2840 5620 omitt.
2869 5564 2976 5616 Deo
3009 5554 3406 5637 majori-Ger;
3432 5562 3543 5633 tuo2

277 5621 464 5641 ...ι-ων
489 5621 590 5639 η...
624 5621 751 5638 ea...
774 5621 893 5635 νυ..
927 5621 1155 5635 ,ιω-...ω
1179 5621 1354 5635 ...νην
1557 5621 1661 5632 -..ν
1693 5621 1706 5632 .
1819 5621 1874 5630 ,ν
1918 5621 2007 5629 .._-
2040 5621 2157 5628 η---
2191 5621 2220 5624 _
2243 5621 2320 5625 η-
2359 5621 2476 5637 ,νη
2522 5621 2525 5622 ν
2606 5621 2609 5622 ν

277 5656 381 5723 qui
423 5663 611 5725 regnat
637 5668 734 5724 per
760 5652 938 5725 omnia
973 5621 1765 5725 smcufas‘aeculorum._Ameit.
1819 5621 1964 5725 (iniit.
1988 5642 2375 5725 Mtero'qnijn
2417 5639 2586 5725 Editis
2605 5645 2910 5718 sequuntur.
2943 5647 3043 5684 ms.
3091 5621 3418 5725 flonp‘gif.‘

277 5695 732 5794 aii-vit.
755 5695 1792 5846 Eiip'fncbmﬁi'ﬁ‘ﬁsé
1988 5695 2117 5768 Vict.
2162 5695 2397 5766 Vrit—lue.
2428 5721 2474 5764 et
2506 5707 2652 5763 Flor.
2672 5695 2797 5778 ipse
2823 5715 2872 5760 te
2894 5701 3186 5759 excusabat
3255 5696 3346 5730 “"7
3373 5695 3558 5764 Quam.

286 5795 637 5846 incﬂ'abiliter
667 5810 790 5846 mss.
851 5790 964 5846 ’ict.
994 5791 1072 5846 l6.
1105 5790 1253 5846 Flor.
1287 5790 1457 5846 Ouant
1487 5787 1771 5843 aﬂ'abiliter

283 5787 637 5855 incﬂabilitei'
667 5810 790 5848 mss.
827 5787 964 5846 Vict.
994 5791 1072 5872 l6.
1105 5787 1253 5846 Flor.
1287 5790 1457 5859 Quam
1487 5787 1771 5843 aﬂ'abiliter
