4048 6288
553 343 696 400 1019

891 346 950 402 S.
991 347 1293 405 ANSELMI
1333 347 1685 405 CANTUAR.
1723 347 2042 405 ARCIIIEP.
2081 347 2236 404 OPP.
2269 345 2448 402 PARS
2483 346 2547 404 ll.
2583 377 2658 390 —
2695 343 3066 403 PAR/ENET.
3108 347 3197 404 ET
3234 349 3480 406 ASCET.

3683 349 3821 410 {0‘20

551 458 664 526 ﬁci,
707 475 764 511 ut
791 474 894 512 non
921 461 974 512 in
991 459 1256 528 judicium
1297 459 1562 514 incidatis.
1609 440 1864 532 Magister
1903 463 2135 517 edicitur
2164 465 2213 522 Α
2243 459 2417 517 fidelis
2447 462 2625 516 anima
2659 463 2710 516 in
2741 446 3014 518 voluntate
3039 478 3135 519 sua
3165 467 3384 534 proprio
3415 467 3679 537 appetitui
3717 486 3825 526 non

552 549 642 616 qui
671 549 754 603 sui
786 549 1015 604 rectoris
1048 546 1189 605 facta
1220 551 1514 607 indiscrete
1559 554 1926 622 reprehendit.
1973 554 2128 610 Unde

557 642 610 694 in
633 641 895 710 judicium
928 640 1018 695 Dei
1059 642 1268 710 incidit,
1299 644 1424 714 quia
1457 644 1697 700 indebite
1730 645 1830 700 sibi
1872 647 2129 718 magiste-

557 732 698 784 rium
727 732 1040 800 usurpabit;
1076 735 1219 802 quod
1249 734 1405 788 valde
1435 743 1518 789 est
1543 737 1859 796 cavendum,
1900 738 2026 806 quia
2055 738 2134 793 ni-

552 821 655 874 mis
688 821 1018 876 horrendum
1049 833 1132 879 est
1162 824 1403 880 incidere
1441 826 1493 880 in
1524 841 1717 881 manus
1759 828 1849 881 Dei
1882 828 2128 885 viventis.

554 908 614 964 Si
648 926 778 965 vero
824 912 968 969 facta
1016 913 1192 970 Patris
1233 915 1653 987 reprehensione
1703 921 1861 990 digna
1911 921 2129 991 fuerint,

552 999 749 1056 leniter
777 1012 831 1057 et
862 1005 1102 1061 modeste
1131 1021 1251 1061 cum
1282 1009 1586 1063 reverentia
1613 1009 1959 1080 deprecetur.
1986 1013 2133 1068 Seri-

549 1100 702 1162 ptum
729 1095 924 1166 quippe
958 1105 1078 1152 est:
1113 1097 1382 1152 Seniorem
1433 1116 1497 1153 ne
1521 1101 1890 1172 increpaveris,
1927 1107 2016 1158 sed
2043 1107 2135 1160 ob-

549 1200 698 1240 secra
725 1198 779 1240 ut
807 1198 1030 1257 patrem.

1167 1281 1394 1343 CAPUT
1431 1283 1515 1340 IIl.

795 1372 875 1428 De
912 1377 1173 1430 munditia
1218 1379 1390 1431 cordis
1421 1377 1530 1432 Deo
1566 1381 1876 1436 exhibenda.

621 1462 733 1518 Deo
762 1475 944 1520 autem
984 1467 1304 1521 munditiam
1333 1470 1512 1524 cordis
1542 1473 1866 1526 servandam
1900 1488 2019 1529 esse
2051 1475 2130 1528 di-

552 1555 751 1610 ximus.
776 1557 890 1626 lpse
916 1558 1059 1612 enim
1086 1558 1233 1614 solus
1256 1568 1526 1614 scrutator
1551 1572 1634 1616 est
1655 1563 1858 1627 cordis,
1882 1566 1972 1634 qui
2000 1582 2131 1621 con-

551 1645 694 1699 ditor
719 1653 803 1700 est
829 1647 1024 1701 mentis
1056 1657 1110 1702 et
1148 1650 1414 1718 corporis.
1447 1650 1620 1706 Homo
1650 1667 1746 1707 cor
1787 1654 2020 1709 hominis
2051 1657 2131 1709 vi-

545 1732 678 1788 dere
705 1747 811 1787 non
842 1744 1055 1804 potest;
1086 1737 1211 1805 quia
1237 1753 1394 1793 neruo
1420 1741 1564 1794 novit
1592 1756 1710 1810 quae
1739 1753 1864 1798 sunt
1893 1745 2128 1801 hominis

545 1824 649 1879 nisi
679 1825 902 1895 spiritus
945 1828 1179 1883 hominis
1210 1833 1302 1900 qni
1335 1832 1386 1885 in
1434 1832 1551 1901 ipso
1595 1842 1697 1888 est.
1735 1836 1876 1892 Deus
1922 1849 2125 1906 autem,
2161 1812 2206 1871 Β

543 1917 631 1970 cui
660 1917 804 1970 nulla
835 1929 1053 1988 peccata
1082 1921 1269 1986 latent,
1304 1939 1401 1978 cor
1422 1925 1656 1981 hominis
1685 1937 1738 1980 et
1772 1929 2126 1987 intentionem

542 2005 713 2062 libere
759 2009 927 2065 videt.
983 2010 1135 2078 Quod
1185 2015 1276 2083 qui
1325 2015 1583 2070 mundum
1638 2017 1908 2085 habuerit,
1957 2021 2126 2077 Deum

544 2099 733 2155 videre
758 2104 989 2170 poterit;
1024 2105 1115 2174 qui
1145 2121 1272 2160 vero
1297 2110 1554 2163 mundum
1585 2126 1688 2165 non
1716 2112 1984 2179 bab’uerit,
2012 2116 2130 2170 sine

545 2189 711 2244 dubio
743 2191 910 2246 Deum
945 2193 1130 2249 videre
1167 2196 1317 2251 nullo
1349 2199 1508 2253 modo
1539 2201 1756 2268 poterit.
1795 2201 2025 2259 Necesse
2048 2215 2132 2260 est

543 2297 674 2352 ergo
703 2291 760 2336 ut
785 2284 1077 2354 puritatem
1111 2289 1291 2342 cordis
1325 2290 1524 2344 habeat
1551 2292 1797 2363 quisquis
1830 2295 1992 2349 Deum
2029 2297 2127 2348 ba-

542 2374 834 2430 bitatorem
875 2377 926 2431 in
959 2392 1016 2433 se
1045 2379 1245 2436 habere
1284 2380 1556 2437 desiderat
1588 2402 1600 2438 :
1636 2400 1795 2455 quem
1828 2386 2004 2441 nullus
2032 2387 2130 2442 ha-

543 2465 677 2521 bere
703 2467 899 2536 quibit,
929 2469 1034 2525 nisi
1069 2486 1165 2526 cor
1187 2487 1344 2528 suum
1373 2490 1402 2528 a
1433 2482 1648 2530 terrena
1685 2463 1982 2548 cupiditate
2003 2495 2129 2534 eva-

540 2558 806 2623 cuavcrit,
834 2568 888 2613 et
916 2576 1101 2617 amore
1127 2563 1330 2620 Christi
1356 2566 1534 2624 calere
1557 2568 1838 2624 studuerit.
1870 2570 1926 2626 In
1961 2588 2130 2642 quan-

541 2653 654 2700 tum
703 2650 846 2703 enim
898 2653 1021 2720 quis
1073 2655 1331 2710 mundum
1388 2657 1660 2725 dilexerit,
1691 2661 1741 2715 in
1795 2670 2002 2717 tantum
2060 2665 2128 2720 ab

542 2751 730 2792 amore
759 2740 966 2796 caelesti
993 2757 1198 2800 vacuus
1227 2746 1352 2801 erit.
1382 2747 1448 2802 Et
1475 2757 1626 2803 tanto
1655 2752 1824 2821 magis
1851 2751 2125 2808 Christum

540 2829 774 2898 quisque
811 2831 1034 2898 deserit,
1073 2845 1276 2904 quanto
1318 2839 1492 2908 magis
1526 2843 1806 2909 peccando
1844 2858 1874 2897 a
1914 2845 2124 2914 justitia

541 2917 636 2972 Dei
673 2922 896 2976 recedit.
948 2924 1087 2988 Quid
1134 2927 1276 2981 enim
1327 2929 1576 2998 cuiquam
1610 2933 1828 3001 prodest
1859 2934 1998 3001 quod
2034 2936 2128 2990 ba-

539 3011 802 3081 ptizatur,
841 3015 884 3069 si
919 3031 1023 3070 non
1043 3015 1411 3084 justiﬁeatur?
1435 3020 1686 3077 Profecto
1714 3024 1800 3079 ille
1829 3026 1919 3095 qui
1944 3027 2078 3081 dixit
2108 3043 2123 3082 :

541 3100 663 3155 Nisi
689 3105 806 3172 quis
831 3117 1042 3161 renatus
1067 3109 1224 3178 fuerit
1249 3126 1314 3164 ea:
1341 3128 1477 3182 aqua
1499 3123 1545 3167 et
1573 3113 1776 3183 Spiritu
1796 3128 1996 3185 sancto,
2021 3137 2123 3174 non

539 3191 758 3246 intrabit
797 3195 852 3249 in
884 3212 1097 3266 regnum
1133 3199 1250 3267 Dei,
1282 3200 1397 3271 ipse
1418 3202 1579 3256 etiam
1606 3204 1741 3258 dixit
1768 3222 1782 3259 ε
1815 3205 1936 3262 Nisi
1958 3210 2126 3263 abun-

538 3284 740 3339 daverit
756 3287 973 3356 justitia
1004 3301 1174 3346 vestra
1199 3291 1478 3364 plusquam
1512 3293 1821 3351 Scribarum
1851 3310 1897 3352 et
1926 3298 2123 3356 Phari-

539 3392 790 3442 saeorum,
828 3396 931 3435 non
959 3383 1221 3439 intrabitis
1263 3387 1318 3440 in
1365 3403 1580 3457 regnum
1632 3391 1898 3448 caelorum.
1945 3395 2124 3461 Quare

540 3467 708 3538 igitur
731 3472 885 3528 multi
913 3474 1151 3534 timendo
1182 3478 1311 3534 illud
1341 3481 1597 3538 festinant
1630 3484 1911 3555 baptizari,
1941 3499 1996 3544 et
2022 3494 2122 3548 hoc

536 3571 645 3612 non
671 3559 917 3618 timendo
945 3565 1166 3622 minime
1189 3567 1517 3642 iustiﬁcari?
1549 3574 1747 3645 Utique
1773 3577 1912 3632 Deus
1934 3581 2122 3636 obser-

535 3648 720 3702 vantia
749 3653 1128 3711 mandatorum
1166 3673 1386 3715 suorum
1418 3662 1533 3717 vult
1564 3664 1709 3719 illum
1730 3667 2039 3735 justiﬁcari,
2068 3685 2124 3728 et

540 3751 601 3791 se
627 3739 697 3793 ab
722 3739 814 3795 illo
839 3746 1032 3810 amari,
1067 3747 1119 3802 in
1144 3750 1310 3806 corde
1345 3753 1500 3823 cujus
1529 3755 1641 3825 ipse
1680 3758 1903 3815 deberet
1938 3763 2124 3834 hospi-

536 3827 664 3921 tari.
681 3827 814 3884 Nam
839 3831 980 3888 sicut
1000 3835 1124 3892 thus
1147 3840 1214 3893 ad
1236 3840 1488 3897 olendum
1518 3845 1654 3917 ignis
1671 3849 1818 3918 cupit
1843 3827 2116 3921 ardorem,

535 3914 610 3970 ita
637 3918 1116 4010 ad_hospitandum
1145 3927 1288 3984 Deus
1322 3933 1472 4002 cupit
1499 3914 1702 3991 amoris
1725 3914 1982 3995 calorem.
2017 3914 2118 4010 Qui

694 4007 862 4066 Deum
891 4013 944 4068 in
973 4030 1032 4071 se
1063 4017 1323 4088 hospitari
1354 4023 1649 4091 desiderat,
1682 4007 2117 4099 disciplinamab

535 4094 740 4193 illicitis
774 4101 1079 4193 abstinendi
1128 4109 1248 4164 sine
1278 4111 1495 4169 fictione
1524 4094 1909 4186 apprehendat.
1947 4122 2114 4193 Spiri-

535 4193 623 4242 tus
651 4189 794 4245 enim
826 4191 919 4248 Dei
943 4196 1242 4266 disciplinae
1266 4202 1484 4274 effugiet
1511 4206 1716 4272 ﬁctum,
1743 4218 1798 4264 et
1825 4189 2118 4282 corripitur
2147 4189 2163 4200 ⁸

535 4291 566 4330 a
613 4285 1030 4349 superveniente
1072 4288 1377 4359 iniquitate.
1431 4293 1547 4350 Non
1606 4299 1752 4354 enim
1800 4303 2114 4362 cohabitare

531 4381 761 4439 possunt
805 4374 1065 4446 iniquitas
1104 4389 1160 4434 et
1208 4383 1434 4452 spiritus
1464 4386 1578 4454 Dei,
1605 4390 1695 4458 qui
1738 4400 1793 4445 et
1819 4409 1974 4448 amor
2007 4405 2109 4451 est.

2235 555 2563 621 consentiat,
2602 553 2717 623 ejus
2753 556 3167 625 permissionem
3209 573 3315 612 non
3360 561 3608 630 recipiat,
3657 563 3824 617 verba

2233 645 2374 699 illius
2400 656 2730 716 contemnat,
2775 647 2921 702 nulla
2967 648 3112 704 illius
3144 649 3514 706 blandimenta
3543 654 3819 709 admittat.

2233 736 2288 792 Si
2316 737 2417 794 hoc
2453 737 2661 805 fecerit,
2686 739 2918 794 amicam
2943 755 3196 810 sponsam
3227 742 3344 798 sine
3373 745 3735 815 ambiguitate
3763 764 3822 803 se

2233 827 2325 883 Dei
2353 830 2654 885 constituit.
2688 828 2744 885 Si
2773 846 2902 886 vero
2940 831 3142 887 illicitis
3178 835 3505 903 appetitibus
3533 853 3824 894 consense-

2231 920 2336 986 rit,
2371 936 2474 975 non
2519 937 2738 992 sponsa,
2773 923 2865 978 sed
2919 923 3163 980 adultera
3207 926 3509 982 vocabitur.
3561 929 3824 986 Voluntas

2231 1031 2361 1086 ergo
2389 1023 2571 1070 nostra
2603 1016 2673 1070 sit
2703 1016 2925 1081 munda,
2958 1025 3016 1070 ut
3039 1027 3262 1072 vocetur
3286 1028 3341 1073 et
3366 1019 3438 1072 sit
3473 1020 3562 1075 Dei
3596 1036 3819 1090 sponsa,

2232 1105 2429 1160 nullius
2454 1107 2810 1161 immunditize
2841 1117 3227 1176 corrumpatur
3258 1109 3490 1176 macula,
3519 1126 3590 1166 ne
3618 1112 3826 1168 cilicia-

2233 1204 2320 1250 tur
2358 1195 2619 1250 adultera.
2673 1197 2918 1264 Quandiu
2952 1197 3217 1252 voluntati
3245 1198 3346 1258 1)θί
3394 1203 3690 1266 consentit,
3736 1211 3827 1256 est

2231 1289 2428 1342 munda
2453 1298 2507 1343 et
2531 1304 2760 1360 sponsa;
2789 1291 3007 1359 quando
3031 1306 3159 1346 vero
3191 1306 3218 1345 a
3253 1291 3532 1348 voluntate
3559 1293 3678 1362 ejus
3708 1293 3824 1348 dis-

2231 1379 2420 1447 sentit,
2469 1380 2866 1451 corrumpitur,
2915 1381 3253 1446 maculatur,
3301 1381 3622 1440 fornicatur.
3671 1384 3827 1440 Solet

2229 1470 2546 1540 contingere
2599 1485 2985 1540 nonnunquam
3023 1480 3081 1526 ut
3129 1472 3328 1543 aliquis
3375 1473 3501 1528 dum
3538 1475 3826 1530 munditiae

2231 1564 2413 1618 cordis
2455 1563 2685 1618 voluerit
2729 1564 2987 1629 studere,
3018 1565 3325 1621 immundos
3369 1577 3424 1622 et
3451 1568 3826 1624 exsecrabiles

2230 1653 2500 1722 cogitatus
2529 1667 2670 1723 szepe
2694 1651 2911 1718 habeat,
2945 1667 3081 1722 quos
3111 1655 3237 1723 quia
3267 1654 3492 1712 nimium
3525 1646 3682 1711 audit
3729 1673 3824 1713 se-

2231 1745 2522 1814 metipsum
2564 1758 2629 1798 eo
2666 1746 2808 1812 quod
2859 1743 2966 1799 tale
3009 1745 3137 1814 quid
3167 1745 3266 1800 sibi
3295 1745 3348 1800 in
3377 1757 3614 1802 mentem
3644 1749 3822 1813 venit,

2232 1834 2472 1904 graviter
2506 1833 2872 1904 reprehendit,
2912 1833 3119 1902 judicat
3148 1846 3202 1890 et
3231 1837 3558 1892 condemnat
3590 1856 3603 1892 :
3633 1839 3827 1908 sicque

2231 1939 2352 1980 sese
2393 1925 2736 1994 corripiendo
2778 1935 2974 1981 tractat
3000 1927 3166 1982 miser
3193 1945 3206 1982 :
3239 1927 3348 1998 Ego
3377 1929 3504 1998 quid
3537 1931 3827 2000 cogitavi?

2232 2015 2370 2082 Quid
2397 2014 2533 2071 feci?
2563 2015 2700 2083 Quid
2739 2018 2916 2073 sensi?
2938 2019 3074 2087 proh
3099 2019 3276 2074 dolor!
3310 2021 3584 2090 quomodo
3605 2039 3634 2075 a
3668 2032 3822 2076 tanta

2232 2106 2594 2174 immunditia,
2629 2124 2658 2162 a
2691 2118 2800 2163 tam
2851 2108 3060 2166 nefario
3093 2111 3330 2182 cogitatu
3378 2123 3570 2181 potero
3614 2129 3824 2183 expur-

2230 2198 2381 2269 gari?
2410 2197 2598 2255 Timeo
2630 2199 2830 2268 celare,
2856 2201 3020 2257 timeo
3063 2202 3195 2257 illud
3224 2205 3486 2259 revelare.
3516 2204 3644 2259 Tale
3687 2207 3825 2275 quid

2229 2305 2336 2344 non
2367 2290 2538 2345 solum
2572 2308 2676 2346 non
2705 2293 2908 2357 dicere,
2933 2294 3025 2356 sed,
3055 2309 3155 2348 nec
3183 2296 3346 2350 etiam
3379 2298 3448 2353 ab
3487 2298 3668 2368 aliquo
3700 2300 3826 2354 vel-

2230 2381 2334 2436 lem
2360 2381 2570 2437 audire.
2618 2382 2867 2449 Qualiter
2896 2385 3059 2456 igitur
3091 2389 3251 2439 talem
3295 2389 3608 2456 spurcitiam
3634 2390 3830 2444 nomi-

2230 2474 2403 2529 nabo?
2452 2473 2544 2530 Sic
2574 2477 2715 2546 apud
2759 2492 2817 2532 se
2869 2478 2993 2532 dum
3027 2480 3391 2549 augustiatur,
3432 2483 3557 2536 dum
3612 2491 3831 2536 tractat

2231 2565 2372 2636 quod
2424 2566 2608 2621 videre
2658 2567 2852 2634 nollet,
2898 2569 3069 2634 magis
3121 2572 3399 2641 magisque
3447 2573 3828 2644 impugnatur,

2229 2657 2543 2723 tribulatur,
2583 2673 2686 2714 nec
2715 2659 2998 2715 liberatur.
3026 2661 3224 2716 Verum
3259 2678 3362 2716 non
3402 2663 3483 2718 sic
3515 2679 3574 2718 se
3596 2663 3827 2731 habeat,

2230 2750 2273 2804 si
2298 2735 2522 2805 liberari
2547 2752 2840 2808 desiderat.
2872 2753 3009 2820 Quid
3035 2768 3164 2825 ergo
3192 2754 3385 2810 faciet?
3410 2755 3647 2812 Intende.
3680 2755 3830 2812 Cum

2231 2844 2282 2898 id
2315 2843 2456 2912 quod
2493 2854 2809 2900 exsecratur
2837 2845 3043 2910 videre,
3087 2861 3210 2900 eum
3248 2847 3675 2918 impugnaverit,
3728 2850 3829 2904 ni-

2230 2933 2505 3004 miumque
2532 2935 2896 3004 importunum
2938 2935 3133 3001 fuerit;
3180 2937 3463 3006 despiciat,
3495 2955 3600 2992 non
3633 2948 3829 2992 atten-

2231 3027 2363 3092 dat,
2403 3041 2686 3081 assensum
2731 3042 2837 3082 non
2887 3027 3166 3096 prwbeat,
3222 3028 3288 3082 ad
3333 3028 3478 3083 aliud
3523 3030 3832 3098 cogitatum

2229 3133 2383 3172 suum
2415 3125 2612 3184 vertat,
2643 3117 2801 3172 alicui
2837 3119 2914 3173 rei
2965 3118 3229 3173 faciendae
3261 3119 3528 3184 intendat,
3555 3137 3661 3175 non
3695 3121 3835 3191 plus

2226 3217 2380 3263 curet
2401 3209 2445 3264 si
2479 3209 2667 3264 nolens
2699 3209 2825 3278 quid
2851 3210 3038 3276 sentit,
3072 3226 3232 3280 quam
3266 3212 3310 3265 si
3348 3212 3546 3282 papilio
3565 3213 3667 3267 sibi
3704 3229 3834 3282 prae

2224 3301 2394 3356 oculis
2435 3301 2642 3356 volitet.
2671 3299 2862 3356 Viator
2890 3302 2982 3370 qui
3011 3317 3041 3355 a
3086 3318 3221 3357 cane
3269 3302 3576 3364 infestatur,
3611 3303 3834 3358 sisub-

2224 3393 2444 3456 stiterit,
2489 3403 2544 3446 et
2584 3409 2644 3448 se
2667 3392 2734 3448 ab
2765 3392 2882 3462 ejus
2928 3392 3337 3463 importunitate
3366 3393 3687 3458 defenderit,
3720 3411 3832 3449 ca-

2224 3497 2344 3536 nem
2385 3481 2835 3552 importuniorem
2886 3481 3033 3537 illico
3084 3483 3314 3547 sentiet;
3372 3483 3417 3537 si
3464 3493 3646 3538 autem
3691 3482 3829 3552 ejus

2223 3573 2447 3628 latratus
2476 3573 2760 3643 despiciat,
2797 3577 2993 3631 transit
3033 3583 3090 3631 et
3116 3590 3222 3630 non
3264 3575 3512 3637 attendit,
3546 3589 3669 3628 mox
3697 3589 3829 3628 om-

2223 3665 2306 3719 nis
2359 3665 2695 3736 impugnatio
2738 3667 2826 3721 illa
2876 3668 3073 3722 canina
3129 3667 3399 3737 quiescit,
3455 3667 3597 3721 unde
3633 3666 3828 3722 viator

2222 3753 2390 3807 libere
2420 3755 2635 3810 transit.
2663 3756 2754 3810 Sic
2778 3758 2868 3826 qui
2891 3757 3074 3812 cordis
3097 3758 3414 3811 munditiam
3453 3757 3656 3811 habere
3678 3772 3824 3811 con-

2223 3845 2412 3910 tendit,
2453 3862 2618 3903 vanos
2645 3857 2701 3902 et
2724 3848 3094 3904 infructuosos
3118 3850 3232 3904 sive
3269 3849 3577 3904 immundos
3607 3850 3826 3920 cogita-

2222 3947 2308 3993 tus
2331 3939 2626 4010 despiciat,
2670 3955 2767 3998 cor
2795 3956 2953 3996 suum
2978 3949 3209 4005 avertat,
3239 3957 3456 3998 omnem
3489 3943 3822 4011 impugnan-

2223 4030 2349 4084 tiam
2374 4031 2519 4086 illam
2550 4048 2710 4102 quam
2749 4033 2895 4088 intus
2925 4034 3128 4104 patitur
3156 4048 3254 4104 pro
3298 4033 3468 4089 nihilo
3495 4035 3676 4097 ducat,
3702 4049 3823 4089 non

2219 4122 2441 4178 reiteret
2468 4125 2742 4194 pensando
2767 4125 2909 4194 quod
2949 4126 3206 4195 cogitavit
3233 4144 3248 4181 :
3279 4128 3375 4182 sed
3399 4129 3614 4197 penitus
3637 4129 3824 4198 despi-

2219 4219 2325 4272 ciat
2359 4218 2619 4288 quidquid
2653 4218 2775 4272 mali
2809 4220 2988 4274 minus
3011 4229 3168 4274 caute
3199 4221 3530 4290 pensaverit.
3557 4219 3820 4277 Nondum

2217 4311 2362 4366 enim
2394 4312 2722 4366 damnantur
2767 4313 2857 4384 qui
2889 4322 3017 4367 sunt
3049 4314 3102 4368 in
3150 4313 3254 4368 fide
3285 4314 3497 4368 Domini
3528 4313 3680 4380 Jesu,
3713 4316 3818 4385 qui

2219 4404 2513 4459 secundum
2544 4419 2762 4459 carnem
2799 4421 2904 4460 non
2936 4406 3142 4460 vivunt.
3182 4405 3386 4460 Taliter
3411 4407 3458 4460 si
3488 4407 3815 4473 vixerimus,

531 4459 1037 4574 lUbicunque-amor
1065 4469 1159 4528 Dei
1183 4474 1506 4574 .hospitatus
1547 4479 1730 4547 fuerit,
1775 4492 1829 4537 et
1871 4485 1915 4539 is
1942 4487 2032 4556 qui
2063 4489 2112 4542 ei
2149 4521 2192 4574 D
2219 4495 2380 4565 hujus
2434 4497 2509 4552 rei
2558 4497 2793 4552 studium
2821 4498 2866 4553 si
2896 4498 3268 4564 habuerimus,
3302 4498 3439 4554 tales
3473 4514 3573 4554 nos
3622 4514 3818 4554 coram

531 4550 708 4606 locum
743 4558 1053 4624 praebuerit,
1084 4571 1140 4617 et
1182 4565 1234 4619 in
1268 4582 1327 4623 se
1356 4569 1531 4624 locum
1568 4573 1838 4643 iniquitati
1883 4578 2112 4647 dederit,

533 4645 720 4714 procul
749 4647 912 4703 dubio
934 4653 1245 4723 corripitur,
1281 4667 1335 4712 et
1361 4662 1679 4729 propellitur
1707 4682 1862 4721 amor
1890 4669 1975 4724 vel
2005 4645 2114 4740 spis

531 4733 671 4791 ritus
698 4737 788 4792 Dei
817 4756 846 4795 a
879 4747 1295 4812 superveniente
1324 4750 1626 4822 iniquitate,
1661 4773 1760 4812 nec
1811 4733 2112 4816 remanebit

529 4826 576 4882 si
609 4844 714 4884 non
761 4835 1133 4894 emendaverit
1183 4841 1248 4894 ad
1297 4843 1378 4897 sui
1426 4845 1652 4916 hospitis
1694 4850 2003 4908 utilitatem.
2045 4854 2112 4908 Et

531 4921 749 4990 quidem
776 4942 882 4982 non
907 4941 1299 4990 convertuntur
1326 4951 1482 4992 amor
1501 4938 1593 4994 Dei
1624 4951 1678 4995 et
1706 4942 1982 5009 iniquitas.
2010 4946 2110 5014 Qui

527 5031 658 5089 ergo
686 5020 894 5078 Domini
919 5025 1284 5086 habitaculum
1308 5032 1450 5090 efﬁci
1477 5035 1728 5102 voluerit,
1755 5039 1932 5093 cordis
1959 5056 2111 5095 mun-

532 5110 721 5166 ditium
752 5121 956 5180 teneat,
991 5121 1230 5177 carnalia
1261 5123 1526 5180 desideria
1554 5128 1740 5197 procul
1773 5130 2013 5199 repellat,
2046 5147 2112 5187 ac

528 5198 670 5254 sicut
693 5202 889 5258 mulier
916 5218 1062 5262 casta
1094 5225 1292 5279 sponsa
1323 5211 1493 5270 ﬁdelis
1523 5231 1646 5272 cum
1669 5217 1914 5274 adultero
1945 5220 2111 5276 collo-

525 5291 615 5359 qui
650 5292 896 5364 despicit,
943 5299 1057 5370 ejus
1080 5314 1287 5360 sccreta
1330 5306 1490 5362 verba
1514 5311 1831 5379 centemnit,
1858 5312 1990 5368 nihil
2016 5328 2109 5370 eo-

528 5395 645 5436 rum
691 5396 810 5454 qua:
840 5385 1117 5449 desiderat
1156 5395 1292 5451 clam
1345 5398 1426 5454 vel
1475 5410 1662 5471 aperte
1693 5407 1993 5462 consentit°
2028 5405 2110 5462 sic

2226 4588 2334 4642 Deo
2361 4588 2405 4641 si
2431 4587 2853 4653 exliibuerimus,
2872 4589 2986 4658 ejus
3013 4588 3402 4657 habitaculum,
3419 4587 3538 4657 ejus
3568 4589 3818 4660 hospites

2221 4679 2356 4734 θαίρὶ
2387 4680 2701 4749 poterimus.
2744 4678 2913 4746 Quem
2948 4682 3122 4735 donec
3153 4681 3381 4736 vivimus
3425 4682 3468 4735 si
3499 4681 3732 4753 diligere
3757 4691 3817 4736 et

2222 4773 2492 4828 honorare
2522 4783 2918 4844 satageremus;
2964 4774 3078 4843 ipse
3116 4775 3273 4830 nobis
3315 4775 3558 4845 quandiu
3607 4775 3814 4831 vixeri-

2219 4877 2359 4926 mus,
2389 4861 2557 4916 vicem
2595 4862 2899 4918 dilectionis
2945 4872 3002 4917 et
3049 4864 3479 4919 honorificentia;
3525 4880 3640 4919 suae
3687 4867 3815 4920 sine

2173 5021 2184 5031 ο
2218 4951 2383 5007 dubio
2409 4952 2686 5019 rependet.
2734 4951 2936 5007 Eadem
2969 4952 3166 5024 quippe
3202 4967 3458 5008 mensura
3498 4969 3604 5023 qua
3633 4956 3811 5009 mensi

2214 5043 2502 5109 fuerimus,
2532 5043 2849 5100 remetietur
2885 5046 3039 5100 nobis
3062 5061 3158 5115 per
3175 5059 3296 5098 eum
3321 5045 3413 5115 qui
3447 5061 3505 5102 se
3530 5045 3678 5101 dedit
3706 5062 3810 5114 pro

2217 5137 2409 5201 nobis,
2450 5146 2506 5191 et
2551 5154 2580 5190 a
2621 5138 2880 5209 voragine
2919 5138 3109 5193 mortis
3158 5138 3430 5204 liberavit,
3470 5139 3565 5209 qui
3612 5154 3712 5193 nos
3752 5139 3810 5194 in

2214 5239 2414 5285 aeterna
2437 5229 2610 5298 patria
2641 5229 3047 5287 immortalitate
3082 5231 3392 5298 coronabit;
3426 5232 3518 5288 cui
3548 5231 3724 5288 honor
3752 5241 3813 5291 et

2216 5322 2382 5396 gloria
2419 5321 2472 5378 in
2509 5321 2726 5378 saecula.
2754 5322 2947 5378 Amen.
