4048 6288
256 323 389 383 1021

1449 316 2303 394 ‘ruacT’Arus‘ASCEthus‘

3369 340 3514 404 1029

258 482 3531 527 Μῖ

1087 607 1468 670 MONITUM
1511 610 1591 671 IN
1635 609 2107 674 OPUSCULUM
2150 613 2677 689 SUBSEQUENS.

1203 773 1379 860 (Apud
1405 776 1712 843 Acuemuu,
1742 773 2012 847 Spici!eg.,
2041 785 2170 833 tom.
2200 796 2382 852 "pag.
2406 781 2553 849 445.)

511 1009 1186 1098 anseimoCamuariensi
1227 1019 1639 1098 archiepiscopo
1668 1020 1984 1098 Tractatum
2015 1023 2311 1098 asceticism
2354 1025 2573 1098 attribui
2606 1027 2788 1098 potius
2817 1041 3126 1094 con.ecmra
3151 1045 3314 1098 quam
3359 1039 3515 1085 certa

246 1080 674 1167 iide;,nimli.rum
701 1081 780 1166 λη.
810 1084 1188 1167 codicemins.
1223 1080 1455 1167 cmgob'ii
1491 1080 1818 1167 SCEbrulﬁ.
1857 1093 2009 1167 varia
2059 1092 2323 1167 ejusd_em_
2351 1092 2409 1149 S.
2430 1080 2694 1167 _Docto'ris
2736 1080 2997 1166 opuscula
3017 1080 3512 1167 'coiu‘iiiééieiitéiif.

241 1165 366 1233 eum
398 1150 732 1215 incidissem,
766 1152 1000 1209 insertus
1021 1154 1106 1233 his
1138 1156 1267 1233 ipsis
1291 1157 1580 1233 Tractatus
1606 1159 1694 1233 ille
1717 1150 1986 1233 asceticus
2008 1150 2269 1218 occurrit.
2291 1163 2444 1231 Quod
2468 1180 2597 1219 vero
2624 1150 2938 1233 opusculum
2966 1150 3516 1225 istudrh'n—selmiesse

240 1220 583 1308 dubitt‘s‘ego
613 1236 906 1308 ‘asselram,
954 1226 1096 1308 cogit
1148 1220 1449 1284 Eadmerus
1490 1228 1692 1308 in__ejus
1726 1232 1886 1308 Vita,
1929 1233 2074 1308 cogit
2111 1234 2244 1308 item
2281 1220 2571 1308 Feceeqsis
2619 1220 3515 1308 chronologus,vqii’i—ac—ciira—teac

240 1291 552 1376 minutatim
602 1291 841 1347 Anselmi
888 1291 1093 1376 scripta
1135 1291 1824 1376 recensentes_,_'l‘ractatus
1870 1291 2033 1376 huius
2076 1303 2296 1359 ascetici
2339 1305 2635 1376 meminere
2680 1291 3118 1376 liaudqti’aquain.
3161 1291 3361 1363 Deinde
3394 1291 3515 1362 'An;

238 1360 394 1446 selmi
423 1361 632 1446 stylum
671 1360 1024 1446 conspirat,
1056 1381 1156 1422 nec
1197 1368 1450 1446 genium._
1473 1360 1556 1424 Sit
1590 1386 1729 1446 vero
1755 1360 2023 1446 Anselmi,
2056 1388 2471 1446 necne,parum
2504 1360 3183 1446 refert,quandoquidem
3212 1360 3517 1436 eruditione

234 1434 529 1512 acpieta‘te
556 1434 628 1512 sit
652 1434 924 1512 conditus,
968 1445 1131 1512 atque
1174 1434 1240 1492 ad
1284 1440 1533 1512 asceticae
1557 1440 1687 1512 vita:
1718 1434 2117 1512 institutionem
2156 1434 2492 1512 aptissimus.
2524 1444 2633 1500 Nec
2674 1434 2853 1501 iafnen
2892 1434 3341 1501 dissimulandum
3391 1434 3511 1501 esse

234 1493 762 1588 putojn'i‘ractatlum
792 1493 1210 1588 illum‘maxima
1240 1493 1397 1588 parte
1419 1525 1450 1564 e
1477 1493 1870 1588 collationibus
1882 1493 2119 1568 iisiis};
2159 1493 2643 1588 apiid'Casws‘iai-nim
2878 1493 3509 1588 ’Ᾰῖιξβιῖιρἶί

237 1583 335 1653 seu
370 1570 479 1624 alio
515 1571 755 1653 quolibet
798 1573 1066 1653 scriptore
1093 1570 1423 1653 mutuatum,
1470 1580 1848 1647 collectnmve,
1878 1570 2209 1653 quanquam
2233 1600 2337 1638 non
2372 1583 2586 1639 inficior
2614 1585 2667 1639 in
2697 1570 2953 1640 Anselmo
2996 1570 3087 1641 ine
3134 1585 3389 1640 nonnulla
3436 1570 3513 1639 le;

233 1641 384 1724 gisse
418 1655 539 1712 qua:
573 1641 628 1698 in
670 1641 774 1700 hoc
799 1641 1056 1702 Tractalu
1099 1641 1473 1719 reperiuntur,
1513 1652 1785 1723 praecipue
1826 1641 1950 1724 cap.
1980 1653 2016 1707 2
2043 1641 2308 1709 inclarqu
2350 1654 2760 1712 similitudinem
2800 1655 2975 1712 eidem
3018 1656 3167 1711 Patri
3203 1656 3514 1711 familiaris-

232 1707 453 1765 simam:

1537 1827 2152 1854 *ῃ

1086 1950 1755 2079 εΔΝατι
1833 1963 2652 2079 ANSELMI

910 2192 1860 2325 TRACTATUS
1944 2140 2859 2328 ASCETICUS.
2974 2118 2989 2290 ζ

748 2407 977 2466 CAPUT
1022 2407 1314 2465 PRIMUM.

506 2497 581 2552 De
618 2500 864 2554 monachi
908 2499 1257 2554 destinatione
1289 2498 1371 2554 vel
1404 2499 1528 2568 ﬁne.

294 2586 500 2644 Omnes
552 2597 698 2642 artes
724 2600 789 2643 ac
822 2586 1122 2658 disciplinae
1165 2604 1356 2659 scopon
1393 2588 1680 2658 quemdam
1703 2629 1718 2652 ,
1759 2587 1812 2642 id

220 2688 311 2736 est
356 2678 795 2746 destinationem,
829 2688 887 2735 et
931 2679 1091 2744 telas,
1124 2679 1175 2734 id
1203 2689 1287 2736 est
1319 2679 1478 2735 tinem
1510 2679 1811 2750 proprium,

222 2769 450 2825 habent.
501 2767 582 2822 Ad
629 2782 792 2838 quem
842 2770 1143 2838 respiciens
1202 2768 1628 2840 uniuscujusque
1678 2768 1813 2823 artis

220 2858 523 2915 industrius
576 2860 868 2931 appetitor,
923 2870 1149 2916 cunctos
1195 2860 1412 2916 labores
1467 2868 1523 2915 et
1569 2859 1811 2929 pericula

222 2961 390 3020 atque
431 2951 715 3022 dispendia
744 2953 1123 3022 mquauimiter
1150 2953 1490 3024 libenterque
1519 2962 1808 3008 sustentat.

221 3041 359 3098 Nam
408 3052 463 3100 et
505 3044 739 3116 agricola
791 3060 937 3100 nunc
973 3045 1206 3100 torridos
1252 3045 1382 3101 solis
1433 3045 1634 3113 radios,
1669 3057 1811 3098 nunc

220 3137 449 3208 pruinas
493 3146 547 3194 et
595 3137 821 3209 glaciem
873 3153 979 3193 non
1020 3138 1324 3199 declinans,
1361 3137 1651 3192 indomitas
1694 3136 1809 3208 agri

220 3229 408 3300 glebas
439 3228 706 3300 frequenti
729 3229 932 3301 subigit
958 3244 1199 3295 vomere,
1221 3228 1348 3283 dum
1377 3243 1576 3296 scopon
1602 3238 1805 3295 servat,

219 3327 277 3373 ut
301 3332 425 3374 eam
449 3318 661 3375 cunctis
688 3319 934 3374 sentibus
962 3327 1317 3390 expurgatam
1341 3320 1645 3374 exercendo
1662 3335 1810 3376 com-

218 3410 457 3474 minuat;
490 3413 674 3477 linem,
705 3411 757 3466 id
785 3419 869 3467 est
890 3413 1294 3482 perceptionem
1320 3412 1664 3481 copiosarum
1696 3399 1810 3467 fru-

215 3516 341 3571 gum
363 3501 487 3557 inde
501 3491 832 3573 ade'pturum
855 3519 914 3558 se
935 3518 1057 3559 esse
1080 3503 1379 3560 conﬁdens.
1395 3505 1615 3561 Referta
1640 3505 1805 3559 etiam

215 3594 418 3650 horrea
456 3593 698 3666 frugibus
746 3596 980 3652 libenter
1020 3598 1291 3663 exhaurit,
1334 3598 1609 3668 sulcisque
1653 3613 1807 3652 eon-

215 3685 458 3753 mendat,
491 3698 810 3756 praesentem
858 3687 1270 3744 diminutionem
1316 3687 1622 3744 futurarum
1665 3703 1806 3744 mes-

1836 2409 1886 2469 Λ
1918 2406 2111 2462 lineam
2140 2449 2154 2472 ,
2194 2409 2496 2466 rectissime
2542 2411 2865 2482 dirigantur.
2896 2412 3028 2480 Quae
3077 2414 3122 2471 si
3152 2414 3287 2485 ’prar
3331 2417 3506 2475 oculis

1915 2500 2118 2555 nostris
2143 2500 2346 2573 jngiter
2370 2511 2570 2558 statuta
2601 2517 2706 2557 non
2731 2502 2915 2568 fuerit,
2946 2518 3051 2558 non
3082 2505 3254 2560 solum
3279 2518 3505 2563 cunctos

1915 2590 2129 2645 labores
2173 2600 2389 2648 nostros
2416 2594 2596 2648 varios
2636 2593 2844 2663 pariter
2877 2602 3040 2663 atque
3070 2592 3349 2650 instabiles
3377 2596 3505 2650 red:

1912 2682 2065 2750 dens,
2101 2684 2373 2740 incassum
2400 2699 2495 2740 eos
2519 2700 2584 2741 ac
2611 2685 2731 2740 sine
2758 2686 2939 2741 fructu
2970 2687 3259 2757 compellet
3279 2686 3502 2754 effundi.

1912 2773 2004 2828 sed
2038 2774 2202 2829 etiam
2230 2775 2589 2845 cogitationes
2625 2790 2815 2831 omnes
2845 2776 3088 2832 diversas
3132 2777 3345 2847 sibique
3368 2789 3503 2832 con-

1912 2864 2113 2920 trarias
2156 2865 2466 2921 suscitabit.
2502 2863 2737 2922 Necesse
2775 2875 2859 2922 est
2906 2870 3050 2922 enim
3087 2877 3348 2936 mentem,
3392 2884 3503 2939 quo

1911 2961 2163 3009 recurrat
2188 2955 2344 3010 cuive
2364 2954 2734 3024 principaliter
2756 2955 3019 3011 inluereat
3046 2972 3151 3011 non
3181 2957 3496 3020 habentem,

1910 3060 2010 3114 per
2051 3047 2292 3118 singulas
2339 3048 2502 3103 horas
2545 3056 2708 3118 atque
2735 3058 3008 3104 momenta
3054 3065 3154 3119 pro
3183 3050 3498 3105 incursuum

1908 3137 2171 3193 varietate
2192 3139 2408 3201 mutari,
2443 3148 2608 3210 atque
2632 3154 2697 3193 ex
2724 3140 2808 3194 his
2836 3155 2955 3210 quae
2977 3142 3320 3195 extrinsecus
3351 3141 3499 3195 acci-

1907 3227 2061 3292 dunt,
2088 3230 2142 3283 in
2172 3228 2320 3284 illum
2363 3238 2562 3285 statum
2590 3231 2847 3285 continuo
2878 3231 3252 3286 transformari
3277 3233 3367 3301 qui
3396 3233 3498 3287 sibi

1908 3320 2117 3389 primus
2142 3321 2460 3375 occurrerit.
2485 3320 2624 3376 Hine
2655 3336 2886 3391 namque
2909 3332 2992 3377 est
3010 3324 3154 3392 quod
3189 3322 3496 3388 nonnullos,

1907 3411 2091 3465 mundi
2123 3410 2283 3480 hujus
2316 3414 2581 3467 maximas
2612 3413 2897 3473 facultates
2923 3423 3354 3478 contemnentes,
3377 3424 3500 3483 post

1910 3501 2027 3555 iure
2054 3501 2300 3558 videmus
2328 3518 2425 3572 pro
2467 3505 2696 3574 graphio
2720 3505 2804 3559 vel
2844 3520 2942 3560 aeu
2991 3506 3342 3568 commoveri,
3380 3506 3496 3576 pri-

1908 3596 2110 3649 stinum
2141 3586 2353 3653 scilicet
2387 3597 2636 3653 aii'ectum
2664 3599 2717 3653 in
2754 3601 2916 3654 rebus
2956 3599 3197 3654 minimis
3219 3608 3496 3655 retentan-

1910 3695 2012 3742 tes.
2040 3686 2141 3755 Qui
2169 3689 2213 3743 si
2242 3690 2701 3760 contemptionem
2744 3692 2927 3747 mundi
2951 3695 3115 3748 corde
3145 3693 3306 3748 fixam
3341 3704 3497 3749 tene-

214 3776 358 3833 sium
381 3778 841 3848 contemplatione
870 3795 975 3834 non
1002 3779 1267 3835 sentiens.
1302 3780 1678 3852 Negotiatores
1699 3796 1803 3836 non
1839 3774 1882 3829 Β
1911 3786 2050 3840 rent,
2081 3794 2354 3847 nunquam
2379 3780 2566 3850 utique
2602 3797 2700 3850 pro
2733 3783 2912 3852 parvis
2942 3785 3104 3838 rebus
3145 3783 3497 3838 admitterent

214 3869 457 3925 incertos
490 3870 662 3940 pelagi
695 3885 885 3935 casus,
928 3886 1032 3924 non
1074 3866 1183 3924 ulla
1214 3872 1527 3927 discrimina
1574 3873 1805 3943 perhor-

212 3968 468 4027 rescunt;
522 3961 721 4016 milites
763 3962 1260 4033 peregrinationum
1308 3965 1496 4019 exsilia
1532 3980 1597 4019 ac
1632 3965 1801 4019 bello-

212 4068 336 4111 rum
384 4053 621 4124 pericula
673 4069 778 4109 nou
808 4055 1071 4120 sentiunt,
1097 4056 1221 4109 dum
1255 4055 1328 4109 illi
1359 4056 1424 4109 ad
1456 4055 1616 4111 linem
1657 4072 1805 4126 quas-

213 4155 356 4209 stus,
382 4156 438 4200 et
462 4146 553 4201 isti
584 4145 652 4202 ad
698 4148 1039 4218 propositum
1068 4147 1170 4202 sibi
1215 4148 1508 4214 honorem,
1545 4164 1641 4218 Spe
1669 4163 1805 4219 prae-

209 4238 323 4307 peti
354 4247 737 4308 provocantur.
782 4239 856 4293 ita
888 4254 1019 4310 ergo
1048 4249 1103 4295 et
1152 4240 1323 4294 nostri
1370 4241 1633 4310 propositi
1683 4241 1804 4296 finis

208 4328 453 4397 quidem,
503 4328 800 4383 secundum
833 4329 1170 4400 Apostolum,
1201 4331 1305 4385 vita
1350 4342 1548 4385 wterna
1586 4341 1692 4398 est,
1728 4333 1803 4386 ita

205 4417 404 4473 eodem
460 4418 846 4488 pronuntiante
900 4438 914 4474 :
969 4418 1234 4475 Habentes
1303 4421 1514 4493 quidem
1570 4422 1803 4491 fructum

204 4518 436 4565 vestrum
459 4510 513 4564 in
536 4511 1023 4579 sancti/irationem,
1046 4511 1203 4580 ﬁnem
1223 4529 1342 4568 vero
1362 4514 1522 4567 vitam
1552 4524 1802 4569 wternam

206 4599 397 4671 (liam.
422 4615 493 4662 η,
520 4600 633 4672 22).
663 4601 869 4672 Scopos
891 4617 1021 4659 vero
1057 4614 1140 4658 est
1176 4604 1382 4674 puritas
1407 4606 1605 4671 cordis,
1637 4621 1800 4675 quam

202 4690 683 4757 sanctiﬁcationem
721 4708 824 4747 non
857 4693 1128 4748 immerito
1153 4696 1505 4763 nuncupavit,
1534 4696 1655 4749 sine
1695 4711 1801 4766 qua

202 4786 504 4857 pradictns
540 4786 663 4842 finis
690 4803 797 4841 non
830 4787 1028 4856 poterit
1064 4788 1416 4857 apprehendi.
1441 4789 1520 4843 Ac
1560 4788 1605 4842 si
1635 4789 1802 4845 dixis-

202 4887 293 4934 set
330 4877 455 4933 aliis
485 4879 668 4934 verbis
702 4896 716 4932 :
751 4877 1022 4933 [labentes
1063 4879 1282 4948 quidem
1325 4894 1526 4949 scopon
1559 4892 1799 4937 vestrum

203 4969 260 5023 in
316 4969 556 5039 puritate
607 4970 811 5036 cordis,
842 4970 1001 5025 ilnem
1031 4984 1184 5036 vero,
1224 4968 1276 5025 id
1328 4980 1411 5027 est
1442 4972 1597 5035 telos,
1634 4974 1799 5028 vitam

201 5069 491 5117 (etet-nam.
543 5062 813 5133 Quidquid
860 5078 990 5134 ergo
1027 5078 1124 5120 nos
1169 5064 1235 5117 ad
1273 5064 1415 5119 hunc
1453 5079 1653 5134 scopon
1679 5105 1693 5128 ,
1747 5067 1799 5121 id

1907 3867 2073 3937 quod,
2108 3884 2176 3922 ne
2223 3883 2321 3936 pro
2372 3870 2585 3940 magnis
2636 3870 2980 3927 incurrerent
3029 3871 3244 3943 opibus,
3274 3874 3495 3928 easdem

1906 3958 2122 4025 penitus
2146 3956 2383 4023 abjicere
2425 3961 2750 4016 maluerunt.

1978 4049 2077 4104 Hic
2106 4067 2236 4122 ergo
2278 4052 2438 4107 nobis
2463 4053 2779 4123 principalis
2806 4055 2964 4109 debet
2990 4068 3111 4109 esse
3141 4063 3401 4119 conatus,
3435 4064 3496 4110 ut

1906 4141 2107 4198 divinis
2137 4143 2297 4200 rebus
2325 4158 2389 4199 ac
2431 4144 2539 4198 Deo
2568 4160 2719 4200 mens
2768 4160 2984 4216 semper
3014 4145 3294 4211 inbmreat,
3327 4145 3497 4199 forni-

1908 4235 2177 4290 cationem
2197 4235 2452 4305 judicans
2483 4234 2566 4290 vel
2593 4245 3028 4292 momentaneum
3063 4251 3093 4291 a
3137 4235 3339 4292 Christi
3363 4251 3494 4289 con-

1909 4326 2254 4396 templatione
2307 4326 2628 4381 discessum.
2681 4327 2875 4381 Totum
2928 4342 3161 4397 namque
3201 4328 3254 4382 in
3295 4328 3495 4382 anima:

1905 4416 2153 4470 consistit
2180 4432 2430 4483 recessu;
2464 4418 2607 4471 unde
2645 4417 2874 4487 expulso
2902 4417 3139 4497 diabolo,
3181 4434 3244 4474 ac
3291 4435 3493 4489 nequa-

1905 4522 2069 4576 quam
2120 4508 2174 4563 in
2209 4525 2272 4564 ea
2316 4509 2429 4578 jam
2469 4510 2817 4580 regnantibus
2866 4510 3041 4576 vitiis,
3092 4520 3492 4582 consequenter

1908 4613 2130 4667 regnum
2175 4599 2267 4654 Dei
2300 4600 2556 4655 fundatur
2578 4601 2630 4655 in
2664 4601 2836 4666 nobis,
2861 4600 3077 4656 dicente
3106 4602 3439 4672 evangelista
3480 4616 3492 4640 θ

1906 4689 2143 4761 Regnum
2173 4691 2266 4745 Dei
2292 4692 2433 4745 intra
2477 4708 2562 4746 vos
2590 4703 2666 4747 est
2693 4691 2845 4764 (Luc.
2888 4708 3030 4757 xvii,
3056 4692 3170 4764 22).
3203 4694 3345 4747 Intra
3391 4707 3494 4747 nos

1908 4799 2035 4839 vero
2060 4783 2189 4838 nihil
2219 4784 2364 4839 aliud
2399 4794 2576 4854 potest
2602 4800 2722 4841 esse
2751 4800 2913 4856 quam
2946 4786 3169 4840 scientia
3202 4794 3297 4839 aut
3338 4785 3490 4855 igno-

1905 4876 2048 4931 ratio
2074 4874 2342 4941 veritatis,
2374 4885 2430 4930 et
2465 4876 2547 4930 vel
2588 4877 2839 4931 vitiorum
2892 4876 3133 4930 amicitia
3178 4875 3262 4930 vel
3312 4876 3490 4929 virtu-

1907 4980 2044 5035 tum,
2074 4984 2172 5039 per
2205 4985 2365 5040 quam
2386 4979 2481 5024 aut
2507 4970 2722 5025 diabolo
2748 4976 2842 5024 aut
2876 4968 3094 5024 Christo
3121 4982 3489 5038 praeparaturus

1906 5078 2130 5132 regnum
2185 5063 2238 5116 in
2295 5063 2476 5119 corde.
2534 5062 2700 5131 Cujus
2751 5062 2915 5117 etiam
2968 5062 3118 5133 regni
3166 5061 3484 5131 qualitatem

201 5160 293 5207 est
329 5154 620 5222 puritatem
659 5130 873 5219 cordis,
926 5130 1103 5227 potest
1138 5155 1373 5231 dirigere
1396 5198 1411 5222 ,
1455 5130 1563 5211 tota
1601 5159 1799 5213 virtute
1828 5130 1872 5191 ε
1903 5130 2165 5209 describit
2203 5154 2517 5224 Apostolus,
2544 5130 2619 5206 ita
2661 5153 2849 5207 dicens
2885 5169 2900 5206 :
2942 5130 3063 5208 Non
3100 5130 3197 5207 est,
3226 5152 3364 5205 enim
3408 5167 3492 5204 re-

201 5243 527 5299 sectandnm
550 5253 653 5302 est.
688 5244 794 5302 Pro
824 5247 926 5302 hac
948 5248 1091 5301 enim
1122 5248 1370 5304 universa
1398 5249 1609 5318 agimus
1638 5258 1800 5320 atque

201 5334 540 5404 toleramus;
601 5353 701 5409 pro
746 5338 851 5393 hac
901 5350 1177 5408 parentes,
1208 5341 1380 5409 patria
1408 5382 1421 5404 ,
1475 5342 1796 5413 dignitates,

199 5424 432 5493 divitiae,
473 5438 528 5483 et
562 5430 813 5501 voluptas
863 5431 1111 5487 universa
1157 5435 1552 5501 contemnitur,
1599 5446 1657 5491 ut
1695 5437 1799 5491 sci-

198 5520 335 5575 iicet
364 5520 575 5590 puritas
611 5523 796 5578 cordis
824 5532 1080 5593 perpetua
1116 5535 1432 5582 retentetur.
1483 5527 1597 5584 Hac
1636 5529 1800 5600 igitur

197 5612 365 5668 nobis
387 5613 746 5670 destinatione
772 5616 1065 5686 proposita,
1097 5632 1312 5687 semper
1347 5628 1500 5676 actus
1542 5622 1711 5676 nostri
1743 5630 1799 5677 et

1901 5260 2061 5314 gnum
2091 5245 2186 5298 Dei
2212 5261 2328 5299 esca
2360 5255 2407 5298 et
2434 5254 2585 5313 potus
2602 5259 2622 5307 ;
2652 5244 2742 5297 sed
2762 5244 2999 5314 justitia,
3031 5253 3082 5298 et
3108 5259 3234 5345 ξπ,
3265 5253 3316 5297 et
3352 5259 3488 5311 gau—

1902 5337 2050 5390 dium
2082 5338 2139 5390 in
2187 5337 2390 5404 Spiritu
2430 5345 2612 5389 sancto
2660 5334 2844 5401 (Rom.
2890 5351 3005 5402 xw,
3039 5334 3156 5406 i7)?
3184 5334 3261 5390 De
3305 5334 3488 5404 aliqua

1906 5442 2141 5497 namque
2172 5428 2373 5482 dicitur
2411 5444 2426 5480 :
2469 5425 2702 5481 Mundus
2745 5428 2842 5482 iste
2874 5427 3123 5498 gaudebit
3154 5425 3336 5499 (Joan.
3368 5442 3485 5494 xvr,

1901 5519 2024 5592 20);
2051 5530 2107 5576 et
2136 5537 2151 5575 :
2183 5519 2275 5575 Vit
2310 5518 2450 5573 vobis
2478 5520 2569 5589 qui
2599 5519 2776 5575 ridetis
2799 5561 2814 5586 ,
2841 5521 2965 5592 quia
2988 5519 3261 5590 plorabitis
3282 5519 3484 5592 (ἱὸἱάὼ⁵

1905 5615 2089 5686 Itaque
2119 5614 2163 5670 si
2192 5629 2415 5685 regnum
2441 5613 2530 5668 Dei
2559 5613 2699 5669 intra
2723 5628 2829 5669 nos
2846 5622 3023 5679 cst,et
3050 5628 3225 5685 Ipsum
3258 5627 3485 5685 regnum

200 5706 565 5785 cogitationes
614 5706 680 5764 ad
712 5723 831 5763 eam
873 5707 1243 5777 obtinendam,
1289 5709 1432 5767 velut
1481 5713 1545 5766 ad
1595 5722 1806 5779 certam
1907 5709 1999 5765 Dei
2030 5706 2260 5782 iustitia,
2288 5716 2340 5762 et
2390 5721 2517 5779 pax,
2555 5716 2611 5761 et
2659 5706 2913 5779 gaudium
2948 5715 3059 5771 est,
3105 5719 3252 5778 ergo,
3284 5705 3374 5782 qui
3426 5706 3487 5763 in
