4048 6288
590 357 731 413 10ὶὸ

909 357 968 412 S.
1009 358 1307 415 ANSELMI
1341 359 1688 416 CANTUAR.
1728 359 2028 417 ARCHIEP
2089 359 2155 417 Ol

2273 360 2452 417 rans
2481 361 2542 417 u.
2577 334 2646 404 4
2683 362 3057 419 PARAiNET.
3098 363 3190 421 ET
3225 365 3471 424 ASCET.

2303 155 2327 179 θ’

3714 369 3859 426 ωει

589 468 712 523 istis
738 479 1127 548 com-moratur,
1161 469 1284 525 sine
1306 470 1469 524 dubio
1497 471 1547 524 in
1574 486 1742 538 regno
1773 471 1865 528 Dei
1901 480 2006 526 est.
2043 472 2109 527 Et
2137 486 2169 526 e
2197 471 2244 527 A
2270 472 2578 540 spirituales
2610 474 2663 529 in
2704 475 2790 530 his
2838 490 2961 544 quae
3006 477 3248 532 meditati
3289 495 3477 536 sumus
3507 490 3750 538 mentem
3783 484 3863 539 {a-

588 567 779 614 contra
802 559 892 628 qui
921 559 974 612 in
1007 558 1285 627 iniustitia,
1311 560 1578 615 discordia
1601 571 1655 616 et
1686 562 1901 617 tristitia
1939 571 2166 617 mortem

587 657 846 718 operante
881 659 1190 716 versantur,
1227 651 1276 704 in
1309 667 1473 721 regno
1501 653 1725 719 diaboli,
1762 665 1816 708 et
1855 654 1906 708 in
1958 654 2168 708 inferno

587 754 651 794 ac
675 747 846 795 morte
875 743 1332 808 suntconstituti;
1375 745 1428 798 in
1458 761 1566 814 quo
1587 746 1678 816 qui
1711 745 1893 802 fuerit.
1929 761 2026 801 nec
2054 746 2171 800 lau-

586 833 719 886 dare
747 831 914 887 Deum
955 842 1136 903 potest
1183 842 1478 891 secundum
1526 836 1812 907 Prophetas
1842 838 2166 892 sententiam

584 922 816 978 dicentis
843 940 856 977 :
893 923 1019 978 Νοη
1056 927 1251 979 mortui
1280 926 1569 982 laudabunt
1598 938 1666 996 te,
1697 928 1918 983 Domine
1945 971 1959 994 ,
2005 945 2167 998 neque

583 1030 760 1070 omnes
787 1018 878 1086 qui
908 1017 1226 1073 descendunt
1270 1021 1323 1074 in
1355 1021 1614 1088 infernum
1645 1021 1813 1092 (Psal.
1846 1039 2010 1088 cxm,
2054 1024 2164 1091 i7),

581 1120 653 1159 ne
680 1106 842 1161 dubio
875 1109 1102 1178 peccati.
1139 1107 1241 1164 Sed
1274 1128 1388 1175 nos,
1423 1111 1617 1181 inquit,
1661 1114 1752 1183 qui
1781 1115 2028 1178 vivimus,
2061 1129 2164 1167 non

579 1200 731 1256 vitiis
770 1202 997 1270 scilicet,
1053 1219 1152 1259 nec
1199 1205 1398 1259 mundo
1429 1207 1590 1270 huic,
1615 1207 1707 1261 sed
1746 1208 1884 1269 Deo,
1910 1207 2167 1261 benedici-

579 1309 697 1346 mus
731 1293 1008 1350 Dominum
1040 1314 1106 1350 ea:
1129 1298 1226 1352 hoc
1255 1316 1392 1352 nunc
1417 1309 1465 1353 et
1491 1317 1652 1370 usque
1673 1301 1726 1354 in
1750 1302 2027 1354 saeculum.
2046 1301 2166 1355 Non

579 1384 726 1438 enim
754 1396 830 1440 est
861 1388 914 1440 in
953 1400 1118 1442 morte
1152 1391 1244 1460 qui
1277 1408 1473 1444 memor
1500 1394 1564 1445 sit
1598 1391 1710 1447 Dei.
1741 1393 1805 1447 In
1835 1393 2040 1462 inferno
2070 1412 2167 1448 au-

580 1486 683 1530 tem
735 1479 852 1547 quis
903 1479 1540 1542 con/itebitut"Domino?
1595 1485 1781 1553 (ibid.,
1835 1486 1933 1552 66)
1973 1485 2026 1540 id
2083 1495 2166 1541 est

577 1582 760 1623 nemo.
805 1569 990 1624 Nullus
1018 1574 1192 1636 enim,
1229 1575 1442 1628 tametsi
1479 1575 1671 1631 millies
1697 1577 2050 1645 semetipsum
2082 1579 2162 1633 vel

577 1656 945 1714 Christianum
977 1677 1098 1717 esse
1148 1664 1467 1732 profiteatur
1495 1667 1576 1722 vel
1626 1670 1950 1723 monachum
1975 1711 1989 1732 ,
2040 1685 2164 1725 cum

574 1759 789 1820 peccat,
837 1754 1129 1809 confitetur
1182 1757 1319 1822 Deo;
1373 1774 1474 1813 nec
1525 1774 1739 1814 servum
1785 1776 1844 1815 se
1895 1762 2163 1836 veraciter

575 1840 722 1896 illius
761 1843 1064 1911 proﬁtetur,
1110 1847 1262 1915 cujus
1312 1859 1578 1918 prmcepta
1610 1852 1913 1905 contumaci
1947 1854 2161 1907 temeri-

576 1937 690 1984 tate
745 1933 1066 1987 contemnit.
1114 1935 1359 2006 Regnum
1399 1953 1529 1992 sane
1579 1938 1838 1994 cmlorum
1882 1940 2163 2009 tripliciter

575 2021 947 2091 accipiendum
995 2035 1076 2080 est
1111 2037 1242 2081 :aut
1270 2029 1416 2097 quod
1449 2031 1721 2098 regnaturi
1765 2031 1877 2085 sint
1929 2031 2074 2096 εαξη,
2110 2032 2160 2084 id

574 2122 661 2168 est
689 2117 964 2183 sancti,in
1012 2120 1134 2173 aliis
1182 2119 1428 2184 subditis,
1467 2124 1762 2176 secundum
1813 2123 1986 2177 illud:
2035 2124 2161 2176 Esto

575 2214 634 2258 tu
658 2223 813 2275 super
839 2211 1067 2280 quinque
1105 2212 1370 2277 civitates,
1409 2224 1456 2268 et
1489 2225 1544 2267 tu
1587 2232 1743 2283 super
1791 2217 1964 2270 decem
2007 2215 2156 2282 (an.

575 2311 698 2357 κη,
731 2298 854 2366 19);
881 2299 1115 2370 illudque
1149 2303 1287 2370 quod
1317 2303 1515 2358 dicitur
1541 2305 1609 2359 ad
1635 2305 1923 2374 discipulos
1951 2323 1963 2357 :
2003 2303 2162 2359 Sede-

565 2388 696 2444 .bitis
730 2406 877 2458 super
926 2393 1071 2446 sedes
1109 2393 1406 2460 duodecim,
1425 2395 1727 2464 judicantes
1759 2396 2033 2450 duodecim
2063 2398 2158 2448 tri-

574 2477 670 2530 bus
708 2477 882 2534 Israel
905 2480 1119 2550 (Matth.
1155 2500 1270 2543 χιχ.
1301 2483 1430 2554 9.8);
1469 2493 1564 2539 aut
1607 2489 1751 2555 quod
1793 2485 1892 2554 ipsi
1925 2484 2044 2540 coeli
2080 2485 2162 2538 inv

563 2571 780 2640 «cipiant
821 2587 849 2626 a
881 2571 1098 2628 Clu-isto
1135 2575 1370 2645 reguari,
1405 2592 1528 2632 cum
1579 2578 1788 2634 scilicet
1836 2579 2086 2633 omnibus
2110 2579 2157 2634 ei

572 2660 851 2730 subjectis,
881 2665 1107 2732 cmperit
1128 2679 1249 2722 esse
1277 2669 1457 2725 omnia
1491 2669 1543 2723 in
1574 2669 1828 2725 omnibus
1858 2671 1999 2726 Deus
2031 2690 2043 2725 :
2076 2673 2156 2728 vel

571 2762 718 2805 certe
746 2755 887 2821 quod
919 2757 1091 2810 s:mcti
1125 2757 1175 2810 in
1219 2757 1373 2812 caelis
1418 2758 1528 2812 sint
1552 2773 1674 2812 cum
1707 2760 1936 2816 Domino
1962 2775 2157 2832 regna-

574 2843 701 2897 turi.
745 2844 1106 2910 Quamobrem
1154 2849 1206 2902 in
1255 2849 1360 2904 hoc
1410 2865 1638 2920 corpore
1677 2852 2003 2907 constitutus
2045 2852 2158 2920 jam

573 2936 785 2989 noverit
831 2938 1200 3008 unusquisque
1252 2940 1324 2994 illi
1370 2956 1430 2996 se
1477 2942 1684 3013 regioni
1719 2943 1800 2998 vel
1854 2945 2158 3000 ministerio

572 3028 962 3096 deputandum,
1008 3032 1160 3100 cujus
1193 3035 1243 3088 in
1293 3036 1396 3091 hac
1427 3037 1536 3092 vita
1587 3039 1904 3108 participem
1957 3051 2156 3096 semet-

2271 563 2416 617 ciant
2469 564 2767 621 immorari.
2824 565 2918 621 Sin
2951 582 3081 623 vero
3129 569 3333 624 desidia
3379 587 3475 626 seu
3526 573 3860 643 negligentia

2269 656 2528 724 superati,
2555 656 2700 710 vitiis
2729 666 2783 710 et
2815 657 3005 713 otiosis
3053 659 3582 718 confabulationibus
3615 679 3861 735 occupe-

2270 762 2411 810 mur,
2445 763 2538 802 seu
2577 749 2725 803 curis
2754 750 3043 804 mundanis
3072 758 3127 805 et
3155 752 3442 822 superﬂuis
3471 755 3861 811 sollicitudini-

2269 839 2368 892 bus
2390 839 2750 908 implicemur,
2787 850 3185 910 consequenter
3215 845 3411 900 exinde
3437 846 3584 901 velut
3607 848 3861 917 quaedam

2268 930 2598 985 zizaniorum
2646 933 2857 1003 species
2903 943 3163 1005 generata
3209 937 3582 1006 operationem
3643 955 3864 1010 quoque

2268 1031 2453 1076 nostro
2483 1023 2631 1076 cordi
2662 1023 2882 1077 noxiam
2914 1024 3275 1092 ministrabit,
3307 1037 3360 1080 et
3403 1027 3708 1082 secundum
3737 1044 3864 1083 sen-

2270 1113 2488 1166 tentiam
2518 1113 2726 1167 Domini
2752 1112 3074 1180 Salvatoris,
3108 1116 3196 1169 ubi
3219 1117 3378 1184 fuerit
3403 1119 3687 1173 thesaurus
3728 1135 3865 1191 ope-

2268 1217 2386 1255 rum
2415 1211 2469 1256 et
2499 1201 2815 1257 intentionis
2867 1211 3109 1268 nostrae,
3162 1205 3236 1258 ibi
3281 1215 3327 1259 et
3371 1223 3462 1260 cor
3489 1218 3732 1262 nostrum
3763 1225 3864 1264 ue-

2267 1292 2506 1347 cessario
2535 1292 2875 1362 permanebit
2905 1292 3122 1363 (Matth.
3154 1309 3228 1358 vt,
3257 1294 3370 1366 2t).

2340 1384 2468 1439 Illud
2498 1400 2628 1440 sane
2656 1401 2768 1456 pra:
2800 1385 3053 1439 omnibus
3084 1400 3242 1440 nosse
3273 1387 3533 1442 debemus
3578 1389 3681 1442 tria
3712 1390 3863 1460 cogi-

2269 1477 2529 1530 talionum
2563 1485 2869 1531 nostrarum
2895 1490 3012 1530 esse
3041 1475 3328 1546 principia,
3359 1476 3411 1532 id
3441 1486 3611 1534 estex
3641 1479 3863 1545 Deo,ex

2267 1564 2501 1627 diabolo,
2521 1575 2576 1619 et
2597 1579 2664 1618 ex
2688 1563 2864 1619 nobis.
2904 1564 2984 1618 Ex
3019 1565 3130 1618 Deo
3157 1565 3375 1634 quidem
3401 1576 3551 1632 sunt,
3575 1583 3703 1622 cum
3737 1567 3862 1638 Spi-

2267 1659 2404 1713 ritus
2425 1659 2598 1714 sancti
2633 1658 2920 1714 illustratio
2951 1672 3050 1712 nos
3082 1657 3307 1713 visitare
3335 1659 3614 1729 dignatur,
3639 1661 3864 1732 erigens

2267 1767 2365 1806 nos
2390 1751 2456 1805 ad
2484 1751 2854 1805 sublimiorem
2882 1751 3205 1821 profectum,
3234 1761 3289 1806 et
3319 1752 3370 1805 in
3406 1753 3605 1822 quibus
3637 1753 3720 1807 vel
3753 1752 3861 1807 mi-

2266 1857 2366 1896 nus
2390 1842 2778 1911 acquisivimus
2802 1842 2886 1896 vel
2920 1841 3192 1899 desidiose
3232 1851 3451 1914 agentes
3476 1845 3722 1914 superati
3756 1859 3856 1898 su-

2264 1946 2384 1986 mus
2413 1931 2767 1987 saluberrima
2807 1935 3227 2002 eompunctione
3275 1934 3540 2004 castigat;
3590 1945 3675 1988 vet
3718 1948 3854 1988 cum

2264 2035 2471 2081 reserat
2516 2027 2671 2081 nobis
2716 2025 2960 2080 coelestia
3010 2035 3376 2093 sacramenta,
3414 2038 3470 2081 et
3513 2027 3858 2096 propositum

2264 2129 2506 2174 nostrum
2533 2117 2599 2171 ad
2630 2115 2881 2171 meliores
2910 2127 3062 2172 actus
3085 2117 3523 2186 voluntatemque
3547 2122 3857 2179 convertit;

2261 2219 2322 2265 ut
2348 2211 2450 2275 ibi,
2483 2201 2606 2265 eum
2639 2225 2727 2262 rex
2767 2210 3063 2273 Assuerus,
3105 2207 3404 2279 castigatus
3435 2224 3464 2263 a
3495 2209 3760 2272 Domino,
3789 2209 3854 2264 li-

2262 2304 2389 2358 bros
2419 2303 2640 2358 annales
2664 2302 2956 2371 instigatur
2977 2302 3276 2371 inquirere.
3301 2302 3498 2371 quibus
3523 2299 3857 2356 Mardocha-i

2262 2391 2522 2448 beneﬁcia
2585 2392 2902 2447 recordatur
2929 2431 2943 2455 ,
2997 2391 3193 2445 summi
3232 2405 3356 2446 eum
3402 2390 3572 2461 gradu
3621 2390 3857 2444 honoris

2262 2485 2486 2545 exaltat,
2521 2499 2583 2540 ac
2626 2484 2873 2554 protinus
2918 2483 3350 2539 crudelissimam
3398 2497 3560 2551 super
3585 2496 3720 2536 nece
3748 2479 3860 2535 Ju-

2261 2578 2388 2632 daeae
2430 2575 2605 2646 gentis
2653 2575 2979 2630 sententiam
3028 2583 3271 2628 revocat.
3325 2573 3404 2627 Ex
3457 2572 3668 2628 diabolo
3715 2588 3858 2627 vero

2255 2668 2645 2737 cogitationum
2679 2665 2922 2721 nascitur
2974 2665 3169 2726 series,
3202 2681 3324 2720 cum
3373 2665 3695 2719 subvertere
3747 2679 3858 2722 nos

2262 2768 2370 2814 tam
2421 2759 2672 2813 vitiorum
2731 2757 3099 2813 obluctatione
3171 2771 3333 2826 quam
3389 2757 3552 2812 etiam
3617 2754 3860 2812 occultis

2260 2859 2487 2905 conatur
2531 2848 2773 2912 insidiis,
2819 2835 3170 2904 subtilissima
3206 2847 3501 2903 calliditate
3555 2847 3698 2901 mala
3747 2863 3862 2916 pro

2259 2942 2416 2997 bonis
2453 2940 2822 2996 fraudulenter
2849 2947 3152 3004 ostentans,
3181 2947 3236 2995 et
3262 2937 3663 3007 transﬁgurans
3705 2955 3768 2994 se
3798 2939 3858 2992 in

2263 3033 2511 3106 angelum
2539 3033 2697 3088 lucis.
2725 3031 2820 3087 Vel
2853 3046 2975 3086 cum
3008 3030 3340 3101 evangelista
3393 3029 3566 3084 refert
3599 3047 3614 3083 :
3647 3028 3716 3082 Et
3747 3046 3862 3084 ca-

566 3116 748 3187 .ipsttnt
803 3120 1174 3194 cultoremque
1231 3126 1548 3194 praebuerit,
1596 3129 1847 3199 illiusque
1895 3148 1954 3188 se
1991 3134 2154 3189 etiam
2184 3159 2225 3215 ρ
2263 3144 2333 3182 na
2374 3126 2539 3195 facta,
2571 3142 2690 3179 cum
2726 3124 2968 3178 diabolus
2993 3125 3112 3193 jam
3140 3125 3360 3178 misisset
3391 3125 3448 3177 in
3485 3123 3644 3178 corde
3673 3121 3859 3178 Simo-

571 3208 627 3262 in
684 3209 772 3263 illo
821 3213 1043 3278 perenni
1113 3215 1310 3270 saeculo
1367 3229 1673 3275 consortem
1738 3222 1976 3278 futurum
2033 3241 2152 3282 esse

569 3315 676 3354 non
717 3302 995 3373 ambigat,
1043 3306 1128 3360 cui
1179 3323 1320 3364 nunc
1371 3311 1681 3367 ministrmn
1728 3329 1789 3370 se
1839 3317 2154 3388 sociumque

570 3392 820 3447 maluerit
863 3397 1158 3464 exhibere,
1223 3403 1517 3457 secundum
1565 3406 1887 3461 sententiam
1942 3410 2150 3464 Domini

569 3483 797 3535 dicentis
831 3501 841 3534 :
871 3483 929 3538 Si
973 3487 1089 3554 quis
1133 3489 1262 3542 mihi
1301 3492 1602 3557 ministrat,
1652 3512 1733 3549 me
1786 3509 2062 3566 sequatur;
2104 3511 2150 3554 et

568 3572 660 3626 ubi
699 3590 812 3626 sum
849 3593 959 3646 ego,
1001 3579 1108 3632 illic
1141 3592 1188 3634 et
1224 3583 1461 3637 minister
1497 3602 1642 3641 meus
1679 3589 1776 3642 erit
1808 3588 1998 3659 (Joan.
2030 3608 2108 3646 xu
2134 3633 2149 3659 ,

566 3663 688 3733 eo).

1214 3763 1440 3822 CAPUT
1472 3769 1536 3823 li.

1139 3854 1214 3910 De
1251 3859 1582 3928 cogitatione.

642 3936 872 3992 Mentem
925 3943 1142 4010 quidem
1196 3963 1300 4001 non
1353 3949 1685 4022 interpellari
1733 3957 2152 4026 cogitationibus

567 4026 900 4096 iii-possibile
929 4041 1032 4096 est,
1080 4037 1356 4107 suscipere
1394 4055 1526 4095 vero
1556 4056 1648 4097 eas
1699 4045 1812 4099 sive
1858 4063 2148 4116 respuere,

558 4120 710 4172 omni
744 4122 983 4176 studenti
1040 4141 1136 4193 per
1161 4130 1391 4196 gratiam
1438 4131 1530 4186 Dei
1577 4135 1834 4204 possibile
1859 4149 1961 4192 est.
1997 4139 2149 4205 Quod

567 4213 888 4266 exercitium
927 4219 1112 4271 cordis
1141 4236 1243 4273 non
1277 4221 1569 4293 incongrue
1612 4226 1874 4282 molarum
1899 4230 2152 4284 similitu-

567 4301 677 4354 dini
729 4318 1112 4374 comparatur,
1158 4326 1294 4380 quas
1344 4324 1553 4370 meatus
1601 4332 1863 4386 aquarum
1911 4335 2152 4392 praeceps

568 4395 768 4464 impetu
818 4409 1026 4454 rotante
1083 4403 1522 4471 provolvit.Qute
1576 4406 1881 4464 nullatenus
1932 4411 2149 4480 quidem

2257 3227 2336 3283 nis
2367 3218 2674 3277 lscariotltis
2705 3227 2759 3270 ut
2788 3217 3017 3270 traderet
3067 3216 3349 3270 Dominum
3385 3213 3569 3286 (Joan.
3603 3230 3723 3278 xm,
3754 3214 3853 3284 2);

2253 3329 2309 3374 et
2335 3317 2529 3371 iterum
2579 3328 2593 3364 :
2638 3309 2762 3364 Post
2789 3308 3097 3374 buccellam,
3149 3308 3342 3378 inquit,
3379 3318 3502 3362 tunc
3531 3307 3767 3361 introivit
3799 3310 3858 3362 in

2252 3410 2409 3464 illum
2450 3405 2683 3462 Satanas
2717 3400 2913 3474 (ibid.).
2964 3401 3158 3456 Petrus
3184 3415 3400 3470 quoque
3441 3400 3506 3454 ad
3555 3399 3853 3453 Auaniam.

2255 3501 2451 3566 Quare,
2483 3497 2580 3561 ait,
2612 3494 2840 3551 Satanas
2869 3495 3085 3548 tentavit
3110 3510 3200 3547 cor
3224 3504 3376 3554 tuum
3401 3493 3609 3546 mentiri
3639 3502 3688 3545 te
3714 3490 3854 3559 Spi-

2256 3591 2381 3645 ritui
2407 3588 2630 3644 sancto?
2663 3587 2803 3656 (Act.
2848 3601 2902 3646 v,
2952 3585 3030 3656 5.)
3060 3585 3126 3640 Ει
3157 3585 3414 3640 Salomon
3444 3602 3456 3637 :
3495 3582 3554 3638 Si
3609 3583 3852 3653 Spiritus

2252 3690 2555 3749 potestatem
2581 3678 2775 3732 habens
2798 3677 3089 3730 ascenderit
3129 3693 3286 3745 super
3310 3685 3380 3740 te,
3407 3673 3580 3728 locum
3607 3685 3760 3728 tuum
3789 3693 3853 3728 ne

2253 3774 2488 3827 dimittas
2531 3769 2733 3841 (Eccle.
2780 3784 2836 3834 κ,
2875 3767 2953 3835 4).
3001 3769 3078 3822 Ex
3142 3769 3301 3824 nobis
3352 3778 3532 3824 autem
3569 3767 3850 3835 oriuntur,

2252 3882 2374 3921 cum
2415 3878 2603 3918 eorum
2632 3877 2750 3930 qua:
2781 3846 3020 3930 gerimus
3049 3859 3131 3915 vel
3160 3861 3449 3931 gessimus,
3493 3860 3574 3915 vel
3627 3858 3849 3914 audivi-

2253 3972 2395 4020 mus,
2428 3953 2747 4008 naturaliter
2775 3953 3151 4018 recordamur;
3185 3953 3251 4005 de
3278 3951 3488 4020 quibus
3512 3952 3700 4006 beatus
3741 3950 3853 4004 Da-

2255 4050 2380 4104 vid:
2417 4046 2673 4115 Cogitavi,
2719 4043 2916 4110 inquit,
2949 4044 3061 4097 dies
3091 4045 3358 4113 antiquos,
3407 4053 3456 4097 et
3490 4058 3658 4096 annos
3687 4053 3853 4096 teter-

2255 4155 2346 4192 nos
2379 4139 2433 4192 in
2456 4146 2626 4190 mente
2653 4137 2836 4190 habui.
2870 4135 2937 4188 Et
2972 4134 3255 4188 meditatus
3312 4149 3430 4186 sum
3487 4143 3637 4185 nocte
3687 4135 3853 4186 corde

2252 4246 2391 4295 meo,
2442 4240 2490 4284 et
2537 4229 2867 4284 exercitabar
2909 4235 2957 4282 et
3012 4225 3324 4280 ventilabam
3378 4227 3622 4294 spiritum
3670 4241 3851 4279 meum

2253 4319 2426 4393 (Psal.
2457 4338 2644 4386 Lxxw,
2680 4321 2734 4391 6)
2761 4338 2776 4386 ;
2809 4328 2860 4375 et
2894 4319 3090 4374 iterum
3121 4335 3134 4371 :
3169 4317 3422 4370 Dominus
3448 4317 3545 4370 scit
3572 4317 3853 4385 cogitatio-

2253 4431 2341 4468 nes
2363 4414 2656 4479 hominum,
2681 4413 2930 4484 quoniam
2955 4427 3103 4466 vente
3151 4419 3272 4464 sunt
3304 4407 3482 4474 (Psal.
3515 4423 3675 4471 nm,
3735 4409 3850 4476 Η).

566 4500 783 4543 cesSare
810 4499 1038 4557 possunt
1063 4493 1130 4548 ab
1170 4510 1336 4564 Opere
1366 4512 1487 4561 suo,
1534 4513 1799 4567 aquarum
1830 4501 2148 4572 impulsibus
2181 4500 2227 4560 D
2253 4505 2312 4559 Et
2347 4523 2358 4558 :
2388 4502 2744 4575 Cogitationes
2783 4504 3058 4574 justorum
3095 4501 3306 4572 judicia
3359 4497 3549 4570 (Prov.
3600 4515 3699 4564 xu,
3734 4501 3852 4571 15).

566 4579 930 4635 cireumactze.
979 4583 1032 4636 In
1072 4584 1186 4649 ejus
1230 4603 1358 4642 vero
1385 4591 1477 4658 qui
1511 4602 1706 4659 praeest
1739 4594 1899 4648 situm
1935 4605 2018 4650 est
2055 4613 2150 4666 po-

569 4676 764 4723 testate
818 4680 1124 4726 utrumnam
1174 4676 1410 4731 triticum
1445 4679 1597 4734 malit
1640 4697 1707 4735 an
1739 4683 2022 4749 hordeum,
2073 4687 2150 4741 lo—

563 4755 765 4815 liumve
809 4763 1122 4817 comminui.
1180 4765 1306 4818 Illud
1355 4768 1555 4838 quippe
1593 4783 1677 4826 est
1716 4775 2148 4831 commolendum

566 4853 707 4922 quod
740 4853 1005 4925 ingestum
1039 4856 1106 4910 ab
1155 4857 1244 4912 illo
1276 4856 1440 4914 fuerit
1471 4862 1555 4915 cui
1602 4865 1782 4932 operis
1831 4866 1975 4923 illius
2017 4883 2147 4923 cura

564 4947 854 5000 commissa
905 4957 1006 5002 est.
1037 4947 1112 5003 lta
1147 4949 1312 5019 igitur
1342 4953 1506 5007 etiam
1539 4969 1692 5011 meus
1716 4973 1812 5026 per
1842 4959 1965 5014 vitae
2007 4976 2148 5030 pra:-

563 5039 734 5094 sentis
778 5040 1027 5096 incursus
1074 5043 1312 5113 tmdique
1358 5043 1738 5116 ingruentibus
1791 5053 2146 5108 tentationum

564 5132 894 5188 torrentibus
920 5133 1270 5200 circumacta,
1301 5151 1470 5191 vacua
1507 5140 1724 5209 quidem
1757 5144 2146 5214 cogitationum

559 5222 782 5278 testibus
811 5238 930 5278 esse
959 5239 1063 5278 non
1095 5227 1319 5294 poterit;
1357 5229 1546 5296 quales
1579 5245 1706 5285 vero
1736 5233 1818 5287 vel
1850 5233 2145 5289 admittere

561 5313 643 5368 vel
689 5301 914 5384 parare'
937 5315 1038 5370 sibi
1100 5315 1316 5381 debeat,
1367 5320 1529 5374 studii
1576 5323 1656 5376 sui
1708 5325 2009 5392 providebit
2061 5325 2143 5378 iu-

560 5404 786 5463 dustria.
821 5406 878 5462 Si
927 5407 1070 5462 enim
1101 5408 1166 5462 ad
1212 5419 1524 5466 sanctarum
1571 5412 1978 5484 Scripturarum
2030 5431 2144 5472 me-

558 5496 877 5554 ditationem
918 5499 1119 5570 iugiter
1150 5516 1528 5566 recurramus,
1585 5521 1649 5561 ac
1684 5510 2000 5564 memoriam
2049 5524 2147 5562 no-

561 5597 731 5646 stram
759 5591 824 5644 ad
855 5593 1290 5648 recordationem
1331 5595 1694 5664 spiritualium
1735 5613 1940 5662 rerum,
1965 5608 2018 5654 et
2053 5599 2147 5652 de.

560 5681 819 5756 sideriqum
851 5684 1218 5752 perfectionis,
1251 5702 1512 5755 spemque
1547 5689 1739 5744 futura:
1791 5692 2143 5746 beatitudinis

560 5769 852 5838 erigamus,
891 5787 1112 5828 necesse
1144 5786 1225 5830 est
1279 5787 1336 5830 ut
1376 5788 1507 5833 ert-.e
1557 5781 1911 5850 cogitationes
1949 5785 2140 5840 exinde

2253 4596 2402 4652 Hanc
2427 4612 2555 4665 ergo
2582 4597 2905 4665 tripertitam
2966 4594 3229 4650 rationem
3261 4600 3478 4662 oportet
3510 4606 3611 4646 nos
3643 4591 3855 4662 jugiter

2250 4689 2564 4753 observare;
2619 4696 2676 4743 et
2737 4687 3018 4741 universas
3073 4684 3433 4755 cogitationes
3496 4698 3620 4752 quae
3668 4697 3853 4738 emer-

2249 4790 2381 4850 gunt
2409 4781 2460 4834 iu
2485 4781 2648 4836 corde
2700 4789 2887 4836 nostra
2939 4778 3120 4847 sagaci
3170 4775 3503 4831 discretione
3551 4775 3850 4841 discutere,

2249 4870 2486 4939 origines
2507 4884 2692 4925 earum
2721 4868 2805 4925 vel
2851 4883 3048 4924 causas
3082 4876 3443 4934 auctoresque
3480 4865 3743 4934 primitus
3769 4868 3852 4920 in-

2252 4961 2534 5028 dagantcs,
2559 4971 2615 5016 ut
2640 4961 2832 5031 quales
2878 4976 2978 5016 nos
3007 4961 3087 5015 eis
3134 4958 3374 5030 praebere
3422 4957 3745 5020 debeamus,
3783 4975 3848 5014 es

2251 5053 2461 5107 illorum
2505 5054 2701 5108 merito
2727 5054 2817 5123 qui
2846 5069 2942 5108 eas
2973 5060 3292 5124 suggerunt,
3328 5050 3683 5105 considerare
3723 5066 3849 5121 pos-

2247 5147 2438 5213 simus,
2469 5162 2535 5201 ne
2572 5161 2676 5214 qua
2702 5146 2842 5200 forte
2870 5143 3247 5201 intellectualis
3277 5142 3480 5196 ibidem
3535 5143 3735 5206 bestia,
3765 5144 3848 5198 vel

2249 5238 2355 5303 leo,
2386 5237 2466 5293 vel
2497 5239 2662 5293 draco
2694 5238 3088 5308 pertransiens,
3124 5235 3432 5306 perniciosa
3489 5235 3720 5305 vestigia
3773 5237 3847 5289 la-

2251 5341 2426 5386 tenter
2451 5331 2808 5400 impresserit,
2839 5330 3037 5400 quibus
3072 5345 3325 5385 accessus
3346 5328 3513 5382 etiam
3545 5327 3766 5382 caneris
3792 5327 3842 5380 in

2248 5423 2428 5478 abdita
2480 5424 2718 5494 pectoris
2748 5424 2917 5478 nostri
2973 5438 3070 5492 per
3127 5423 3518 5493 cogitationum
3567 5417 3846 5488 negligen-

2251 5513 2378 5567 tiam
2411 5515 2734 5584 prmbeatur.
2775 5512 2838 5566 Et
2883 5512 2956 5566 ita
2988 5526 3083 5582 per
3150 5512 3392 5581 singulas
3448 5514 3619 5568 horas
3669 5520 3843 5576 atque

2249 5612 2519 5658 momenta
2552 5611 2748 5656 terram
2772 5601 2952 5658 cordis
2978 5601 3145 5656 nostri
3168 5601 3481 5671 evangelico
3501 5611 3708 5664 aratro,
3740 5600 3841 5652 hoc

2249 5695 2468 5763 estjugi
2523 5694 2821 5762 Dominica:
2873 5694 3053 5751 crucis
3110 5694 3491 5750 recordatione
3539 5693 3835 5750 sulcantes.

2251 5786 2332 5839 vel
2365 5785 2642 5840 noxiarum
2668 5802 2732 5841 ex
2757 5787 2913 5841 nobis
2953 5786 3187 5843 ferarum
3217 5785 3436 5852 cubilia,
3470 5787 3554 5841 vel
3603 5785 3838 5840 virulen-
