4048 6288
229 363 374 425 1025

1436 353 1852 412 ΤΒᾹἙΤΑΤΗΞ
1890 352 2297 411 ASCETICUS.

3362 354 3503 413 “‘26

228 493 412 539 torum
441 480 776 546 serpentium
801 470 1164 528 exterminare
1212 468 1433 525 latibula
1491 468 1808 539 poterimus.
1839 478 1886 536 Α
1916 468 2146 538 quisque
2174 466 2338 524 fuerit
2367 469 2760 535 communitus,
2789 469 2856 527 ab
2884 470 3121 526 hostium
3146 486 3358 543 semper
3378 473 3499 529 telis

229 572 401 642 Hujus
426 581 556 639 ergo
583 564 837 636 perfecta:
863 562 1065 619 mentis
1099 562 1268 633 ﬁgura
1313 575 1412 632 per
1463 560 1611 615 illum
1646 575 1829 619 evans

229 662 460 733 gelicum
483 654 852 713 centurionem
880 652 1250 725 pulcherrime
1287 651 1621 723 designatur.
1648 650 1813 721 Cujus

228 753 406 806 virtus
440 754 607 817 atque
658 745 987 810 constantia,
1041 758 1148 813 qua
1200 756 1308 797 non
1357 741 1690 813 quibuslibet
1734 741 1815 795 in-

226 840 547 914 gruentibus
582 834 1001 906 cogitationibus
1028 836 1422 900 abducebatur,
1461 834 1556 890 sed
1585 850 1686 909 pro
1712 848 1813 890 suo

223 930 431 1002 judicio
462 927 543 983 vel
564 926 885 982 admittebat
909 927 1100 992 bonas,
1129 927 1215 983 vel
1249 926 1554 983 contrarias
1605 925 1813 995 absque

231 1020 341 1074 ulla
364 1016 681 1074 diﬂicullate
711 1014 968 1085 pellebat,
1018 1018 1129 1075 bac‘
1175 1017 1381 1088 tropica
1421 1015 1815 1088 signiﬁcatione

229 1110 505 1182 descripta
537 1120 621 1166 est
650 1128 665 1165 :
697 1109 839 1164 Nam
872 1120 917 1164 et
956 1126 1051 1181 ego
1087 1111 1244 1166 homo
1274 1126 1390 1165 sum
1436 1109 1530 1163 sub
1564 1119 1815 1179 potestate

227 1200 425 1255 habens
448 1198 545 1254 sub
567 1215 649 1254 me
677 1196 885 1263 milites,
904 1208 952 1253 et
976 1200 1094 1254 dico
1112 1199 1234 1254 huic
1255 1216 1275 1253 :
1310 1197 1470 1266 Vade,
1494 1208 1542 1254 et
1570 1199 1710 1253 radit
1730 1208 1814 1263 ;et

225 1289 337 1344 alio
364 1288 550 1355 :Veni,
579 1300 626 1344 et
650 1291 784 1345 venit
802 1307 822 1354 ;
840 1301 889 1345 et
916 1307 1063 1345 servo
1099 1306 1211 1345 meo
1239 1305 1259 1344 :
1281 1288 1395 1343 Fac
1425 1292 1544 1354 hoc,
1589 1298 1637 1343 et
1684 1289 1815 1359 facit

228 1380 451 1450 (Matth.
479 1395 599 1447 vut,
623 1380 684 1448 9;
732 1380 862 1436 Luc.
892 1397 988 1445 vn,
1022 1382 1101 1452 8).
1148 1380 1205 1436 Si
1243 1380 1407 1451 igitur
1454 1396 1553 1436 nos
1602 1395 1817 1450 quoque

228 1471 465 1532 viriliter
489 1472 749 1527 adversus
776 1474 1212 1544 perturbationes
1237 1481 1293 1525 et
1314 1471 1444 1526 vitia
1471 1472 1811 1538 dimicantes,

226 1564 569 1635 potuerimus
618 1579 680 1619 ea
711 1563 901 1619 ditioni
932 1573 1131 1619 nostra:
1176 1562 1600 1634 discretionique
1648 1563 1817 1634 subji-

232 1670 384 1722 cere,
424 1656 511 1712 vel
563 1655 871 1712 instabilem
925 1656 1314 1726 cogitationum
1367 1663 1674 1710 nostrarum
1726 1670 1820 1711 co-

229 1745 445 1801 hortem
476 1745 705 1801 rationis
757 1746 986 1816 imperio
1032 1743 1343 1816 subjugare,
1398 1746 1466 1800 ad
1519 1745 1818 1817 spiritualis

1915 572 1982 613 ac
2004 557 2351 628 populatione
2380 555 2655 624 defensus,
2678 574 2784 614 non
2809 570 2868 614 ut
2890 560 3139 630 captivus
3160 576 3223 616 ac
3248 561 3499 618 subditus

1915 650 1982 705 ad
2023 649 2272 706 hostilem
2324 650 2714 720 cogitationum
2779 660 3004 719 terrant,
3072 644 3533 721 deprwdantium‘

1914 742 2242 797 constrictus
2270 741 2499 798 vinculis
2528 742 2848 810 abducetur,
2878 759 2981 800 nec
3029 745 3212 800 audiet
3241 760 3501 817 perpro-

1914 833 2189 904 pbetam:
2243 831 2421 899 Quare
2480 834 2800 890 inveteratus
2863 852 2918 892 es
2978 839 3032 890 in
3094 847 3234 891 terra
3285 838 3502 892 aliena?

1916 925 2149 997 (Βαναεή
2200 940 2286 993 ιιι,
2314 926 2425 997 il.)
2454 925 2560 983 Sed
2591 937 2846 999 tanquam
2897 928 3259 998 triumphator
3303 927 3356 982 in
3409 927 3499 982 illa

1915 1031 2020 1087 qua
2048 1017 2281 1072 voluerit
2302 1017 2693 1088 cogitationum
2724 1017 2944 1088 regione
2965 1018 3251 1073 consistet.
3286 1016 3379 1074 Vis
3406 1034 3503 1072 au-

1918 1116 2025 1163 tem
2055 1106 2228 1177 ipsum
2254 1107 2419 1163 robur
2446 1123 2512 1163 ac
2549 1107 2919 1163 fortitudinem
2951 1107 3288 1164 centurionis
3314 1108 3499 1178 hujus,

1916 1201 2113 1270 quibus
2150 1200 2265 1255 haec
2287 1215 2438 1255 arma
2464 1216 2584 1271 qua:
2605 1200 2955 1270 prazdixitnus
2982 1216 3088 1256 non
3132 1200 3375 1256 carnalia
3403 1201 3501 1256 sed

1917 1290 2157 1359 potentia
2189 1289 2300 1345 Deo
2319 1299 2514 1361 gestet,
2545 1290 2879 1361 agnoscere?
2905 1290 3046 1345 Audi
3094 1291 3279 1361 ipsum.
3298 1290 3504 1360 Regem

1917 1380 2065 1436 viros
2091 1380 2262 1436 fortes
2291 1381 2356 1436 ad
2386 1381 2724 1450 spiritualem
2756 1381 3005 1436 militiam
3055 1392 3504 1452 congreganlem,

1917 1485 2025 1540 quo
2047 1484 2140 1524 eos
2168 1468 2407 1524 delectos
2428 1471 2604 1540 signet
2627 1484 2692 1524 ac
2720 1470 2912 1539 probet
2936 1487 2950 1524 :
3002 1468 3279 1538 Inﬁrmus,
3304 1469 3505 1539 inquit,

1917 1562 2060 1617 dicat
2084 1578 2103 1616 :
2130 1561 2267 1627 Quia
2292 1560 2481 1631 fortior
2499 1579 2614 1617 sum
2633 1578 2725 1633 ego
2759 1560 2919 1634 (Joel.
2947 1578 3031 1628 ιιι,
3060 1561 3182 1633 10);
3208 1572 3265 1619 et
3290 1563 3382 1632 qui
3415 1578 3509 1631 pa-

1921 1650 2059 1722 tiens
2081 1659 2188 1715 est,
2240 1651 2312 1706 sit
2339 1658 2635 1721 pugnator.
2671 1650 2882 1706 Videtis
2924 1665 3054 1722 ergo
3098 1650 3239 1706 bella
3293 1649 3507 1705 Domini

1918 1743 2147 1814 prwliari
2178 1758 2283 1799 non
2314 1757 2474 1813 posse
2510 1742 2611 1798 nisi
2664 1750 2934 1812 patientes
2988 1741 3346 1812 inﬁrmusque
3371 1759 3387 1807 ;
3414 1741 3523 1797 illa.

228 1836 394 1907 hujus
437 1836 772 1892 centurionis
819 1836 1065 1892 ordinem
1110 1837 1496 1908 provebetnur,
1541 1853 1703 1908 quem
1758 1838 1813 1894 in
1847 1833 1891 1911 Β
1918 1832 2107 1904 procul
2165 1833 2329 1888 dubio
2378 1832 2696 1888 inﬁrmitate
2736 1848 2839 1902 qua
2881 1832 3137 1887 fundatus
3192 1831 3283 1888 ille
3324 1840 3508 1887 noster

230 1927 421 1982 Exodo
466 1942 681 1997 quoque
723 1943 820 1999 per
862 1928 1083 1999 Moysen
1130 1928 1361 1998 legimus
1413 1929 1754 2002 designatum
1794 1949 1810 1986 :

230 2019 500 2072 Constitue
531 2019 624 2072 tibi
651 2019 991 2084 chiliarchas,
1019 2029 1069 2074 et
1089 2022 1438 2087 centuriones,
1479 2032 1527 2077 et
1559 2023 1815 2093 quinqua-

230 2108 492 2177 genarias,
536 2118 585 2167 et
611 2110 837 2165 decanos
870 2109 1068 2182 (Exod.
1122 2126 1279 2176 xvut,
1306 2111 1422 2182 21).
1476 2111 1546 2166 Et
1600 2113 1673 2167 ita
1719 2127 1819 2169 nos

229 2215 448 2270 quoque
489 2201 649 2272 hujus
673 2202 951 2272 dignitatis
976 2203 1128 2273 apice
1157 2203 1455 2271 sublimati,
1496 2204 1819 2259 habebimus

231 2290 374 2348 hanc
406 2292 709 2363 imperandi
761 2302 1103 2364 potestatem,
1138 2304 1199 2348 ut
1244 2293 1401 2349 malis
1437 2295 1653 2364 quidem
1694 2309 1822 2366 sug-

228 2383 573 2453 gestionibus
604 2384 981 2455 praecipiamus
1006 2386 1220 2449 :Abite,
1251 2393 1306 2440 et
1357 2385 1609 2452 abibunt;
1663 2386 1837 2445 bonis,

233 2488 369 2539 vero
400 2490 416 2528 :
447 2473 654 2540 Venite,
695 2483 751 2530 et
774 2476 1013 2531 venient.
1045 2474 1215 2532 Servo
1237 2490 1456 2545 quoque
1511 2483 1723 2536 nostro.
1768 2474 1821 2530 id

232 2574 318 2619 est
339 2565 583 2632 corpori,
606 2580 669 2619 ea
697 2581 819 2635 quae
846 2567 1117 2623 castitatis
1145 2567 1227 2621 vel
1270 2566 1620 2622 continentia:
1671 2574 1820 2634 sunt,

233 2653 493 2709 similiter
520 2654 883 2726 injungemus,
907 2666 961 2711 et
986 2657 1105 2712 sine
1130 2655 1236 2711 ulla
1276 2654 1710 2713 contradictione
1730 2656 1825 2712 de-

232 2744 456 2811 serviet,
489 2760 595 2800 non
625 2746 739 2816 jam
769 2747 1043 2803 suscitans
1073 2748 1230 2803 nobis
1263 2746 1525 2805 adversos
1569 2746 1826 2817 concupi-

233 2834 457 2891 scentia:
484 2835 753 2904 stimulos,
792 2837 885 2892 sed
912 2851 1128 2892 omnem
1178 2838 1447 2895 exhibens
1481 2837 1699 2909 spiritui
1749 2836 1831 2895 fa-,

232 2923 518 2980 ululatum.

304 3014 478 3084 Hujus
515 3016 845 3073 centurionis
872 3017 1051 3088 qualia
1087 3034 1238 3073 arma
1267 3019 1398 3086 sint,
1453 3020 1541 3077 vel
1589 3018 1660 3086 ad
1705 3033 1829 3089 qua:

233 3107 544 3178 praeliorum
568 3107 828 3163 exercitia
867 3120 1260 3180 pratparentur,
1317 3111 1444 3166 audi
1501 3110 1823 3181 Apostolutn

233 3173 620 3269 praedicantem
663 3173 894 3275 :Arma,
947 3173 1151 3272 inquit,
1191 3173 1435 3271 potentia:
1485 3173 1675 3257 nostra:
1719 3218 1825 3256 non
1850 3173 1893 3230 θ

235 3297 357 3343 sunt
388 3288 647 3355 carnalia,
671 3290 764 3344 sed
790 3291 1023 3362 potentia
1043 3291 1155 3347 Deo
1187 3290 1239 3354 (Ι
1250 3291 1277 3347 1
1327 3291 1449 3348 Cor.
1490 3310 1548 3362 χ,
1579 3294 1660 3365 4).
1690 3293 1826 3363 Qui-

234 3379 341 3435 bus
370 3395 471 3435 nos
509 3396 725 3451 quoque
760 3381 806 3437 si
838 3382 1087 3439 volumus
1129 3383 1267 3440 bella
1301 3384 1515 3452 Domini
1566 3388 1822 3459 praeliari,

237 3479 296 3525 et
325 3470 473 3527 inter
523 3473 871 3529 centuriones
916 3476 1258 3547 evangelicos
1298 3476 1553 3545 militare,
1590 3482 1824 3539 accincti

230 3560 439 3633 iugiter
475 3561 736 3620 debemus
784 3564 1035 3621 incedere
1065 3584 1079 3621 :
1128 3567 1353 3636 Sumite,
1390 3571 1590 3641 inquit,
1619 3583 1826 3631 scutum

234 3653 386 3722 fidei,
409 3655 463 3708 in
487 3672 590 3722 quo
610 3658 818 3726 possitis
854 3659 1029 3713 omnia
1058 3660 1161 3715 tela
1191 3662 1497 3732 nequissimi
1535 3665 1702 3736 ignita
1735 3684 1829 3724 ea:-

234 3743 500 3814 stinguere
535 3742 754 3815 (Epltes.
808 3763 886 3811 Vl,
937 3748 1047 3819 16).
1081 3749 1221 3820 Ergo
1246 3750 1382 3808 ﬁdes
1408 3762 1495 3809 est
1525 3770 1645 3824 quae
1679 3759 1827 3815 exci-

233 3832 396 3901 piens
422 3833 806 3891 ardentissima
827 3837 1114 3893 libidinum
1145 3839 1274 3906 tela,
1307 3852 1453 3898 metu
1484 3843 1651 3902 futuri
1673 3848 1825 3919 judi-

233 3924 306 3980 cii
336 3932 394 3979 et
420 3925 658 3982 ctelestis
697 3929 848 4000 regni
877 3929 1193 3985 credulitate
1240 3932 1551 3990 mortiﬁcat.
1584 3934 1654 3990 Et
1692 3937 1824 3993 lori-

234 4032 377 4083 cam,
432 4017 627 4087 inquit,
675 4020 946 4075 charitatis
978 4019 1160 4093 (ibid.,
1189 4022 1300 4093 M).
1337 4023 1455 4094 ipsa
1502 4041 1695 4099 nempe
1742 4038 1827 4087 est

234 4120 360 4176 qua:
389 4106 569 4162 vitalia
598 4109 837 4179 pectoris
875 4112 1044 4181 nosui
1081 4113 1432 4181 circumdans
1486 4125 1649 4188 atque
1676 4134 1826 4177 com-

234 4198 520 4265 ntuttiens,
553 4200 619 4256 ad
662 4201 977 4258 interiorem
1032 4204 1304 4262 hominem
1358 4218 1602 4265 nostrum
1641 4212 1826 4282 jaeula

234 4290 440 4347 diaboli
467 4303 754 4361 penetrare
777 4310 883 4349 non
905 4296 1191 4365 permittit.
1215 4297 1407 4359 Omnia
1439 4302 1584 4357 enim
1611 4303 1822 4372 suﬁert,

233 4384 420 4439 omnia
454 4385 670 4454 patitur,
708 4388 890 4442 omnia
919 4389 1171 4444 sustinet.
1204 4390 1275 4445 Et
1297 4380 1504 4462 galeam
1536 4409 1686 4466 spem
1730 4412 1824 4451 sa-

235 4476 366 4531 Iutis
391 4477 688 4549 (ibid.,l7).
711 4478 877 4573 galea
903 4481 1099 4552 capitis
1113 4491 1196 4539 est
1217 4485 1517 4543 munimen.
1536 4487 1670 4555 Quia
1692 4503 1825 4561 ergo
1852 4516 1899 4573 Β

232 4579 404 4640 caput
433 4578 674 4626 nostrum
698 4570 949 4629 Christus
985 4584 1085 4640 est,
1121 4575 1380 4633 debemus
1421 4578 1561 4635 istud
1608 4596 1822 4654 semper

232 4676 335 4732 spe
362 4660 626 4717 bonorum
653 4662 953 4720 futurorum
993 4665 1139 4737 velut
1161 4670 1559 4740 inexpugnabili
1585 4673 1736 4744 galea
1768 4676 1829 4731 in,

233 4752 450 4808 cunctis
473 4754 861 4812 tentationibus
881 4771 947 4811 ac
968 4759 1441 4828 persecutionibus
1461 4767 1820 4834 communire,

233 4853 296 4898 et
319 4842 691 4914 principaliter
730 4845 888 4901 ﬁdem
920 4846 1039 4917 ejus
1087 4846 1308 4904 illaesant
1340 4859 1504 4922 atque
1557 4853 1823 4926 integrant

233 4938 534 4995 custodire.
565 4939 699 4995 Aliis
714 4940 857 4995 enim
879 4942 1137 4997 membris
1162 4951 1467 5001 truncatum
1491 4949 1820 5018 quempiam,

233 5029 366 5083 licet
394 5028 644 5095 debilem,
672 5031 929 5102 possibile
975 5041 1155 5088 tamen
1182 5043 1263 5090 est
1310 5047 1587 5107 utcunque
1636 5054 1826 5110 super-

232 5135 390 5199 esse;
423 5120 542 5175 sine
590 5123 764 5193 capite
793 5137 923 5179 vero
953 5125 1152 5180 nemini
1203 5126 1287 5183 vel
1338 5129 1521 5195 brevis
1543 5130 1667 5187 vitae
1700 5147 1827 5195 spa-

235 5209 374 5261 titttn
398 5221 750 5281 praerogatur.
787 5209 853 5264 Et
873 5211 1110 5282 gladium
1141 5213 1394 5282 Spiritus,
1417 5218 1559 5288 quod
1592 5231 1669 5275 est
1713 5238 1826 5277 ver-

233 5299 361 5356 bum
395 5297 492 5353 Dei
523 5300 721 5376 (ibid.).
758 5298 1143 5385 Penetrabilius
1173 5321 1405 5376 namque
1431 5320 1515 5364 est
1546 5313 1685 5368 omni
1708 5312 1825 5383 σίας

231 5392 325 5449 dio
364 5395 602 5465 ancipiti,
638 5405 686 5450 et
723 5398 1021 5468 pertingens
1057 5413 1220 5465 usque
1265 5399 1335 5452 ad
1367 5401 1670 5457 divisionem
1701 5405 1822 5458 ani-

180 5504 185 5511 ί
232 5498 339 5537 ma:
365 5500 428 5538 ac
453 5485 690 5556 spiritus,
716 5503 1020 5559 compagum
1047 5504 1248 5559 quoque
1283 5506 1346 5544 ac
1364 5492 1751 5560 medullarum,
1773 5504 1822 5550 et

232 5572 886 5644 discretorcogitatiunum
939 5578 1359 5632 ctintentionum
1405 5582 1578 5637 cordis
1633 5582 1820 5653 (Hebr.

229 5677 315 5725 tv,
351 5661 469 5733 12);
507 5663 751 5721 dividens
785 5665 1066 5721 scilicetet
1099 5667 1425 5724 abscindens
1481 5671 1741 5742 quidquid
1768 5675 1823 5731 in

234 5753 396 5808 nobis
441 5756 659 5813 carnale
680 5764 1062 5827 terrenumque
1095 5758 1375 5828 repererit.
1410 5758 1616 5827 Quibus
1646 5764 1823 5819 armis

1916 1927 2260 1999 evangelicus
2278 1926 2538 1997 centurio
2562 1941 2684 1981 cum
2741 1925 2938 1982 ﬁducia
2968 1926 3327 1997 loquebatur:
3370 1922 3506 1979 Cum

1916 2017 2055 2071 enim
2081 2017 2340 2086 inﬁrmor,
2369 2006 2491 2071 tunc
2516 2015 2705 2087 fortior
2722 2032 2840 2070 sum
2870 2014 2953 2086 (ΙΙ
2981 2014 3107 2070 Cor.
3146 2030 3248 2081 xu,
3273 2013 3384 2085 10).
3436 2014 3508 2069 Et

1919 2108 2116 2167 iterum
2156 2123 2171 2163 :
2231 2108 2409 2164 Virtus
2454 2110 2509 2164 in
2564 2108 2872 2177 inﬁmitate
2915 2108 3185 2179 perﬁcitur
3215 2108 3390 2178 (ibid.,
3425 2105 3521 2179 9).?

1920 2199 1997 2254 De
2017 2214 2121 2268 qua
2152 2199 2471 2256 inﬁrmitate
2514 2215 2658 2256 unus
2682 2199 3068 2270 prophetarum
3094 2213 3108 2254 :
3138 2196 3205 2253 Et
3251 2202 3373 2264 erit,
3427 2198 3523 2257 in-.

1920 2291 2059 2361 quit,
2082 2291 2173 2360 qui
2196 2292 2650 2360 infirmatur-mter
2668 2309 2779 2355 eos,
2808 2296 2943 2351 sicut
2972 2294 3159 2349 domus
3182 2292 3373 2349 David.
3404 2292 3513 2351 Pa-

1924 2380 2065 2435 tiens
2088 2380 2249 2434 etiam
2290 2381 2405 2437 haec
2457 2381 2598 2437 bella
2655 2382 3010 2453 praeliabitur,
3050 2399 3262 2452 nempe.
3297 2383 3385 2440 illa
3414 2400 3509 2455 pa-

1924 2458 2121 2526 tientia
2138 2471 2205 2527 de
2232 2487 2336 2540 qua
2360 2472 2558 2527 dicitur
2584 2487 2598 2525 :
2630 2469 2897 2527 Patientia
2926 2473 3069 2529 vobis
3092 2474 3388 2529 necessaria
3410 2484 3506 2537 est,

1923 2571 1979 2616 ut
2011 2560 2329 2616 voluntatem
2397 2561 2488 2615 Dei
2530 2561 2782 2630 facientes
2820 2563 3086 2632 recipiatis
3133 2565 3511 2620 remuneratio—

1924 2670 2039 2710 nem
2079 2652 2267 2725 (Hebr.
2298 2670 2353 2721 ιε,
2381 2653 2494 2731 36).

1994 2745 2072 2801 De
2101 2744 2335 2816 maligna
2362 2745 2692 2817 cogitatione
2738 2744 2869 2801 illud
2919 2760 3079 2801 nosse
3102 2744 3361 2802 debemus
3380 2745 3511 2816 quia

1926 2835 2070 2891 illico
2091 2844 2151 2890 ut
2173 2850 2273 2906 per
2296 2835 2693 2892 confessionem
2724 2833 2995 2906 patefacta
3038 2835 3222 2900 fuerit,
3272 2852 3515 2892 marces-

1926 2928 2030 2994 cit;
2056 2937 2113 2984 et
2138 2937 2428 2999 antequam
2486 2928 2831 2984 discretionis
2872 2927 3139 2997 judicium
3174 2928 3508 3001 proferatur,

1927 3035 2151 3091 serpens
2189 3021 2502 3077 teterrimos
2530 3022 2679 3078 velut
2710 3022 3000 3078 tenebroso
3047 3036 3113 3077 ac
3155 3022 3511 3078 subterraneo

1928 3130 2090 3186 specu
2122 3116 2323 3173 virtute
2343 3115 2703 3172 confessionis
2732 3124 3045 3188 protractus
3090 3115 3159 3169 ad
3211 3115 3414 3181 lucem,
3456 3123 3514 3170 et

1929 3205 2207 3260 traductus
2234 3204 2636 3276 quodammodo
2663 3219 2729 3260 ac
2777 3204 3187 3268 dehonestatus,
3243 3202 3508 3258 abscedit.

1927 3293 2135 3349 Tandiu
2160 3300 2394 3364 namQue
2418 3293 2790 3366 suggestiones
2813 3292 2932 3363 ejus
2959 3292 3136 3348 noxia:
3163 3290 3525 3347 dominantur.

1925 3381 1980 3437 in
2004 3382 2159 3437 nobis
2178 3383 2415 3452 quandiu
2445 3383 2690 3438 celantur
2715 3383 2768 3436 in
2798 3383 2982 3438 corde.
3009 3382 3180 3449 Quem
3210 3396 3430 3438 sensum
3454 3381 3509 3436 in

1927 3472 2252 3531 Ecclesiaste
2306 3488 2523 3545 quoque
2572 3472 2800 3544 legimus
2830 3474 3157 3544 ﬁguratum:
3191 3471 3251 3529 Si
3285 3488 3517 3528 momor-

1925 3564 2083 3631 derit,
2109 3565 2302 3636 inquit,
2340 3582 2551 3637 serpeus
2589 3583 2693 3621 non
2715 3566 2771 3620 in
2792 3564 2967 3632 sibilo,
2992 3581 3097 3619 non
3137 3576 3213 3621 est
3237 3565 3517 3620 abundan-

1926 3659 2003 3713 tia
2024 3658 2365 3721 incantatori,
2400 3658 2548 3716 taciti
2576 3656 2846 3728 serpentis
2873 3673 3111 3714 morsum
3140 3658 3511 3728 perniciosum

1925 3766 2049 3808 esse
2076 3751 2390 3823 designans.
2417 3750 2476 3806 Id
2504 3759 2608 3816 est,
2661 3749 2708 3806 si
2737 3765 2837 3820 per
2876 3749 3278 3806 confessionem
3314 3760 3521 3822 sugge-’

1927 3843 2032 3899 stio
2084 3856 2177 3898 seu
2230 3841 2488 3911 cogitatio
2541 3840 2808 3896 diabolica
2863 3841 3187 3896 incantatori
3233 3840 3512 3909 cuiquam,

1926 3933 2198 4006 spirituali
2223 3932 2435 3989 scilicet
2461 3932 2581 3988 viro
2601 3932 2693 4001 qui
2721 3930 3061 3999 carminibus
3098 3930 3508 4000 Scripturarum

1925 4024 2129 4082 mederi
2152 4023 2400 4094 protinus
2438 4021 2672 4087 vulneri,
2701 4029 2756 4076 et
2792 4021 3082 4078 extrahere
3100 4021 3169 4076 de
3189 4020 3353 4085 corde
3378 4034 3513 4075 con-

1926 4115 2100 4172 suevit
2122 4114 2284 4170 noxia
2307 4128 2517 4170 venena
2543 4113 2837 4184 serpentis,
2876 4111 3150 4183 patefacta
3181 4127 3288 4166 non
3324 4110 3512 4176 fuerit,

1926 4219 2243 4263 succurrere
2267 4202 2593 4275 periclitanti
2625 4204 2936 4274 periturove
2963 4217 3073 4259 non
3117 4202 3336 4272 poterit.
3372 4199 3512 4254 Nam

1924 4301 2187 4357 bonarum
2220 4312 2403 4352 rerum
2454 4312 2562 4352 non
2595 4305 2802 4352 tantum
2850 4306 3155 4367 suggestor,
3201 4295 3296 4350 sed
3345 4292 3514 4348 etiam

1925 4390 2106 4446 fautor
2125 4398 2288 4462 atque
2318 4387 2582 4460 impulsor
2617 4396 2702 4444 est
2732 4387 2896 4452 Deus,
2929 4387 3000 4442 ita
3034 4395 3092 4442 ut
3119 4401 3510 4457 nonnunquam

1926 4495 2027 4537 nos
2050 4480 2214 4557 etiam
2242 4480 2437 4537 invitos
2458 4488 2514 4535 et
2540 4479 2851 4550 ignorantes
2869 4479 3109 4535 attrahat
3150 4478 3219 4534 ad
3256 4478 3510 4539 salutem.

1925 4560 2149 4637 Constat
2176 4586 2306 4641 ergo
2333 4569 2605 4628 neminem
2631 4584 2788 4641 posse
2818 4584 2850 4625 a
2894 4569 3111 4626 diabolo
3159 4569 3356 4641 decipi,
3407 4567 3510 4624 nisi

1924 4679 2048 4720 eum
2074 4664 2163 4734 qui
2195 4663 2437 4734 prtebere
2468 4663 2518 4718 ei
2554 4662 2810 4718 maluerit
2854 4676 2966 4718 sua:
2996 4661 3291 4717 voluntatis
3322 4675 3513 4717 assen-

1925 4773 2063 4816 sum.

2538 4851 2768 4910 CAPUT
2797 4851 2876 4907 Ill.

2170 4945 2249 5001 De
2268 4946 2690 5016 concupiscentia
2725 4945 2899 4998 carnis
2931 4960 2993 4997 ac
3024 4944 3258 5015 spiritus.

1996 5041 2197 5111 Spiritu
2223 5040 2509 5105 ambulate,
2538 5049 2586 5095 et
2622 5039 2884 5095 desideria
2911 5041 3089 5093 carnis
3124 5055 3228 5093 non
3268 5038 3510 5109 perlicie-

1925 5132 2012 5186 tis.
2047 5131 2186 5185 Caro
2239 5132 2378 5186 enim
2430 5130 2749 5201 concupiscit
2787 5130 3036 5185 adversus
3092 5130 3354 5200 spiritum,
3398 5130 3511 5200 spi-

1926 5223 2057 5278 ritus
2083 5233 2258 5278 autem
2297 5224 2546 5278 adversus
2594 5239 2831 5282 carnem.
2875 5223 3004 5278 "(re
3060 5235 3234 5277 autem
3285 5223 3507 5278 invicem

1926 5316 2270 5370 adversantur
2288 5316 2407 5379 sibi,
2440 5325 2496 5370 ut
2517 5333 2620 5371 non
2644 5332 2963 5387 quaecunque
3004 5315 3179 5380 vultis,
3210 5314 3303 5368 illa
3342 5316 3514 5383 faciaé

1925 5405 1989 5458 tis
2021 5400 2161 5475 (Gal.
2189 5419 2242 5469 ν,
2270 5404 2382 5477 16).
2411 5403 2547 5460 Tres
2570 5420 2656 5461 res
2678 5405 2780 5461 hoc
2805 5404 2923 5460 loco
2953 5406 3021 5461 ab
3047 5404 3307 5476 Apostolo
3338 5398 3515 5459 nouli-‘-

1926 5495 2044 5549 nari
2074 5494 2328 5550 videntur
2357 5514 2370 5549 ε
2403 5495 2844 5566 concupiscentia
2874 5497 3056 5551 carnis
3082 5497 3347 5551 adversus
3396 5494 3512 5565 spi-

1926 5586 2115 5652 ritum,
2142 5595 2199 5641 et
2227 5587 2454 5658 spiritus
2478 5588 2736 5642 adversus
2771 5601 3012 5641 carnem.
3042 5588 3284 5655 Quorum
3316 5588 3512 5642 adver£

1926 5692 2018 5732 sus
2050 5692 2110 5734 se
2143 5678 2375 5734 invicem
2404 5694 2580 5750 pugna
2633 5678 2775 5733 hanc
2803 5679 3015 5735 videtur
3061 5680 3262 5735 habere
3287 5692 3513 5735 causam

1926 5778 2088 5840 atque
2116 5770 2401 5838 rationem,
2432 5780 2489 5825 ut
2522 5785 2585 5826 ea
2609 5786 2732 5841 qua:
2760 5771 3025 5835 volumus.
3082 5771 3277 5843 inquit,
3331 5770 3515 5829 facere
