4048 6288
500 350 637 408 ίῦἳἿ

832 347 892 405 S.
938 348 1236 405 ANSELMI
1273 347 1620 404 CANTUAR.
1663 338 1978 398 ARCHIEP.
2023 339 2095 396 Ol

2207 336 2388 394 PARS
2417 338 2481 393 ll.
2517 364 2582 379 —--
2624 335 2996 395 PARJENET.
3022 334 3114 394 ET
3151 331 3398 394 ASCET.

3631 337 3771 394 1328

505 477 860 533 nequeamus.
891 461 1091 538 Quarta
1117 461 1278 528 igitur
1324 468 1572 528 superest
1613 471 1799 519 causa,
1846 461 1904 506 ttt
1955 449 2086 504 illud
2116 457 2160 512 Α
2188 447 2480 518 terpellans
2511 446 2849 503 imbecillitas
2885 462 3085 512 carnis,
3121 445 3188 500 ab
3233 446 3319 500 illa
3354 437 3769 516 reprehensibili

501 558 708 614 scilicet
737 558 877 627 quod
901 559 1168 618 nolumus,
1201 553 1484 608 faciamus.
1519 550 1669 604 Nunc
1692 563 1820 617 ergo
1849 547 1915 601 de
1965 545 2076 600 sin-

499 650 952 721 gulis‘videamus.
977 647 1205 702 Carnem
1238 647 1340 699 hoc
1383 645 1501 697 loco
1528 657 1632 696 non
1681 641 1980 702 hominem,
2026 639 2078 691 id

501 751 586 797 est
613 741 848 796 hominis
869 739 1252 801 substantiam,
1283 737 1376 792 sed
1401 736 1516 805 ejus
1548 733 1812 789 desideria
1846 731 2079 800 pessima

500 829 759 884 debemus
779 829 1045 900 accipere,
1074 828 1212 882 sicut
1233 842 1301 881 ne
1325 827 1574 896 spiritum
1606 824 1822 893 quidem
1847 823 2078 892 aliquam

501 935 614 974 rem
675 919 1110 984 subslantialem,
1159 919 1254 973 sed
1306 917 1500 970 animae
1539 915 1804 969 desideria
1839 915 1977 968 bona
2028 922 2083 966 et

499 1011 796 1081 spiritualia
827 1009 1117 1080 designari.
1145 1009 1275 1076 Quae
1298 1023 1419 1063 cum
1462 1017 1712 1075 utraque,
1745 1005 1798 1060 id
1823 1014 1906 1058 est
1933 1003 2080 1059 desi-

499 1101 648 1156 deria
679 1101 855 1154 carnis
879 1109 932 1154 et
952 1099 1191 1168 spiritus,
1216 1100 1397 1152 inuno
1433 1098 1730 1165 eodemque
1775 1105 1882 1149 s.nt
1910 1095 2082 1149 homi-

501 1207 590 1256 ne,
628 1192 940 1245 intestinum
986 1189 1228 1259 quotidie
1271 1189 1411 1242 intra
1454 1203 1552 1242 nos
1604 1187 1809 1256 geritur
1859 1184 2078 1247 bellum,

500 1285 626 1336 dum
649 1282 1087 1352 concupiscentia
1118 1281 1315 1342 carnis,
1347 1295 1466 1348 quae
1491 1279 1892 1348 praecipitanter
1911 1275 2084 1331 fertur

500 1375 568 1428 ad
597 1375 746 1438 vitia,
782 1374 865 1428 his
885 1389 1004 1442 quae
1047 1373 1113 1426 ad
1151 1381 1470 1442 praesentem
1530 1371 1768 1440 requiem
1813 1371 2084 1439 pertinent

501 1465 708 1518 deliciis
730 1465 948 1534 gaudet,
980 1464 1205 1518 luxuriis
1234 1463 1564 1527 delectatur;
1599 1461 1799 1531 quibus
1838 1477 1868 1516 e
1892 1470 2084 1516 contra

501 1555 937 1624 concupiscentia
978 1553 1198 1624 spiritus
1231 1555 1515 1609 adversata
1549 1555 1624 1607 ita
1653 1553 1926 1608 desiderat
1973 1560 2083 1607 tota

499 1645 872 1714 spiritualibus
895 1646 1087 1699 studiis
1119 1646 1404 1710 inhaerere,
1437 1656 1498 1699 ut
1523 1646 1690 1699 etiam
1747 1645 2085 1699 necessarios

501 1737 684 1790 carnis
708 1752 833 1790 usus
863 1746 1014 1805 optet
1045 1735 1350 1791 excludere.
1383 1737 1475 1790 Illa
1508 1737 1694 1790 satiari
1743 1752 1952 1804 somno,
1999 1751 2086 1791 re-

2183 541 2462 595 nimietate
2485 540 2708 609 spiritus
2741 549 2956 594 revocat
3007 553 3072 593 ac
3106 539 3366 593 retardat.
3397 537 3465 592 Et
3501 538 3578 592 ita
3626 537 3687 591 lit
3713 544 3771 592 ut

2185 638 2413 699 utraque
2440 629 2900 698 concupiscentia,
2927 627 3018 682 tali
3044 627 3426 682 colluctatione
3449 627 3663 682 alterna
3693 627 3772 681 si-

2180 720 2351 775 bimet
2378 728 2731 790 repugnante,
2766 720 2958 774 animae
2992 718 3260 785 voluntas,
3305 733 3426 788 quae
3451 733 3553 773 nec
3602 727 3776 772 totam

2183 828 2241 868 se
2278 812 2581 866 carnalibus
2622 812 2908 867 desideriis
2957 811 3178 875 dedere,
3213 826 3315 866 nee
3347 813 3611 865 virtutum
3660 809 3778 864 vult

2182 902 2456 958 laboribus
2489 903 2770 963 desudare,
2798 903 3030 972 quodam
3057 902 3206 972 justo
3231 903 3608 958 moderamine
3634 911 3780 957 tem-

2185 1004 2425 1063 peretur,
2449 994 2573 1048 dum
2605 993 2720 1046 haec
2746 994 2887 1046 inter
2911 1001 3138 1062 utraque
3161 994 3438 1048 contentio
3469 993 3621 1048 illam
3654 1008 3778 1062 per-

2185 1089 2528 1143 niciosiorem
2567 1087 2858 1141 excludens
2897 1087 3088 1141 animae
3115 1087 3469 1150 voluntatem,
3500 1097 3561 1140 ut
3583 1102 3784 1156 quam-

2184 1181 2307 1233 dam
2333 1179 2600 1248 aequitatis
2625 1178 2816 1232 libram
2859 1178 2910 1231 in
2953 1188 3156 1232 statera
3186 1178 3356 1234 nostri
3384 1178 3634 1239 corporis
3664 1177 3784 1233 col-

2185 1271 2349 1338 locat,
2391 1286 2510 1340 qua:
2539 1269 2768 1339 spiritus
2797 1270 3087 1338 carnisque
3113 1269 3346 1324 confinia
3370 1268 3520 1338 justo
3569 1271 3785 1324 discer-

2188 1364 2267 1417 nit
2295 1362 2565 1428 examine,
2595 1375 2697 1416 nec
2726 1377 2754 1414 a
2801 1359 3008 1415 dextris
3059 1368 3296 1414 mentem
3326 1360 3550 1428 spiritus
3577 1359 3784 1414 ardore

2186 1467 2532 1516 succensum,
2577 1451 2675 1505 nec
2714 1465 2744 1503 a
2798 1449 2932 1504 laeva
2986 1465 3208 1504 carnem
3258 1449 3512 1505 vitiorum
3571 1449 3784 1506 aculeis

2187 1544 2600 1614 praeponderare
2622 1542 2964 1611 permittens.
2993 1541 3237 1610 Dumque
3268 1541 3384 1594 haec
3422 1556 3603 1611 pugna
3643 1557 3784 1611 quo-

2190 1635 2407 1690 tidianis
2429 1634 2619 1689 diebus
2645 1632 2852 1687 utiliter
2875 1632 3183 1702 exagitatur
3234 1633 3289 1685 in
3318 1633 3498 1694 nobis.
3531 1634 3600 1686 ad
3650 1632 3784 1687 illud

2189 1735 2442 1796 quartum
2482 1724 2624 1794 quod
2654 1723 2903 1778 nolumus
2942 1722 3236 1777 salubriter
3283 1723 3467 1776 venire
3492 1721 3782 1793 compelli-

500 1828 632 1898 pleri
667 1827 786 1881 cibo
808 1828 1184 1898 universisque
1201 1829 1508 1883 exuberare
1532 1829 1702 1898 copiis
1722 1829 2084 1898 coacupiscit;

2201 1833 2335 1882 mur,
2362 1824 2420 1870 ut
2448 1815 2739 1886 puritatem
2768 1815 2950 1869 cordis
2977 1829 3084 1868 non
3132 1813 3245 1868 otio
3299 1827 3400 1868 nec
3455 1815 3778 1881 securitate,

503 1918 593 1972 hic
625 1919 820 1987 vigiliis
848 1927 902 1972 et
925 1919 1146 1986 jejuniis
1178 1922 1479 1989 saginatur,
1531 1933 1595 1973 ac
1626 1927 1944 1987 paupertate
1973 1918 2086 1988 glo-

504 2006 695 2060 riatur.
731 2008 985 2062 Lavacris
1013 2007 1100 2060 illa
1148 2009 1431 2072 nitescere,
1486 2018 1539 2062 et
1593 2007 1921 2076 quotidianis
1951 2009 2086 2062 adu-

503 2097 728 2151 lantium
753 2099 942 2152 cuneis
971 2099 1175 2167 appetit
1203 2099 1528 2167 constipari;
1579 2099 1668 2152 hic
1689 2098 1939 2167 squalore
1970 2113 2088 2152 sor-

504 2190 652 2243 dium
680 2191 999 2258 congaudet,
1025 2200 1454 2260 cunctornmque
1483 2190 1790 2244 mortalium
1845 2205 2084 2260 praesen-

507 2278 636 2333 tiam
669 2280 1050 2349 perhorrescit.
1082 2281 1386 2336 Honoribus
1419 2280 1505 2334 illa
1544 2290 1598 2336 et
1638 2281 1890 2334 laudibus
1918 2281 2089 2335 homi-

505 2382 632 2420 num
663 2365 1009 2433 confovetur;
1037 2369 1124 2422 hic
1151 2368 1402 2437 irrogatis
1427 2369 1528 2423 sibi
1552 2367 1765 2438 injuriis
1797 2382 1861 2422 ac
1907 2383 2087 2438 perse-

505 2457 814 2512 cutionibus
839 2458 1116 2528 gloriatur.

577 2549 725 2602 Inter
749 2549 844 2604 has
873 2549 1038 2620 igitur
1088 2559 1348 2620 utrasque
1393 2550 1861 2620 concupiscentias
1893 2551 2088 2607 animae

505 2638 754 2693 voluntas
783 2639 836 2693 itt
867 2640 1170 2695 meditullio
1200 2644 1432 2709 quodam
1475 2642 1918 2711 vituperabiliore
1965 2660 2087 2699 con-

507 2729 726 2794 sistens,
751 2745 852 2784 nec
880 2730 1132 2785 vitiorum
1163 2731 1381 2801 llagitiis
1424 2732 1745 2800 oblectatur,
1798 2749 1898 2790 nec
1927 2736 2091 2791 virtu.

511 2829 622 2872 tum
653 2819 927 2875 doloribus
944 2822 1270 2890 acquiescit;
1298 2826 1377 2878 sic
1406 2839 1654 2892 quaarens
1680 2840 1709 2877 a
1738 2825 2089 2893 passionihus

509 2912 802 2980 temperari
845 2913 1176 2976 carnalibus,
1224 2924 1282 2967 ut
1320 2929 1661 2985 nequaquam
1703 2917 1828 2970 velit
1878 2917 2091 2972 dolores

511 3004 854 3057 necessarios
887 3004 1174 3067 sustinere,
1207 3006 1325 3060 sine
1347 3005 1542 3075 quibus
1570 3006 1835 3062 desideria
1867 3009 2092 3077 spiritus

509 3103 784 3163 nequeunt
810 3095 1097 3164 possideri,
1125 3097 1342 3168 Absque
1374 3100 1732 3170 castigatione
1775 3101 1958 3155 carnis
1999 3117 2092 3156 ca-

2189 1909 2283 1962 sed
2302 1907 2416 1978 jttgi
2453 1907 2652 1962 sudore
2679 1913 2734 1961 et
2765 1905 3094 1962 contritione
3133 1905 3356 1975 spiritus
3398 1905 3779 1974 acquiramus,

2188 2001 2600 2067 castitatemque
2621 1997 2801 2051 camis
2836 1996 3098 2051 districﬁs
3120 1994 3359 2065 jejuniis,
3392 1993 3557 2062 fame,
3583 1994 3672 2050 siti
3707 2010 3781 2049 ac

2188 2090 2462 2160 vigilantia
2496 2099 2848 2144 retentemus.
2892 2087 3148 2142 Essemus
3177 2086 3358 2155 itaque
3407 2085 3627 2154 penitus
3658 2085 3784 2140 sine

2191 2182 2432 2236 remedio
2455 2181 2639 2250 tepidi,
2671 2188 2858 2249 utpote
2882 2192 2989 2232 non
3025 2177 3288 2231 habentes
3329 2176 3562 2231 indicem
3603 2177 3783 2248 negli-

2190 2276 2382 2346 gentiae
2405 2283 2604 2328 nostrae
2627 2271 2712 2327 vel
2741 2272 2794 2326 in
2819 2284 3046 2340 corpore
3067 2278 3278 2333 nostro,
3305 2267 3390 2323 vel
3414 2269 3464 2322 in
3490 2272 3788 2324 conscien—

2192 2369 2281 2421 tiis
2310 2367 2542 2436 propriis
2569 2363 2996 2427 indesinentem;
3027 2377 3127 2417 nec
3173 2361 3516 2417 studeremus
3551 2359 3618 2414 ad
3645 2374 3780 2429 per-

2191 2456 2440 2511 fectionis
2478 2470 2714 2526 unquam
2754 2455 3041 2523 pervenire
3081 2453 3372 2517 fervorem,
3405 2455 3501 2507 sed
3551 2467 3622 2507 ne
3657 2451 3786 2507 fru-

2192 2550 2430 2621 galitatis
2449 2549 2671 2619 quidem
2687 2548 3078 2603 districtionem
3097 2556 3431 2610 teneremus,
3463 2544 3564 2598 nisi
3581 2544 3784 2600 saltem

2193 2658 2292 2698 nos
2316 2625 2551 2697 titillatio
2582 2642 2764 2697 carnis
2791 2639 3075 2711 [luxusque
3121 2643 3435 2695 increscens
3467 2637 3792 2692 humiliaret

2192 2741 2356 2803 atque
2402 2733 2718 2787 retunderet
2755 2740 2812 2786 et
2854 2732 3117 2786 adversus
3166 2729 3531 2801 spiritualium
3564 2742 3793 2797 quoque

2191 2825 2446 2878 vitiorum
2517 2822 2889 2894 purgationem
2951 2821 3214 2876 sollicitos
3261 2820 3518 2875 redderet
3587 2827 3644 2873 et
3697 2820 3796 2872 in-

2197 2924 2389 2971 tentos.
2431 2916 2532 2983 Qui
2580 2925 2773 2979 Status,
2808 2915 2860 2970 id
2901 2924 2984 2970 est
3015 2916 3242 2984 tepidus,
3273 2930 3304 2967 a
3355 2912 3560 2968 carnali
3598 2912 3794 2981 quali—

2197 3017 2306 3063 tate
2343 3008 2677 3062 descendens
2708 3004 2937 3061 elIicitur
2961 3005 3232 3069 animalis,
3284 3004 3374 3073 qui
3407 3018 3490 3058 εει
3539 3002 3797 3057 deterior

2197 3099 2414 3168 gradus.
2441 3098 2556 3168 Ipse
2571 3107 2653 3152 cst
2671 3097 2815 3152 enim
2838 3097 2927 3166 qui
2944 3096 3009 3151 de
3031 3095 3227 3165 frigido
3255 3095 3320 3148 ad
3341 3094 3582 3164 tepidum
3604 3101 3798 3146 trans-

510 3183 816 3237 stimoniam
835 3187 1096 3254 corporis,
1122 3186 1238 3240 sine
1257 3186 1563 3256 vigiliarum
1591 3189 1775 3244 labore
1798 3191 1978 3246 cordis
1999 3193 2094 3246 de—
2120 3163 2161 3220 C
2198 3189 2335 3256 iens,
2363 3189 2729 3245 detestabilior
2752 3203 2883 3243 voce
2915 3186 3130 3241 Domini
3156 3187 3422 3256 signatur.

511 3269 762 3327 sideralis
789 3273 1072 3342 acquirere
1098 3274 1410 3345 puritatem,
1438 3276 1643 3347 absque
1673 3277 1833 3334 ullius
1861 3272 2093 3351 exaspeé

514 3359 728 3416 ratione
750 3363 975 3416 convicii
998 3364 1269 3432 patientiae
1296 3367 1528 3436 gratiam
1573 3368 1874 3437 possidere,
1919 3370 2095 3426 humi-

512 3450 722 3506 litatem
746 3451 948 3508 Christi
969 3454 1088 3510 sine
1121 3457 1340 3511 honoris
1355 3459 1620 3540 mundani
1648 3475 1907 3517 exercere
1922 3460 2098 3530 jactu-

517 3560 604 3613 ra,
632 3545 908 3615 religionis
946 3547 1345 3618 simplicitatem
1375 3565 1498 3604 cum
1521 3551 1768 3606 saeculari
1801 3554 2096 3611 ambitione

516 3634 738 3697 sectari,
764 3635 981 3690 Christo
1010 3652 1131 3691 cum
1164 3639 1442 3693 hominum
1474 3639 1630 3696 laude
1681 3657 1746 3697 ac
1773 3642 1957 3698 favore
1988 3660 2101 3700 ser-

515 3725 658 3791 vire,
692 3726 1082 3782 districtionem
1121 3731 1362 3785 veritatis
1387 3731 1504 3786 sine
1541 3729 1841 3803 cujnspiam
1893 3736 1980 3791 vel
2015 3745 2101 3791 te-

516 3819 612 3873 nui
638 3817 1244 3890 olfensione'prol‘erre;
1286 3831 1560 3892 postremo
1592 3825 1672 3879 sic
1701 3810 1813 3880 vult
1839 3828 2102 3898 consequi

515 3909 698 3965 futura
721 3913 879 3978 bona,
913 3921 970 3967 ut
995 3915 1284 3982 praesentia
1313 3929 1419 3970 non
1448 3917 1686 3970 amittat.
1725 3916 1856 3984 Quae
1905 3917 2100 3974 volun-

525 4013 608 4056 tas
655 4017 933 4072 nunquam
977 4018 1075 4058 nos
1122 4004 1192 4059 ad
1225 4006 1612 4076 perfectionem
1665 4024 1847 4064 veram
1895 4009 2105 4065 faceret

519 4094 824 4163 pervenire,
857 4093 955 4149 sed
980 4095 1032 4148 in
1075 4103 1260 4164 tepore
1289 4099 1523 4167 quodam
1561 4101 1840 4156 teterrimo
1865 4101 2102 4157 colloca-

521 4191 627 4247 ret,
659 4183 902 4253 talesque
924 4181 1130 4240 facerct
1168 4187 1355 4256 quales
1376 4197 1503 4242 sunt
1534 4189 1610 4244 illi
1647 4190 1738 4259 qui
1784 4191 1838 4245 in
1893 4192 2106 4262 Apoc-ao-

523 4274 658 4346 lypsi
687 4275 1054 4346 increpatione
1090 4277 1302 4333 Domini
1343 4280 1679 4353 castigantur
1711 4300 1724 4336 :
1769 4283 1894 4338 Scio
1947 4299 2106 4354 Opera

523 4380 638 4434 tua,
660 4369 784 4438 quia
811 4385 973 4438 neque
1015 4369 1241 4440 frigidus
1284 4387 1358 4436 es,
1408 4359 1570 4444 neque
1615 4375 1859 4443 calidus;
1903 4377 2106 4432 utinam

2270 3279 2402 3336 Tres
2417 3296 2648 3350 namque
2673 3288 2797 3335 sunt
2815 3279 3114 3334 animarum
3129 3285 3303 3332 status
3323 3295 3335 3329 :
3353 3276 3561 3346 primus
3584 3289 3799 3328 carna-

2198 3374 2295 3439 lis;
2333 3372 2624 3438 secundus,
2654 3371 2936 3437 animalis;
2969 3371 3181 3438 tertius,
3209 3368 3526 3440 apirttualis.
3548 3365 3696 3433 Quos
3733 3366 3798 3420 in

2197 3465 2456 3535 Apostolo
2493 3465 2564 3518 ita
2614 3463 2839 3535 legimus
2871 3463 3163 3532 designari.
3189 3459 3323 3514 Nam
3348 3460 3414 3515 de
3457 3457 3660 3514 carnali
3707 3458 3798 3512 ita

2201 3556 2401 3611 dicitur
2432 3573 2446 3608 :
2478 3554 2584 3608 Lac
2613 3556 2756 3609 vobis
2793 3562 2970 3624 potum
3001 3553 3146 3619 dedi,
3181 3569 3285 3606 non
3317 3567 3512 3606 escam.
3542 3547 3802 3602 Necdum

2201 3649 2340 3701 enim
2359 3645 2636 3717 poteratis,
2664 3645 2754 3700 sed
2779 3661 2872 3699 nec
2902 3643 3076 3698 adhuc
3105 3643 3315 3715 quidem
3330 3643 3564 3712 potestis.
3596 3639 3805 3694 Adhuc

2202 3737 2339 3791 enim
2367 3735 2607 3790 carnales
2637 3735 2760 3789 estis
2789 3733 2841 3805 (I
2887 3732 3010 3788 Cor.
3043 3749 3127 3800 ιιι,
3161 3732 3218 3802 2)
3247 3749 3263 3798 ;
3300 3740 3356 3787 et
3398 3731 3629 3786 iterum:
3679 3726 3805 3784 Ubi

2203 3829 2338 3883 enim
2363 3839 2436 3882 est
2468 3828 2604 3881 in'ter
2633 3843 2719 3881 vos
2750 3825 2892 3880 zelus
2922 3836 2970 3879 et
2999 3825 3280 3886 contentio.
3329 3838 3498 3877 nonne
3539 3819 3803 3876 carnales

2203 3921 2363 3975 estis?
2386 3920 2560 3990 (ibid.)
2579 3920 2652 3974 De
2680 3917 2900 3973 animali
2922 3931 3136 3987 quoque
3167 3915 3350 3970 taliter
3383 3926 3801 3968 commemora-

2207 4021 2331 4067 tur:
2361 4010 2621 4066 Animalis
2651 4021 2825 4065 autem
2853 4011 3006 4064 homo
3036 4025 3138 4063 non
3159 4006 3379 4078 percipit
3409 4022 3470 4060 ea
3515 4020 3630 4075 quia
3655 4014 3804 4058 sunt

2207 4103 2438 4174 Spiritus
2459 4104 2558 4158 Dei
2585 4119 2604 4158 :
2634 4103 2858 4158 stultitia
2888 4102 3030 4157 enim
3081 4109 3155 4155 est
3193 4099 3274 4154 illi
3328 4097 3381 4166 (I
3421 4096 3544 4152 Cor.
3575 4112 3639 4161 tt,
3670 4095 3807 4167 14).

2210 4196 2285 4252 De
2315 4196 2584 4267 Spirituali
2615 4211 2744 4252 vero
2775 4216 2789 4251 :
2824 4196 3133 4269 Spiritualis
3175 4210 3348 4253 autem
3378 4198 3639 4252 examinat
3669 4210 3811 4248 om-

2209 4287 2320 4352 uia,
2345 4287 2454 4356 ipse
2487 4297 2662 4342 autem
2692 4305 2724 4341 a
2751 4290 2954 4343 nemine
2994 4288 3318 4360 dijudicatur
3343 4287 3548 4358 (ibid.);
3583 4294 3640 4340 et
3690 4286 3814 4342 itc-

2210 4394 2326 4431 rum
2357 4395 2370 4431 :
2407 4373 2508 4432 Vos
2530 4381 2620 4449 qui
2647 4379 2946 4450 spirituales
2971 4381 3116 4446 estis,
3153 4379 3396 4433 instruite
3418 4395 3504 4432 eos
3533 4375 3622 4448 qui
3645 4374 3811 4443 ejus-

527 4459 752 4556 j'rigidus
805 4474 961 4524 esses,
1020 4470 1112 4512 aut
1162 4461 1365 4516 calidus
1394 4463 1416 4515 .'
1456 4463 1546 4517 sed
1611 4466 1734 4534 quia
1784 4467 2103 4542 tepidusges,
2135 4472 2522 4567 Dmodisunt,
2552 4475 2611 4526 in
2662 4473 2850 4542 spiritu
2887 4473 3115 4528 lenitatis
3169 4470 3312 4542 (Gal.
3362 4485 3440 4537 vt,
3473 4471 3549 4540 2).
3603 4470 3813 4541 Itaque

525 4545 775 4616 incipiam
805 4558 851 4602 te
880 4565 1112 4604 emovere
1138 4568 1203 4605 ea:
1223 4568 1312 4606 ore
1333 4570 1444 4608 meo
1477 4556 1663 4625 (Apoc.
1700 4572 1782 4620 ιιι,
1825 4558 1972 4628 15,);
2001 4559 2106 4614 nisi

527 4633 673 4691 hunc
705 4638 1094 4708 tepidissimum
1144 4652 1347 4698 statum
1411 4646 1732 4704 altrinsecus
1764 4649 1879 4705 haec
1927 4651 2109 4706 insur-

527 4727 707 4798 gentia
727 4729 864 4782 bella
898 4729 1287 4800 dirumperent.
1327 4734 1460 4788 Nam
1483 4751 1606 4790 cum
1633 4737 1957 4794 famulantes
1985 4741 2112 4796 huic

528 4816 795 4872 voluntati
826 4830 1026 4904 nostra:
1055 4824 1121 4878 ad
1173 4823 1312 4879 hanc
1349 4826 1725 4882 remissionem
1778 4829 2111 4886 voluerimus

529 4905 889 4981 nosmetipsos
947 4913 1205 4982 paulatim
1264 4915 1529 4979 relaxare,
1599 4919 1883 4976 confestim
1934 4924 2112 4979 aculei

531 5004 712 5059 carnis
743 5004 1050 5076 insurgunt,
1093 5009 1311 5078 suisque
1343 5025 1442 5066 nos
1486 5012 1631 5068 vitiis
1662 5022 1716 5068 et
1768 5015 2113 5084 passionibus

532 5098 861 5164 sauciantes,
898 5115 1236 5170 nequaquam
1276 5103 1329 5156 in
1374 5103 1460 5156 illa
1497 5120 1600 5174 qua
1635 5105 1976 5162 delectamur
2015 5123 2115 5178 pu-

532 5188 708 5245 ritatis
755 5191 1017 5259 qualitate
1039 5203 1184 5248 stare
1248 5199 1586 5264 permittunt,
1645 5206 1807 5268 atque
1855 5199 1922 5253 ad
1968 5200 2112 5255 illam

533 5296 697 5352 quam
772 5282 1056 5338 horremus
1109 5283 1359 5355 frigidam
1419 5287 1753 5359 voluptatum
1794 5289 2116 5359 plenamque

533 5373 778 5430 sentibus
807 5376 1127 5443 pertrahunt
1155 5378 1310 5430 viam.

607 5466 816 5521 Rursus
847 5467 892 5522 si
931 5466 1154 5536 spiritus
1184 5467 1395 5526 fervore
1432 5473 1678 5529 succensi
1715 5489 1881 5544 opera
1931 5477 2117 5532 carnis

537 5558 780 5616 volentes
804 5560 1150 5630 exstinguere
1181 5562 1297 5618 sine
1348 5563 1454 5618 ullo
1505 5576 1754 5637 respectu
1807 5567 2119 5637 fragilitatis

540 5650 810 5716 humanae,
851 5661 990 5708 totos
1017 5654 1372 5722 nosmetipsos
1403 5660 1794 5714 tentaverimus
1836 5662 1905 5714 ad
1929 5662 2121 5716 immo-

538 5737 727 5791 derata
753 5740 1008 5793 virtutum
1044 5743 1215 5794 studia
1242 5744 1420 5798 cordis
1448 5746 1682 5803 elatione
1707 5748 1953 5805 conferre
1989 5769 2002 5804 :
2038 5752 2120 5805 itt-

2212 4561 2572 4618 festinandum
2596 4572 2680 4618 est
2706 4563 2862 4617 nobis
2889 4572 2968 4628 ut,
2996 4577 3118 4618 cum
3159 4563 3530 4617 renuntiantes
3559 4560 3812 4614 desieri-

2213 4669 2333 4710 mus
2355 4669 2475 4710 esse
2506 4654 2774 4720 carnales,
2809 4655 2861 4710 id
2884 4661 2968 4710 est
3015 4670 3046 4708 a
3096 4652 3433 4709 saecul..riunt
3471 4650 3817 4720 eruperimus

2213 4747 2627 4803 conversatione
2652 4747 2882 4818 sejungi,
2933 4755 2989 4802 ct
3015 4746 3083 4801 ab
3137 4746 3228 4800 illa
3268 4744 3553 4800 manifesta
3610 4745 3818 4801 carnis

2213 4839 2510 4910 pollutione
2551 4852 2791 4903 cessare,
2823 4837 3158 4907 Spiritualem
3189 4843 3391 4890 statum
3429 4834 3672 4905 protinus
3707 4850 3823 4906 ap—

2218 4930 2551 5000 prehendere
2572 4928 2828 4994 nitamur,
2859 4942 3201 4997 nequaquam
3225 4926 3604 4982 existimantes
3632 4941 3814 4995 quam

2218 5037 2382 5090 supra
2423 5020 2660 5074 diximus
2685 5019 2974 5074 exterioris
3015 5019 3248 5073 hominis
3290 5017 3706 5072 conversionem
3742 5018 3819 5071 ad

2217 5111 2608 5182 perfectionem
2650 5111 2804 5165 nobis
2832 5110 3102 5174 sufﬁcere,
3127 5111 3172 5165 si
3203 5124 3332 5180 erga
3359 5107 3820 5163 emendationem

2219 5211 2536 5256 caaterarum
2576 5201 2882 5271 passionum
2923 5201 3179 5257 lentiores
3215 5201 3527 5255 reddantur.
3586 5197 3665 5250 Ne
3695 5196 3823 5253 for-

2222 5302 2274 5346 te
2317 5294 2519 5348 inventi
2550 5293 2604 5346 in
2633 5292 2724 5346 illo
2779 5293 2960 5363 tepido
2993 5301 3135 5347 statu
3169 5293 3261 5362 qui
3304 5291 3618 5346 teterrimus
3656 5286 3824 5355 indi-

2222 5394 2397 5450 catur,
2450 5384 2779 5440 evomendbs
2833 5400 2932 5440 nos
2979 5400 3046 5440 ex
3100 5399 3197 5439 ore
3247 5383 3462 5438 Domini
3503 5385 3826 5438 secundum

2219 5476 2335 5545 ejus
2373 5477 2694 5532 sententiam
2747 5477 3081 5543 noverimus,
3131 5477 3204 5531 ita
3275 5474 3542 5530 dicentis:
3584 5472 3827 5529 Utinam

2222 5567 2427 5622 calidus
2487 5584 2623 5622 esses
2675 5577 2765 5621 aut
2816 5568 3081 5639 frigidus,
3124 5568 3214 5622 sed
3277 5568 3403 5638 quia
3451 5565 3658 5635 tepidus
3709 5583 3776 5621 es
3810 5609 3826 5631 ,

2223 5660 2468 5726 incipiam
2491 5669 2538 5714 te
2572 5675 2805 5715 emovere
2830 5677 2893 5714 ea;
2912 5677 3000 5714 ore
3038 5676 3152 5715 meo
3183 5662 3368 5730 (Apoc.
3427 5674 3514 5722 tu,
3551 5659 3664 5730 15).
3698 5659 3829 5714 Nec

2226 5753 2496 5808 immersa
2523 5768 2615 5809 eos
2650 5754 2927 5818 Dominus,
2950 5767 3084 5823 quos
3102 5753 3212 5824 jam
3245 5753 3295 5807 iit
3327 5751 3627 5808 visceribus
3659 5766 3833 5808 rece-
