4048 6288
518 346 653 404 1051
708 412 711 415 λ

847 343 907 400 S.
950 340 1252 399 ANSELMI
1291 336 1647 396 CANTllAR.
1686 332 2005 390 ARCHIEP.
2044 330 2194 414 QPP.
2235 332 2416 390 PARS
2451 330 2511 390 ll.
2552 363 2622 376 —-
2660 333 3028 390 PARENET.
3055 333 3144 391 ET
3177 334 3423 392 ASCET.

3642 335 3760 393 ωδε

510 462 740 518 suscitet
770 459 1063 521 ﬁummam,
1103 455 1275 509 instar
1313 450 1648 506 admirabilis
1689 449 1830 504 illius
1858 426 2178 517 Mosaicva
2211 457 2338 516 test,
2364 464 2486 520 quae
2513 458 2783 519 corruptae
2810 451 3182 506 tantummodo
3208 450 3503 506 voluntatis
3522 458 3604 507 est
3631 450 3768 523 agri-

510 538 759 613 visionis,
785 558 846 604 ut
870 545 1051 602 carnis
1072 553 1271 600 nostrae
1299 541 1464 596 rubus
1482 539 1704 595 innoxio
1726 538 1847 609 igne
1867 538 2095 593 circutn-
2130 554 2131 557 η

511 640 672 695 dattts
712 654 818 694 non
857 646 1083 700 uratur;
1112 632 1373 701 vel‘sicut
1403 630 1614 687 illormtt
1638 627 2100 698 triumjuvenum,

511 727 797 799 quibusita
825 732 1045 779 rorante
1068 721 1271 793 Spiritu
1294 720 1530 797 fornacis
1549 716 1857 775 Cbaldaica:
1886 714 2102 770 ﬂamma

510 817 762 872 discussa
791 823 895 882 est,
928 823 986 868 ut
1012 828 1080 869 ne
1108 811 1331 882 capillos
1376 826 1563 866 eorum
1593 816 1687 865 aut
1706 806 1947 863 ﬁmbrias
1970 807 2105 862 odor

510 909 652 980 ignis
698 907 946 972 amaret;
986 914 1044 960 ut
1080 904 1208 960 illud
1255 903 1655 974 quodammodo
1707 900 1849 970 quod
1902 899 2104 955 sanctis

511 997 914 1067 repromittitur
954 993 1457 1066 per.Propltetam,
1517 991 1841 1062 incipiamus
1882 990 1995 1060 jam
2047 990 2102 1059 in

512 1091 616 1146 ltoc
646 1103 875 1160 corpore
906 1087 1189 1158 possidere
1214 1100 1229 1139 :
1256 1084 1388 1139 Cum
1418 1084 1770 1139 ambulaveris
1794 1099 1887 1153 per
1904 1082 2100 1153 ignem,

513 1197 617 1234 non
660 1179 1001 1245 contbureris,
1033 1186 1081 1230 et
1120 1177 1338 1245 ﬂamma
1384 1191 1486 1228 non
1524 1174 1724 1228 ardebit
1765 1173 1896 1226 inte
1927 1169 2100 1243 (Psal.

514 1287 670 1332 xutt,
699 1271 779 1339 ‘2).
824 1269 899 1324 De
937 1270 1036 1324 ltac
1069 1266 1407 1322 castimoniae
1456 1265 1695 1334 puritate
1750 1265 1881 1333 qttid
1913 1264 2103 1328 beatus

511 1360 804 1426 Apostolus
850 1359 1105 1423 senserit,
1158 1355 1468 1428 diligentius
1526 1354 1879 1424 inquiramus.
1918 1351 2104 1405 Morti.

513 1452 690 1520 ﬁcate,
723 1450 918 1520 inquit,
957 1449 1189 1504 membra
1218 1459 1389 1503 vestra
1412 1463 1529 1518 quae
1550 1455 1673 1500 sunt
1702 1461 1859 1515 super
1885 1454 2101 1498 terrant.

408 1549 416 1558 '
513 1542 630 1598 Non
681 1543 867 1613 utique
923 1542 1162 1596 membra
1212 1540 1457 1610 corporis
1516 1537 1706 1603 nostri,
1766 1537 1860 1591 sed
1907 1549 2103 1603 corpus

514 1635 746 1705 peccati,
796 1633 940 1704 quod
989 1640 1201 1688 constat
1227 1647 1294 1685 ex
1336 1629 1615 1694 membris,
1649 1627 1971 1698 quantocius
2011 1626 2103 1680 deo

514 1728 652 1800 strui
712 1726 829 1781 zelo
864 1723 1118 1796 perfectae
1168 1723 1439 1779 desiderat
1495 1721 1824 1777 sanctitatis.
1880 1719 1955 1774 De
1991 1733 2101 1788 quo

2208 539 2354 606 tudo,
2410 538 2478 594 de
2532 526 2639 609 qua
2682 538 2941 595 Dominus
2970 540 3022 594 in
3070 539 3402 609 Evangelio:
3447 538 3553 606 Qui
3602 539 3769 594 viderit

2203 630 2472 684 mulierem
2497 629 2567 683 ad
2591 629 3057 697 concupiscendum
3083 647 3223 697 eam,
3244 630 3367 700 jam
3390 631 3673 686 moechatus
3698 641 3766 688 est

2204 736 2318 775 eam
2344 720 2399 774 in
2432 719 2588 774 corde
2611 734 2708 774 suo
2736 718 2950 791 (Matth.
2983 735 3037 788 γ,
3066 720 3180 791 28).
3209 719 3376 776 Multo
3418 721 3565 777 enim
3615 721 3770 792 majus

2205 820 2287 865 est
2319 811 2483 866 etiam
2514 816 2641 864 tunc
2662 810 2861 864 mentis
2882 809 3101 865 lubricae
3125 810 3451 866 desiderium
3480 811 3768 879 continere,

2204 916 2327 957 cum
2358 901 2408 956 ei
2435 900 2736 956 illecebrosi
2785 912 3036 970 aspectus
3058 900 3282 957 offertur
3311 901 3551 957 occasio.
3584 902 3772 970 Quibus

2205 991 2646 1048 manifestissime
2696 993 3085 1062 comprobatur
3113 994 3180 1048 ad
3212 993 3603 1071 perfectionem
3640 986 3774 1065 puri?

2207 1085 2335 1140 tatis
2357 1084 2736 1140 castimoniam
2772 1084 3121 1140 continentiae
3149 1085 3452 1155 corporalis
3480 1086 3651 1140 solam
3679 1101 3773 1141 non

2204 1193 2363 1247 posse
2406 1175 2672 1241 sufﬁcere,
2702 1176 2804 1232 nisi
2845 1177 2894 1231 ei
2930 1168 3093 1232 etiam
3139 1177 3337 1235 mentis
3380 1178 3612 1233 addatur
3651 1178 3777 1234 inte-

2204 1270 2393 1340 gritas.
2434 1268 2562 1323 Post
2602 1283 2721 1338 quae
2747 1268 2928 1325 omnia
2959 1269 3314 1325 novissimum
3345 1269 3496 1326 illius
3546 1273 3780 1342 corpozis

2205 1361 2527 1425 membrum,
2557 1369 2604 1414 et
2628 1358 2929 1427 avaritiam,
2959 1360 3150 1431 inquit,
3182 1360 3373 1431 procul
3415 1360 3582 1417 dubio
3610 1371 3782 1417 osten-

2206 1450 2338 1504 dens
2367 1466 2472 1505 non
2510 1450 2683 1505 solum
2717 1451 2786 1505 ab
2814 1452 3059 1520 appetitu
3103 1466 3286 1507 rerum
3334 1451 3633 1506 alienarum
3674 1454 3782 1509 ani-

2206 1552 2349 1590 mttm
2373 1538 2781 1603 continendum,
2813 1552 3002 1594 verum
3048 1540 3214 1596 etiam
3248 1541 3468 1611 propria
3503 1542 3783 1610 magnani-

2205 1626 2387 1693 ntiter,
2413 1627 2828 1701 contemnenda.
2853 1627 2968 1684 Hoc
2994 1629 3140 1684 enim
3168 1639 3224 1684 et
3245 1630 3298 1684 in
3325 1629 3553 1685 Actibus
3574 1640 3785 1702 aposto-

2205 1716 2380 1773 lorum
2423 1717 2616 1776 fecisse
2644 1719 2843 1791 legitur
2878 1721 3215 1777 credentium
3254 1722 3563 1789 multitudo,
3591 1723 3659 1779 de
3685 1738 3786 1795 qua

514 1832 744 1888 corpore
778 1814 904 1871 alibi
938 1833 952 1869 :
991 1813 1056 1869 Ut
1078 1815 1403 1879 destruatur,
1461 1812 1660 1881 inquit,
1688 1828 1877 1881 corpus
1903 1810 2102 1880 peccati
2136 1808 2179 1867 Β
2207 1807 2404 1861 dicitur
2437 1822 2453 1860 :
2514 1806 2874 1864 Multitudinis
2921 1820 3099 1865 autent
3170 1814 3494 1867 credentium
3549 1823 3664 1867 erat
3704 1830 3788 1867 cor

517 1907 690 1979 (Rom.
728 1924 803 1973 vt,
833 1908 911 1976 6).
953 1907 1021 1961 Et
1041 1921 1163 1977 quae
1203 1906 1274 1961 sit
1299 1905 1414 1974 ejus
1444 1904 1742 1959 destructio
1769 1916 2105 1973 consequen-

517 2008 601 2053 ter
645 2001 869 2069 exponit
902 2017 915 2052 :
952 1997 1015 2052 Et
1040 1997 1179 2067 jam,
1225 1996 1421 2066 inquit,
1450 2012 1553 2050 non
1591 1997 1876 2051 serviamus
1898 2004 2106 2065 peccato

517 2090 716 2163 (ibid.).
744 2090 787 2144 A
816 2106 925 2161 quo
952 2090 1116 2144 etiam
1166 2088 1385 2142 liberari
1428 2102 1550 2142 cum
1599 2086 1800 2155 ejulatu
1844 2085 2106 2157 postulat,

515 2182 744 2237 dicens:
781 2178 974 2249 Infelix
1015 2196 1107 2251 ego
1146 2180 1325 2245 homo,
1352 2179 1468 2250 quis
1516 2195 1599 2233 me
1627 2177 1864 2232 liberabit
1909 2176 1972 2231 de
1992 2193 2108 2231 cor-

515 2289 641 2343 pore
668 2275 850 2328 mortis
884 2273 1042 2343 hujus
1072 2273 1097 2326 ?
1135 2269 1312 2343 (Rom.
1346 2288 1444 2337 vn,
1473 2269 1592 2344 24.)
1628 2270 1743 2325 Hoc
1777 2270 1962 2339 itaque
1985 2284 2109 2340 pec-

517 2362 624 2416 cati
652 2377 853 2432 corpus
904 2360 1091 2417 multis
1133 2361 1386 2416 vitiorum
1433 2360 1691 2416 membris
1731 2359 1993 2426 probatur
2014 2374 2108 2414 ex-

517 2461 808 2517 structum,
845 2461 900 2506 et
955 2451 1022 2505 ad
1048 2450 1165 2519 ejus
1197 2452 1433 2506 attinere
1484 2451 1810 2521 portionem,
1846 2450 2107 2521 quidquid

516 2526 603 2597 vel
623 2539 790 2608 facto,
819 2542 904 2596 vel
934 2542 1098 2608 dicto,
1134 2541 1219 2596 vel
1262 2541 1595 2612 cogitatione
1633 2549 1925 2612 peccatur:
1954 2538 2108 2609 cujus

516 2634 762 2688 membra
790 2624 954 2704 super
983 2646 1182 2690 terram
1216 2633 1519 2689 rectissime
1542 2631 1663 2689 εεεε
1690 2634 1961 2689 dicuntur.
1986 2631 2105 2688 Non

516 2719 662 2777 enim
693 2732 927 2797 possunt
948 2723 981 2777 ii
1017 2723 1108 2793 qui
1142 2737 1331 2777 eorum
1365 2731 1592 2777 utuntur
1617 2721 1923 2779 ministerio
1956 2722 2103 2777 veri-

515 2809 637 2867 dice
683 2812 964 2883 proﬁteri:
1016 2811 1214 2867 Nostra
1255 2821 1431 2868 autem
1483 2812 1805 2868 conversatio
1851 2813 1908 2868 in
1964 2811 2105 2867 cwlis

516 2911 592 2955 est
627 2901 883 2972 (Philipp.
913 2918 997 2967 ιιι,
1050 2902 1164 2977 ιο).
1201 2900 1369 2971 llujus
1425 2890 1592 2972 igitur
1638 2902 1885 2973 corporis
1918 2901 1974 2957 in
2002 2901 2106 2959 hoc

522 2992 644 3048 loco
673 2992 963 3063 Apostolus
988 2993 1563 3064 metnbra,describens
1587 3011 1600 3048 :
1643 2988 1984 3061 Mortiﬁcate,
2014 2993 2105 3047 in-

518 3084 659 3153 quit,
689 3090 918 3140 membra
946 3095 1116 3140 vestra
1139 3102 1255 3156 quae
1285 3095 1405 3138 sunt
1428 3101 1587 3155 super
1609 3095 1803 3141 terram
1824 3098 1843 3137 :
1865 3084 2103 3155 fornica-

518 3174 733 3243 tionem,
801 3176 1213 3242 immunditiam,
1278 3176 1569 3244 libidinem,
1631 3176 2104 3247 concupiscentiam

516 3267 778 3322 ntalantet
809 3269 1111 3334 avaritiam,
1151 3287 1270 3341 qua:
1304 3280 1378 3325 est
1426 3268 1833 3325 simulacrorum
1886 3269 2104 3324 servitus

518 3358 767 3431 (Coloss.
802 3376 888 3426 ιιι,
927 3360 1005 3433 5).
1055 3358 1242 3434 Primo
1297 3350 1480 3434 itaque
1521 3363 1641 3417 loco
1698 3362 2101 3432 fornicationem

507 3450 749 3505 credidit
779 3450 1136 3519 inferendam,
1165 3468 1286 3523 qua:
1327 3451 1531 3507 carnali
1580 3451 1955 3508 commistione
1983 3465 2105 3521 per-

517 3540 720 3596 ﬁcitur.
790 3541 1099 3597 Secundum
1140 3542 1303 3598 etiam
1355 3541 1657 3598 membrum
1715 3540 2105 3596 immunditiam

518 3631 875 3700 nuncupavit,
940 3647 1062 3700 qua:
1130 3645 1515 3702 nonnunquam
1589 3631 1792 3701 absque
1861 3629 2105 3685 mulieris

520 3730 668 3777 tactu
696 3722 779 3776 vel
796 3722 1190 3778 dormientibus
1219 3724 1303 3779 vel
1332 3724 1683 3796 vigilantibus
1715 3732 1813 3794 per
1837 3721 2101 3777 incuriam

519 3811 989 3883 incircumspectte‘
1045 3812 1244 3868 mentis
1269 3813 1505 3882 obrepit.
1535 3811 1604 3868 Et
1630 3813 1753 3868 ideo
1785 3820 2005 3867 notatur
2040 3825 2105 3867 ac

518 3902 837 3974 prohibetur
887 3903 939 3957 in
988 3902 1126 3975 lege,
1181 3920 1302 3973 quae
1345 3904 1652 3959 immundos
1706 3917 1950 3975 quosque
1997 3916 2103 3957 non

517 3995 692 4051 Solum
740 4012 1020 4052 sacrarum
1072 3999 1320 4071 carnium
1355 3999 1793 4071 participatione
1848 3997 2101 4070 privavit,
2140 3982 2148 3989 ’

516 4100 707 4141 verum
759 4087 923 4163 etiam
956 4103 1024 4143 ne
1050 4082 1307 4143 contactu
1343 4104 1443 4144 suo
1481 4099 1673 4145 sancta
1724 4089 2049 4160 polluerent,
2074 4104 2103 4143 a

518 4184 824 4234 castrorum
873 4177 1033 4248 jussit
1089 4181 1510 4251 congregatione
1574 4182 1819 4248 secerni;
1875 4181 2101 4236 dicens:

517 4269 710 4323 Anima
767 4286 1088 4341 quwcunque
1135 4272 1416 4325 comederit
1456 4273 1521 4326 de
1556 4271 1803 4326 carnibus
1854 4270 2106 4340 sacrificii

517 4360 770 4416 salutaris
820 4363 959 4432 quod
998 4373 1069 4417 est
1113 4362 1347 4431 Domini,
1388 4365 1443 4419 in
1494 4381 1600 4435 qua
1628 4375 1701 4419 est
1746 4364 2103 4429 imntundttia,

514 4452 700 4516 peribit
723 4465 899 4504 coram
927 4450 1151 4506 Domino
1182 4451 1447 4526 (Levavu,
1470 4454 1583 4526 2|).
1618 4454 1683 4507 Et
1705 4455 1958 4525 quidquid
1986 4455 2097 4508 teti-

515 4543 648 4614 gerit
694 4544 1019 4618 immundus,
1069 4547 1399 4600 immundum
1451 4547 1548 4601 erit
1596 4544 1741 4618 (Leu.
1774 4561 1911 4613 xxu,
1941 4544 2019 4615 3).
2046 4545 2101 4599 In

515 4616 940 4691 Deuterouomio
965 4651 1179 4708 quoque
1211 4655 1225 4692 :
1255 4636 1314 4693 Si
1339 4638 1499 4709 fuerit
1538 4616 1673 4692 inter
1699 4656 1786 4693 vos
1815 4639 1972 4694 homo
2014 4638 2103 4710 qui

516 4737 772 4782 noctttrno
800 4726 1032 4797 pollutus
1051 4740 1123 4783 est
1152 4731 1373 4798 somnio,
1401 4730 1696 4801 egredietur
1717 4741 1865 4784 extra
1887 4742 2099 4797 castra;

514 4829 563 4874 et
619 4836 724 4873 non
772 4831 1054 4874 revertetur
1106 4822 1414 4894 priusquam
1471 4825 1540 4876 ad
1586 4838 1845 4888 vesperam
1904 4823 2104 4877 lavetur

513 4925 695 4981 aqua;
736 4922 783 4964 et
835 4922 949 4981 post
988 4912 1114 4966 solis
1172 4929 1417 4966 occasunt
1467 4913 1787 4984 regredietur
1831 4914 1887 4967 in
1927 4904 2102 4969 castra

514 5001 694 5073 (Deut.
728 5018 887 5071 mn,
916 5004 1026 5075 l0).
1062 5004 1263 5060 Deinde
1295 5005 1515 5060 tertium
1543 5004 1754 5075 peccati
1799 5006 2100 5061 membrum

511 5095 783 5150 libidinem
838 5098 1042 5168 posuit,
1096 5113 1217 5167 qua:
1267 5099 1318 5152 itt
1374 5098 1676 5154 recessibus
1725 5098 1923 5153 animae
1971 5115 2101 5155 coa-

513 5185 748 5252 lescens,
778 5187 1027 5242 accidere
1052 5190 1285 5258 cuipiam
1308 5191 1472 5244 etiam
1526 5190 1644 5245 sine
1688 5190 1943 5261 passione
1976 5206 2096 5246 cor-

512 5276 662 5347 poris
720 5287 918 5345 potest.
971 5276 1272 5335 Libidinem
1329 5281 1474 5335 enint
1524 5283 1593 5336 ab
1636 5296 1701 5336 eo
1736 5282 1884 5351 quod
1932 5281 2101 5338 libeat

513 5366 715 5421 dictant
736 5383 877 5437 esse,
910 5386 1016 5425 non
1040 5371 1259 5426 dubium
1285 5380 1388 5426 est.
1413 5369 1542 5427 Post
1570 5373 1688 5429 inec
1709 5373 1775 5428 de
1804 5373 2101 5442 majoribus

511 5462 752 5526 peccatis
800 5463 868 5518 ad
935 5466 1144 5521 minora
1200 5469 1566 5536 descendens,
1615 5476 1868 5539 quartum
1913 5465 2103 5521 intulit

511 5554 839 5623 membrum,
869 5563 1340 5629 concupiscentiam
1384 5562 1604 5629 malam,
1637 5578 1760 5633 quae
1793 5579 1899 5617 non
1925 5562 2099 5618 solum

511 5643 584 5698 ad
615 5642 925 5727 praedictam
956 5653 1303 5723 impudicitiae
1332 5655 1660 5724 passionem,
1717 5672 1903 5712 verum
1931 5657 2100 5713 etiam

510 5739 581 5792 ad
606 5752 796 5793 omnes
825 5744 1013 5798 noxias
1053 5746 1378 5813 cupiditates
1426 5747 1750 5813 generaliter
1784 5748 1972 5803 referri
1996 5765 2094 5820 po-

2209 1912 2373 1950 untmt
2395 1906 2442 1950 et
2474 1899 2652 1952 anima
2679 1915 2805 1964 una,
2841 1908 2972 1965 elc.,
2994 1916 3168 1972 usque
3211 1901 3582 1956 dividebantur
3620 1913 3787 1957 autem

2209 1988 2428 2059 singulis
2467 1999 2623 2059 prout
2671 1991 2857 2062 cuique
2912 2007 3044 2061 opus
3074 2002 3185 2046 erat
3216 1991 3358 2063 (Act.
3384 2006 3461 2056 tv,
3486 1991 3606 2061 ⁵52).
3635 1992 3699 2047 Et
3725 2007 3789 2048 ne

2209 2078 2277 2133 ad
2301 2093 2501 2148 paucos
2536 2080 2814 2150 pertinere
2871 2081 3148 2137 videretur
3199 2079 3640 2152 ista‘perfectio,
3670 2096 3791 2136 ava-

2210 2170 2392 2226 ritiam
2419 2171 2838 2227 simulacrorum
2895 2173 3214 2228 servitutem
3243 2187 3366 2230 esse
3414 2182 3645 2229 testatus
3685 2183 3788 2229 est.

2212 2257 2320 2315 Nec
2377 2260 2672 2315 immerito.
2735 2259 2992 2332 Quisquis
3048 2261 3192 2317 enim
3256 2276 3363 2316 non
3430 2262 3795 2317 communicat

2210 2353 2625 2408 necessitatibus
2696 2367 3011 2422 egenorum,
3062 2362 3119 2409 et
3166 2354 3411 2424 pecunia:
3458 2370 3577 2410 suae
3630 2369 3792 2424 quam

2211 2447 2416 2503 inﬁdeli
2446 2450 2738 2504 tenacitate
2764 2459 3073 2515 conservat,
3102 2447 3303 2504 Christi
3351 2447 3617 2519 praecepta
3642 2456 3791 2519 post-

2210 2541 2384 2610 ponit,
2429 2538 2755 2596 idololatrite
2790 2541 2996 2596 crimen
3042 2539 3290 2606 incurrit,
3344 2554 3587 2595 amorem
3646 2538 3793 2594 scili-

2209 2638 2297 2685 cet
2348 2631 2590 2686 tnaterite
2642 2630 2934 2686 mundialis
2988 2629 3185 2686 divina:
3250 2628 3549 2702 prteferens
3616 2630 3795 2686 chari-

2210 2720 2327 2775 tati.

2279 2811 2337 2867 ln
2375 2820 2583 2868 tantum
2640 2819 2823 2868 autem
2897 2811 3095 2870 beatus
3134 2812 3425 2884 Apostolus
3482 2811 3795 2869 fornicatio-

2210 2904 2330 2959 nem
2357 2901 2472 2958 sive
2515 2902 2917 2958 immunditiam
2944 2902 3011 2959 de
3036 2903 3240 2958 nostris
3285 2902 3556 2958 membris
3600 2905 3794 2959 exstir-

2209 2993 2327 3064 pari
2365 3008 2526 3065 posse
2579 2993 2821 3059 conﬁdit,
2870 3002 3068 3049 utnon
3114 2993 3286 3049 solum
3337 2993 3661 3049 mortiﬁcari
3714 3010 3795 3058 ea,

2208 3083 2301 3140 sed
2328 3100 2397 3140 ne
2426 3084 2695 3140 nominari
2731 3084 2947 3155 quidem
2989 3084 3046 3139 in
3083 3085 3243 3140 nobis
3288 3085 3491 3140 debere
3553 3101 3801 3156 pronun-

2132 3145 2176 3208 C
2211 3173 2349 3229 tiet:
2404 3145 3058 3244 Fornicatio,-inquiens,
3110 3183 3161 3229 et
3206 3176 3379 3229 omnis
3432 3145 3797 3239 imm-auditis,

2205 3274 2297 3319 aut
2324 3265 2548 3320 avaritia
2594 3281 2686 3321 nec
2728 3267 3025 3321 nominetur
3047 3267 3100 3320 in
3132 3266 3303 3333 vobis,
3344 3267 3477 3322 sicut
3499 3267 3646 3321 decet
3680 3282 3789 3321 san-

2206 3363 2337 3421 ctos,
2364 3364 2456 3409 aut
2480 3354 2773 3425 turpitudo,
2811 3365 2901 3409 aut
2939 3354 3344 3427 stultiloquium,
3382 3365 3475 3410 aut
3496 3355 3799 3410 scurrilitas

2203 3462 2320 3517 qua:
2344 3448 2416 3501 ad
2445 3463 2551 3500 rem
2576 3463 2681 3501 non
2703 3447 2922 3517 pertinet
2946 3446 3165 3518 (Ephes.
3191 3462 3246 3511 v,
3273 3447 3326 3512 5,
3359 3449 3441 3518 4).
3473 3448 3611 3515 Quae
3632 3448 3799 3502 etiam

2205 3536 2321 3605 pari
2362 3536 2523 3591 modo
2580 3537 2887 3606 perniciosa
2929 3550 3073 3604 esse,
3111 3547 3167 3594 et
3208 3538 3401 3609 aequali
3432 3553 3532 3593 nos
3568 3553 3599 3592 a
3631 3552 3799 3609 regno

2205 3629 2299 3684 Dei
2322 3628 2635 3685 exclusione
2660 3629 2929 3700 depellere
2977 3631 3190 3699 edocet,
3242 3631 3431 3687 dicens
3461 3647 3477 3688 :
3508 3630 3660 3689 Illud
3688 3647 3787 3685 au-

2205 3730 2306 3775 tem
2352 3720 2535 3774 scitote
2580 3720 2720 3789 quod
2756 3722 2925 3775 omnis
2965 3721 3278 3790 fornicator,
3320 3731 3413 3776 aut
3460 3722 3796 3789 immundus,

2204 3821 2296 3865 aut
2326 3827 2539 3876 avarus,
2586 3810 2726 3882 quod
2777 3822 2851 3866 est
2902 3812 3162 3867 idolorum
3210 3816 3456 3879 servitus,
3498 3831 3605 3868 non
3647 3816 3801 3868 habet

2204 3901 2562 3957 htereditatem
2617 3904 2671 3957 in
2716 3919 2872 3975 regno
2928 3903 3124 3959 Christi
3157 3915 3204 3960 et
3252 3904 3351 3960 Dei
3399 3906 3575 3978 (ibid.,
3605 3907 3691 3976 5).
3738 3906 3806 3960 Et

2217 3996 2412 4051 iterum
2460 4015 2473 4050 :
2528 3994 2707 4053 Nolite
2753 4014 2931 4053 errare
2977 4012 2997 4052 :
3036 4016 3196 4070 neque
3251 4000 3554 4070 fornicarii,
3637 4017 3804 4072 neque

2204 4087 2359 4142 idolis
2383 4090 2680 4156 servientes,
2723 4106 2885 4161 neque
2912 4090 3160 4156 adulteri,
3194 4108 3359 4162 neque
3393 4092 3603 4159 molles,
3638 4107 3807 4160 neque

2205 4180 2562 4236 masculorum
2588 4182 2970 4247 concubitores,
3012 4199 3175 4254 neque
3218 4183 3386 4251 fures,
3422 4200 3595 4254 neque
3625 4183 3804 4251 avari,

2208 4289 2372 4345 neque
2398 4274 2615 4340 ebriosi,
2648 4290 2814 4345 neque
2843 4274 3113 4341 maledici,
3138 4291 3301 4346 neque
3333 4292 3553 4345 rapaces
3580 4293 3808 4347 regnant

2209 4364 2303 4418 Dei
2346 4352 2685 4435 possidebunt
2723 4364 2774 4434 (Ι
2831 4364 2956 4421 Cor.
3010 4381 3086 4434 γι,
3115 4366 3191 4437 9).
3221 4367 3414 4423 Certos
3453 4378 3639 4423 autem
3680 4385 3809 4424 esse

2128 4485 2179 4546 Β
2208 4469 2305 4510 nos
2330 4456 2583 4511 convenit
2613 4456 2780 4526 quod,
2810 4454 2936 4511 licet
2958 4471 3172 4512 omnem
3224 4457 3575 4513 continentia:
3615 4457 3813 4514 distri-

2205 4551 2461 4613 CIionem,
2490 4547 2692 4603 famem
2742 4547 2951 4606 scilicet
2975 4562 3040 4604 ac
3091 4548 3276 4612 situm,
3310 4546 3527 4617 vigilias
3581 4561 3814 4617 quoque

2204 4655 2260 4700 et
2314 4643 2495 4713 operis
2537 4639 2846 4712 jugitatem,
2892 4652 3057 4712 atque
3114 4640 3453 4696 incessabilis
3504 4641 3812 4694 subeamus

2205 4736 2444 4790 studium
2514 4733 2782 4798 lectionis,
2848 4742 3158 4804 perpetuam
3222 4740 3401 4786 tamen
3452 4732 3811 4787 castimonia:

2204 4828 2492 4898 puritatem
2516 4827 2709 4882 horum
2739 4825 2984 4881 laborum
3005 4826 3199 4880 merito
3218 4823 3537 4894 contingere
3558 4836 3809 4892 nequea-

2207 4937 2349 4986 mus,
2398 4922 2503 4975 nisi
2532 4921 2587 4974 itt
2629 4919 2715 4974 bis
2758 4918 2964 4990 jugiter
3034 4917 3384 4982 desudantes,
3442 4913 3801 4986 esperientia

2205 5013 2517 5083 magisterio
2568 5013 2865 5067 doceamur
2914 5011 3377 5081 incorruptionem
3433 5006 3554 5076 ejus
3599 5007 3804 5062 divin:

2204 5104 2391 5174 gratia:
2441 5103 2692 5175 largitate
2740 5103 2982 5174 cinaedi.
3045 5101 3336 5157 Sciendum
3397 5113 3622 5169 quoque
3668 5096 3807 5167 quia

2203 5204 2461 5265 quantttm
2490 5194 2614 5265 quis
2637 5195 2691 5249 in
2713 5194 2935 5249 lenitate
2971 5210 3034 5250 ac
3061 5193 3321 5265 patientia
3348 5191 3552 5258 cordis,
3581 5200 3807 5244 tantum

2205 5287 2257 5340 in
2312 5288 2557 5358 corporis
2619 5287 2855 5357 puritate
2917 5286 3185 5357 proﬁciet.
3252 5284 3407 5340 Unde
3470 5283 3803 5338 Dominus:

2202 5377 2354 5435 Beati
2375 5379 2544 5443 mites,
2567 5378 2814 5448 quoniant
2846 5379 2946 5446 ipsi
2977 5378 3313 5448 possidebunt
3337 5386 3533 5431 terram
3566 5372 3803 5447 (Matth.

2202 5484 2255 5537 v,
2280 5467 2360 5541 4).
2387 5467 2502 5524 Non
2534 5470 2663 5538 ergo
2685 5467 2844 5521 aliter
2865 5477 3103 5524 nostram
3133 5467 3532 5539 possidebimus
3556 5472 3805 5527 terram,

2204 5564 2255 5619 id
2284 5574 2388 5631 est,
2420 5579 2525 5618 non
2549 5563 2685 5618 alias
2708 5563 2899 5619 ditioni
2926 5571 3127 5619 nostrae
3180 5558 3400 5616 rebellis
3453 5554 3618 5624 hujus
3663 5566 3805 5608 cor-

2202 5656 2353 5726 poris
2383 5663 2527 5709 terra
2567 5655 2850 5721 subdetur,
2894 5655 2998 5709 nisi
3044 5669 3198 5710 mens
3231 5660 3418 5708 nostra
3469 5650 3622 5720 prius
3661 5646 3802 5701 fue-

2204 5747 2567 5818 ritpatientiae
2598 5747 2823 5803 lenitate
2847 5744 3091 5806 fundata.
3125 5747 3393 5804 Mansueti
3424 5745 3570 5801 enim
3614 5737 3801 5813 possi-
