  <div class='ocr_page' id='page_1' title='image "/cluster/home/n/w/nwhite01/storage/ocr_20150623/158/hvd.32044024236689/570.png"; bbox 0 0 4048 6288; ppageno 0'>
   <div class='ocr_carea' id='block_1_1' title="bbox 222 287 345 343">
    <p class='ocr_par' dir='ltr' id='par_1_1' title="bbox 222 287 345 343">
     <span class='ocr_line' id='line_1_1' title="bbox 222 287 345 343; baseline -0.016 0"><span class='ocrx_word' id='word_1_1' title='bbox 222 287 345 343; x_wconf 71' lang='grc'><strong>1053</strong></span> 
     </span>
    </p>
   </div>
   <div class='ocr_carea' id='block_1_2' title="bbox 1407 285 2257 342">
    <p class='ocr_par' dir='ltr' id='par_1_2' title="bbox 1407 285 2257 342">
     <span class='ocr_line' id='line_1_2' title="bbox 1407 285 2257 342; baseline -0.005 0"><span class='ocrx_word' id='word_1_2' title='bbox 1407 285 1821 342; x_wconf 76' lang='lat' dir='ltr'><strong>TRACTATUS</strong></span> <span class='ocrx_word' id='word_1_3' title='bbox 1858 286 2257 341; x_wconf 65' lang='lat' dir='ltr'><strong>ASCETICL’S.</strong></span> 
     </span>
    </p>
   </div>
   <div class='ocr_carea' id='block_1_3' title="bbox 3321 285 3456 340">
    <p class='ocr_par' dir='ltr' id='par_1_3' title="bbox 3321 285 3456 340">
     <span class='ocr_line' id='line_1_3' title="bbox 3321 285 3456 340; baseline 0.015 -2"><span class='ocrx_word' id='word_1_4' title='bbox 3321 285 3456 340; x_wconf 70' lang='grc' dir='ltr'><strong>ιειεςι</strong></span> 
     </span>
    </p>
   </div>
   <div class='ocr_carea' id='block_1_4' title="bbox 215 397 3454 473">
    <p class='ocr_par' dir='ltr' id='par_1_4' title="bbox 215 397 3454 473">
     <span class='ocr_line' id='line_1_4' title="bbox 215 397 3454 473; baseline -0.001 -18"><span class='ocrx_word' id='word_1_5' title='bbox 215 404 395 455; x_wconf 84' lang='lat' dir='ltr'><strong>debunt</strong></span> <span class='ocrx_word' id='word_1_6' title='bbox 422 408 611 455; x_wconf 88' lang='lat' dir='ltr'><strong>terram</strong></span> <span class='ocrx_word' id='word_1_7' title='bbox 634 398 804 471; x_wconf 87' lang='lat' dir='ltr'><strong>(Psal.</strong></span> <span class='ocrx_word' id='word_1_8' title='bbox 825 416 1008 464; x_wconf 75' lang='lat' dir='ltr'><strong>xxxvu,</strong></span> <span class='ocrx_word' id='word_1_9' title='bbox 1043 401 1145 473; x_wconf 89' lang='lat' dir='ltr'><strong>ll).</strong></span> <span class='ocrx_word' id='word_1_10' title='bbox 1168 400 1236 457; x_wconf 88' lang='lat' dir='ltr'><strong>Et</strong></span> <span class='ocrx_word' id='word_1_11' title='bbox 1262 416 1365 457; x_wconf 91' lang='lat' dir='ltr'><strong>non</strong></span> <span class='ocrx_word' id='word_1_12' title='bbox 1391 401 1566 455; x_wconf 90' lang='lat' dir='ltr'><strong>solum</strong></span> <span class='ocrx_word' id='word_1_13' title='bbox 1591 402 1765 470; x_wconf 81' lang='lat' dir='ltr'><strong>possi—</strong></span> <span class='ocrx_word' id='word_1_14' title='bbox 1797 410 1841 462; x_wconf 77' lang='grc' dir='ltr'>Α</span> <span class='ocrx_word' id='word_1_15' title='bbox 1875 401 2045 455; x_wconf 90' lang='lat' dir='ltr'><strong>donec</strong></span> <span class='ocrx_word' id='word_1_16' title='bbox 2078 399 2330 453; x_wconf 89' lang='lat' dir='ltr'><strong>continua</strong></span> <span class='ocrx_word' id='word_1_17' title='bbox 2383 397 2730 454; x_wconf 76' lang='lat' dir='ltr'><strong>meditatione</strong></span> <span class='ocrx_word' id='word_1_18' title='bbox 2785 398 2991 453; x_wconf 90' lang='lat' dir='ltr'><strong>imbuat</strong></span> <span class='ocrx_word' id='word_1_19' title='bbox 3023 407 3256 453; x_wconf 87' lang='lat' dir='ltr'><strong>mentem</strong></span> <span class='ocrx_word' id='word_1_20' title='bbox 3290 410 3454 463; x_wconf 90' lang='lat' dir='ltr'><strong>tuam,</strong></span> 
     </span>
    </p>
   </div>
   <div class='ocr_carea' id='block_1_5' title="bbox 216 489 1779 552">
    <p class='ocr_par' dir='ltr' id='par_1_5' title="bbox 216 489 1779 552">
     <span class='ocr_line' id='line_1_5' title="bbox 216 489 1779 552; baseline -0.001 -7"><span class='ocrx_word' id='word_1_21' title='bbox 216 491 404 545; x_wconf 84' lang='lat' dir='ltr'><strong>debunt</strong></span> <span class='ocrx_word' id='word_1_22' title='bbox 426 502 566 552; x_wconf 84' lang='lat' dir='ltr'><strong>eam,</strong></span> <span class='ocrx_word' id='word_1_23' title='bbox 595 489 689 543; x_wconf 86' lang='lat' dir='ltr'><strong>sed</strong></span> <span class='ocrx_word' id='word_1_24' title='bbox 714 489 880 543; x_wconf 80' lang='lat' dir='ltr'><strong>etiam</strong></span> <span class='ocrx_word' id='word_1_25' title='bbox 919 490 1313 544; x_wconf 78' lang='lat' dir='ltr'><strong>delectabantur</strong></span> <span class='ocrx_word' id='word_1_26' title='bbox 1360 491 1415 543; x_wconf 88' lang='lat' dir='ltr'><strong>in</strong></span> <span class='ocrx_word' id='word_1_27' title='bbox 1444 489 1779 543; x_wconf 76' lang='lat' dir='ltr'><strong>multitudine</strong></span> 
     </span>
    </p>
   </div>
   <div class='ocr_carea' id='block_1_6' title="bbox 212 578 1778 648">
    <p class='ocr_par' dir='ltr' id='par_1_6' title="bbox 212 578 1778 648">
     <span class='ocr_line' id='line_1_6' title="bbox 212 578 1778 648; baseline 0.002 -18"><span class='ocrx_word' id='word_1_28' title='bbox 212 578 365 647; x_wconf 80' lang='lat' dir='ltr'><strong>pacis,</strong></span> <span class='ocrx_word' id='word_1_29' title='bbox 400 593 502 646; x_wconf 85' lang='lat' dir='ltr'><strong>qua</strong></span> <span class='ocrx_word' id='word_1_30' title='bbox 528 592 684 631; x_wconf 89' lang='lat' dir='ltr'><strong>nemo</strong></span> <span class='ocrx_word' id='word_1_31' title='bbox 718 578 772 631; x_wconf 93' lang='lat' dir='ltr'><strong>in</strong></span> <span class='ocrx_word' id='word_1_32' title='bbox 800 578 953 648; x_wconf 87' lang='lat' dir='ltr'><strong>cujus</strong></span> <span class='ocrx_word' id='word_1_33' title='bbox 981 594 1148 633; x_wconf 88' lang='lat' dir='ltr'><strong>carne</strong></span> <span class='ocrx_word' id='word_1_34' title='bbox 1191 580 1367 634; x_wconf 86' lang='lat' dir='ltr'><strong>adhuc</strong></span> <span class='ocrx_word' id='word_1_35' title='bbox 1413 578 1547 635; x_wconf 90' lang='lat' dir='ltr'><strong>bella</strong></span> <span class='ocrx_word' id='word_1_36' title='bbox 1579 593 1778 634; x_wconf 89' lang='lat' dir='ltr'><strong>concu-</strong></span> 
     </span>
    </p>
   </div>
   <div class='ocr_carea' id='block_1_7' title="bbox 212 669 1781 741">
    <p class='ocr_par' dir='ltr' id='par_1_7' title="bbox 212 669 1781 741">
     <span class='ocr_line' id='line_1_7' title="bbox 212 669 1781 741; baseline 0.001 -18"><span class='ocrx_word' id='word_1_37' title='bbox 212 669 476 739; x_wconf 61' lang='lat' dir='ltr'><strong>piscentia</strong></span> <span class='ocrx_word' id='word_1_38' title='bbox 504 669 855 736; x_wconf 72' lang='lat' dir='ltr'><strong>suscitantur,</strong></span> <span class='ocrx_word' id='word_1_39' title='bbox 886 672 1152 725; x_wconf 76' lang='lat' dir='ltr'><strong>stabiliter</strong></span> <span class='ocrx_word' id='word_1_40' title='bbox 1180 670 1507 741; x_wconf 78' lang='lat' dir='ltr'><strong>perfruetur.</strong></span> <span class='ocrx_word' id='word_1_41' title='bbox 1549 670 1781 725; x_wconf 83' lang='lat' dir='ltr'><strong>Necesse</strong></span> 
     </span>
    </p>
   </div>
   <div class='ocr_carea' id='block_1_8' title="bbox 208 755 1770 829">
    <p class='ocr_par' dir='ltr' id='par_1_8' title="bbox 208 755 1770 829">
     <span class='ocr_line' id='line_1_8' title="bbox 208 755 1770 829; baseline 0.001 -18"><span class='ocrx_word' id='word_1_42' title='bbox 208 766 284 811; x_wconf 90' lang='lat' dir='ltr'><strong>est</strong></span> <span class='ocrx_word' id='word_1_43' title='bbox 310 756 451 811; x_wconf 88' lang='lat' dir='ltr'><strong>enim</strong></span> <span class='ocrx_word' id='word_1_44' title='bbox 482 755 722 811; x_wconf 81' lang='lat' dir='ltr'><strong>infestari</strong></span> <span class='ocrx_word' id='word_1_45' title='bbox 758 773 879 812; x_wconf 90' lang='lat' dir='ltr'><strong>eum</strong></span> <span class='ocrx_word' id='word_1_46' title='bbox 912 760 1194 814; x_wconf 88' lang='lat' dir='ltr'><strong>dirissimis</strong></span> <span class='ocrx_word' id='word_1_47' title='bbox 1217 760 1521 814; x_wconf 65' lang='lat' dir='ltr'><strong>daemonum</strong></span> <span class='ocrx_word' id='word_1_48' title='bbox 1542 758 1770 829; x_wconf 16' lang='lat' dir='ltr'><strong>tprazliis,</strong></span> 
     </span>
    </p>
   </div>
   <div class='ocr_carea' id='block_1_9' title="bbox 208 855 1780 926">
    <p class='ocr_par' dir='ltr' id='par_1_9' title="bbox 208 855 1780 926">
     <span class='ocr_line' id='line_1_9' title="bbox 208 855 1780 926; baseline -0.001 -16"><span class='ocrx_word' id='word_1_49' title='bbox 208 866 258 910; x_wconf 90' lang='lat' dir='ltr'><strong>et</strong></span> <span class='ocrx_word' id='word_1_50' title='bbox 286 856 464 926; x_wconf 79' lang='lat' dir='ltr'><strong>ignitis</strong></span> <span class='ocrx_word' id='word_1_51' title='bbox 486 855 923 924; x_wconf 82' lang='lat' dir='ltr'><strong>luxuriaejaculis</strong></span> <span class='ocrx_word' id='word_1_52' title='bbox 955 857 1259 910; x_wconf 84' lang='lat' dir='ltr'><strong>sauciatum</strong></span> <span class='ocrx_word' id='word_1_53' title='bbox 1280 872 1309 909; x_wconf 88' lang='lat' dir='ltr'><strong>a</strong></span> <span class='ocrx_word' id='word_1_54' title='bbox 1333 868 1490 910; x_wconf 44' lang='lat' dir='ltr'><strong>terrae</strong></span> <span class='ocrx_word' id='word_1_55' title='bbox 1512 870 1623 910; x_wconf 73' lang='lat' dir='ltr'><strong>sua:</strong></span> <span class='ocrx_word' id='word_1_56' title='bbox 1652 870 1780 923; x_wconf 87' lang='lat' dir='ltr'><strong>pos-</strong></span> 
     </span>
    </p>
   </div>
   <div class='ocr_carea' id='block_1_10' title="bbox 207 946 1780 1017">
    <p class='ocr_par' dir='ltr' id='par_1_10' title="bbox 207 946 1780 1017">
     <span class='ocr_line' id='line_1_10' title="bbox 207 946 1780 1017; baseline 0 -18"><span class='ocrx_word' id='word_1_57' title='bbox 207 949 438 1001; x_wconf 88' lang='lat' dir='ltr'><strong>sessione</strong></span> <span class='ocrx_word' id='word_1_58' title='bbox 473 947 704 1010; x_wconf 87' lang='lat' dir='ltr'><strong>devolvi,</strong></span> <span class='ocrx_word' id='word_1_59' title='bbox 737 948 907 1001; x_wconf 91' lang='lat' dir='ltr'><strong>donec</strong></span> <span class='ocrx_word' id='word_1_60' title='bbox 942 948 1201 1003; x_wconf 86' lang='lat' dir='ltr'><strong>Dominus</strong></span> <span class='ocrx_word' id='word_1_61' title='bbox 1228 947 1434 1016; x_wconf 77' lang='lat' dir='ltr'><strong>auferat</strong></span> <span class='ocrx_word' id='word_1_62' title='bbox 1457 946 1590 1001; x_wconf 88' lang='lat' dir='ltr'><strong>bella</strong></span> <span class='ocrx_word' id='word_1_63' title='bbox 1620 962 1780 1017; x_wconf 81' lang='lat' dir='ltr'><strong>usque</strong></span> 
     </span>
    </p>
   </div>
   <div class='ocr_carea' id='block_1_11' title="bbox 207 1036 1777 1106">
    <p class='ocr_par' dir='ltr' id='par_1_11' title="bbox 207 1036 1777 1106">
     <span class='ocr_line' id='line_1_11' title="bbox 207 1036 1777 1106; baseline 0 -17"><span class='ocrx_word' id='word_1_64' title='bbox 207 1038 269 1089; x_wconf 88' lang='lat' dir='ltr'><strong>ad</strong></span> <span class='ocrx_word' id='word_1_65' title='bbox 315 1036 446 1103; x_wconf 82' lang='lat' dir='ltr'><strong>ﬁnes</strong></span> <span class='ocrx_word' id='word_1_66' title='bbox 504 1046 658 1089; x_wconf 69' lang='lat' dir='ltr'><strong>terra:</strong></span> <span class='ocrx_word' id='word_1_67' title='bbox 696 1037 842 1105; x_wconf 84' lang='lat' dir='ltr'><strong>ejus,</strong></span> <span class='ocrx_word' id='word_1_68' title='bbox 893 1053 1073 1090; x_wconf 88' lang='lat' dir='ltr'><strong>arcum</strong></span> <span class='ocrx_word' id='word_1_69' title='bbox 1119 1048 1370 1101; x_wconf 83' lang='lat' dir='ltr'><strong>conterat,</strong></span> <span class='ocrx_word' id='word_1_70' title='bbox 1404 1047 1450 1090; x_wconf 83' lang='lat' dir='ltr'><strong>et</strong></span> <span class='ocrx_word' id='word_1_71' title='bbox 1480 1036 1777 1106; x_wconf 73' lang='lat' dir='ltr'><strong>confringat</strong></span> 
     </span>
    </p>
   </div>
   <div class='ocr_carea' id='block_1_12' title="bbox 204 1124 1776 1197">
    <p class='ocr_par' dir='ltr' id='par_1_12' title="bbox 204 1124 1776 1197">
     <span class='ocr_line' id='line_1_12' title="bbox 204 1124 1776 1197; baseline 0.004 -20"><span class='ocrx_word' id='word_1_72' title='bbox 204 1142 369 1189; x_wconf 89' lang='lat' dir='ltr'><strong>arma,</strong></span> <span class='ocrx_word' id='word_1_73' title='bbox 418 1133 467 1179; x_wconf 83' lang='lat' dir='ltr'><strong>et</strong></span> <span class='ocrx_word' id='word_1_74' title='bbox 514 1137 662 1179; x_wconf 84' lang='lat' dir='ltr'><strong>scuta</strong></span> <span class='ocrx_word' id='word_1_75' title='bbox 738 1125 1007 1179; x_wconf 76' lang='lat' dir='ltr'><strong>comburat</strong></span> <span class='ocrx_word' id='word_1_76' title='bbox 1052 1126 1159 1197; x_wconf 86' lang='lat' dir='ltr'><strong>igni</strong></span> <span class='ocrx_word' id='word_1_77' title='bbox 1184 1124 1358 1192; x_wconf 83' lang='lat' dir='ltr'><strong>(Psal.</strong></span> <span class='ocrx_word' id='word_1_78' title='bbox 1412 1142 1532 1191; x_wconf 69' lang='lat' dir='ltr'><strong>XLV,</strong></span> <span class='ocrx_word' id='word_1_79' title='bbox 1561 1129 1638 1192; x_wconf 90' lang='lat'><strong>9),</strong></span> <span class='ocrx_word' id='word_1_80' title='bbox 1687 1127 1776 1183; x_wconf 90' lang='lat' dir='ltr'><strong>illo</strong></span> 
     </span>
    </p>
   </div>
   <div class='ocr_carea' id='block_1_13' title="bbox 202 1215 1767 1286">
    <p class='ocr_par' dir='ltr' id='par_1_13' title="bbox 202 1215 1767 1286">
     <span class='ocr_line' id='line_1_13' title="bbox 202 1215 1767 1286; baseline 0.001 -16"><span class='ocrx_word' id='word_1_81' title='bbox 202 1217 401 1272; x_wconf 82' lang='lat' dir='ltr'><strong>scilicet</strong></span> <span class='ocrx_word' id='word_1_82' title='bbox 424 1231 582 1285; x_wconf 83' lang='lat' dir='ltr'><strong>quem</strong></span> <span class='ocrx_word' id='word_1_83' title='bbox 615 1215 874 1271; x_wconf 90' lang='lat' dir='ltr'><strong>Dominus</strong></span> <span class='ocrx_word' id='word_1_84' title='bbox 909 1220 1053 1271; x_wconf 90' lang='lat' dir='ltr'><strong>venit</strong></span> <span class='ocrx_word' id='word_1_85' title='bbox 1086 1218 1302 1271; x_wconf 80' lang='lat' dir='ltr'><strong>mittere</strong></span> <span class='ocrx_word' id='word_1_86' title='bbox 1331 1234 1492 1286; x_wconf 88' lang='lat' dir='ltr'><strong>super</strong></span> <span class='ocrx_word' id='word_1_87' title='bbox 1545 1228 1767 1272; x_wconf 86' lang='lat' dir='ltr'><strong>terram.</strong></span> 
     </span>
    </p>
   </div>
   <div class='ocr_carea' id='block_1_14' title="bbox 202 1306 1774 1363">
    <p class='ocr_par' dir='ltr' id='par_1_14' title="bbox 202 1306 1774 1363">
     <span class='ocr_line' id='line_1_14' title="bbox 202 1306 1774 1363; baseline 0.001 -2"><span class='ocrx_word' id='word_1_88' title='bbox 202 1307 260 1361; x_wconf 82' lang='lat' dir='ltr'><strong>Et</strong></span> <span class='ocrx_word' id='word_1_89' title='bbox 284 1307 353 1360; x_wconf 88' lang='lat' dir='ltr'><strong>ita</strong></span> <span class='ocrx_word' id='word_1_90' title='bbox 377 1322 498 1361; x_wconf 91' lang='lat' dir='ltr'><strong>cum</strong></span> <span class='ocrx_word' id='word_1_91' title='bbox 520 1322 642 1361; x_wconf 91' lang='lat' dir='ltr'><strong>eum</strong></span> <span class='ocrx_word' id='word_1_92' title='bbox 670 1306 928 1362; x_wconf 91' lang='lat' dir='ltr'><strong>Dominus</strong></span> <span class='ocrx_word' id='word_1_93' title='bbox 961 1319 1249 1363; x_wconf 87' lang='lat' dir='ltr'><strong>conterens</strong></span> <span class='ocrx_word' id='word_1_94' title='bbox 1273 1308 1410 1363; x_wconf 85' lang='lat' dir='ltr'><strong>bella</strong></span> <span class='ocrx_word' id='word_1_95' title='bbox 1437 1309 1504 1362; x_wconf 85' lang='lat' dir='ltr'><strong>ab</strong></span> <span class='ocrx_word' id='word_1_96' title='bbox 1533 1310 1774 1362; x_wconf 91' lang='lat' dir='ltr'><strong>omnium</strong></span> 
     </span>
    </p>
   </div>
   <div class='ocr_carea' id='block_1_15' title="bbox 197 1394 1775 1466">
    <p class='ocr_par' dir='ltr' id='par_1_15' title="bbox 197 1394 1775 1466">
     <span class='ocr_line' id='line_1_15' title="bbox 197 1394 1775 1466; baseline 0.002 -18"><span class='ocrx_word' id='word_1_97' title='bbox 197 1394 585 1449; x_wconf 88' lang='lat' dir='ltr'><strong>incentivorum</strong></span> <span class='ocrx_word' id='word_1_98' title='bbox 633 1397 858 1451; x_wconf 65' lang='lat' dir='ltr'><strong>testibus</strong></span> <span class='ocrx_word' id='word_1_99' title='bbox 908 1397 1241 1463; x_wconf 81' lang='lat' dir='ltr'><strong>liberaverit,</strong></span> <span class='ocrx_word' id='word_1_100' title='bbox 1281 1399 1346 1451; x_wconf 88' lang='lat' dir='ltr'><strong>ad</strong></span> <span class='ocrx_word' id='word_1_101' title='bbox 1390 1398 1775 1466; x_wconf 83' lang='lat' dir='ltr'><strong>illumpurita-</strong></span> 
     </span>
    </p>
   </div>
   <div class='ocr_carea' id='block_1_16' title="bbox 198 1483 1771 1555">
    <p class='ocr_par' dir='ltr' id='par_1_16' title="bbox 198 1483 1771 1555">
     <span class='ocr_line' id='line_1_16' title="bbox 198 1483 1771 1555; baseline 0.003 -21"><span class='ocrx_word' id='word_1_102' title='bbox 198 1484 261 1536; x_wconf 90' lang='lat' dir='ltr'><strong>tis</strong></span> <span class='ocrx_word' id='word_1_103' title='bbox 288 1483 568 1551; x_wconf 90' lang='lat' dir='ltr'><strong>perveniet</strong></span> <span class='ocrx_word' id='word_1_104' title='bbox 630 1493 829 1537; x_wconf 87' lang='lat' dir='ltr'><strong>statqu</strong></span> <span class='ocrx_word' id='word_1_105' title='bbox 862 1494 937 1549; x_wconf 92' lang='lat' dir='ltr'><strong>ut,</strong></span> <span class='ocrx_word' id='word_1_106' title='bbox 983 1484 1224 1554; x_wconf 86' lang='lat' dir='ltr'><strong>deposita</strong></span> <span class='ocrx_word' id='word_1_107' title='bbox 1276 1485 1608 1549; x_wconf 78' lang='lat' dir='ltr'><strong>confusione,</strong></span> <span class='ocrx_word' id='word_1_108' title='bbox 1669 1502 1771 1555; x_wconf 83' lang='lat' dir='ltr'><strong>qua</strong></span> 
     </span>
    </p>
   </div>
   <div class='ocr_carea' id='block_1_17' title="bbox 194 1572 1773 1644">
    <p class='ocr_par' dir='ltr' id='par_1_17' title="bbox 194 1572 1773 1644">
     <span class='ocr_line' id='line_1_17' title="bbox 194 1572 1773 1644; baseline 0.003 -20"><span class='ocrx_word' id='word_1_109' title='bbox 194 1572 563 1641; x_wconf 85' lang='lat' dir='ltr'><strong>semetipsum,</strong></span> <span class='ocrx_word' id='word_1_110' title='bbox 613 1572 664 1624; x_wconf 93' lang='lat' dir='ltr'><strong>id</strong></span> <span class='ocrx_word' id='word_1_111' title='bbox 689 1582 770 1626; x_wconf 91' lang='lat' dir='ltr'><strong>est</strong></span> <span class='ocrx_word' id='word_1_112' title='bbox 794 1588 1013 1627; x_wconf 89' lang='lat' dir='ltr'><strong>carnem</strong></span> <span class='ocrx_word' id='word_1_113' title='bbox 1064 1588 1239 1638; x_wconf 89' lang='lat' dir='ltr'><strong>suam,</strong></span> <span class='ocrx_word' id='word_1_114' title='bbox 1272 1574 1397 1627; x_wconf 92' lang='lat' dir='ltr'><strong>dum</strong></span> <span class='ocrx_word' id='word_1_115' title='bbox 1434 1575 1773 1644; x_wconf 84' lang='lat' dir='ltr'><strong>impugnare-</strong></span> 
     </span>
    </p>
   </div>
   <div class='ocr_carea' id='block_1_18' title="bbox 194 1662 1773 1733">
    <p class='ocr_par' dir='ltr' id='par_1_18' title="bbox 194 1662 1773 1733">
     <span class='ocr_line' id='line_1_18' title="bbox 194 1662 1773 1733; baseline 0.003 -19"><span class='ocrx_word' id='word_1_116' title='bbox 194 1669 298 1727; x_wconf 92' lang='lat' dir='ltr'><strong>tur,</strong></span> <span class='ocrx_word' id='word_1_117' title='bbox 354 1662 630 1729; x_wconf 89' lang='lat' dir='ltr'><strong>horrebat,</strong></span> <span class='ocrx_word' id='word_1_118' title='bbox 690 1663 911 1733; x_wconf 84' lang='lat' dir='ltr'><strong>incipiet</strong></span> <span class='ocrx_word' id='word_1_119' title='bbox 958 1680 1020 1717; x_wconf 90' lang='lat' dir='ltr'><strong>ea</strong></span> <span class='ocrx_word' id='word_1_120' title='bbox 1070 1665 1215 1718; x_wconf 88' lang='lat' dir='ltr'><strong>velut</strong></span> <span class='ocrx_word' id='word_1_121' title='bbox 1262 1664 1553 1732; x_wconf 89' lang='lat' dir='ltr'><strong>purissimo</strong></span> <span class='ocrx_word' id='word_1_122' title='bbox 1594 1666 1773 1719; x_wconf 84' lang='lat' dir='ltr'><strong>taber-</strong></span> 
     </span>
    </p>
   </div>
   <div class='ocr_carea' id='block_1_19' title="bbox 1881 488 3458 559">
    <p class='ocr_par' dir='ltr' id='par_1_19' title="bbox 1881 488 3458 559">
     <span class='ocr_line' id='line_1_19' title="bbox 1881 488 3458 559; baseline -0.001 -14"><span class='ocrx_word' id='word_1_123' title='bbox 1881 501 1937 545; x_wconf 89' lang='lat' dir='ltr'><strong>et</strong></span> <span class='ocrx_word' id='word_1_124' title='bbox 1958 490 2113 559; x_wconf 88' lang='lat' dir='ltr'><strong>quasi</strong></span> <span class='ocrx_word' id='word_1_125' title='bbox 2147 490 2197 542; x_wconf 93' lang='lat' dir='ltr'><strong>in</strong></span> <span class='ocrx_word' id='word_1_126' title='bbox 2224 488 2624 543; x_wconf 85' lang='lat' dir='ltr'><strong>similitudinem</strong></span> <span class='ocrx_word' id='word_1_127' title='bbox 2653 490 2732 543; x_wconf 92' lang='lat' dir='ltr'><strong>sui</strong></span> <span class='ocrx_word' id='word_1_128' title='bbox 2760 490 2973 554; x_wconf 79' lang='lat' dir='ltr'><strong>formet,</strong></span> <span class='ocrx_word' id='word_1_129' title='bbox 3000 503 3181 543; x_wconf 88' lang='lat' dir='ltr'><strong>arcam</strong></span> <span class='ocrx_word' id='word_1_130' title='bbox 3206 491 3458 558; x_wconf 84' lang='lat' dir='ltr'><strong>quodam-</strong></span> 
     </span>
    </p>
   </div>
   <div class='ocr_carea' id='block_1_20' title="bbox 1884 579 3459 645">
    <p class='ocr_par' dir='ltr' id='par_1_20' title="bbox 1884 579 3459 645">
     <span class='ocr_line' id='line_1_20' title="bbox 1884 579 3459 645; baseline 0.001 -10"><span class='ocrx_word' id='word_1_131' title='bbox 1884 583 2128 636; x_wconf 76' lang='lat' dir='ltr'><strong>modoex</strong></span> <span class='ocrx_word' id='word_1_132' title='bbox 2166 595 2230 633; x_wconf 90' lang='lat' dir='ltr'><strong>ea</strong></span> <span class='ocrx_word' id='word_1_133' title='bbox 2267 579 2469 634; x_wconf 83' lang='lat' dir='ltr'><strong>faciens</strong></span> <span class='ocrx_word' id='word_1_134' title='bbox 2514 581 2843 645; x_wconf 79' lang='lat' dir='ltr'><strong>testamenti,</strong></span> <span class='ocrx_word' id='word_1_135' title='bbox 2895 580 3186 636; x_wconf 90' lang='lat' dir='ltr'><strong>habentem</strong></span> <span class='ocrx_word' id='word_1_136' title='bbox 3248 580 3459 636; x_wconf 76' lang='lat' dir='ltr'><strong>scilicet</strong></span> 
     </span>
    </p>
   </div>
   <div class='ocr_carea' id='block_1_21' title="bbox 1886 668 3457 739">
    <p class='ocr_par' dir='ltr' id='par_1_21' title="bbox 1886 668 3457 739">
     <span class='ocr_line' id='line_1_21' title="bbox 1886 668 3457 739; baseline 0 -16"><span class='ocrx_word' id='word_1_137' title='bbox 1886 670 1934 725; x_wconf 89' lang='lat' dir='ltr'><strong>in</strong></span> <span class='ocrx_word' id='word_1_138' title='bbox 1965 684 2023 723; x_wconf 88' lang='lat' dir='ltr'><strong>se</strong></span> <span class='ocrx_word' id='word_1_139' title='bbox 2051 669 2186 723; x_wconf 87' lang='lat' dir='ltr'><strong>duas</strong></span> <span class='ocrx_word' id='word_1_140' title='bbox 2236 668 2445 722; x_wconf 88' lang='lat' dir='ltr'><strong>tabulas</strong></span> <span class='ocrx_word' id='word_1_141' title='bbox 2505 668 2763 739; x_wconf 89' lang='lat' dir='ltr'><strong>lapideas,</strong></span> <span class='ocrx_word' id='word_1_142' title='bbox 2798 669 2850 724; x_wconf 87' lang='lat' dir='ltr'><strong>id</strong></span> <span class='ocrx_word' id='word_1_143' title='bbox 2878 679 2961 725; x_wconf 87' lang='lat' dir='ltr'><strong>est</strong></span> <span class='ocrx_word' id='word_1_144' title='bbox 2984 670 3211 739; x_wconf 87' lang='lat' dir='ltr'><strong>duplicis</strong></span> <span class='ocrx_word' id='word_1_145' title='bbox 3248 670 3457 724; x_wconf 89' lang='lat' dir='ltr'><strong>Instru-</strong></span> 
     </span>
    </p>
   </div>
   <div class='ocr_carea' id='block_1_22' title="bbox 1882 759 3454 829">
    <p class='ocr_par' dir='ltr' id='par_1_22' title="bbox 1882 759 3454 829">
     <span class='ocr_line' id='line_1_22' title="bbox 1882 759 3454 829; baseline -0.002 -15"><span class='ocrx_word' id='word_1_146' title='bbox 1882 759 2049 814; x_wconf 84' lang='lat' dir='ltr'><strong>tncnti</strong></span> <span class='ocrx_word' id='word_1_147' title='bbox 2074 767 2383 828; x_wconf 91' lang='lat' dir='ltr'><strong>perpetuam</strong></span> <span class='ocrx_word' id='word_1_148' title='bbox 2404 759 2736 814; x_wconf 79' lang='lat' dir='ltr'><strong>ﬁrmitatem.</strong></span> <span class='ocrx_word' id='word_1_149' title='bbox 2758 759 2958 814; x_wconf 89' lang='lat' dir='ltr'><strong>Urnam</strong></span> <span class='ocrx_word' id='word_1_150' title='bbox 2976 774 3189 829; x_wconf 88' lang='lat' dir='ltr'><strong>quoque</strong></span> <span class='ocrx_word' id='word_1_151' title='bbox 3210 774 3454 823; x_wconf 87' lang='lat' dir='ltr'><strong>auream,</strong></span> 
     </span>
    </p>
   </div>
   <div class='ocr_carea' id='block_1_23' title="bbox 1880 850 3457 921">
    <p class='ocr_par' dir='ltr' id='par_1_23' title="bbox 1880 850 3457 921">
     <span class='ocr_line' id='line_1_23' title="bbox 1880 850 3457 921; baseline -0.001 -17"><span class='ocrx_word' id='word_1_152' title='bbox 1880 850 1982 904; x_wconf 82' lang='lat' dir='ltr'><strong>hoc</strong></span> <span class='ocrx_word' id='word_1_153' title='bbox 2008 859 2091 906; x_wconf 89' lang='lat' dir='ltr'><strong>est</strong></span> <span class='ocrx_word' id='word_1_154' title='bbox 2117 853 2429 907; x_wconf 88' lang='lat' dir='ltr'><strong>memoriam</strong></span> <span class='ocrx_word' id='word_1_155' title='bbox 2463 868 2651 921; x_wconf 89' lang='lat' dir='ltr'><strong>puratn</strong></span> <span class='ocrx_word' id='word_1_156' title='bbox 2699 860 2859 920; x_wconf 88' lang='lat' dir='ltr'><strong>atque</strong></span> <span class='ocrx_word' id='word_1_157' title='bbox 2901 851 3188 914; x_wconf 84' lang='lat' dir='ltr'><strong>sinceram,</strong></span> <span class='ocrx_word' id='word_1_158' title='bbox 3226 866 3345 919; x_wconf 68' lang='lat' dir='ltr'><strong>quae</strong></span> <span class='ocrx_word' id='word_1_159' title='bbox 3372 866 3457 903; x_wconf 89' lang='lat' dir='ltr'><strong>re-</strong></span> 
     </span>
    </p>
   </div>
   <div class='ocr_carea' id='block_1_24' title="bbox 1879 943 3456 1013">
    <p class='ocr_par' dir='ltr' id='par_1_24' title="bbox 1879 943 3456 1013">
     <span class='ocr_line' id='line_1_24' title="bbox 1879 943 3456 1013; baseline -0.002 -16"><span class='ocrx_word' id='word_1_160' title='bbox 1879 943 2154 997; x_wconf 90' lang='lat' dir='ltr'><strong>conditum</strong></span> <span class='ocrx_word' id='word_1_161' title='bbox 2184 943 2233 998; x_wconf 92' lang='lat' dir='ltr'><strong>in</strong></span> <span class='ocrx_word' id='word_1_162' title='bbox 2265 960 2322 997; x_wconf 89' lang='lat' dir='ltr'><strong>se</strong></span> <span class='ocrx_word' id='word_1_163' title='bbox 2364 958 2558 997; x_wconf 89' lang='lat' dir='ltr'><strong>manna</strong></span> <span class='ocrx_word' id='word_1_164' title='bbox 2597 952 2853 1013; x_wconf 90' lang='lat' dir='ltr'><strong>perpetua</strong></span> <span class='ocrx_word' id='word_1_165' title='bbox 2895 943 3185 997; x_wconf 88' lang='lat' dir='ltr'><strong>tenacitate</strong></span> <span class='ocrx_word' id='word_1_166' title='bbox 3234 957 3456 996; x_wconf 88' lang='lat' dir='ltr'><strong>conser-</strong></span> 
     </span>
    </p>
   </div>
   <div class='ocr_carea' id='block_1_25' title="bbox 1879 1030 3455 1103">
    <p class='ocr_par' dir='ltr' id='par_1_25' title="bbox 1879 1030 3455 1103">
     <span class='ocr_line' id='line_1_25' title="bbox 1879 1030 3455 1103; baseline -0.001 -16"><span class='ocrx_word' id='word_1_167' title='bbox 1879 1042 1988 1098; x_wconf 88' lang='lat' dir='ltr'><strong>vet,</strong></span> <span class='ocrx_word' id='word_1_168' title='bbox 2015 1034 2374 1103; x_wconf 89' lang='lat' dir='ltr'><strong>spiritualium</strong></span> <span class='ocrx_word' id='word_1_169' title='bbox 2406 1034 2612 1088; x_wconf 89' lang='lat' dir='ltr'><strong>scilicet</strong></span> <span class='ocrx_word' id='word_1_170' title='bbox 2664 1048 2940 1095; x_wconf 88' lang='lat' dir='ltr'><strong>sensuum,</strong></span> <span class='ocrx_word' id='word_1_171' title='bbox 2971 1043 3028 1087; x_wconf 89' lang='lat' dir='ltr'><strong>et</strong></span> <span class='ocrx_word' id='word_1_172' title='bbox 3060 1032 3285 1102; x_wconf 78' lang='lat' dir='ltr'><strong>angelici</strong></span> <span class='ocrx_word' id='word_1_173' title='bbox 3314 1030 3455 1085; x_wconf 88' lang='lat' dir='ltr'><strong>illius</strong></span> 
     </span>
    </p>
   </div>
   <div class='ocr_carea' id='block_1_26' title="bbox 1877 1118 3454 1195">
    <p class='ocr_par' dir='ltr' id='par_1_26' title="bbox 1877 1118 3454 1195">
     <span class='ocr_line' id='line_1_26' title="bbox 1877 1118 3454 1195; baseline -0.001 -20"><span class='ocrx_word' id='word_1_174' title='bbox 1877 1126 2032 1193; x_wconf 90' lang='lat' dir='ltr'><strong>panis</strong></span> <span class='ocrx_word' id='word_1_175' title='bbox 2068 1138 2358 1195; x_wconf 87' lang='lat' dir='ltr'><strong>perennem</strong></span> <span class='ocrx_word' id='word_1_176' title='bbox 2387 1122 2774 1192; x_wconf 80' lang='lat' dir='ltr'><strong>caelestemque</strong></span> <span class='ocrx_word' id='word_1_177' title='bbox 2820 1118 3176 1177; x_wconf 87' lang='lat' dir='ltr'><strong>dulcedinem.</strong></span> <span class='ocrx_word' id='word_1_178' title='bbox 3213 1120 3319 1175; x_wconf 85' lang='lat' dir='ltr'><strong>Nec</strong></span> <span class='ocrx_word' id='word_1_179' title='bbox 3347 1136 3454 1174; x_wconf 84' lang='lat' dir='ltr'><strong>non</strong></span> 
     </span>
    </p>
   </div>
   <div class='ocr_carea' id='block_1_27' title="bbox 1877 1212 3457 1286">
    <p class='ocr_par' dir='ltr' id='par_1_27' title="bbox 1877 1212 3457 1286">
     <span class='ocr_line' id='line_1_27' title="bbox 1877 1212 3457 1286; baseline -0.004 -16"><span class='ocrx_word' id='word_1_180' title='bbox 1877 1219 2037 1270; x_wconf 87' lang='lat' dir='ltr'><strong>ctiam</strong></span> <span class='ocrx_word' id='word_1_181' title='bbox 2066 1217 2269 1286; x_wconf 82' lang='lat' dir='ltr'><strong>virgam</strong></span> <span class='ocrx_word' id='word_1_182' title='bbox 2316 1217 2516 1280; x_wconf 82' lang='lat' dir='ltr'><strong>Aaron,</strong></span> <span class='ocrx_word' id='word_1_183' title='bbox 2549 1216 2598 1269; x_wconf 89' lang='lat' dir='ltr'><strong>id</strong></span> <span class='ocrx_word' id='word_1_184' title='bbox 2628 1223 2715 1268; x_wconf 87' lang='lat' dir='ltr'><strong>est</strong></span> <span class='ocrx_word' id='word_1_185' title='bbox 2737 1215 2931 1267; x_wconf 90' lang='lat' dir='ltr'><strong>summi</strong></span> <span class='ocrx_word' id='word_1_186' title='bbox 2983 1214 3201 1281; x_wconf 85' lang='lat' dir='ltr'><strong>verique</strong></span> <span class='ocrx_word' id='word_1_187' title='bbox 3233 1212 3457 1265; x_wconf 78' lang='lat' dir='ltr'><strong>Pontili-</strong></span> 
     </span>
    </p>
   </div>
   <div class='ocr_carea' id='block_1_28' title="bbox 1877 1300 3455 1359">
    <p class='ocr_par' dir='ltr' id='par_1_28' title="bbox 1877 1300 3455 1359">
     <span class='ocr_line' id='line_1_28' title="bbox 1877 1300 3455 1359; baseline -0.003 0"><span class='ocrx_word' id='word_1_188' title='bbox 1877 1307 1955 1359; x_wconf 86' lang='lat' dir='ltr'><strong>cis</strong></span> <span class='ocrx_word' id='word_1_189' title='bbox 1988 1308 2156 1359; x_wconf 86' lang='lat' dir='ltr'><strong>nostri</strong></span> <span class='ocrx_word' id='word_1_190' title='bbox 2198 1305 2323 1359; x_wconf 80' lang='lat' dir='ltr'><strong>Jcsu</strong></span> <span class='ocrx_word' id='word_1_191' title='bbox 2345 1304 2541 1358; x_wconf 87' lang='lat' dir='ltr'><strong>Christi</strong></span> <span class='ocrx_word' id='word_1_192' title='bbox 2570 1303 2807 1357; x_wconf 89' lang='lat' dir='ltr'><strong>salutare</strong></span> <span class='ocrx_word' id='word_1_193' title='bbox 2844 1301 3098 1356; x_wconf 79' lang='lat' dir='ltr'><strong>vexillum</strong></span> <span class='ocrx_word' id='word_1_194' title='bbox 3135 1300 3455 1355; x_wconf 76' lang='lat' dir='ltr'><strong>inunortalis</strong></span> 
     </span>
    </p>
   </div>
   <div class='ocr_carea' id='block_1_29' title="bbox 1878 1390 3458 1464">
    <p class='ocr_par' dir='ltr' id='par_1_29' title="bbox 1878 1390 3458 1464">
     <span class='ocr_line' id='line_1_29' title="bbox 1878 1390 3458 1464; baseline -0.004 -14"><span class='ocrx_word' id='word_1_195' title='bbox 1878 1398 2150 1450; x_wconf 71' lang='lat' dir='ltr'><strong>memoria:</strong></span> <span class='ocrx_word' id='word_1_196' title='bbox 2188 1410 2404 1464; x_wconf 90' lang='lat' dir='ltr'><strong>semper</strong></span> <span class='ocrx_word' id='word_1_197' title='bbox 2432 1395 2705 1448; x_wconf 87' lang='lat' dir='ltr'><strong>viriditate</strong></span> <span class='ocrx_word' id='word_1_198' title='bbox 2738 1393 3108 1447; x_wconf 87' lang='lat' dir='ltr'><strong>frondescens.</strong></span> <span class='ocrx_word' id='word_1_199' title='bbox 3158 1390 3281 1444; x_wconf 65' lang='lat' dir='ltr'><strong>Ilaec</strong></span> <span class='ocrx_word' id='word_1_200' title='bbox 3304 1406 3458 1444; x_wconf 83' lang='lat' dir='ltr'><strong>nam-</strong></span> 
     </span>
    </p>
   </div>
   <div class='ocr_carea' id='block_1_30' title="bbox 1875 1482 3457 1556">
    <p class='ocr_par' dir='ltr' id='par_1_30' title="bbox 1875 1482 3457 1556">
     <span class='ocr_line' id='line_1_30' title="bbox 1875 1482 3457 1556; baseline -0.001 -17"><span class='ocrx_word' id='word_1_201' title='bbox 1875 1503 1979 1556; x_wconf 83' lang='lat' dir='ltr'><strong>que</strong></span> <span class='ocrx_word' id='word_1_202' title='bbox 2027 1495 2111 1541; x_wconf 89' lang='lat' dir='ltr'><strong>est</strong></span> <span class='ocrx_word' id='word_1_203' title='bbox 2160 1487 2308 1556; x_wconf 80' lang='lat' dir='ltr'><strong>virga</strong></span> <span class='ocrx_word' id='word_1_204' title='bbox 2361 1500 2481 1555; x_wconf 68' lang='lat' dir='ltr'><strong>quae</strong></span> <span class='ocrx_word' id='word_1_205' title='bbox 2523 1494 2707 1555; x_wconf 80' lang='lat' dir='ltr'><strong>postea</strong></span> <span class='ocrx_word' id='word_1_206' title='bbox 2754 1501 2917 1554; x_wconf 88' lang='lat' dir='ltr'><strong>quam</strong></span> <span class='ocrx_word' id='word_1_207' title='bbox 2976 1486 3040 1538; x_wconf 92' lang='lat' dir='ltr'><strong>de</strong></span> <span class='ocrx_word' id='word_1_208' title='bbox 3066 1482 3219 1538; x_wconf 85' lang='lat' dir='ltr'><strong>Jesse</strong></span> <span class='ocrx_word' id='word_1_209' title='bbox 3275 1483 3457 1537; x_wconf 81' lang='lat' dir='ltr'><strong>radice</strong></span> 
     </span>
    </p>
   </div>
   <div class='ocr_carea' id='block_1_31' title="bbox 1874 1571 3457 1639">
    <p class='ocr_par' dir='ltr' id='par_1_31' title="bbox 1874 1571 3457 1639">
     <span class='ocr_line' id='line_1_31' title="bbox 1874 1571 3457 1639; baseline -0.003 -9"><span class='ocrx_word' id='word_1_210' title='bbox 1874 1579 2084 1631; x_wconf 83' lang='lat' dir='ltr'><strong>succisa</strong></span> <span class='ocrx_word' id='word_1_211' title='bbox 2132 1584 2235 1639; x_wconf 78' lang='lat' dir='ltr'><strong>est,</strong></span> <span class='ocrx_word' id='word_1_212' title='bbox 2297 1576 2535 1629; x_wconf 86' lang='lat' dir='ltr'><strong>vivacius</strong></span> <span class='ocrx_word' id='word_1_213' title='bbox 2592 1575 2912 1629; x_wconf 83' lang='lat' dir='ltr'><strong>mortiﬁcata</strong></span> <span class='ocrx_word' id='word_1_214' title='bbox 2982 1573 3282 1628; x_wconf 86' lang='lat' dir='ltr'><strong>revirescit.</strong></span> <span class='ocrx_word' id='word_1_215' title='bbox 3330 1571 3457 1626; x_wconf 72' lang='lat' dir='ltr'><strong>Ilaec</strong></span> 
     </span>
    </p>
   </div>
   <div class='ocr_carea' id='block_1_32' title="bbox 1874 1665 3458 1731">
    <p class='ocr_par' dir='ltr' id='par_1_32' title="bbox 1874 1665 3458 1731">
     <span class='ocr_line' id='line_1_32' title="bbox 1874 1665 3458 1731; baseline -0.001 -12"><span class='ocrx_word' id='word_1_216' title='bbox 1874 1677 2055 1722; x_wconf 86' lang='lat' dir='ltr'><strong>autem</strong></span> <span class='ocrx_word' id='word_1_217' title='bbox 2085 1668 2264 1721; x_wconf 82' lang='lat' dir='ltr'><strong>omnia</strong></span> <span class='ocrx_word' id='word_1_218' title='bbox 2312 1667 2517 1727; x_wconf 88' lang='lat' dir='ltr'><strong>duobus</strong></span> <span class='ocrx_word' id='word_1_219' title='bbox 2549 1668 2853 1731; x_wconf 89' lang='lat' dir='ltr'><strong>cherubim,</strong></span> <span class='ocrx_word' id='word_1_220' title='bbox 2894 1666 2946 1721; x_wconf 92' lang='lat' dir='ltr'><strong>id</strong></span> <span class='ocrx_word' id='word_1_221' title='bbox 2986 1676 3071 1721; x_wconf 89' lang='lat' dir='ltr'><strong>est</strong></span> <span class='ocrx_word' id='word_1_222' title='bbox 3100 1665 3370 1720; x_wconf 65' lang='lat' dir='ltr'><strong>historicce</strong></span> <span class='ocrx_word' id='word_1_223' title='bbox 3399 1670 3458 1718; x_wconf 82' lang='lat' dir='ltr'><strong>et</strong></span> 
     </span>
    </p>
   </div>
   <div class='ocr_carea' id='block_1_33' title="bbox 192 1751 3456 1830">
    <p class='ocr_par' dir='ltr' id='par_1_33' title="bbox 192 1751 3456 1830">
     <span class='ocr_line' id='line_1_33' title="bbox 192 1751 3456 1830; baseline 0.002 -26"><span class='ocrx_word' id='word_1_224' title='bbox 192 1751 387 1805; x_wconf 90' lang='lat' dir='ltr'><strong>naculo</strong></span> <span class='ocrx_word' id='word_1_225' title='bbox 416 1752 671 1807; x_wconf 87' lang='lat' dir='ltr'><strong>delectari</strong></span> <span class='ocrx_word' id='word_1_226' title='bbox 706 1768 721 1818; x_wconf 89' lang='lat'><strong>;</strong></span> <span class='ocrx_word' id='word_1_227' title='bbox 758 1770 861 1807; x_wconf 90' lang='lat' dir='ltr'><strong>non</strong></span> <span class='ocrx_word' id='word_1_228' title='bbox 888 1754 1033 1806; x_wconf 89' lang='lat' dir='ltr'><strong>enim</strong></span> <span class='ocrx_word' id='word_1_229' title='bbox 1062 1753 1325 1807; x_wconf 86' lang='lat' dir='ltr'><strong>accedent</strong></span> <span class='ocrx_word' id='word_1_230' title='bbox 1354 1753 1420 1805; x_wconf 89' lang='lat' dir='ltr'><strong>ad</strong></span> <span class='ocrx_word' id='word_1_231' title='bbox 1450 1766 1575 1807; x_wconf 87' lang='lat' dir='ltr'><strong>eum</strong></span> <span class='ocrx_word' id='word_1_232' title='bbox 1607 1752 1768 1818; x_wconf 86' lang='lat' dir='ltr'><strong>mala,</strong></span> <span class='ocrx_word' id='word_1_233' title='bbox 1804 1766 1846 1819; x_wconf 83' lang='grc' dir='ltr'>Β</span> <span class='ocrx_word' id='word_1_234' title='bbox 1873 1760 2169 1830; x_wconf 76' lang='lat' dir='ltr'><strong>Spiritualis</strong></span> <span class='ocrx_word' id='word_1_235' title='bbox 2218 1760 2460 1814; x_wconf 76' lang='lat' dir='ltr'><strong>scientia:</strong></span> <span class='ocrx_word' id='word_1_236' title='bbox 2490 1759 2818 1829; x_wconf 90' lang='lat' dir='ltr'><strong>plenitudine</strong></span> <span class='ocrx_word' id='word_1_237' title='bbox 2845 1768 3212 1829; x_wconf 85' lang='lat' dir='ltr'><strong>prolegentur.</strong></span> <span class='ocrx_word' id='word_1_238' title='bbox 3247 1757 3456 1813; x_wconf 81' lang='lat' dir='ltr'><strong>Cheru—</strong></span> 
     </span>
    </p>
   </div>
   <div class='ocr_carea' id='block_1_34' title="bbox 189 1840 1762 1911">
    <p class='ocr_par' dir='ltr' id='par_1_34' title="bbox 189 1840 1762 1911">
     <span class='ocr_line' id='line_1_34' title="bbox 189 1840 1762 1911; baseline 0.003 -18"><span class='ocrx_word' id='word_1_239' title='bbox 189 1850 240 1894; x_wconf 90' lang='lat' dir='ltr'><strong>et</strong></span> <span class='ocrx_word' id='word_1_240' title='bbox 267 1840 536 1911; x_wconf 80' lang='lat' dir='ltr'><strong>ﬂagellum</strong></span> <span class='ocrx_word' id='word_1_241' title='bbox 571 1858 676 1895; x_wconf 90' lang='lat' dir='ltr'><strong>non</strong></span> <span class='ocrx_word' id='word_1_242' title='bbox 728 1842 1182 1911; x_wconf 84' lang='lat' dir='ltr'><strong>apprOpinquabit</strong></span> <span class='ocrx_word' id='word_1_243' title='bbox 1227 1841 1574 1896; x_wconf 88' lang='lat' dir='ltr'><strong>tabernaculo</strong></span> <span class='ocrx_word' id='word_1_244' title='bbox 1625 1841 1762 1911; x_wconf 84' lang='lat' dir='ltr'><strong>ejus.</strong></span> 
     </span>
    </p>
   </div>
   <div class='ocr_carea' id='block_1_35' title="bbox 188 1929 1765 2001">
    <p class='ocr_par' dir='ltr' id='par_1_35' title="bbox 188 1929 1765 2001">
     <span class='ocr_line' id='line_1_35' title="bbox 188 1929 1765 2001; baseline 0.001 -18"><span class='ocrx_word' id='word_1_245' title='bbox 188 1929 339 1985; x_wconf 84' lang='lat' dir='ltr'><strong>Ilanc</strong></span> <span class='ocrx_word' id='word_1_246' title='bbox 367 1932 529 2001; x_wconf 81' lang='lat' dir='ltr'><strong>igitur</strong></span> <span class='ocrx_word' id='word_1_247' title='bbox 554 1946 741 2000; x_wconf 91' lang='lat' dir='ltr'><strong>pacem</strong></span> <span class='ocrx_word' id='word_1_248' title='bbox 772 1933 945 1986; x_wconf 91' lang='lat' dir='ltr'><strong>donec</strong></span> <span class='ocrx_word' id='word_1_249' title='bbox 981 1934 1194 1985; x_wconf 83' lang='lat' dir='ltr'><strong>ﬁrmam</strong></span> <span class='ocrx_word' id='word_1_250' title='bbox 1245 1942 1408 2000; x_wconf 86' lang='lat' dir='ltr'><strong>atque</strong></span> <span class='ocrx_word' id='word_1_251' title='bbox 1446 1940 1765 2000; x_wconf 87' lang='lat' dir='ltr'><strong>perpetuam</strong></span> 
     </span>
    </p>
   </div>
   <div class='ocr_carea' id='block_1_36' title="bbox 186 2022 1766 2091">
    <p class='ocr_par' dir='ltr' id='par_1_36' title="bbox 186 2022 1766 2091">
     <span class='ocr_line' id='line_1_36' title="bbox 186 2022 1766 2091; baseline -0.001 -17"><span class='ocrx_word' id='word_1_252' title='bbox 186 2022 433 2075; x_wconf 89' lang='lat' dir='ltr'><strong>obtinere</strong></span> <span class='ocrx_word' id='word_1_253' title='bbox 460 2037 785 2087; x_wconf 86' lang='lat' dir='ltr'><strong>mereamur,</strong></span> <span class='ocrx_word' id='word_1_254' title='bbox 820 2022 1001 2076; x_wconf 90' lang='lat' dir='ltr'><strong>multis</strong></span> <span class='ocrx_word' id='word_1_255' title='bbox 1032 2036 1257 2077; x_wconf 86' lang='lat' dir='ltr'><strong>necesse</strong></span> <span class='ocrx_word' id='word_1_256' title='bbox 1304 2030 1389 2076; x_wconf 90' lang='lat' dir='ltr'><strong>est</strong></span> <span class='ocrx_word' id='word_1_257' title='bbox 1437 2036 1537 2076; x_wconf 90' lang='lat' dir='ltr'><strong>nos</strong></span> <span class='ocrx_word' id='word_1_258' title='bbox 1587 2022 1766 2091; x_wconf 86' lang='lat' dir='ltr'><strong>impu-</strong></span> 
     </span>
    </p>
   </div>
   <div class='ocr_carea' id='block_1_37' title="bbox 182 2107 1767 2183">
    <p class='ocr_par' dir='ltr' id='par_1_37' title="bbox 182 2107 1767 2183">
     <span class='ocr_line' id='line_1_37' title="bbox 182 2107 1767 2183; baseline 0.001 -17"><span class='ocrx_word' id='word_1_259' title='bbox 182 2114 538 2181; x_wconf 78' lang='lat' dir='ltr'><strong>gnationibus</strong></span> <span class='ocrx_word' id='word_1_260' title='bbox 618 2115 894 2179; x_wconf 88' lang='lat' dir='ltr'><strong>attentari,</strong></span> <span class='ocrx_word' id='word_1_261' title='bbox 975 2107 1393 2183; x_wconf 84' lang='lat' dir='ltr'><strong>frequenterque</strong></span> <span class='ocrx_word' id='word_1_262' title='bbox 1465 2112 1620 2167; x_wconf 86' lang='lat' dir='ltr'><strong>nobis</strong></span> <span class='ocrx_word' id='word_1_263' title='bbox 1685 2123 1767 2168; x_wconf 88' lang='lat' dir='ltr'><strong>est</strong></span> 
     </span>
    </p>
   </div>
   <div class='ocr_carea' id='block_1_38' title="bbox 182 2204 1760 2276">
    <p class='ocr_par' dir='ltr' id='par_1_38' title="bbox 182 2204 1760 2276">
     <span class='ocr_line' id='line_1_38' title="bbox 182 2204 1760 2276; baseline 0.001 -20"><span class='ocrx_word' id='word_1_264' title='bbox 182 2204 483 2260; x_wconf 81' lang='lat' dir='ltr'><strong>versiculus</strong></span> <span class='ocrx_word' id='word_1_265' title='bbox 512 2207 612 2260; x_wconf 91' lang='lat' dir='ltr'><strong>iste</strong></span> <span class='ocrx_word' id='word_1_266' title='bbox 640 2221 763 2260; x_wconf 91' lang='lat' dir='ltr'><strong>cum</strong></span> <span class='ocrx_word' id='word_1_267' title='bbox 784 2206 984 2275; x_wconf 77' lang='lat' dir='ltr'><strong>gemitu</strong></span> <span class='ocrx_word' id='word_1_268' title='bbox 1006 2206 1370 2276; x_wconf 87' lang='lat' dir='ltr'><strong>lacrymisque</strong></span> <span class='ocrx_word' id='word_1_269' title='bbox 1395 2204 1721 2272; x_wconf 85' lang='lat' dir='ltr'><strong>repetendus</strong></span> <span class='ocrx_word' id='word_1_270' title='bbox 1746 2222 1760 2257; x_wconf 89' lang='lat'><strong>:</strong></span> 
     </span>
    </p>
   </div>
   <div class='ocr_carea' id='block_1_39' title="bbox 181 2294 1764 2367">
    <p class='ocr_par' dir='ltr' id='par_1_39' title="bbox 181 2294 1764 2367">
     <span class='ocr_line' id='line_1_39' title="bbox 181 2294 1764 2367; baseline 0.001 -19"><span class='ocrx_word' id='word_1_271' title='bbox 181 2294 348 2349; x_wconf 79' lang='lat' dir='ltr'><strong>Miser</strong></span> <span class='ocrx_word' id='word_1_272' title='bbox 376 2296 548 2364; x_wconf 81' lang='lat' dir='ltr'><strong>[actus</strong></span> <span class='ocrx_word' id='word_1_273' title='bbox 596 2314 709 2350; x_wconf 79' lang='lat' dir='ltr'><strong>sum</strong></span> <span class='ocrx_word' id='word_1_274' title='bbox 752 2313 1135 2367; x_wconf 77' lang='lat' dir='ltr'><strong>usquequaque,</strong></span> <span class='ocrx_word' id='word_1_275' title='bbox 1172 2306 1282 2350; x_wconf 89' lang='lat' dir='ltr'><strong>tota</strong></span> <span class='ocrx_word' id='word_1_276' title='bbox 1318 2297 1401 2349; x_wconf 87' lang='lat' dir='ltr'><strong>die</strong></span> <span class='ocrx_word' id='word_1_277' title='bbox 1426 2295 1764 2349; x_wconf 84' lang='lat' dir='ltr'><strong>contristatus</strong></span> 
     </span>
    </p>
   </div>
   <div class='ocr_carea' id='block_1_40' title="bbox 178 2386 1764 2457">
    <p class='ocr_par' dir='ltr' id='par_1_40' title="bbox 178 2386 1764 2457">
     <span class='ocr_line' id='line_1_40' title="bbox 178 2386 1764 2457; baseline 0 -18"><span class='ocrx_word' id='word_1_278' title='bbox 178 2387 532 2457; x_wconf 74' lang='lat' dir='ltr'><strong>ingrediebar,</strong></span> <span class='ocrx_word' id='word_1_279' title='bbox 564 2388 812 2457; x_wconf 89' lang='lat' dir='ltr'><strong>quoniam</strong></span> <span class='ocrx_word' id='word_1_280' title='bbox 842 2387 1003 2440; x_wconf 81' lang='lat' dir='ltr'><strong>lumbi</strong></span> <span class='ocrx_word' id='word_1_281' title='bbox 1054 2388 1155 2441; x_wconf 88' lang='lat' dir='ltr'><strong>mei</strong></span> <span class='ocrx_word' id='word_1_282' title='bbox 1179 2386 1375 2456; x_wconf 79' lang='lat' dir='ltr'><strong>impleti</strong></span> <span class='ocrx_word' id='word_1_283' title='bbox 1398 2396 1518 2440; x_wconf 87' lang='lat' dir='ltr'><strong>sunt</strong></span> <span class='ocrx_word' id='word_1_284' title='bbox 1561 2386 1764 2439; x_wconf 56' lang='lat' dir='ltr'><strong>illusio-</strong></span> 
     </span>
    </p>
   </div>
   <div class='ocr_carea' id='block_1_41' title="bbox 178 2478 1763 2550">
    <p class='ocr_par' dir='ltr' id='par_1_41' title="bbox 178 2478 1763 2550">
     <span class='ocr_line' id='line_1_41' title="bbox 178 2478 1763 2550; baseline 0.001 -19"><span class='ocrx_word' id='word_1_285' title='bbox 178 2480 355 2544; x_wconf 81' lang='lat' dir='ltr'><strong>nibus,</strong></span> <span class='ocrx_word' id='word_1_286' title='bbox 381 2491 429 2532; x_wconf 86' lang='lat' dir='ltr'><strong>et</strong></span> <span class='ocrx_word' id='word_1_287' title='bbox 454 2492 642 2533; x_wconf 84' lang='lat' dir='ltr'><strong>nonest</strong></span> <span class='ocrx_word' id='word_1_288' title='bbox 663 2482 862 2533; x_wconf 80' lang='lat' dir='ltr'><strong>sanitas</strong></span> <span class='ocrx_word' id='word_1_289' title='bbox 887 2481 938 2531; x_wconf 90' lang='lat' dir='ltr'><strong>in</strong></span> <span class='ocrx_word' id='word_1_290' title='bbox 955 2496 1109 2534; x_wconf 81' lang='lat' dir='ltr'><strong>carne</strong></span> <span class='ocrx_word' id='word_1_291' title='bbox 1129 2498 1240 2534; x_wconf 87' lang='lat' dir='ltr'><strong>mea</strong></span> <span class='ocrx_word' id='word_1_292' title='bbox 1265 2479 1437 2550; x_wconf 80' lang='lat' dir='ltr'><strong>(Psal.</strong></span> <span class='ocrx_word' id='word_1_293' title='bbox 1460 2491 1667 2541; x_wconf 75' lang='lat' dir='ltr'><strong>xxxvn,</strong></span> <span class='ocrx_word' id='word_1_294' title='bbox 1686 2478 1763 2548; x_wconf 85' lang='lat'><strong>8).</strong></span> 
     </span>
    </p>
   </div>
   <div class='ocr_carea' id='block_1_42' title="bbox 174 2568 1763 2639">
    <p class='ocr_par' dir='ltr' id='par_1_42' title="bbox 174 2568 1763 2639">
     <span class='ocr_line' id='line_1_42' title="bbox 174 2568 1763 2639; baseline 0 -18"><span class='ocrx_word' id='word_1_295' title='bbox 174 2568 285 2623; x_wconf 85' lang='lat' dir='ltr'><strong>Iloe</strong></span> <span class='ocrx_word' id='word_1_296' title='bbox 338 2578 525 2623; x_wconf 83' lang='lat' dir='ltr'><strong>autem</strong></span> <span class='ocrx_word' id='word_1_297' title='bbox 583 2569 788 2631; x_wconf 87' lang='lat' dir='ltr'><strong>tandiu,</strong></span> <span class='ocrx_word' id='word_1_298' title='bbox 841 2570 1016 2637; x_wconf 88' lang='lat' dir='ltr'><strong>quoad</strong></span> <span class='ocrx_word' id='word_1_299' title='bbox 1052 2584 1223 2638; x_wconf 70' lang='lat' dir='ltr'><strong>usque</strong></span> <span class='ocrx_word' id='word_1_300' title='bbox 1271 2584 1366 2639; x_wconf 90' lang='lat' dir='ltr'><strong>per</strong></span> <span class='ocrx_word' id='word_1_301' title='bbox 1414 2568 1763 2638; x_wconf 81' lang='lat' dir='ltr'><strong>Deigratiam</strong></span> 
     </span>
    </p>
   </div>
   <div class='ocr_carea' id='block_1_43' title="bbox 174 2658 1765 2729">
    <p class='ocr_par' dir='ltr' id='par_1_43' title="bbox 174 2658 1765 2729">
     <span class='ocr_line' id='line_1_43' title="bbox 174 2658 1765 2729; baseline 0.001 -18"><span class='ocrx_word' id='word_1_302' title='bbox 174 2660 536 2711; x_wconf 84' lang='lat' dir='ltr'><strong>conﬁrmatus</strong></span> <span class='ocrx_word' id='word_1_303' title='bbox 569 2659 619 2710; x_wconf 91' lang='lat' dir='ltr'><strong>in</strong></span> <span class='ocrx_word' id='word_1_304' title='bbox 658 2658 744 2711; x_wconf 88' lang='lat' dir='ltr'><strong>illa</strong></span> <span class='ocrx_word' id='word_1_305' title='bbox 771 2674 935 2727; x_wconf 89' lang='lat' dir='ltr'><strong>quam</strong></span> <span class='ocrx_word' id='word_1_306' title='bbox 972 2660 1182 2729; x_wconf 90' lang='lat' dir='ltr'><strong>appetit</strong></span> <span class='ocrx_word' id='word_1_307' title='bbox 1235 2660 1493 2728; x_wconf 85' lang='lat' dir='ltr'><strong>puritate,</strong></span> <span class='ocrx_word' id='word_1_308' title='bbox 1528 2658 1765 2713; x_wconf 83' lang='lat' dir='ltr'><strong>ellicaci-</strong></span> 
     </span>
    </p>
   </div>
   <div class='ocr_carea' id='block_1_44' title="bbox 175 2750 1767 2819">
    <p class='ocr_par' dir='ltr' id='par_1_44' title="bbox 175 2750 1767 2819">
     <span class='ocr_line' id='line_1_44' title="bbox 175 2750 1767 2819; baseline 0.001 -17"><span class='ocrx_word' id='word_1_309' title='bbox 175 2761 254 2802; x_wconf 88' lang='lat' dir='ltr'><strong>ter</strong></span> <span class='ocrx_word' id='word_1_310' title='bbox 284 2750 477 2803; x_wconf 82' lang='lat' dir='ltr'><strong>dicere</strong></span> <span class='ocrx_word' id='word_1_311' title='bbox 528 2760 800 2803; x_wconf 80' lang='lat' dir='ltr'><strong>mereatur</strong></span> <span class='ocrx_word' id='word_1_312' title='bbox 828 2768 842 2802; x_wconf 89' lang='lat'><strong>:</strong></span> <span class='ocrx_word' id='word_1_313' title='bbox 871 2750 1196 2818; x_wconf 73' lang='lat' dir='ltr'><strong>Exspectans</strong></span> <span class='ocrx_word' id='word_1_314' title='bbox 1239 2752 1535 2819; x_wconf 70' lang='lat' dir='ltr'><strong>exspectavi</strong></span> <span class='ocrx_word' id='word_1_315' title='bbox 1585 2750 1767 2805; x_wconf 80' lang='lat' dir='ltr'><strong>Domi-</strong></span> 
     </span>
    </p>
   </div>
   <div class='ocr_carea' id='block_1_45' title="bbox 171 2838 1344 2913">
    <p class='ocr_par' dir='ltr' id='par_1_45' title="bbox 171 2838 1344 2913">
     <span class='ocr_line' id='line_1_45' title="bbox 171 2838 1344 2913; baseline 0.004 -22"><span class='ocrx_word' id='word_1_316' title='bbox 171 2856 315 2901; x_wconf 82' lang='lat' dir='ltr'><strong>num,</strong></span> <span class='ocrx_word' id='word_1_317' title='bbox 355 2850 405 2893; x_wconf 86' lang='lat' dir='ltr'><strong>et</strong></span> <span class='ocrx_word' id='word_1_318' title='bbox 433 2840 651 2892; x_wconf 78' lang='lat' dir='ltr'><strong>intendit</strong></span> <span class='ocrx_word' id='word_1_319' title='bbox 681 2841 810 2892; x_wconf 76' lang='lat' dir='ltr'><strong>milii</strong></span> <span class='ocrx_word' id='word_1_320' title='bbox 833 2840 1005 2909; x_wconf 77' lang='lat' dir='ltr'><strong>(Psal.</strong></span> <span class='ocrx_word' id='word_1_321' title='bbox 1037 2838 1225 2907; x_wconf 60' lang='grc' dir='ltr'>χχχιχ,</span> <span class='ocrx_word' id='word_1_322' title='bbox 1268 2843 1344 2913; x_wconf 81' lang='lat' dir='ltr'><strong>I):</strong></span> 
     </span>
    </p>
   </div>
   <div class='ocr_carea' id='block_1_46' title="bbox 817 2931 1132 2987">
    <p class='ocr_par' dir='ltr' id='par_1_46' title="bbox 817 2931 1132 2987">
     <span class='ocr_line' id='line_1_46' title="bbox 817 2931 1132 2987; baseline 0.006 -3"><span class='ocrx_word' id='word_1_323' title='bbox 817 2931 1042 2986; x_wconf 75' lang='lat' dir='ltr'><strong>CAPUT</strong></span> <span class='ocrx_word' id='word_1_324' title='bbox 1071 2931 1132 2987; x_wconf 73' lang='grc' dir='ltr'><strong>ν.</strong></span> 
     </span>
    </p>
   </div>
   <div class='ocr_carea' id='block_1_47' title="bbox 674 3022 1285 3092">
    <p class='ocr_par' dir='ltr' id='par_1_47' title="bbox 674 3022 1285 3092">
     <span class='ocr_line' id='line_1_47' title="bbox 674 3022 1285 3092; baseline 0.007 -16"><span class='ocrx_word' id='word_1_325' title='bbox 674 3022 745 3076; x_wconf 85' lang='lat' dir='ltr'><strong>De</strong></span> <span class='ocrx_word' id='word_1_326' title='bbox 767 3024 1029 3092; x_wconf 84' lang='lat' dir='ltr'><strong>spirituali</strong></span> <span class='ocrx_word' id='word_1_327' title='bbox 1050 3026 1285 3080; x_wconf 85' lang='lat' dir='ltr'><strong>scientia.</strong></span> 
     </span>
    </p>
   </div>
   <div class='ocr_carea' id='block_1_48' title="bbox 236 3108 1835 3184">
    <p class='ocr_par' dir='ltr' id='par_1_48' title="bbox 236 3108 1835 3184">
     <span class='ocr_line' id='line_1_48' title="bbox 236 3108 1835 3184; baseline 0.004 -18"><span class='ocrx_word' id='word_1_328' title='bbox 236 3112 583 3180; x_wconf 83' lang='lat' dir='ltr'><strong>ltnpossihile</strong></span> <span class='ocrx_word' id='word_1_329' title='bbox 607 3123 689 3167; x_wconf 90' lang='lat' dir='ltr'><strong>est</strong></span> <span class='ocrx_word' id='word_1_330' title='bbox 716 3114 955 3168; x_wconf 90' lang='lat' dir='ltr'><strong>animam</strong></span> <span class='ocrx_word' id='word_1_331' title='bbox 991 3131 1109 3184; x_wconf 79' lang='lat' dir='ltr'><strong>qua:</strong></span> <span class='ocrx_word' id='word_1_332' title='bbox 1155 3118 1444 3174; x_wconf 84' lang='lat' dir='ltr'><strong>mundanis</strong></span> <span class='ocrx_word' id='word_1_333' title='bbox 1472 3119 1556 3173; x_wconf 87' lang='lat' dir='ltr'><strong>vel</strong></span> <span class='ocrx_word' id='word_1_334' title='bbox 1589 3121 1762 3174; x_wconf 75' lang='lat' dir='ltr'><strong>teuui-</strong></span> <span class='ocrx_word' id='word_1_335' title='bbox 1788 3108 1835 3172; x_wconf 89' lang='lat' dir='ltr'><strong><em>C</em></strong></span> 
     </span>
    </p>
   </div>
   <div class='ocr_carea' id='block_1_49' title="bbox 168 3198 1761 3280">
    <p class='ocr_par' dir='ltr' id='par_1_49' title="bbox 168 3198 1761 3280">
     <span class='ocr_line' id='line_1_49' title="bbox 168 3198 1761 3280; baseline 0.008 -25"><span class='ocrx_word' id='word_1_336' title='bbox 168 3212 249 3256; x_wconf 93' lang='lat' dir='ltr'><strong>ter</strong></span> <span class='ocrx_word' id='word_1_337' title='bbox 274 3205 705 3259; x_wconf 82' lang='lat' dir='ltr'><strong>distentionibns</strong></span> <span class='ocrx_word' id='word_1_338' title='bbox 749 3215 1065 3274; x_wconf 88' lang='lat' dir='ltr'><strong>occupatur,</strong></span> <span class='ocrx_word' id='word_1_339' title='bbox 1097 3208 1178 3261; x_wconf 85' lang='lat' dir='ltr'><strong>vel</strong></span> <span class='ocrx_word' id='word_1_340' title='bbox 1207 3223 1325 3277; x_wconf 72' lang='lat' dir='ltr'><strong>quae</strong></span> <span class='ocrx_word' id='word_1_341' title='bbox 1353 3212 1630 3280; x_wconf 90' lang='lat' dir='ltr'><strong>proposito</strong></span> <span class='ocrx_word' id='word_1_342' title='bbox 1666 3198 1761 3268; x_wconf 21' lang='lat' dir='ltr'><strong>Iac—</strong></span> 
     </span>
    </p>
   </div>
   <div class='ocr_carea' id='block_1_50' title="bbox 160 3294 1759 3370">
    <p class='ocr_par' dir='ltr' id='par_1_50' title="bbox 160 3294 1759 3370">
     <span class='ocr_line' id='line_1_50' title="bbox 160 3294 1759 3370; baseline 0.009 -27"><span class='ocrx_word' id='word_1_343' title='bbox 160 3294 457 3363; x_wconf 68' lang='lat' dir='ltr'><strong>quirenda:</strong></span> <span class='ocrx_word' id='word_1_344' title='bbox 515 3295 690 3350; x_wconf 86' lang='lat' dir='ltr'><strong>laudis</strong></span> <span class='ocrx_word' id='word_1_345' title='bbox 729 3297 978 3350; x_wconf 63' lang='lat' dir='ltr'><strong>humanae</strong></span> <span class='ocrx_word' id='word_1_346' title='bbox 1006 3298 1186 3352; x_wconf 91' lang='lat' dir='ltr'><strong>studio</strong></span> <span class='ocrx_word' id='word_1_347' title='bbox 1229 3300 1479 3356; x_wconf 90' lang='lat' dir='ltr'><strong>lectionis</strong></span> <span class='ocrx_word' id='word_1_348' title='bbox 1533 3302 1759 3370; x_wconf 90' lang='lat' dir='ltr'><strong>insistit,</strong></span> 
     </span>
    </p>
   </div>
   <div class='ocr_carea' id='block_1_51' title="bbox 168 3385 1760 3458">
    <p class='ocr_par' dir='ltr' id='par_1_51' title="bbox 168 3385 1760 3458">
     <span class='ocr_line' id='line_1_51' title="bbox 168 3385 1760 3458; baseline 0.006 -21"><span class='ocrx_word' id='word_1_349' title='bbox 168 3385 383 3438; x_wconf 90' lang='lat' dir='ltr'><strong>donum</strong></span> <span class='ocrx_word' id='word_1_350' title='bbox 424 3398 564 3439; x_wconf 68' lang='lat' dir='ltr'><strong>vera:</strong></span> <span class='ocrx_word' id='word_1_351' title='bbox 612 3386 850 3440; x_wconf 67' lang='lat' dir='ltr'><strong>scientia:</strong></span> <span class='ocrx_word' id='word_1_352' title='bbox 894 3388 1215 3456; x_wconf 89' lang='lat' dir='ltr'><strong>promereri,</strong></span> <span class='ocrx_word' id='word_1_353' title='bbox 1260 3389 1342 3442; x_wconf 84' lang='lat' dir='ltr'><strong>vel</strong></span> <span class='ocrx_word' id='word_1_354' title='bbox 1368 3391 1760 3458; x_wconf 81' lang='lat' dir='ltr'><strong>generatriccm</strong></span> 
     </span>
    </p>
   </div>
   <div class='ocr_carea' id='block_1_52' title="bbox 161 3468 1759 3542">
    <p class='ocr_par' dir='ltr' id='par_1_52' title="bbox 161 3468 1759 3542">
     <span class='ocr_line' id='line_1_52' title="bbox 161 3468 1759 3542; baseline 0.006 -15"><span class='ocrx_word' id='word_1_355' title='bbox 161 3468 541 3542; x_wconf 79' lang='lat' dir='ltr'><strong>Spiritualium</strong></span> <span class='ocrx_word' id='word_1_356' title='bbox 591 3491 842 3531; x_wconf 90' lang='lat' dir='ltr'><strong>sensuum</strong></span> <span class='ocrx_word' id='word_1_357' title='bbox 892 3487 983 3531; x_wconf 88' lang='lat' dir='ltr'><strong>aut</strong></span> <span class='ocrx_word' id='word_1_358' title='bbox 1024 3488 1268 3534; x_wconf 88' lang='lat' dir='ltr'><strong>tenacem</strong></span> <span class='ocrx_word' id='word_1_359' title='bbox 1312 3496 1589 3536; x_wconf 85' lang='lat' dir='ltr'><strong>sacrarum</strong></span> <span class='ocrx_word' id='word_1_360' title='bbox 1644 3483 1759 3537; x_wconf 86' lang='lat' dir='ltr'><strong>llcri</strong></span> 
     </span>
    </p>
   </div>
   <div class='ocr_carea' id='block_1_53' title="bbox 160 3566 1763 3638">
    <p class='ocr_par' dir='ltr' id='par_1_53' title="bbox 160 3566 1763 3638">
     <span class='ocr_line' id='line_1_53' title="bbox 160 3566 1763 3638; baseline 0.006 -20"><span class='ocrx_word' id='word_1_361' title='bbox 160 3566 496 3620; x_wconf 75' lang='lat' dir='ltr'><strong>lectionum.</strong></span> <span class='ocrx_word' id='word_1_362' title='bbox 542 3567 701 3621; x_wconf 89' lang='lat' dir='ltr'><strong>Aliud</strong></span> <span class='ocrx_word' id='word_1_363' title='bbox 765 3583 1001 3638; x_wconf 88' lang='lat' dir='ltr'><strong>namque</strong></span> <span class='ocrx_word' id='word_1_364' title='bbox 1042 3578 1127 3624; x_wconf 92' lang='lat' dir='ltr'><strong>est</strong></span> <span class='ocrx_word' id='word_1_365' title='bbox 1176 3570 1489 3627; x_wconf 79' lang='lat' dir='ltr'><strong>facilitatem</strong></span> <span class='ocrx_word' id='word_1_366' title='bbox 1548 3571 1660 3628; x_wconf 87' lang='lat' dir='ltr'><strong>oris</strong></span> <span class='ocrx_word' id='word_1_367' title='bbox 1708 3582 1763 3629; x_wconf 89' lang='lat' dir='ltr'><strong>et</strong></span> 
     </span>
    </p>
   </div>
   <div class='ocr_carea' id='block_1_54' title="bbox 156 3658 1763 3725">
    <p class='ocr_par' dir='ltr' id='par_1_54' title="bbox 156 3658 1763 3725">
     <span class='ocr_line' id='line_1_54' title="bbox 156 3658 1763 3725; baseline 0.004 -15"><span class='ocrx_word' id='word_1_368' title='bbox 156 3658 408 3712; x_wconf 75' lang='lat' dir='ltr'><strong>niterent</strong></span> <span class='ocrx_word' id='word_1_369' title='bbox 450 3659 651 3713; x_wconf 83' lang='lat' dir='ltr'><strong>habere</strong></span> <span class='ocrx_word' id='word_1_370' title='bbox 683 3659 973 3725; x_wconf 88' lang='lat' dir='ltr'><strong>sermonis,</strong></span> <span class='ocrx_word' id='word_1_371' title='bbox 999 3669 1054 3715; x_wconf 91' lang='lat' dir='ltr'><strong>et</strong></span> <span class='ocrx_word' id='word_1_372' title='bbox 1082 3660 1225 3715; x_wconf 90' lang='lat' dir='ltr'><strong>aliud</strong></span> <span class='ocrx_word' id='word_1_373' title='bbox 1257 3676 1424 3717; x_wconf 88' lang='lat' dir='ltr'><strong>venas</strong></span> <span class='ocrx_word' id='word_1_374' title='bbox 1453 3679 1517 3718; x_wconf 85' lang='lat' dir='ltr'><strong>ac</strong></span> <span class='ocrx_word' id='word_1_375' title='bbox 1562 3663 1763 3718; x_wconf 86' lang='lat' dir='ltr'><strong>medul-</strong></span> 
     </span>
    </p>
   </div>
   <div class='ocr_carea' id='block_1_55' title="bbox 159 3746 1763 3823">
    <p class='ocr_par' dir='ltr' id='par_1_55' title="bbox 159 3746 1763 3823">
     <span class='ocr_line' id='line_1_55' title="bbox 159 3746 1763 3823; baseline 0.007 -25"><span class='ocrx_word' id='word_1_376' title='bbox 159 3746 242 3803; x_wconf 91' lang='lat' dir='ltr'><strong>las</strong></span> <span class='ocrx_word' id='word_1_377' title='bbox 293 3748 608 3803; x_wconf 83' lang='lat' dir='ltr'><strong>ccelestium</strong></span> <span class='ocrx_word' id='word_1_378' title='bbox 657 3750 863 3806; x_wconf 88' lang='lat' dir='ltr'><strong>intrare</strong></span> <span class='ocrx_word' id='word_1_379' title='bbox 935 3753 1227 3819; x_wconf 89' lang='lat' dir='ltr'><strong>dictorum,</strong></span> <span class='ocrx_word' id='word_1_380' title='bbox 1279 3768 1344 3807; x_wconf 90' lang='lat' dir='ltr'><strong>ac</strong></span> <span class='ocrx_word' id='word_1_381' title='bbox 1382 3753 1648 3823; x_wconf 84' lang='lat' dir='ltr'><strong>profunda</strong></span> <span class='ocrx_word' id='word_1_382' title='bbox 1706 3767 1763 3810; x_wconf 83' lang='lat' dir='ltr'><strong>et</strong></span> 
     </span>
    </p>
   </div>
   <div class='ocr_carea' id='block_1_56' title="bbox 155 3838 1762 3914">
    <p class='ocr_par' dir='ltr' id='par_1_56' title="bbox 155 3838 1762 3914">
     <span class='ocr_line' id='line_1_56' title="bbox 155 3838 1762 3914; baseline 0.004 -21"><span class='ocrx_word' id='word_1_383' title='bbox 155 3838 493 3896; x_wconf 81' lang='lat' dir='ltr'><strong>abscondita</strong></span> <span class='ocrx_word' id='word_1_384' title='bbox 529 3852 869 3896; x_wconf 87' lang='lat' dir='ltr'><strong>sacramenta</strong></span> <span class='ocrx_word' id='word_1_385' title='bbox 912 3843 1206 3914; x_wconf 89' lang='lat' dir='ltr'><strong>purissimo</strong></span> <span class='ocrx_word' id='word_1_386' title='bbox 1241 3845 1427 3898; x_wconf 85' lang='lat' dir='ltr'><strong>cordis</strong></span> <span class='ocrx_word' id='word_1_387' title='bbox 1446 3844 1606 3899; x_wconf 84' lang='lat' dir='ltr'><strong>oculo</strong></span> <span class='ocrx_word' id='word_1_388' title='bbox 1633 3861 1762 3899; x_wconf 87' lang='lat' dir='ltr'><strong>con-</strong></span> 
     </span>
    </p>
   </div>
   <div class='ocr_carea' id='block_1_57' title="bbox 156 3930 1761 4001">
    <p class='ocr_par' dir='ltr' id='par_1_57' title="bbox 156 3930 1761 4001">
     <span class='ocr_line' id='line_1_57' title="bbox 156 3930 1761 4001; baseline 0.004 -17"><span class='ocrx_word' id='word_1_389' title='bbox 156 3930 449 4001; x_wconf 89' lang='lat' dir='ltr'><strong>templari.</strong></span> <span class='ocrx_word' id='word_1_390' title='bbox 503 3931 657 3998; x_wconf 88' lang='lat' dir='ltr'><strong>Quod</strong></span> <span class='ocrx_word' id='word_1_391' title='bbox 707 3932 1013 3990; x_wconf 89' lang='lat' dir='ltr'><strong>nullatenus</strong></span> <span class='ocrx_word' id='word_1_392' title='bbox 1062 3934 1300 3989; x_wconf 87' lang='lat' dir='ltr'><strong>humana</strong></span> <span class='ocrx_word' id='word_1_393' title='bbox 1343 3934 1612 3999; x_wconf 88' lang='lat' dir='ltr'><strong>doctrina,</strong></span> <span class='ocrx_word' id='word_1_394' title='bbox 1661 3949 1761 3990; x_wconf 91' lang='lat' dir='ltr'><strong>nec</strong></span> 
     </span>
    </p>
   </div>
   <div class='ocr_carea' id='block_1_58' title="bbox 155 4024 1759 4097">
    <p class='ocr_par' dir='ltr' id='par_1_58' title="bbox 155 4024 1759 4097">
     <span class='ocr_line' id='line_1_58' title="bbox 155 4024 1759 4097; baseline 0.001 -18"><span class='ocrx_word' id='word_1_395' title='bbox 155 4024 411 4080; x_wconf 89' lang='lat' dir='ltr'><strong>eruditio</strong></span> <span class='ocrx_word' id='word_1_396' title='bbox 453 4024 753 4090; x_wconf 67' lang='grc' dir='ltr'><strong>δωριιιειτίε,</strong></span> <span class='ocrx_word' id='word_1_397' title='bbox 782 4027 875 4080; x_wconf 91' lang='lat' dir='ltr'><strong>sed</strong></span> <span class='ocrx_word' id='word_1_398' title='bbox 902 4026 1017 4081; x_wconf 79' lang='lat' dir='ltr'><strong>sola</strong></span> <span class='ocrx_word' id='word_1_399' title='bbox 1047 4028 1258 4096; x_wconf 86' lang='lat' dir='ltr'><strong>puritas</strong></span> <span class='ocrx_word' id='word_1_400' title='bbox 1281 4028 1477 4081; x_wconf 88' lang='lat' dir='ltr'><strong>mentis</strong></span> <span class='ocrx_word' id='word_1_401' title='bbox 1516 4043 1612 4097; x_wconf 92' lang='lat' dir='ltr'><strong>per</strong></span> <span class='ocrx_word' id='word_1_402' title='bbox 1635 4027 1759 4081; x_wconf 91' lang='lat' dir='ltr'><strong>illu-</strong></span> 
     </span>
    </p>
   </div>
   <div class='ocr_carea' id='block_1_59' title="bbox 155 4117 1760 4188">
    <p class='ocr_par' dir='ltr' id='par_1_59' title="bbox 155 4117 1760 4188">
     <span class='ocr_line' id='line_1_59' title="bbox 155 4117 1760 4188; baseline 0.001 -17"><span class='ocrx_word' id='word_1_403' title='bbox 155 4117 533 4173; x_wconf 85' lang='lat' dir='ltr'><strong>minationem</strong></span> <span class='ocrx_word' id='word_1_404' title='bbox 580 4119 752 4173; x_wconf 88' lang='lat' dir='ltr'><strong>sancti</strong></span> <span class='ocrx_word' id='word_1_405' title='bbox 798 4118 1035 4188; x_wconf 88' lang='lat' dir='ltr'><strong>Spiritus</strong></span> <span class='ocrx_word' id='word_1_406' title='bbox 1101 4118 1388 4173; x_wconf 89' lang='lat' dir='ltr'><strong>obtinebit.</strong></span> <span class='ocrx_word' id='word_1_407' title='bbox 1455 4119 1625 4183; x_wconf 85' lang='lat' dir='ltr'><strong>Beati,</strong></span> <span class='ocrx_word' id='word_1_408' title='bbox 1688 4120 1760 4174; x_wconf 90' lang='lat' dir='ltr'><strong>ait</strong></span> 
     </span>
    </p>
   </div>
   <div class='ocr_carea' id='block_1_60' title="bbox 159 4210 1760 4279">
    <p class='ocr_par' dir='ltr' id='par_1_60' title="bbox 159 4210 1760 4279">
     <span class='ocr_line' id='line_1_60' title="bbox 159 4210 1760 4279; baseline 0 -16"><span class='ocrx_word' id='word_1_409' title='bbox 159 4211 463 4275; x_wconf 86' lang='lat' dir='ltr'><strong>Dominus,</strong></span> <span class='ocrx_word' id='word_1_410' title='bbox 486 4210 680 4263; x_wconf 86' lang='lat' dir='ltr'><strong>mundo</strong></span> <span class='ocrx_word' id='word_1_411' title='bbox 712 4210 886 4275; x_wconf 80' lang='lat' dir='ltr'><strong>corde,</strong></span> <span class='ocrx_word' id='word_1_412' title='bbox 912 4211 1156 4278; x_wconf 77' lang='lat' dir='ltr'><strong>quoniam</strong></span> <span class='ocrx_word' id='word_1_413' title='bbox 1184 4211 1283 4279; x_wconf 84' lang='lat' dir='ltr'><strong>ipsi</strong></span> <span class='ocrx_word' id='word_1_414' title='bbox 1316 4210 1481 4264; x_wconf 83' lang='lat' dir='ltr'><strong>Deum</strong></span> <span class='ocrx_word' id='word_1_415' title='bbox 1518 4211 1760 4264; x_wconf 80' lang='lat' dir='ltr'><strong>videbunt</strong></span> 
     </span>
    </p>
   </div>
   <div class='ocr_carea' id='block_1_61' title="bbox 152 4299 1761 4371">
    <p class='ocr_par' dir='ltr' id='par_1_61' title="bbox 152 4299 1761 4371">
     <span class='ocr_line' id='line_1_61' title="bbox 152 4299 1761 4371; baseline 0 -16"><span class='ocrx_word' id='word_1_416' title='bbox 152 4301 399 4370; x_wconf 78' lang='lat' dir='ltr'><strong>(Matth.</strong></span> <span class='ocrx_word' id='word_1_417' title='bbox 428 4317 483 4366; x_wconf 92' lang='lat' dir='ltr'><strong>v,</strong></span> <span class='ocrx_word' id='word_1_418' title='bbox 515 4300 591 4369; x_wconf 92' lang='lat'><strong>8).</strong></span> <span class='ocrx_word' id='word_1_419' title='bbox 624 4300 1006 4355; x_wconf 84' lang='lat' dir='ltr'><strong>Festinandum</strong></span> <span class='ocrx_word' id='word_1_420' title='bbox 1044 4299 1210 4371; x_wconf 80' lang='lat' dir='ltr'><strong>igitur</strong></span> <span class='ocrx_word' id='word_1_421' title='bbox 1252 4300 1346 4355; x_wconf 90' lang='lat' dir='ltr'><strong>tibi</strong></span> <span class='ocrx_word' id='word_1_422' title='bbox 1374 4310 1475 4368; x_wconf 90' lang='lat' dir='ltr'><strong>est,</strong></span> <span class='ocrx_word' id='word_1_423' title='bbox 1514 4300 1761 4370; x_wconf 85' lang='lat' dir='ltr'><strong>quisquis</strong></span> 
     </span>
    </p>
   </div>
   <div class='ocr_carea' id='block_1_62' title="bbox 1868 1850 3456 1919">
    <p class='ocr_par' dir='ltr' id='par_1_62' title="bbox 1868 1850 3456 1919">
     <span class='ocr_line' id='line_1_62' title="bbox 1868 1850 3456 1919; baseline -0.002 -13"><span class='ocrx_word' id='word_1_424' title='bbox 1868 1853 1980 1906; x_wconf 90' lang='lat' dir='ltr'><strong>bim</strong></span> <span class='ocrx_word' id='word_1_425' title='bbox 2017 1853 2161 1906; x_wconf 91' lang='lat' dir='ltr'><strong>enim</strong></span> <span class='ocrx_word' id='word_1_426' title='bbox 2230 1852 2617 1919; x_wconf 82' lang='lat' dir='ltr'><strong>interpretatur</strong></span> <span class='ocrx_word' id='word_1_427' title='bbox 2681 1852 2913 1903; x_wconf 76' lang='lat' dir='ltr'><strong>scientia:</strong></span> <span class='ocrx_word' id='word_1_428' title='bbox 2984 1850 3285 1913; x_wconf 85' lang='lat' dir='ltr'><strong>multitudo,</strong></span> <span class='ocrx_word' id='word_1_429' title='bbox 3336 1865 3456 1917; x_wconf 72' lang='lat' dir='ltr'><strong>qua:</strong></span> 
     </span>
    </p>
   </div>
   <div class='ocr_carea' id='block_1_63' title="bbox 1868 1941 3453 2012">
    <p class='ocr_par' dir='ltr' id='par_1_63' title="bbox 1868 1941 3453 2012">
     <span class='ocr_line' id='line_1_63' title="bbox 1868 1941 3453 2012; baseline 0 -17"><span class='ocrx_word' id='word_1_430' title='bbox 1868 1943 2303 2012; x_wconf 89' lang='lat' dir='ltr'><strong>propitiatorium</strong></span> <span class='ocrx_word' id='word_1_431' title='bbox 2363 1943 2480 2008; x_wconf 89' lang='lat' dir='ltr'><strong>Dei,</strong></span> <span class='ocrx_word' id='word_1_432' title='bbox 2550 1943 2603 1996; x_wconf 86' lang='lat' dir='ltr'><strong>id</strong></span> <span class='ocrx_word' id='word_1_433' title='bbox 2653 1951 2735 1996; x_wconf 88' lang='lat' dir='ltr'><strong>est</strong></span> <span class='ocrx_word' id='word_1_434' title='bbox 2790 1941 3154 2011; x_wconf 89' lang='lat' dir='ltr'><strong>placiditatem</strong></span> <span class='ocrx_word' id='word_1_435' title='bbox 3216 1941 3453 2010; x_wconf 88' lang='lat' dir='ltr'><strong>pectoris</strong></span> 
     </span>
    </p>
   </div>
   <div class='ocr_carea' id='block_1_64' title="bbox 1868 2033 3456 2106">
    <p class='ocr_par' dir='ltr' id='par_1_64' title="bbox 1868 2033 3456 2106">
     <span class='ocr_line' id='line_1_64' title="bbox 1868 2033 3456 2106; baseline -0.001 -20"><span class='ocrx_word' id='word_1_436' title='bbox 1868 2034 1943 2087; x_wconf 90' lang='lat' dir='ltr'><strong>tui</strong></span> <span class='ocrx_word' id='word_1_437' title='bbox 1962 2036 2163 2104; x_wconf 77' lang='lat' dir='ltr'><strong>jngiter</strong></span> <span class='ocrx_word' id='word_1_438' title='bbox 2180 2043 2490 2106; x_wconf 77' lang='lat' dir='ltr'><strong>protegent,</strong></span> <span class='ocrx_word' id='word_1_439' title='bbox 2508 2044 2571 2089; x_wconf 87' lang='lat' dir='ltr'><strong>et</strong></span> <span class='ocrx_word' id='word_1_440' title='bbox 2597 2050 2626 2087; x_wconf 87' lang='lat' dir='ltr'><strong>a</strong></span> <span class='ocrx_word' id='word_1_441' title='bbox 2649 2034 2859 2088; x_wconf 87' lang='lat' dir='ltr'><strong>cunctis</strong></span> <span class='ocrx_word' id='word_1_442' title='bbox 2884 2033 3242 2102; x_wconf 82' lang='lat' dir='ltr'><strong>spiritualium</strong></span> <span class='ocrx_word' id='word_1_443' title='bbox 3266 2033 3456 2099; x_wconf 54' lang='lat' dir='ltr'><strong>nequi.</strong></span> 
     </span>
    </p>
   </div>
   <div class='ocr_carea' id='block_1_65' title="bbox 1870 2126 3453 2181">
    <p class='ocr_par' dir='ltr' id='par_1_65' title="bbox 1870 2126 3453 2181">
     <span class='ocr_line' id='line_1_65' title="bbox 1870 2126 3453 2181; baseline -0.001 -2"><span class='ocrx_word' id='word_1_444' title='bbox 1870 2126 2068 2179; x_wconf 87' lang='lat' dir='ltr'><strong>tiarqu</strong></span> <span class='ocrx_word' id='word_1_445' title='bbox 2128 2126 2437 2181; x_wconf 84' lang='lat' dir='ltr'><strong>incursibus</strong></span> <span class='ocrx_word' id='word_1_446' title='bbox 2477 2128 2900 2181; x_wconf 86' lang='lat' dir='ltr'><strong>obumbrabunt.</strong></span> <span class='ocrx_word' id='word_1_447' title='bbox 2944 2126 3011 2179; x_wconf 82' lang='lat' dir='ltr'><strong>Et</strong></span> <span class='ocrx_word' id='word_1_448' title='bbox 3064 2126 3137 2179; x_wconf 88' lang='lat' dir='ltr'><strong>ita</strong></span> <span class='ocrx_word' id='word_1_449' title='bbox 3191 2138 3339 2180; x_wconf 89' lang='lat' dir='ltr'><strong>mcus</strong></span> <span class='ocrx_word' id='word_1_450' title='bbox 3364 2135 3453 2178; x_wconf 91' lang='lat' dir='ltr'><strong>tua</strong></span> 
     </span>
    </p>
   </div>
   <div class='ocr_carea' id='block_1_66' title="bbox 1868 2216 3454 2279">
    <p class='ocr_par' dir='ltr' id='par_1_66' title="bbox 1868 2216 3454 2279">
     <span class='ocr_line' id='line_1_66' title="bbox 1868 2216 3454 2279; baseline 0.001 -11"><span class='ocrx_word' id='word_1_451' title='bbox 1868 2230 1973 2269; x_wconf 91' lang='lat' dir='ltr'><strong>non</strong></span> <span class='ocrx_word' id='word_1_452' title='bbox 1999 2216 2171 2270; x_wconf 90' lang='lat' dir='ltr'><strong>solum</strong></span> <span class='ocrx_word' id='word_1_453' title='bbox 2202 2217 2254 2270; x_wconf 85' lang='lat' dir='ltr'><strong>in</strong></span> <span class='ocrx_word' id='word_1_454' title='bbox 2278 2232 2462 2272; x_wconf 86' lang='lat' dir='ltr'><strong>arcam</strong></span> <span class='ocrx_word' id='word_1_455' title='bbox 2494 2217 2660 2270; x_wconf 88' lang='lat' dir='ltr'><strong>divini</strong></span> <span class='ocrx_word' id='word_1_456' title='bbox 2694 2216 3049 2279; x_wconf 87' lang='lat' dir='ltr'><strong>Tcstamenti,</strong></span> <span class='ocrx_word' id='word_1_457' title='bbox 3081 2231 3265 2270; x_wconf 84' lang='lat' dir='ltr'><strong>verum</strong></span> <span class='ocrx_word' id='word_1_458' title='bbox 3285 2216 3454 2271; x_wconf 82' lang='lat' dir='ltr'><strong>etiam</strong></span> 
     </span>
    </p>
   </div>
   <div class='ocr_carea' id='block_1_67' title="bbox 1868 2306 3454 2376">
    <p class='ocr_par' dir='ltr' id='par_1_67' title="bbox 1868 2306 3454 2376">
     <span class='ocr_line' id='line_1_67' title="bbox 1868 2306 3454 2376; baseline 0.001 -17"><span class='ocrx_word' id='word_1_459' title='bbox 1868 2308 1922 2359; x_wconf 90' lang='lat' dir='ltr'><strong>in</strong></span> <span class='ocrx_word' id='word_1_460' title='bbox 1958 2321 2181 2376; x_wconf 78' lang='lat' dir='ltr'><strong>regnum</strong></span> <span class='ocrx_word' id='word_1_461' title='bbox 2222 2306 2559 2361; x_wconf 87' lang='lat' dir='ltr'><strong>sacerdotale</strong></span> <span class='ocrx_word' id='word_1_462' title='bbox 2597 2318 2874 2376; x_wconf 88' lang='lat' dir='ltr'><strong>provecta,</strong></span> <span class='ocrx_word' id='word_1_463' title='bbox 2900 2322 2996 2376; x_wconf 87' lang='lat' dir='ltr'><strong>per</strong></span> <span class='ocrx_word' id='word_1_464' title='bbox 3023 2306 3454 2362; x_wconf 88' lang='lat' dir='ltr'><strong>indissolubilem</strong></span> 
     </span>
    </p>
   </div>
   <div class='ocr_carea' id='block_1_68' title="bbox 1870 2398 3454 2468">
    <p class='ocr_par' dir='ltr' id='par_1_68' title="bbox 1870 2398 3454 2468">
     <span class='ocr_line' id='line_1_68' title="bbox 1870 2398 3454 2468; baseline 0.005 -22"><span class='ocrx_word' id='word_1_465' title='bbox 1870 2399 2123 2465; x_wconf 86' lang='lat' dir='ltr'><strong>puritatis</strong></span> <span class='ocrx_word' id='word_1_466' title='bbox 2152 2398 2405 2452; x_wconf 70' lang='lat' dir='ltr'><strong>allectum</strong></span> <span class='ocrx_word' id='word_1_467' title='bbox 2435 2400 2834 2468; x_wconf 88' lang='lat' dir='ltr'><strong>quodammodo</strong></span> <span class='ocrx_word' id='word_1_468' title='bbox 2875 2400 3130 2468; x_wconf 89' lang='lat' dir='ltr'><strong>absorpta</strong></span> <span class='ocrx_word' id='word_1_469' title='bbox 3156 2400 3454 2468; x_wconf 86' lang='lat' dir='ltr'><strong>spirituali-</strong></span> 
     </span>
    </p>
   </div>
   <div class='ocr_carea' id='block_1_69' title="bbox 1866 2490 3451 2560">
    <p class='ocr_par' dir='ltr' id='par_1_69' title="bbox 1866 2490 3451 2560">
     <span class='ocr_line' id='line_1_69' title="bbox 1866 2490 3451 2560; baseline 0.001 -16"><span class='ocrx_word' id='word_1_470' title='bbox 1866 2490 1966 2544; x_wconf 74' lang='lat' dir='ltr'><strong>bus</strong></span> <span class='ocrx_word' id='word_1_471' title='bbox 1989 2490 2307 2558; x_wconf 87' lang='lat' dir='ltr'><strong>disciplinis,</strong></span> <span class='ocrx_word' id='word_1_472' title='bbox 2345 2490 2473 2543; x_wconf 90' lang='lat' dir='ltr'><strong>illud</strong></span> <span class='ocrx_word' id='word_1_473' title='bbox 2505 2490 2749 2559; x_wconf 87' lang='lat' dir='ltr'><strong>implebit</strong></span> <span class='ocrx_word' id='word_1_474' title='bbox 2794 2491 3107 2560; x_wconf 82' lang='lat' dir='ltr'><strong>pontiﬁcale</strong></span> <span class='ocrx_word' id='word_1_475' title='bbox 3138 2493 3451 2545; x_wconf 87' lang='lat' dir='ltr'><strong>mandatum</strong></span> 
     </span>
    </p>
   </div>
   <div class='ocr_carea' id='block_1_70' title="bbox 1865 2578 3453 2649">
    <p class='ocr_par' dir='ltr' id='par_1_70' title="bbox 1865 2578 3453 2649">
     <span class='ocr_line' id='line_1_70' title="bbox 1865 2578 3453 2649; baseline 0.003 -18"><span class='ocrx_word' id='word_1_476' title='bbox 1865 2580 2009 2647; x_wconf 86' lang='lat' dir='ltr'><strong>quod</strong></span> <span class='ocrx_word' id='word_1_477' title='bbox 2033 2597 2061 2633; x_wconf 85' lang='lat' dir='ltr'><strong>a</strong></span> <span class='ocrx_word' id='word_1_478' title='bbox 2094 2580 2401 2648; x_wconf 67' lang='lat' dir='ltr'><strong>legislature</strong></span> <span class='ocrx_word' id='word_1_479' title='bbox 2428 2581 2498 2632; x_wconf 88' lang='lat' dir='ltr'><strong>ita</strong></span> <span class='ocrx_word' id='word_1_480' title='bbox 2538 2581 2886 2649; x_wconf 69' lang='lat' dir='ltr'><strong>pl‘tL’Cipillll&#39;:</strong></span> <span class='ocrx_word' id='word_1_481' title='bbox 2924 2578 2993 2634; x_wconf 76' lang='lat' dir='ltr'><strong>Et</strong></span> <span class='ocrx_word' id='word_1_482' title='bbox 3016 2582 3080 2634; x_wconf 84' lang='lat' dir='ltr'><strong>tle</strong></span> <span class='ocrx_word' id='word_1_483' title='bbox 3103 2583 3299 2635; x_wconf 80' lang='lat' dir='ltr'><strong>sanctis</strong></span> <span class='ocrx_word' id='word_1_484' title='bbox 3346 2598 3453 2636; x_wconf 81' lang='lat' dir='ltr'><strong>non</strong></span> 
     </span>
    </p>
   </div>
   <div class='ocr_carea' id='block_1_71' title="bbox 1867 2669 3452 2740">
    <p class='ocr_par' dir='ltr' id='par_1_71' title="bbox 1867 2669 3452 2740">
     <span class='ocr_line' id='line_1_71' title="bbox 1867 2669 3452 2740; baseline 0.001 -19"><span class='ocrx_word' id='word_1_485' title='bbox 1867 2670 2178 2738; x_wconf 83' lang='lat' dir='ltr'><strong>egredietur,</strong></span> <span class='ocrx_word' id='word_1_486' title='bbox 2208 2685 2271 2721; x_wconf 91' lang='lat' dir='ltr'><strong>ne</strong></span> <span class='ocrx_word' id='word_1_487' title='bbox 2313 2669 2515 2739; x_wconf 85' lang='lat' dir='ltr'><strong>polluat</strong></span> <span class='ocrx_word' id='word_1_488' title='bbox 2570 2670 2932 2723; x_wconf 84' lang='lat' dir='ltr'><strong>sanctuarium</strong></span> <span class='ocrx_word' id='word_1_489' title='bbox 2976 2669 3073 2723; x_wconf 85' lang='lat' dir='ltr'><strong>Dei</strong></span> <span class='ocrx_word' id='word_1_490' title='bbox 3121 2669 3305 2740; x_wconf 80' lang='lat' dir='ltr'><strong>(Leuit.</strong></span> <span class='ocrx_word' id='word_1_491' title='bbox 3333 2684 3452 2739; x_wconf 78' lang='lat' dir='ltr'><strong>xxt,</strong></span> 
     </span>
    </p>
   </div>
   <div class='ocr_carea' id='block_1_72' title="bbox 1870 2760 3453 2832">
    <p class='ocr_par' dir='ltr' id='par_1_72' title="bbox 1870 2760 3453 2832">
     <span class='ocr_line' id='line_1_72' title="bbox 1870 2760 3453 2832; baseline 0.003 -20"><span class='ocrx_word' id='word_1_492' title='bbox 1870 2760 1981 2827; x_wconf 73' lang='lat'><strong>12),</strong></span> <span class='ocrx_word' id='word_1_493' title='bbox 2021 2760 2071 2813; x_wconf 92' lang='lat' dir='ltr'><strong>id</strong></span> <span class='ocrx_word' id='word_1_494' title='bbox 2097 2770 2177 2813; x_wconf 87' lang='lat' dir='ltr'><strong>est</strong></span> <span class='ocrx_word' id='word_1_495' title='bbox 2217 2777 2310 2813; x_wconf 84' lang='lat' dir='ltr'><strong>cor</strong></span> <span class='ocrx_word' id='word_1_496' title='bbox 2338 2776 2517 2826; x_wconf 90' lang='lat' dir='ltr'><strong>suum,</strong></span> <span class='ocrx_word' id='word_1_497' title='bbox 2544 2760 2596 2813; x_wconf 93' lang='lat' dir='ltr'><strong>in</strong></span> <span class='ocrx_word' id='word_1_498' title='bbox 2620 2760 2947 2832; x_wconf 78' lang='lat' dir='ltr'><strong>quojugiter</strong></span> <span class='ocrx_word' id='word_1_499' title='bbox 2992 2761 3364 2815; x_wconf 83' lang='lat' dir='ltr'><strong>Itabitaturum</strong></span> <span class='ocrx_word' id='word_1_500' title='bbox 3392 2776 3453 2817; x_wconf 79' lang='lat' dir='ltr'><strong>se</strong></span> 
     </span>
    </p>
   </div>
   <div class='ocr_carea' id='block_1_73' title="bbox 1869 2851 3451 2922">
    <p class='ocr_par' dir='ltr' id='par_1_73' title="bbox 1869 2851 3451 2922">
     <span class='ocr_line' id='line_1_73' title="bbox 1869 2851 3451 2922; baseline 0.001 -17"><span class='ocrx_word' id='word_1_501' title='bbox 1869 2851 2128 2906; x_wconf 88' lang='lat' dir='ltr'><strong>Dominus</strong></span> <span class='ocrx_word' id='word_1_502' title='bbox 2168 2852 2513 2922; x_wconf 88' lang='lat' dir='ltr'><strong>repromittit,</strong></span> <span class='ocrx_word' id='word_1_503' title='bbox 2571 2853 2755 2907; x_wconf 87' lang='lat' dir='ltr'><strong>dicens</strong></span> <span class='ocrx_word' id='word_1_504' title='bbox 2795 2869 2807 2905; x_wconf 93' lang='lat'><strong>:</strong></span> <span class='ocrx_word' id='word_1_505' title='bbox 2844 2852 3159 2906; x_wconf 81' lang='lat' dir='ltr'><strong>lnhabitabo</strong></span> <span class='ocrx_word' id='word_1_506' title='bbox 3188 2854 3240 2906; x_wconf 86' lang='lat' dir='ltr'><strong>in</strong></span> <span class='ocrx_word' id='word_1_507' title='bbox 3275 2855 3370 2917; x_wconf 88' lang='lat' dir='ltr'><strong>eis,</strong></span> <span class='ocrx_word' id='word_1_508' title='bbox 3401 2862 3451 2906; x_wconf 77' lang='lat' dir='ltr'><strong>et</strong></span> 
     </span>
    </p>
   </div>
   <div class='ocr_carea' id='block_1_74' title="bbox 1866 2943 3451 3015">
    <p class='ocr_par' dir='ltr' id='par_1_74' title="bbox 1866 2943 3451 3015">
     <span class='ocr_line' id='line_1_74' title="bbox 1866 2943 3451 3015; baseline 0.001 -18"><span class='ocrx_word' id='word_1_509' title='bbox 1866 2945 2003 2998; x_wconf 87' lang='lat' dir='ltr'><strong>inter</strong></span> <span class='ocrx_word' id='word_1_510' title='bbox 2050 2944 2166 2997; x_wconf 88' lang='lat' dir='ltr'><strong>illos</strong></span> <span class='ocrx_word' id='word_1_511' title='bbox 2221 2945 2498 2998; x_wconf 82' lang='lat' dir='ltr'><strong>antlmlabo</strong></span> <span class='ocrx_word' id='word_1_512' title='bbox 2545 2944 2633 3015; x_wconf 89' lang='lat' dir='ltr'><strong>(ll</strong></span> <span class='ocrx_word' id='word_1_513' title='bbox 2667 2943 2790 2999; x_wconf 88' lang='lat' dir='ltr'><strong>Cor.</strong></span> <span class='ocrx_word' id='word_1_514' title='bbox 2837 2961 2908 3010; x_wconf 73' lang='lat' dir='ltr'><strong>Vt,</strong></span> <span class='ocrx_word' id='word_1_515' title='bbox 2944 2945 3051 3015; x_wconf 87' lang='lat' dir='ltr'><strong>I6).</strong></span> <span class='ocrx_word' id='word_1_516' title='bbox 3113 2945 3451 3014; x_wconf 79' lang='lat' dir='ltr'><strong>Itupossibilc</strong></span> 
     </span>
    </p>
   </div>
   <div class='ocr_carea' id='block_1_75' title="bbox 1868 3036 3449 3107">
    <p class='ocr_par' dir='ltr' id='par_1_75' title="bbox 1868 3036 3449 3107">
     <span class='ocr_line' id='line_1_75' title="bbox 1868 3036 3449 3107; baseline 0.001 -17"><span class='ocrx_word' id='word_1_517' title='bbox 1868 3039 2064 3107; x_wconf 91' lang='lat' dir='ltr'><strong>quippe</strong></span> <span class='ocrx_word' id='word_1_518' title='bbox 2086 3046 2169 3091; x_wconf 86' lang='lat' dir='ltr'><strong>cst</strong></span> <span class='ocrx_word' id='word_1_519' title='bbox 2189 3036 2518 3091; x_wconf 83' lang='lat' dir='ltr'><strong>immundam</strong></span> <span class='ocrx_word' id='word_1_520' title='bbox 2541 3038 2776 3092; x_wconf 90' lang='lat' dir='ltr'><strong>animam</strong></span> <span class='ocrx_word' id='word_1_521' title='bbox 2806 3039 3087 3093; x_wconf 90' lang='lat' dir='ltr'><strong>scientiam</strong></span> <span class='ocrx_word' id='word_1_522' title='bbox 3112 3038 3449 3107; x_wconf 85' lang='lat' dir='ltr'><strong>spiritualem</strong></span> 
     </span>
    </p>
   </div>
   <div class='ocr_carea' id='block_1_76' title="bbox 1865 3129 3450 3201">
    <p class='ocr_par' dir='ltr' id='par_1_76' title="bbox 1865 3129 3450 3201">
     <span class='ocr_line' id='line_1_76' title="bbox 1865 3129 3450 3201; baseline 0 -16"><span class='ocrx_word' id='word_1_523' title='bbox 1865 3131 2111 3201; x_wconf 89' lang='lat' dir='ltr'><strong>adipisci.</strong></span> <span class='ocrx_word' id='word_1_524' title='bbox 2138 3129 2303 3185; x_wconf 83' lang='lat' dir='ltr'><strong>Nemo</strong></span> <span class='ocrx_word' id='word_1_525' title='bbox 2322 3130 2466 3185; x_wconf 91' lang='lat' dir='ltr'><strong>enim</strong></span> <span class='ocrx_word' id='word_1_526' title='bbox 2493 3131 2543 3185; x_wconf 91' lang='lat' dir='ltr'><strong>in</strong></span> <span class='ocrx_word' id='word_1_527' title='bbox 2566 3146 2660 3186; x_wconf 88' lang='lat' dir='ltr'><strong>vas</strong></span> <span class='ocrx_word' id='word_1_528' title='bbox 2693 3130 2915 3185; x_wconf 89' lang='lat' dir='ltr'><strong>fetidum</strong></span> <span class='ocrx_word' id='word_1_529' title='bbox 2945 3140 3106 3201; x_wconf 84' lang='lat' dir='ltr'><strong>atque</strong></span> <span class='ocrx_word' id='word_1_530' title='bbox 3134 3140 3450 3200; x_wconf 87' lang='lat' dir='ltr'><strong>corruptum</strong></span> 
     </span>
    </p>
   </div>
   <div class='ocr_carea' id='block_1_77' title="bbox 1865 3222 3452 3293">
    <p class='ocr_par' dir='ltr' id='par_1_77' title="bbox 1865 3222 3452 3293">
     <span class='ocr_line' id='line_1_77' title="bbox 1865 3222 3452 3293; baseline -0.001 -17"><span class='ocrx_word' id='word_1_531' title='bbox 1865 3231 2194 3293; x_wconf 62' lang='lat' dir='ltr'><strong>unguentum</strong></span> <span class='ocrx_word' id='word_1_532' title='bbox 2233 3222 2448 3291; x_wconf 90' lang='lat' dir='ltr'><strong>aliquod</strong></span> <span class='ocrx_word' id='word_1_533' title='bbox 2481 3222 2679 3288; x_wconf 86' lang='lat' dir='ltr'><strong>nobile,</strong></span> <span class='ocrx_word' id='word_1_534' title='bbox 2726 3232 2821 3276; x_wconf 88' lang='lat' dir='ltr'><strong>aut</strong></span> <span class='ocrx_word' id='word_1_535' title='bbox 2864 3223 2967 3277; x_wconf 92' lang='lat' dir='ltr'><strong>mel</strong></span> <span class='ocrx_word' id='word_1_536' title='bbox 3023 3226 3308 3291; x_wconf 89' lang='lat' dir='ltr'><strong>optimum,</strong></span> <span class='ocrx_word' id='word_1_537' title='bbox 3358 3232 3452 3275; x_wconf 88' lang='lat' dir='ltr'><strong>aut</strong></span> 
     </span>
    </p>
   </div>
   <div class='ocr_carea' id='block_1_78' title="bbox 1863 3312 3450 3385">
    <p class='ocr_par' dir='ltr' id='par_1_78' title="bbox 1863 3312 3450 3385">
     <span class='ocr_line' id='line_1_78' title="bbox 1863 3312 3450 3385; baseline -0.001 -19"><span class='ocrx_word' id='word_1_538' title='bbox 1863 3313 2081 3382; x_wconf 86' lang='lat' dir='ltr'><strong>pretiosi</strong></span> <span class='ocrx_word' id='word_1_539' title='bbox 2110 3313 2402 3383; x_wconf 89' lang='lat' dir='ltr'><strong>quidquam</strong></span> <span class='ocrx_word' id='word_1_540' title='bbox 2452 3314 2680 3385; x_wconf 90' lang='lat' dir='ltr'><strong>liquoris</strong></span> <span class='ocrx_word' id='word_1_541' title='bbox 2734 3312 2986 3367; x_wconf 86' lang='lat' dir='ltr'><strong>infundit.</strong></span> <span class='ocrx_word' id='word_1_542' title='bbox 3040 3313 3274 3367; x_wconf 80' lang='lat' dir='ltr'><strong>Facilius</strong></span> <span class='ocrx_word' id='word_1_543' title='bbox 3307 3314 3450 3367; x_wconf 87' lang='lat' dir='ltr'><strong>enim</strong></span> 
     </span>
    </p>
   </div>
   <div class='ocr_carea' id='block_1_79' title="bbox 1863 3403 3451 3474">
    <p class='ocr_par' dir='ltr' id='par_1_79' title="bbox 1863 3403 3451 3474">
     <span class='ocr_line' id='line_1_79' title="bbox 1863 3403 3451 3474; baseline 0 -17"><span class='ocrx_word' id='word_1_544' title='bbox 1863 3403 2114 3474; x_wconf 89' lang='lat' dir='ltr'><strong>quamvis</strong></span> <span class='ocrx_word' id='word_1_545' title='bbox 2139 3403 2575 3458; x_wconf 89' lang='lat' dir='ltr'><strong>odoratissimam</strong></span> <span class='ocrx_word' id='word_1_546' title='bbox 2630 3404 2905 3474; x_wconf 86' lang='lat' dir='ltr'><strong>myrrham</strong></span> <span class='ocrx_word' id='word_1_547' title='bbox 2956 3403 3122 3457; x_wconf 87' lang='lat' dir='ltr'><strong>semel</strong></span> <span class='ocrx_word' id='word_1_548' title='bbox 3167 3404 3451 3457; x_wconf 84' lang='lat' dir='ltr'><strong>horrendis</strong></span> 
     </span>
    </p>
   </div>
   <div class='ocr_carea' id='block_1_80' title="bbox 1864 3492 3443 3563">
    <p class='ocr_par' dir='ltr' id='par_1_80' title="bbox 1864 3492 3443 3563">
     <span class='ocr_line' id='line_1_80' title="bbox 1864 3492 3443 3563; baseline -0.001 -13"><span class='ocrx_word' id='word_1_549' title='bbox 1864 3496 2069 3550; x_wconf 83' lang='lat' dir='ltr'><strong>imbuta</strong></span> <span class='ocrx_word' id='word_1_550' title='bbox 2092 3495 2359 3549; x_wconf 77' lang='lat' dir='ltr'><strong>fetoribus</strong></span> <span class='ocrx_word' id='word_1_551' title='bbox 2396 3504 2529 3550; x_wconf 85' lang='lat' dir='ltr'><strong>testa</strong></span> <span class='ocrx_word' id='word_1_552' title='bbox 2559 3494 2915 3560; x_wconf 82' lang='lat' dir='ltr'><strong>contaminat,</strong></span> <span class='ocrx_word' id='word_1_553' title='bbox 2946 3508 3105 3563; x_wconf 82' lang='lat' dir='ltr'><strong>quam</strong></span> <span class='ocrx_word' id='word_1_554' title='bbox 3152 3492 3354 3563; x_wconf 88' lang='lat' dir='ltr'><strong>aliquid</strong></span> <span class='ocrx_word' id='word_1_555' title='bbox 3380 3508 3443 3548; x_wconf 82' lang='lat' dir='ltr'><strong>cx</strong></span> 
     </span>
    </p>
   </div>
   <div class='ocr_carea' id='block_1_81' title="bbox 1863 3584 3445 3657">
    <p class='ocr_par' dir='ltr' id='par_1_81' title="bbox 1863 3584 3445 3657">
     <span class='ocr_line' id='line_1_81' title="bbox 1863 3584 3445 3657; baseline -0.002 -16"><span class='ocrx_word' id='word_1_556' title='bbox 1863 3602 1925 3641; x_wconf 89' lang='lat' dir='ltr'><strong>ea</strong></span> <span class='ocrx_word' id='word_1_557' title='bbox 1954 3587 2235 3641; x_wconf 88' lang='lat' dir='ltr'><strong>suavitatis</strong></span> <span class='ocrx_word' id='word_1_558' title='bbox 2276 3587 2445 3657; x_wconf 80' lang='lat' dir='ltr'><strong>gratia</strong></span> <span class='ocrx_word' id='word_1_559' title='bbox 2518 3586 2629 3656; x_wconf 89' lang='lat' dir='ltr'><strong>ipsa</strong></span> <span class='ocrx_word' id='word_1_560' title='bbox 2652 3586 2944 3655; x_wconf 87' lang='lat' dir='ltr'><strong>concipiat,</strong></span> <span class='ocrx_word' id='word_1_561' title='bbox 2992 3585 3117 3655; x_wconf 90' lang='lat' dir='ltr'><strong>quia</strong></span> <span class='ocrx_word' id='word_1_562' title='bbox 3161 3584 3329 3640; x_wconf 86' lang='lat' dir='ltr'><strong>multo</strong></span> <span class='ocrx_word' id='word_1_563' title='bbox 3364 3585 3445 3638; x_wconf 90' lang='lat' dir='ltr'><strong>ci-</strong></span> 
     </span>
    </p>
   </div>
   <div class='ocr_carea' id='block_1_82' title="bbox 1866 3675 3449 3749">
    <p class='ocr_par' dir='ltr' id='par_1_82' title="bbox 1866 3675 3449 3749">
     <span class='ocr_line' id='line_1_82' title="bbox 1866 3675 3449 3749; baseline -0.003 -16"><span class='ocrx_word' id='word_1_564' title='bbox 1866 3680 1973 3733; x_wconf 88' lang='lat' dir='ltr'><strong>tius</strong></span> <span class='ocrx_word' id='word_1_565' title='bbox 1998 3680 2194 3733; x_wconf 90' lang='lat' dir='ltr'><strong>munda</strong></span> <span class='ocrx_word' id='word_1_566' title='bbox 2233 3686 2676 3749; x_wconf 88' lang='lat' dir='ltr'><strong>corrumpuntur,</strong></span> <span class='ocrx_word' id='word_1_567' title='bbox 2706 3693 2866 3748; x_wconf 90' lang='lat' dir='ltr'><strong>quam</strong></span> <span class='ocrx_word' id='word_1_568' title='bbox 2904 3684 3158 3746; x_wconf 89' lang='lat' dir='ltr'><strong>corrupta</strong></span> <span class='ocrx_word' id='word_1_569' title='bbox 3182 3675 3449 3729; x_wconf 80' lang='lat' dir='ltr'><strong>mundan-</strong></span> 
     </span>
    </p>
   </div>
   <div class='ocr_carea' id='block_1_83' title="bbox 1866 3766 3451 3839">
    <p class='ocr_par' dir='ltr' id='par_1_83' title="bbox 1866 3766 3451 3839">
     <span class='ocr_line' id='line_1_83' title="bbox 1866 3766 3451 3839; baseline -0.002 -16"><span class='ocrx_word' id='word_1_570' title='bbox 1866 3779 1974 3824; x_wconf 92' lang='lat' dir='ltr'><strong>tur.</strong></span> <span class='ocrx_word' id='word_1_571' title='bbox 2026 3770 2104 3823; x_wconf 91' lang='lat' dir='ltr'><strong>Ita</strong></span> <span class='ocrx_word' id='word_1_572' title='bbox 2148 3770 2319 3839; x_wconf 78' lang='lat' dir='ltr'><strong>igitur</strong></span> <span class='ocrx_word' id='word_1_573' title='bbox 2364 3779 2419 3825; x_wconf 88' lang='lat' dir='ltr'><strong>et</strong></span> <span class='ocrx_word' id='word_1_574' title='bbox 2467 3785 2561 3824; x_wconf 87' lang='lat' dir='ltr'><strong>vas</strong></span> <span class='ocrx_word' id='word_1_575' title='bbox 2596 3770 2835 3839; x_wconf 87' lang='lat' dir='ltr'><strong>pectoris</strong></span> <span class='ocrx_word' id='word_1_576' title='bbox 2895 3766 3090 3833; x_wconf 88' lang='lat' dir='ltr'><strong>nostri,</strong></span> <span class='ocrx_word' id='word_1_577' title='bbox 3134 3767 3235 3821; x_wconf 91' lang='lat' dir='ltr'><strong>nisi</strong></span> <span class='ocrx_word' id='word_1_578' title='bbox 3300 3766 3451 3836; x_wconf 81' lang='lat' dir='ltr'><strong>prius</strong></span> 
     </span>
    </p>
   </div>
   <div class='ocr_carea' id='block_1_84' title="bbox 1864 3860 3450 3929">
    <p class='ocr_par' dir='ltr' id='par_1_84' title="bbox 1864 3860 3450 3929">
     <span class='ocr_line' id='line_1_84' title="bbox 1864 3860 3450 3929; baseline -0.001 -16"><span class='ocrx_word' id='word_1_579' title='bbox 1864 3862 2026 3917; x_wconf 79' lang='lat' dir='ltr'><strong>fuerit</strong></span> <span class='ocrx_word' id='word_1_580' title='bbox 2058 3863 2126 3916; x_wconf 89' lang='lat' dir='ltr'><strong>ab</strong></span> <span class='ocrx_word' id='word_1_581' title='bbox 2155 3863 2303 3918; x_wconf 88' lang='lat' dir='ltr'><strong>omni</strong></span> <span class='ocrx_word' id='word_1_582' title='bbox 2337 3864 2635 3917; x_wconf 66' lang='lat' dir='ltr'><strong>foedissima</strong></span> <span class='ocrx_word' id='word_1_583' title='bbox 2664 3863 2917 3916; x_wconf 87' lang='lat' dir='ltr'><strong>vitiorum</strong></span> <span class='ocrx_word' id='word_1_584' title='bbox 2950 3860 3273 3929; x_wconf 73' lang='lat' dir='ltr'><strong>contagione</strong></span> <span class='ocrx_word' id='word_1_585' title='bbox 3317 3873 3450 3928; x_wconf 73' lang='lat' dir='ltr'><strong>pur~</strong></span> 
     </span>
    </p>
   </div>
   <div class='ocr_carea' id='block_1_85' title="bbox 1864 3951 3450 4025">
    <p class='ocr_par' dir='ltr' id='par_1_85' title="bbox 1864 3951 3450 4025">
     <span class='ocr_line' id='line_1_85' title="bbox 1864 3951 3450 4025; baseline -0.001 -18"><span class='ocrx_word' id='word_1_586' title='bbox 1864 3964 2068 4025; x_wconf 80' lang='lat' dir='ltr'><strong>gatum,</strong></span> <span class='ocrx_word' id='word_1_587' title='bbox 2099 3970 2206 4011; x_wconf 86' lang='lat' dir='ltr'><strong>non</strong></span> <span class='ocrx_word' id='word_1_588' title='bbox 2238 3955 2532 4010; x_wconf 83' lang='lat' dir='ltr'><strong>tnerebitur</strong></span> <span class='ocrx_word' id='word_1_589' title='bbox 2580 3956 2856 4025; x_wconf 87' lang='lat' dir='ltr'><strong>suscipere</strong></span> <span class='ocrx_word' id='word_1_590' title='bbox 2890 3954 3019 4009; x_wconf 89' lang='lat' dir='ltr'><strong>illud</strong></span> <span class='ocrx_word' id='word_1_591' title='bbox 3059 3951 3450 4007; x_wconf 85' lang='lat' dir='ltr'><strong>benedictionis</strong></span> 
     </span>
    </p>
   </div>
   <div class='ocr_carea' id='block_1_86' title="bbox 1867 4044 3447 4119">
    <p class='ocr_par' dir='ltr' id='par_1_86' title="bbox 1867 4044 3447 4119">
     <span class='ocr_line' id='line_1_86' title="bbox 1867 4044 3447 4119; baseline -0.004 -18"><span class='ocrx_word' id='word_1_592' title='bbox 1867 4060 2198 4119; x_wconf 85' lang='lat' dir='ltr'><strong>unguentum</strong></span> <span class='ocrx_word' id='word_1_593' title='bbox 2246 4049 2311 4102; x_wconf 91' lang='lat' dir='ltr'><strong>de</strong></span> <span class='ocrx_word' id='word_1_594' title='bbox 2355 4064 2464 4118; x_wconf 91' lang='lat' dir='ltr'><strong>quo</strong></span> <span class='ocrx_word' id='word_1_595' title='bbox 2508 4047 2707 4102; x_wconf 90' lang='lat' dir='ltr'><strong>dicitur</strong></span> <span class='ocrx_word' id='word_1_596' title='bbox 2751 4062 2848 4117; x_wconf 86' lang='lat' dir='ltr'><strong>per</strong></span> <span class='ocrx_word' id='word_1_597' title='bbox 2875 4045 3247 4116; x_wconf 88' lang='lat' dir='ltr'><strong>Prophetam:</strong></span> <span class='ocrx_word' id='word_1_598' title='bbox 3294 4044 3447 4098; x_wconf 77' lang='lat' dir='ltr'><strong>Sicut</strong></span> 
     </span>
    </p>
   </div>
   <div class='ocr_carea' id='block_1_87' title="bbox 1864 4134 3450 4212">
    <p class='ocr_par' dir='ltr' id='par_1_87' title="bbox 1864 4134 3450 4212">
     <span class='ocr_line' id='line_1_87' title="bbox 1864 4134 3450 4212; baseline -0.005 -19"><span class='ocrx_word' id='word_1_599' title='bbox 1864 4151 2185 4211; x_wconf 77' lang='lat' dir='ltr'><strong>unguentum</strong></span> <span class='ocrx_word' id='word_1_600' title='bbox 2208 4142 2260 4193; x_wconf 88' lang='lat' dir='ltr'><strong>in</strong></span> <span class='ocrx_word' id='word_1_601' title='bbox 2283 4142 2449 4211; x_wconf 84' lang='lat' dir='ltr'><strong>capite</strong></span> <span class='ocrx_word' id='word_1_602' title='bbox 2464 4140 2603 4212; x_wconf 84' lang='lat' dir='ltr'><strong>quod</strong></span> <span class='ocrx_word' id='word_1_603' title='bbox 2626 4139 2888 4193; x_wconf 85' lang='lat' dir='ltr'><strong>descendit</strong></span> <span class='ocrx_word' id='word_1_604' title='bbox 2910 4140 2963 4192; x_wconf 90' lang='lat' dir='ltr'><strong>in</strong></span> <span class='ocrx_word' id='word_1_605' title='bbox 2988 4134 3450 4198; x_wconf 86' lang='lat' dir='ltr'><strong>barbam,barbam</strong></span> 
     </span>
    </p>
   </div>
   <div class='ocr_carea' id='block_1_88' title="bbox 1862 4224 3447 4303">
    <p class='ocr_par' dir='ltr' id='par_1_88' title="bbox 1862 4224 3447 4303">
     <span class='ocr_line' id='line_1_88' title="bbox 1862 4224 3447 4303; baseline -0.004 -18"><span class='ocrx_word' id='word_1_606' title='bbox 1862 4232 2073 4300; x_wconf 80' lang='lat' dir='ltr'><strong>Aaron;</strong></span> <span class='ocrx_word' id='word_1_607' title='bbox 2104 4234 2242 4303; x_wconf 88' lang='lat' dir='ltr'><strong>quod</strong></span> <span class='ocrx_word' id='word_1_608' title='bbox 2272 4234 2537 4287; x_wconf 83' lang='lat' dir='ltr'><strong>descendit</strong></span> <span class='ocrx_word' id='word_1_609' title='bbox 2570 4233 2623 4286; x_wconf 91' lang='lat' dir='ltr'><strong>in</strong></span> <span class='ocrx_word' id='word_1_610' title='bbox 2648 4247 2794 4285; x_wconf 82' lang='lat' dir='ltr'><strong>orum</strong></span> <span class='ocrx_word' id='word_1_611' title='bbox 2823 4230 3108 4286; x_wconf 84' lang='lat' dir='ltr'><strong>vestimenti</strong></span> <span class='ocrx_word' id='word_1_612' title='bbox 3133 4228 3246 4298; x_wconf 83' lang='lat' dir='ltr'><strong>ejus</strong></span> <span class='ocrx_word' id='word_1_613' title='bbox 3274 4224 3447 4296; x_wconf 86' lang='lat' dir='ltr'><strong>(Psal.</strong></span> 
     </span>
    </p>
   </div>
   <div class='ocr_carea' id='block_1_89' title="bbox 1865 4314 3451 4395">
    <p class='ocr_par' dir='ltr' id='par_1_89' title="bbox 1865 4314 3451 4395">
     <span class='ocr_line' id='line_1_89' title="bbox 1865 4314 3451 4395; baseline -0.005 -18"><span class='ocrx_word' id='word_1_614' title='bbox 1865 4339 2071 4389; x_wconf 74' lang='lat' dir='ltr'><strong>cxxxu,</strong></span> <span class='ocrx_word' id='word_1_615' title='bbox 2105 4323 2161 4395; x_wconf 76' lang='grc'><strong>2)</strong></span> <span class='ocrx_word' id='word_1_616' title='bbox 2197 4340 2211 4389; x_wconf 86' lang='grc'><strong>;</strong></span> <span class='ocrx_word' id='word_1_617' title='bbox 2242 4339 2343 4377; x_wconf 91' lang='lat' dir='ltr'><strong>nec</strong></span> <span class='ocrx_word' id='word_1_618' title='bbox 2374 4323 2518 4377; x_wconf 87' lang='lat' dir='ltr'><strong>illam</strong></span> <span class='ocrx_word' id='word_1_619' title='bbox 2543 4323 2826 4377; x_wconf 86' lang='lat' dir='ltr'><strong>scientiam</strong></span> <span class='ocrx_word' id='word_1_620' title='bbox 2867 4319 3221 4390; x_wconf 89' lang='lat' dir='ltr'><strong>spiritualem,</strong></span> <span class='ocrx_word' id='word_1_621' title='bbox 3256 4326 3311 4372; x_wconf 89' lang='lat' dir='ltr'><strong>et</strong></span> <span class='ocrx_word' id='word_1_622' title='bbox 3337 4314 3451 4369; x_wconf 89' lang='lat' dir='ltr'><strong>elo-</strong></span> 
     </span>
    </p>
   </div>
   <div class='ocr_carea' id='block_1_90' title="bbox 151 4391 3452 4505">
    <p class='ocr_par' dir='ltr' id='par_1_90' title="bbox 151 4391 3452 4505">
     <span class='ocr_line' id='line_1_90' title="bbox 151 4391 3452 4505; baseline -0 -58"><span class='ocrx_word' id='word_1_623' title='bbox 151 4395 227 4448; x_wconf 88' lang='lat' dir='ltr'><strong>ad</strong></span> <span class='ocrx_word' id='word_1_624' title='bbox 276 4409 472 4448; x_wconf 88' lang='lat' dir='ltr'><strong>veram</strong></span> <span class='ocrx_word' id='word_1_625' title='bbox 525 4393 931 4505; x_wconf 53' lang='lat' dir='ltr'><strong>Scripturarum</strong></span> <span class='ocrx_word' id='word_1_626' title='bbox 982 4391 1419 4505; x_wconf 42' lang='lat' dir='ltr'><strong>vis&#39;scientiam.</strong></span> <span class='ocrx_word' id='word_1_627' title='bbox 1456 4392 1756 4461; x_wconf 86' lang='lat' dir='ltr'><strong>pervenire,</strong></span> <span class='ocrx_word' id='word_1_628' title='bbox 1793 4451 1839 4505; x_wconf 63' lang='grc' dir='ltr'><strong>Β</strong></span> <span class='ocrx_word' id='word_1_629' title='bbox 1867 4415 1994 4485; x_wconf 65' lang='lat' dir='ltr'><strong>quia</strong></span> <span class='ocrx_word' id='word_1_630' title='bbox 2034 4391 2462 4484; x_wconf 46' lang='lat' dir='ltr'><strong>scripturarum,</strong></span> <span class='ocrx_word' id='word_1_631' title='bbox 2493 4429 2612 4484; x_wconf 59' lang='lat' dir='ltr'><strong>qua,</strong></span> <span class='ocrx_word' id='word_1_632' title='bbox 2664 4412 2905 4467; x_wconf 65' lang='lat' dir='ltr'><strong>dulciora</strong></span> <span class='ocrx_word' id='word_1_633' title='bbox 2964 4418 3090 4465; x_wconf 70' lang='lat' dir='ltr'><strong>sum</strong></span> <span class='ocrx_word' id='word_1_634' title='bbox 3137 4423 3299 4478; x_wconf 65' lang='lat' dir='ltr'><strong>super</strong></span> <span class='ocrx_word' id='word_1_635' title='bbox 3344 4404 3452 4459; x_wconf 61' lang='lat' dir='ltr'><strong>me}</strong></span> 
     </span>
    </p>
   </div>
   <div class='ocr_carea' id='block_1_91' title="bbox 146 4483 1755 4553">
    <p class='ocr_par' dir='ltr' id='par_1_91' title="bbox 146 4483 1755 4553">
     <span class='ocr_line' id='line_1_91' title="bbox 146 4483 1755 4553; baseline -0.001 -14"><span class='ocrx_word' id='word_1_636' title='bbox 146 4497 212 4542; x_wconf 89' lang='lat' dir='ltr'><strong>nt</strong></span> <span class='ocrx_word' id='word_1_637' title='bbox 238 4487 617 4542; x_wconf 85' lang='lat' dir='ltr'><strong>humilitatem</strong></span> <span class='ocrx_word' id='word_1_638' title='bbox 644 4484 822 4540; x_wconf 86' lang='lat' dir='ltr'><strong>cordis</strong></span> <span class='ocrx_word' id='word_1_639' title='bbox 870 4484 1202 4537; x_wconf 90' lang='lat' dir='ltr'><strong>immobilem</strong></span> <span class='ocrx_word' id='word_1_640' title='bbox 1262 4483 1512 4553; x_wconf 88' lang='lat' dir='ltr'><strong>primitus</strong></span> <span class='ocrx_word' id='word_1_641' title='bbox 1562 4498 1755 4539; x_wconf 88' lang='lat' dir='ltr'><strong>conse-</strong></span> 
     </span>
    </p>
   </div>
   <div class='ocr_carea' id='block_1_92' title="bbox 146 4572 1753 4647">
    <p class='ocr_par' dir='ltr' id='par_1_92' title="bbox 146 4572 1753 4647">
     <span class='ocr_line' id='line_1_92' title="bbox 146 4572 1753 4647; baseline -0.004 -14"><span class='ocrx_word' id='word_1_642' title='bbox 146 4580 381 4647; x_wconf 83' lang='lat' dir='ltr'><strong>quaris,</strong></span> <span class='ocrx_word' id='word_1_643' title='bbox 410 4592 527 4646; x_wconf 78' lang='lat' dir='ltr'><strong>qua:</strong></span> <span class='ocrx_word' id='word_1_644' title='bbox 558 4587 607 4631; x_wconf 90' lang='lat' dir='ltr'><strong>te</strong></span> <span class='ocrx_word' id='word_1_645' title='bbox 631 4592 734 4631; x_wconf 92' lang='lat' dir='ltr'><strong>non</strong></span> <span class='ocrx_word' id='word_1_646' title='bbox 761 4577 826 4630; x_wconf 89' lang='lat' dir='ltr'><strong>ad</strong></span> <span class='ocrx_word' id='word_1_647' title='bbox 865 4575 1007 4628; x_wconf 89' lang='lat' dir='ltr'><strong>illam</strong></span> <span class='ocrx_word' id='word_1_648' title='bbox 1041 4590 1158 4643; x_wconf 78' lang='lat' dir='ltr'><strong>qua:</strong></span> <span class='ocrx_word' id='word_1_649' title='bbox 1203 4572 1372 4640; x_wconf 83' lang='lat' dir='ltr'><strong>inﬂat,</strong></span> <span class='ocrx_word' id='word_1_650' title='bbox 1412 4575 1509 4629; x_wconf 90' lang='lat' dir='ltr'><strong>sed</strong></span> <span class='ocrx_word' id='word_1_651' title='bbox 1544 4576 1610 4628; x_wconf 89' lang='lat' dir='ltr'><strong>ad</strong></span> <span class='ocrx_word' id='word_1_652' title='bbox 1633 4589 1753 4629; x_wconf 88' lang='lat' dir='ltr'><strong>eam</strong></span> 
     </span>
    </p>
   </div>
   <div class='ocr_carea' id='block_1_93' title="bbox 140 4663 1757 4739">
    <p class='ocr_par' dir='ltr' id='par_1_93' title="bbox 140 4663 1757 4739">
     <span class='ocr_line' id='line_1_93' title="bbox 140 4663 1757 4739; baseline -0.004 -16"><span class='ocrx_word' id='word_1_653' title='bbox 140 4685 283 4739; x_wconf 71' lang='lat' dir='ltr'><strong>qua:</strong></span> <span class='ocrx_word' id='word_1_654' title='bbox 314 4667 609 4729; x_wconf 87' lang='lat' dir='ltr'><strong>illuminat,</strong></span> <span class='ocrx_word' id='word_1_655' title='bbox 645 4666 927 4720; x_wconf 86' lang='lat' dir='ltr'><strong>scientiam</strong></span> <span class='ocrx_word' id='word_1_656' title='bbox 962 4664 1245 4718; x_wconf 88' lang='lat' dir='ltr'><strong>charitatis</strong></span> <span class='ocrx_word' id='word_1_657' title='bbox 1295 4663 1757 4718; x_wconf 89' lang='lat' dir='ltr'><strong>consummatione</strong></span> 
     </span>
    </p>
   </div>
   <div class='ocr_carea' id='block_1_94' title="bbox 142 4754 1756 4827">
    <p class='ocr_par' dir='ltr' id='par_1_94' title="bbox 142 4754 1756 4827">
     <span class='ocr_line' id='line_1_94' title="bbox 142 4754 1756 4827; baseline -0.003 -13"><span class='ocrx_word' id='word_1_658' title='bbox 142 4760 457 4827; x_wconf 84' lang='lat' dir='ltr'><strong>perducat.</strong></span> <span class='ocrx_word' id='word_1_659' title='bbox 482 4757 683 4812; x_wconf 85' lang='lat' dir='ltr'><strong>Deinde</strong></span> <span class='ocrx_word' id='word_1_660' title='bbox 715 4757 816 4810; x_wconf 91' lang='lat' dir='ltr'><strong>hoc</strong></span> <span class='ocrx_word' id='word_1_661' title='bbox 844 4755 938 4810; x_wconf 91' lang='lat' dir='ltr'><strong>tibi</strong></span> <span class='ocrx_word' id='word_1_662' title='bbox 973 4764 1057 4809; x_wconf 90' lang='lat' dir='ltr'><strong>est</strong></span> <span class='ocrx_word' id='word_1_663' title='bbox 1087 4755 1396 4810; x_wconf 91' lang='lat' dir='ltr'><strong>omnimodo</strong></span> <span class='ocrx_word' id='word_1_664' title='bbox 1444 4754 1756 4809; x_wconf 90' lang='lat' dir='ltr'><strong>enitendum</strong></span> 
     </span>
    </p>
   </div>
   <div class='ocr_carea' id='block_1_95' title="bbox 142 4845 1754 4916">
    <p class='ocr_par' dir='ltr' id='par_1_95' title="bbox 142 4845 1754 4916">
     <span class='ocr_line' id='line_1_95' title="bbox 142 4845 1754 4916; baseline -0.001 -15"><span class='ocrx_word' id='word_1_665' title='bbox 142 4858 232 4912; x_wconf 90' lang='lat' dir='ltr'><strong>ut,</strong></span> <span class='ocrx_word' id='word_1_666' title='bbox 269 4845 506 4914; x_wconf 78' lang='lat' dir='ltr'><strong>expulsa</strong></span> <span class='ocrx_word' id='word_1_667' title='bbox 536 4846 683 4900; x_wconf 74' lang='lat' dir='ltr'><strong>enini</strong></span> <span class='ocrx_word' id='word_1_668' title='bbox 715 4845 1073 4901; x_wconf 86' lang='lat' dir='ltr'><strong>sollicitudine</strong></span> <span class='ocrx_word' id='word_1_669' title='bbox 1089 4846 1489 4916; x_wconf 73' lang='lat' dir='ltr'><strong>ctcogitatione</strong></span> <span class='ocrx_word' id='word_1_670' title='bbox 1515 4854 1754 4909; x_wconf 85' lang='lat' dir='ltr'><strong>terrena,</strong></span> 
     </span>
    </p>
   </div>
   <div class='ocr_carea' id='block_1_96' title="bbox 137 4937 1751 5010">
    <p class='ocr_par' dir='ltr' id='par_1_96' title="bbox 137 4937 1751 5010">
     <span class='ocr_line' id='line_1_96' title="bbox 137 4937 1751 5010; baseline -0.004 -14"><span class='ocrx_word' id='word_1_671' title='bbox 137 4940 448 4996; x_wconf 81' lang='lat' dir='ltr'><strong>assiduum</strong></span> <span class='ocrx_word' id='word_1_672' title='bbox 478 4948 528 4993; x_wconf 89' lang='lat' dir='ltr'><strong>te</strong></span> <span class='ocrx_word' id='word_1_673' title='bbox 560 4954 620 4992; x_wconf 77' lang='lat' dir='ltr'><strong>ac</strong></span> <span class='ocrx_word' id='word_1_674' title='bbox 644 4939 821 5010; x_wconf 87' lang='lat' dir='ltr'><strong>potius</strong></span> <span class='ocrx_word' id='word_1_675' title='bbox 844 4938 1025 5008; x_wconf 79' lang='lat' dir='ltr'><strong>jugem</strong></span> <span class='ocrx_word' id='word_1_676' title='bbox 1056 4953 1223 4993; x_wconf 70' lang='lat' dir='ltr'><strong>sacra:</strong></span> <span class='ocrx_word' id='word_1_677' title='bbox 1246 4939 1485 5008; x_wconf 69' lang='lat' dir='ltr'><strong>praebeas</strong></span> <span class='ocrx_word' id='word_1_678' title='bbox 1508 4937 1751 5001; x_wconf 90' lang='lat' dir='ltr'><strong>lectioni,</strong></span> 
     </span>
    </p>
   </div>
   <div class='ocr_carea' id='block_1_97' title="bbox 460 5724 1025 5790">
    <p class='ocr_par' dir='ltr' id='par_1_97' title="bbox 460 5724 1025 5790">
     <span class='ocr_line' id='line_1_97' title="bbox 460 5724 1025 5790; baseline -0.005 -2"><span class='ocrx_word' id='word_1_679' title='bbox 460 5729 727 5790; x_wconf 60' lang='lat' dir='ltr'><strong>Parant.</strong></span> <span class='ocrx_word' id='word_1_680' title='bbox 769 5724 1025 5785; x_wconf 76' lang='lat' dir='ltr'><strong>CLVIII.</strong></span> 
     </span>
    </p>
   </div>
   <div class='ocr_carea' id='block_1_98' title="bbox 1866 4496 3450 4577">
    <p class='ocr_par' dir='ltr' id='par_1_98' title="bbox 1866 4496 3450 4577">
     <span class='ocr_line' id='line_1_98' title="bbox 1866 4496 3450 4577; baseline -0.008 -15"><span class='ocrx_word' id='word_1_681' title='bbox 1866 4516 1921 4562; x_wconf 89' lang='lat' dir='ltr'><strong>et</strong></span> <span class='ocrx_word' id='word_1_682' title='bbox 1952 4508 2153 4574; x_wconf 82' lang='lat' dir='ltr'><strong>favum,</strong></span> <span class='ocrx_word' id='word_1_683' title='bbox 2180 4507 2455 4577; x_wconf 88' lang='lat' dir='ltr'><strong>impolluta</strong></span> <span class='ocrx_word' id='word_1_684' title='bbox 2510 4504 2765 4559; x_wconf 87' lang='lat' dir='ltr'><strong>servabit.</strong></span> <span class='ocrx_word' id='word_1_685' title='bbox 2818 4502 2948 4570; x_wconf 66' lang='lat' dir='ltr'><strong>Quae</strong></span> <span class='ocrx_word' id='word_1_686' title='bbox 2980 4502 3125 4558; x_wconf 87' lang='lat' dir='ltr'><strong>enim</strong></span> <span class='ocrx_word' id='word_1_687' title='bbox 3156 4496 3450 4569; x_wconf 79' lang='lat' dir='ltr'><strong>participa-</strong></span> 
     </span>
    </p>
   </div>
   <div class='ocr_carea' id='block_1_99' title="bbox 1862 4588 3447 4669">
    <p class='ocr_par' dir='ltr' id='par_1_99' title="bbox 1862 4588 3447 4669">
     <span class='ocr_line' id='line_1_99' title="bbox 1862 4588 3447 4669; baseline -0.007 -15"><span class='ocrx_word' id='word_1_688' title='bbox 1862 4599 2184 4667; x_wconf 74' lang='lat' dir='ltr'><strong>tiojustitim</strong></span> <span class='ocrx_word' id='word_1_689' title='bbox 2210 4615 2333 4654; x_wconf 91' lang='lat' dir='ltr'><strong>cum</strong></span> <span class='ocrx_word' id='word_1_690' title='bbox 2388 4598 2673 4669; x_wconf 87' lang='lat' dir='ltr'><strong>iniquitate</strong></span> <span class='ocrx_word' id='word_1_691' title='bbox 2698 4598 2722 4652; x_wconf 87' lang='lat'><strong>?</strong></span> <span class='ocrx_word' id='word_1_692' title='bbox 2746 4597 2853 4651; x_wconf 91' lang='lat' dir='ltr'><strong>Aut</strong></span> <span class='ocrx_word' id='word_1_693' title='bbox 2878 4611 2998 4666; x_wconf 82' lang='lat' dir='ltr'><strong>quae</strong></span> <span class='ocrx_word' id='word_1_694' title='bbox 3054 4594 3287 4649; x_wconf 89' lang='lat' dir='ltr'><strong>societas</strong></span> <span class='ocrx_word' id='word_1_695' title='bbox 3340 4588 3447 4645; x_wconf 88' lang='lat' dir='ltr'><strong>luci</strong></span> 
     </span>
    </p>
   </div>
   <div class='ocr_carea' id='block_1_100' title="bbox 1863 4677 3447 4762">
    <p class='ocr_par' dir='ltr' id='par_1_100' title="bbox 1863 4677 3447 4762">
     <span class='ocr_line' id='line_1_100' title="bbox 1863 4677 3447 4762; baseline -0.008 -18"><span class='ocrx_word' id='word_1_696' title='bbox 1863 4707 1983 4745; x_wconf 87' lang='lat' dir='ltr'><strong>cmn</strong></span> <span class='ocrx_word' id='word_1_697' title='bbox 2042 4690 2279 4747; x_wconf 89' lang='lat' dir='ltr'><strong>tenebris</strong></span> <span class='ocrx_word' id='word_1_698' title='bbox 2317 4691 2340 4744; x_wconf 89' lang='lat'><strong>?</strong></span> <span class='ocrx_word' id='word_1_699' title='bbox 2379 4706 2498 4762; x_wconf 77' lang='lat' dir='ltr'><strong>qua:</strong></span> <span class='ocrx_word' id='word_1_700' title='bbox 2543 4700 2721 4746; x_wconf 88' lang='lat' dir='ltr'><strong>autem</strong></span> <span class='ocrx_word' id='word_1_701' title='bbox 2771 4687 3060 4744; x_wconf 87' lang='lat' dir='ltr'><strong>conventio</strong></span> <span class='ocrx_word' id='word_1_702' title='bbox 3108 4684 3325 4739; x_wconf 87' lang='lat' dir='ltr'><strong>Christo</strong></span> <span class='ocrx_word' id='word_1_703' title='bbox 3378 4677 3447 4733; x_wconf 89' lang='lat' dir='ltr'><strong>ad</strong></span> 
     </span>
    </p>
   </div>
   <div class='ocr_carea' id='block_1_101' title="bbox 1862 4778 3180 4856">
    <p class='ocr_par' dir='ltr' id='par_1_101' title="bbox 1862 4778 3180 4856">
     <span class='ocr_line' id='line_1_101' title="bbox 1862 4778 3180 4856; baseline -0.005 -19"><span class='ocrx_word' id='word_1_704' title='bbox 1862 4783 2026 4838; x_wconf 84' lang='lat' dir='ltr'><strong>Belial</strong></span> <span class='ocrx_word' id='word_1_705' title='bbox 2050 4784 2072 4836; x_wconf 88' lang='lat'><strong>?</strong></span> <span class='ocrx_word' id='word_1_706' title='bbox 2097 4783 2151 4837; x_wconf 92' lang='lat' dir='ltr'><strong>ln</strong></span> <span class='ocrx_word' id='word_1_707' title='bbox 2185 4784 2345 4839; x_wconf 88' lang='lat' dir='ltr'><strong>corde</strong></span> <span class='ocrx_word' id='word_1_708' title='bbox 2386 4786 2526 4839; x_wconf 90' lang='lat' dir='ltr'><strong>bono</strong></span> <span class='ocrx_word' id='word_1_709' title='bbox 2561 4784 2855 4856; x_wconf 89' lang='lat' dir='ltr'><strong>requiescit</strong></span> <span class='ocrx_word' id='word_1_710' title='bbox 2892 4778 3180 4851; x_wconf 87' lang='lat' dir='ltr'><strong>sapientia.</strong></span> 
     </span>
    </p>
   </div>
  </div>
