4056 6302
231 304 365 361 1057
727 337 731 340 -
1149 296 1369 353 IIYMNI
1403 295 1489 350 ET
1528 292 1974 350 PSALTERIUM
2014 294 2102 347 DE
2141 292 2201 348 S.
2233 289 2465 346 MARIA.
3326 285 3459 340 £038

230 422 274 475 Α
301 430 514 473 summo
541 413 702 470 Patre
721 410 984 483 genitum,

230 512 334 567 Per
363 511 481 565 hmc
503 518 594 563 tua
624 521 721 563 nos
754 504 972 569 merita,

230 604 273 656 A
294 598 448 669 lapsu
478 595 671 652 mortis
700 593 890 648 libera.

297 689 485 747 Gloria
525 685 622 743 tibi
655 686 902 750 Domine,
928 692 1037 739 etc.

579 775 663 831 Ad
695 782 919 829 sextam.

296 869 435 925 Nate
463 880 675 924 summe
696 879 793 920 rex
822 871 976 919 utero

232 958 415 1013 Mariae
429 957 511 1020 _de
537 954 814 1025 Virgineo,

230 1048 475 1115 Emunda
515 1062 617 1102 nos
642 1061 672 1100 a
711 1043 878 1107 vitiis,

232 1143 299 1198 Et
330 1155 467 1195 orna
500 1137 708 1193 sanctis
734 1133 964 1189 meritis.

300 1231 393 1285 Dei
416 1236 609 1292 mater,
646 1241 679 1280 ο
709 1223 950 1286 domina,

234 1323 492 1382 Sublimis
524 1329 671 1377 tanta
711 1317 914 1390 gratia;

234 1412 371 1477 Tua,
413 1409 520 1473 fac,
549 1404 824 1463 exaltatio.

234 1500 319 1555 Sit
352 1508 538 1554 nostra
578 1493 854 1550 relevatio.

304 1585 488 1642 Gloria
515 1582 632 1645 tibi,
661 1588 771 1635 etc.

591 1668 671 1722 Ad
711 1682 921 1722 nonam.

308 1760 407 1816 Fili
438 1758 618 1815 Maria:
653 1755 898 1827 virginis,

234 1854 315 1908 Da
345 1851 503 1906 nobis
536 1848 653 1919 ejus
680 1846 886 1902 meritis

232 1948 281 2000 A
311 1943 549 2015 peccatis
574 1952 884 2008 resurgere,

232 2035 307 2088 Et
327 2034 395 2088 ad
419 2032 584 2087 vitam
609 2030 934 2101 pertingere.

309 2122 474 2192 Cujus
494 2136 554 2178 es
593 2120 764 2175 lactus
795 2117 955 2180 ﬁlius,

233 2216 405 2281 Deus,
432 2228 529 2284 pro
572 2208 975 2283 peccatoribus,

234 2303 357 2359 lloc
389 2302 479 2373 qui
518 2302 622 2356 ﬁde
656 2296 1029 2369 pronuntiant,

232 2394 354 2448 Fac
382 2402 440 2447 ut
467 2391 693 2447 salutem
725 2387 982 2443 sentiant.

315 2483 502 2539 Gloria
531 2481 649 2547 tibi,
681 2489 791 2535 etc.

594 2572 677 2626 Ad
713 2584 970 2640 vesperas.

312 2666 408 2722 Sol
438 2672 590 2720 casto
624 2677 852 2720 nascens
878 2669 1053 2724 utero,

231 2765 674 2830 Vesperasceute
713 2752 927 2817 saeculo,

232 2854 458 2910 lllnstra
486 2865 584 2906 nos
617 2855 893 2919 perpetue,

237 2949 364 3006 Nec
387 2946 622 3003 declines
651 2945 704 2999 in
742 2953 986 3011 vespere.

326 3038 539 3096 rEterni
563 3036 695 3092 solis
717 3031 972 3105 genitrix,

236 3130 382 3186 Tuis
410 3128 513 3183 hoc
553 3126 757 3181 sanctis
785 3120 992 3177 meritis

241 3222 365 3288 Age
395 3232 502 3287 quo
524 3229 717 3285 perpes
750 3219 967 3267 maneat

245 3305 446 3370 Nobis,
486 3318 586 3358 nec
628 3314 864 3371 unquam
902 3294 1132 3353 decidat.

329 3394 511 3452 Gloria
544 3391 658 3456 tibi,
686 3399 796 3446 etc.

499 3504 581 3558 Ad
615 3500 1030 3572 completorium.

325 3613 403 3667 De
425 3620 574 3666 casta
595 3609 751 3663 nobis
771 3607 954 3662 oriens

245 3705 431 3760 Matre
476 3703 592 3758 dies
624 3702 955 3764 indesinens,

245 3796 380 3867 Jngi
408 3808 509 3850 nos
538 3794 658 3848 fove
688 3792 909 3856 lumine,

248 3888 553 3959 Culpreque
580 3895 795 3941 noctem
826 3898 1067 3939 remove.

332 3975 506 4030 Mater
533 3974 637 4029 diei
664 3972 928 4044 perpetis,

248 4070 478 4126 Obsiste
504 4067 703 4123 nostris
731 4065 990 4128 tenebris,

248 4161 341 4216 Ne
369 4160 544 4215 lucem
577 4158 730 4213 nobis
765 4158 1043 4227 dissipent,

253 4250 333 4305 Et
357 4263 458 4303 nos
492 4247 701 4303 delictis
723 4246 1016 4317 implicent.

337 4338 526 4395 Gloria
552 4338 669 4403 tibi,
702 4345 807 4391 etc.

1414 424 1742 465 PSALTERIUI
1795 422 2013 463 DOIINB
2059 419 2279 461 ωοετιυε

1711 500 1868 571 (rans
1902 500 1973 569 t).

1400 592 1515 648 Ave
1534 601 1711 648 mater
1740 591 2013 657 advocati,

1335 686 1438 753 Qui
1468 688 1659 742 beatus
1696 686 1945 751 consilio,

1334 778 1471 832 Aula
1509 779 1712 833 ventris
1752 778 2050 847 incorrupti

1335 870 1607 927 Processit
1644 880 1704 925 ut
1731 886 1799 925 ex
1831 871 2090 926 thalamo.

1404 962 1600 1016 Beatus
1629 965 1708 1015 uir
1738 962 1827 1031 qui
1860 977 1963 1015 non
1998 962 2151 1027 abiit,
2190 972 2297 1017 etc.

1406 1050 1517 1105 Ave
1550 1061 1746 1116 mater,
1773 1049 1928 1118 cujus
1957 1060 2148 1120 partus

1334 1136 1632 1193 Postulavit
1663 1138 1831 1194 Deum
1849 1139 2089 1207 Patrem,

1341 1228 1408 1282 Et
1426 1230 1655 1298 accepit,
1684 1244 1820 1299 quas
1855 1231 2105 1298 redemit,

1332 1317 1543 1374 Gentes
1569 1319 1624 1373 in
1658 1319 1859 1374 haeredi
1867 1329 2055 1376 tatem.

1666 1405 1911 1473 Postulo,
1942 1417 2049 1463 etc.

1409 1494 1525 1549 Ave
1551 1503 1745 1562 mater,
1767 1494 1921 1564 cujus
1946 1505 2130 1566 partus

1343 1579 1704 1638 Obdormiens
1728 1583 2010 1653 patiendo,

1344 1672 1404 1727 In
1433 1674 1684 1743 sepulcro
1719 1685 2027 1745 soporatus,

1342 1764 1571 1821 Mortem
1598 1767 1728 1822 vicit
1754 1769 2110 1839 resurgendo.

1411 1855 1595 1911 Gloria
1634 1858 1749 1923 tibi,
1773 1867 1880 1913 etc.

1588 1945 1702 2016 Ego
1732 1947 1981 2013 dormivi,
2012 1955 2120 2003 etc.

1409 2036 1523 2090 Ave
1549 2044 1747 2100 mater,
1777 2035 1931 2104 cujus
1949 2046 2141 2105 partus

1339 2124 1505 2181 Nobis
1526 2126 1674 2181 dedit
1712 2126 1765 2180 in
1790 2127 2071 2197 sanguine,

1346 2216 1414 2272 Ut
1446 2217 1688 2286 signetur
1723 2216 2020 2286 baptizatus

1343 2306 1650 2362 Divinitatis
1675 2306 1895 2362 lumine.

1414 2398 1597 2454 Gloria
1630 2398 1746 2465 tibi,
1785 2407 1893 2453 etc.

1598 2484 1873 2557 Signatum
1895 2497 1989 2551 est,
2014 2496 2120 2541 etc.

1417 2576 1530 2631 Ave
1552 2585 1748 2643 mater,
1776 2578 1927 2647 cujus
1945 2593 2044 2633 nos
2068 2578 2208 2634 ﬁlius

1347 2671 1518 2727 Scuto
1559 2672 1714 2728 bona:
1742 2672 2035 2729 voluntatis

1350 2762 1532 2819 induit
1554 2762 1836 2832 propitius,

1350 2854 1467 2910 Lux
1489 2855 1769 2912 immensae
1797 2854 2113 2924 majestatis.

1621 2945 1783 3000 Scuto
1814 2946 1982 3011 bonw,
2013 2956 2118 3001 ctc.
2214 2960 2217 2963 ‘

1422 3036 1537 3091 Ave
1566 3036 1791 3090 thronus
1828 3036 2074 3101 Deitatis,

1354 3129 1412 3185 in
1442 3147 1548 3201 quo
1577 3131 1717 3186 Deus
1745 3131 2042 3201 majestatis

1359 3223 1622 3295 Dignatur
1652 3223 1816 3277 homo
1844 3223 1983 3277 ﬁeri.

1432 3403 1585 3461 Unde
1611 3412 1827 3460 nostras
1853 3404 2063 3458 animas

1360 3495 1570 3566 Eripuit
1594 3497 1647 3550 in
1670 3497 1882 3565 gratia;

1360 3586 1428 3641 Et
1454 3603 1591 3658 quas
1613 3587 1793 3644 etfacit
1813 3587 2036 3653 liberas,

1362 3676 1551 3734 Salvas
1571 3678 1700 3735 fecit
1729 3679 1781 3734 in
1802 3678 1992 3751 gloria.

1644 3777 1971 3844 Convertere,
1997 3789 2106 3835 etc.

1364 3868 1478 3923 Ave
1503 3876 1695 3933 mater,
1720 3865 1874 3935 cujus
1906 3877 2093 3939 partus

1368 3956 1477 4012 Sua
1511 3955 1642 4011 facit
1664 3956 1879 4027 justitia

1372 4046 1439 4102 Ut
1470 4047 1525 4102 in
1549 4048 1703 4104 nobis
1730 4047 1912 4104 Patris
1946 4047 2063 4116 ejus

1370 4142 1488 4197 Sint
1506 4142 1654 4213 justa
1685 4143 1979 4213 adjutoria.

1438 4271 1653 4327 Iustum
1703 4273 2025 4342 adjutorium
2087 4287 2256 4325 meum
2308 4288 2340 4325 a

1771 4343 2015 4397 Domino.

255 4473 538 4529 Salutatio
578 4474 931 4541 deprecatoria
951 4511 965 4535 ,
1000 4482 1118 4525 ante
1150 4468 1307 4525 Psal-

336 4546 529 4599 terium
557 4539 717 4596 beata:
746 4539 972 4611 Virginis
993 4542 1234 4594 dicenda.

1442 4453 1556 4508 Ave
1579 4461 1761 4507 nostra
1793 4452 2122 4516 advocatrix,

1374 4545 1549 4614 Atque
1573 4544 1697 4599 vita:
1722 4542 2023 4613 reparatrix
2053 4558 2067 4596 :

340 4650 503 4705 Salve
531 4648 735 4719 Regina
783 4656 954 4701 mater
1002 4647 1311 4702 niisericor-
1375 4638 1539 4709 Cujus
1560 4648 1746 4708 partus
1773 4651 1934 4705 super
1960 4637 2103 4705 ipsos

258 4744 396 4808 dite,
422 4740 553 4808 vita,
584 4738 831 4803 dulcedo,
875 4746 928 4792 et
977 4752 1097 4807 spes
1128 4746 1309 4792 nostra

260 4833 446 4887 salve.
472 4829 553 4884 Ad
582 4837 632 4883 te
660 4827 953 4883 clamamus
975 4826 1188 4881 exsules
1218 4826 1311 4881 lilii

258 4922 403 4978 Eva:
429 4936 444 4973 :
479 4919 544 4973 ad
578 4928 629 4973 te
660 4917 990 4986 suspiramns
1015 4924 1311 4985 gementes,

258 5023 333 5069 et
359 5010 553 5065 ﬂentes
571 5010 622 5063 in
655 5009 754 5063 hac
775 5007 1130 5076 lacrymarum
1154 5004 1309 5060 valle.

260 5103 376 5159 Eia
434 5116 564 5171 ergo
614 5098 872 5153 advocata
927 5105 1107 5151 nostra
1134 5135 1152 5161 ,
1180 5092 1313 5151 ‘lllus

263 5210 405 5254 tuos
448 5192 825 5251 misericordes
865 5194 1051 5246 oculos
1102 5186 1189 5245 ad
1217 5206 1315 5246 nos

260 5289 575 5346 converte,
617 5288 673 5332 et
727 5276 908 5331 Jesum
974 5275 1314 5331 benedictum

263 5376 516 5430 fructum
550 5370 755 5426 ventris
783 5369 857 5423 tui
886 5368 1039 5421 nobis
1065 5378 1183 5435 post
1218 5369 1319 5424 hoc

1379 4727 1635 4782 Dominus
1661 4736 1743 4781 est
1776 4726 1899 4781 caeli
1940 4726 2181 4780 thronos.

1519 4819 1780 4884 Quoniam
1816 4816 2013 4871 elevata
2047 4826 2141 4882 est,
2168 4824 2274 4871 etc.

1448 4906 1559 4962 Ave
1589 4908 1741 4973 Sion,
1775 4908 1828 4961 in
1854 4921 1958 4977 qua
1994 4905 2136 4960 Deus

1380 4997 1651 5052 Habitavit
1677 4998 1837 5051 homo
1873 4996 2045 5051 factus
2083 5014 2095 5049 :

1385 5088 1440 5142 In
1459 5104 1565 5158 quo
1600 5096 1819 5157 sperant
1848 5087 2061 5141 enixius

1386 5178 1489 5246 Qui
1530 5186 1795 5233 noverunt
1824 5191 2017 5235 nomen
2044 5177 2181 5247 ejus.

1588 5273 1654 5326 Et
1682 5278 1883 5341 sperent
1912 5270 1965 5323 in
2006 5278 2073 5335 te,
2114 5278 2220 5323 etc.

1463 5370 1574 5423 Ave
1594 5365 1758 5435 Virgo
1784 5360 2094 5432 singularis,

263 5463 531 5522 exsilium
566 5462 789 5518 ostende
827 5479 840 5514 :
881 5459 925 5515 Ο
962 5459 1198 5514 clemens
1234 5461 1248 5513 ι
1290 5475 1323 5515 o
1391 5462 1619 5516 Placens
1648 5456 1769 5512 aula
1807 5451 2107 5523 virginalis,

264 5558 377 5630 pia
411 5557 425 5610 ι
454 5571 486 5609 o
516 5554 688 5610 dulcis
710 5552 940 5623 gloriosa
978 5551 1201 5605 Domina
1229 5565 1323 5605 no-

265 5656 425 5713 atra,
462 5662 558 5717 pro
580 5646 733 5702 nobis
759 5643 1051 5701 iuterccde.

1394 5550 1559 5620 Cujus
1587 5548 1641 5602 in
1683 5542 1879 5613 templo
1907 5542 2166 5595 Dominus

1396 5642 1464 5696 Et
1486 5641 1539 5695 in
1569 5638 1707 5695 cmlo
1734 5634 1888 5691 sedes
1919 5633 2055 5702 ejus.

2574 397 2736 470 3“
2751 397 3003 453 Dominus
3026 400 3079 453 in
3110 400 3320 469 templo,
3351 410 3456 454 etc.

2506 492 2638 557 Ave,
2666 494 2819 561 cujus
2850 492 2903 545 in
2941 492 3053 547 tilio

2432 582 2671 637 Salutem
2701 581 2864 637 Pater
2891 584 3092 653 posuit,

2431 674 2487 728 lu
2517 690 2624 745 quo
2644 675 2783 731 sicut
2810 676 2866 731 in
2895 676 3051 731 unico

2432 768 2620 823 Fidem
2666 778 2906 823 nostram
2935 770 3234 825 constituit.

2600 859 2806 917 Ponant
2827 862 2881 917 in
2906 862 3151 928 salutari,
3179 873 3286 916 etc.

2506 960 2640 1024 Ave,
2664 961 2729 1015 de
2756 961 2909 1031 cujus
2941 962 3051 1017 lilia

2434 1047 2677 1103 Salutari
2706 1051 2801 1105 Dei
2824 1051 3022 1118 Patris,

2437 1138 2786 1194 Exsultamus
2818 1141 2873 1195 in
2902 1142 3151 1207 Domino,

2438 1231 2540 1298 Qui
2576 1233 2713 1287 bona
2742 1234 2926 1288 tribuit
2953 1235 3126 1289 nobis.

2551 1321 2847 1377 Exsultavit
2881 1341 2972 1379 cor
3009 1340 3200 1389 meum,
3224 1334 3327 1381 etc.

2442 1412 2554 1465 Ave
2576 1422 2757 1466 nostra
2795 1413 3132 1477 advocatrix,

2440 1499 2792 1568 Captivorum
2820 1501 3124 1565 liberatrix,

2446 1588 2522 1642 De
2545 1603 2648 1657 qua
2671 1588 2799 1643 Sion
2840 1589 3155 1645 Emmanuel

2449 1676 2699 1733 Salutare
2733 1680 2791 1732 tit
2824 1679 3015 1735 Israel.

2736 1765 2867 1830 Quis
2899 1766 3062 1831 dabit,
3091 1776 3179 1821 etc

2517 1856 2649 1922 Ave,
2679 1855 2831 1924 cujus
2859 1872 3012 1913 mons
3049 1857 3206 1914 lilius.

2447 1947 2539 2002 Dei
2569 1948 2744 2004 Patris
2782 1960 2866 2006 est
2897 1952 3109 2018 unicus,

2443 2038 2501 2092 lu
2533 2055 2640 2109 quo
2667 2042 2836 2095 sancti
2878 2024 3241 2111 requiescunt,

2445 2129 2547 2196 Qui
2576 2131 2857 2186 veritatem
2883 2132 3132 2202 diligunt.
3260 2187 3262 2190 ,

2551 2217 2789 2283 Domine,
2817 2219 2932 2287 quis
2968 2218 3247 2284 habitabit,
3275 2226 3379 2274 etc.

2517 2307 2630 2359 Ave
2663 2307 2843 2375 regina
2873 2308 3160 2376 virginum,

2450 2395 2622 2453 Mater
2647 2399 2810 2468 Virgo
2846 2411 2963 2468 post
2996 2400 3181 2464 lilium,

2450 2487 2614 2555 Cujus
2643 2498 2830 2557 partus
2855 2490 3140 2545 hmreditas

2451 2576 2509 2630 In
2534 2578 2669 2632 laetis
2697 2586 2779 2632 est
2812 2578 3093 2647 praeclara.

2562 2703 2576 2708 -
2642 2672 2819 2727 Funes
2845 2674 3161 2738 ceciderunt,
3187 2681 3292 2728 etc.

2528 2765 2639 2820 Are
2668 2775 2861 2830 mater,
2891 2781 3050 2835 quem
3090 2764 3351 2835 praedicat

2454 2855 2513 2910 In
2546 2865 2601 2910 te
2626 2864 2808 2910 nostra
2840 2855 3167 2920 mortalitas,

2458 2946 2593 3013 Quia
2626 2956 2748 3002 tuus
2779 2947 3034 3001 mirilicat

2458 3036 2656 3091 Partus
2683 3035 3103 3091 misericordias.

2588 3124 2643 3177 Μ
2647 3125 2835 3193 iriﬁcat
2859 3123 3263 3186 misericordias,
3286 3130 3390 3176 etc.

2533 3216 2665 3279 Ave,
2698 3230 2860 3283 quam
2888 3215 3104 3268 laudauit
3133 3212 3370 3281 spiritus,

2463 3305 2560 3358 Cui
2587 3305 2759 3358 virtus
2786 3305 2965 3358 omnis
2996 3302 3255 3366 concinit,

2467 3401 2541 3454 De
2569 3398 2723 3468 cujus
2745 3399 2882 3454 cmlo
2904 3398 3164 3453 Dominus

2466 3491 2619 3547 Nube
2645 3492 2825 3546 carnis
2853 3491 3110 3546 intonuit.

2732 3579 2800 3633 Et
2835 3580 3059 3634 intonuit
3075 3620 3091 3646 ,
3114 3589 3224 3635 etc.

2539 3669 2671 3739 Ave,
2700 3669 2854 3741 cujus
2882 3670 3120 3741 virgineo

2470 3760 2612 3816 Deus
2638 3761 2903 3830 processit
2932 3761 3183 3827 thalamo,

2473 3852 2643 3906 Dotali
2674 3852 2827 3906 nobis
2852 3854 3026 3921 gratia

2470 3940 2544 3996 Se
2569 3941 2815 4012 prazbens
2843 3941 2895 3993 in
2924 3939 3217 4009 sponsalia.

2800 4028 2869 4082 In
2907 4028 3035 4093 sole,
3069 4039 3175 4083 etc.

2470 4172 2473 4173 ν
2544 4122 2657 4175 Ave
2682 4118 2831 4183 Sion,
2865 4118 2929 4172 de
2952 4132 3056 4187 qua
3086 4118 3226 4172 Deus

2477 4214 2585 4271 Nos
2605 4224 2783 4270 tuetur
2812 4215 3149 4273 incarnatus,

2478 4309 2681 4363 Memor
2710 4306 2880 4361 nostri
2908 4305 3177 4360 libaminis

2478 4401 2533 4456 in
2555 4417 2686 4473 pace
2712 4404 2794 4459 sui
2833 4398 3096 4468 corporis.

2775 4490 2977 4544 Memor
3004 4488 3090 4553 sit,
3122 4496 3231 4541 etc.

2549 4584 2660 4638 Ave
2690 4590 2883 4645 mater,
2910 4576 3061 4646 cujus
3088 4588 3301 4648 partum

2478 4674 2729 4731 leestis
2748 4671 2913 4727 Pater
2943 4669 3159 4723 unicum

2479 4766 2536 4820 ln
2563 4765 2815 4821 smculum
2838 4763 2930 4817 dat
2951 4759 3202 4830 gentibus

2481 4857 2537 4912 ln
2564 4852 3049 4913 benedictionibus,

2696 4959 2957 5026 Quoniam
2995 4953 3161 5017 dabit,
3195 4961 3301 5007 etc.

2560 5073 2672 5126 Ave
2707 5076 2901 5131 mater,
2929 5065 3081 5134 cujus
3108 5072 3321 5134 partum

2488 5165 2688 5219 Panem
2715 5160 2838 5213 vitm
2873 5157 3029 5214 nobis
3056 5156 3278 5220 tactum,

2489 5252 2722 5323 Pingues
2753 5258 2911 5304 terra:
2947 5263 3010 5302 ex
3042 5261 3147 5314 quo
3172 5246 3328 5299 vivan

2492 5344 2561 5398 Et
2586 5342 2913 5397 manducant
2947 5350 3002 5396 et
3028 5340 3277 5395 adorant.

2705 5431 3180 5493 Man‘ducauerunt,
3214 5435 3319 5481 etc.

2572 5531 2683 5585 Ave
2711 5536 2894 5584 nostra
2926 5522 3266 5585 advocatrix,

2502 5623 2668 5694 Cujus
2694 5629 2877 5681 partus
2904 5631 3087 5673 mensa
3108 5613 3286 5670 Patris
