4056 6302
602 254 737 310 1039

601 370 720 425 Est‘
737 369 893 429 nobis
922 372 1243 437 consolatio,

600 461 677 518 Ne
703 462 920 534 frangat
959 463 1260 520 tribulatio.

740 555 949 609 Parasli
988 557 1041 609 in
1067 565 1359 620 conspectu,
1386 566 1489 610 etc.

668 648 777 702 Ave
799 649 1006 719 Regina
1030 649 1238 719 gratim,

596 736 759 805 Cujus
782 745 970 806 partus
997 736 1111 791 Rex
1143 736 1329 806 gloria“:

598 827 708 879 Rex
735 832 817 881 est
842 827 1098 881 virtutum
1142 826 1420 893 Dominus,

593 915 707 970 Lux
749 918 816 972 de
849 917 969 974 luce
1007 919 1256 975 Christus
1277 920 1441 974 Deus.

841 1005 972 1070 Quis
1005 1017 1080 1062 est
1115 1009 1232 1074 iste,
1267 1015 1374 1063 etc.

662 1095 795 1160 Ave,
825 1096 978 1164 cujus
1005 1098 1246 1168 virgineo

591 1183 866 1240 Processit
887 1202 951 1242 ex
979 1189 1243 1252 sacrario,

593 1274 710 1328 Una
738 1275 886 1331 salus
914 1278 1064 1332 omni
1105 1279 1328 1343 mundo,

591 1365 772 1422 Dulcis
801 1368 963 1434 Deus,
1001 1377 1181 1424 rectus
1206 1369 1387 1425 homo.

804 1458 985 1514 Dulcis
1013 1471 1060 1514 et
1092 1471 1280 1527 rectus,
1308 1469 1414 1516 etc.

661 1546 772 1601 Ave
797 1557 980 1602 nostra
1017 1549 1357 1615 advocatrix,

589 1635 655 1690 Et
684 1636 956 1706 lapsorum
983 1640 1308 1709 reparatrix,

586 1725 665 1781 De
695 1742 798 1796 qua
826 1728 965 1784 Deus
991 1729 1167 1785 factus
1198 1731 1380 1788 homo.

587 1820 745 1878 Solus
770 1824 922 1878 stetit
959 1824 1012 1878 in
1056 1825 1282 1882 directo.

867 1908 1012 1964 Puer
1032 1928 1198 1979 meus,
1236 1922 1343 1970 etc.

652 1997 767 2052 Ave
810 2007 983 2054 mater
1013 2000 1164 2069 cujus
1196 2018 1424 2074 sponsus

584 2087 653 2141 Et
673 2098 889 2142 creator
920 2099 974 2143 et
1001 2089 1163 2161 filius,

589 2176 729 2232 Deus
774 2173 1117 2249 illuminatio,

587 2267 746 2324 Salus
771 2280 854 2326 est
879 2282 933 2327 et
966 2273 1250 2340 protectio.

1024 2361 1194 2417 Idem.

652 2446 766 2498 Ave
793 2456 968 2502 mater
988 2448 1371 2519 redemptoris,

579 2526 723 2585 Caro
746 2530 899 2600 cujus
927 2533 1182 2600 ellloruit,

579 2625 806 2691 Quando
843 2643 1037 2698 passus
1065 2637 1280 2699 gustum
1327 2631 1520 2687 mortis

581 2717 657 2772 De
692 2719 944 2788 sepulcro
967 2720 1289 2777 resurrexit.

847 2806 915 2862 Et
944 2811 1201 2879 reﬂoruit,
1237 2819 1340 2868 etc.

647 2894 761 2948 Ave
797 2905 971 2950 mater
1001 2897 1267 2953 castitatis

580 2983 655 3038 De
691 2999 796 3054 qua
821 2984 962 3040 Deus
987 2985 1288 3054 majestatis

578 3074 978 3146 Scripturarum
1011 3093 1169 3134 voces
1194 3078 1346 3148 pluit,

575 3165 642 3219 Et
668 3165 894 3219 virtutes
920 3165 1175 3222 intonuit.

716 3250 828 3308 Vox
851 3253 946 3308 Dei
979 3271 1136 3325 super
1170 3273 1356 3328 aquas,
1381 3265 1482 3314 etc.

641 3345 753 3399 Ave
785 3354 986 3411 mater,
1027 3347 1180 3418 cujus
1203 3357 1390 3418 partus

572 3432 924 3504 Resurgeudo
946 3435 1102 3491 nobis
1129 3435 1304 3492 factus

573 3525 834 3581 Matutina
867 3527 1074 3594 laetitia,

571 3614 764 3671 Nostra
791 3631 911 3686 spes
936 3625 1036 3682 est,
1058 3625 1110 3672 et
1127 3618 1316 3689 gloria.

825 3707 907 3760 Ad
943 3724 1227 3778 vesperum,
1253 3719 1359 3765 etc.

637 3793 747 3848 Ave
771 3795 1010 3851 caelestis
1040 3797 1277 3864 domina,

566 3886 733 3956 Cujus
761 3896 949 3954 partus
967 3885 1181 3956 justitia

566 3981 660 4036 Est
697 3991 878 4037 nostra
908 3982 1174 4049 liberatio,

564 4067 634 4121 Et
661 4069 712 4122 in
746 4068 912 4123 Deum
938 4071 1225 4138 protectio.

648 4177 665 4192 ο
727 4154 857 4209 Esto
888 4156 1014 4209 mihi
1036 4157 1091 4210 in
1121 4156 1312 4222 Deum,
1335 4169 1441 4214 etc.

633 4243 745 4299 Ave
781 4251 954 4298 mater
979 4244 1290 4316 singularis,

562 4335 726 4404 Cujus
752 4335 866 4390 haec
905 4344 986 4390 est
1018 4335 1338 4405 fecunditas,

562 4429 681 4495 Qua
711 4429 882 4484 beatis
921 4430 1075 4495 viris,

560 4518 750 4575 Omnis
788 4519 1083 4574 remittitur
1109 4521 1385 4592 iniquitas.

923 4622 1082 4685 Idem
1101 4627 1230 4696 ipse.

624 4711 739 4769 Ave
759 4709 912 4768 stella
938 4711 1242 4783 virginalis,

553 4804 717 4875 Cujus
744 4811 930 4873 partus
951 4803 1250 4876 singularis

553 4897 629 4952 De
653 4896 875 4966 cytbara
907 4909 1004 4950 nos
1026 4895 1236 4962 docuit,

551 4985 605 5039 In
628 4999 789 5038 cruce
813 4983 1030 5051 quando
1059 4983 1214 5039 obiit.

619 5075 722 5144 Ipsi
751 5086 876 5130 tunc
899 5078 1036 5131 bene
1062 5075 1342 5144 psallimus

519 5155 743 5223 'Decem
775 5166 995 5222 chordis
1021 5166 1260 5236 psalterii
1285 5184 1300 5232 ;

543 5259 624 5314 Ad
663 5259 836 5328 ipsum
866 5273 988 5314 cum
1014 5257 1302 5314 referimus

542 5352 864 5423 Decalogum
891 5353 1155 5424 mysterii.

542 5440 872 5510 Conﬁtentini
916 5445 1023 5498 Deo
1066 5445 1120 5498 in
1169 5444 1420 5514 cytharis,
1467 5457 1572 5501 etc.

610 5529 723 5583 Ave
751 5541 938 5594 mater,
969 5532 1121 5602 cujus
1145 5540 1330 5601 partus

539 5616 703 5673 Cibus
729 5619 850 5673 vitae
879 5623 1032 5675 nobis
1059 5621 1251 5684 factus,

922 256 981 312 S.
1030 247 1327 305 ANSELMI
1363 243 1715 303 CANTUAR.
1748 240 2066 298 ARCHIEP.
2106 238 2256 296 OPP.
2295 237 2474 294 PARS
2518 237 2580 292 l‘l.
2617 267 2688 280 —
2725 235 3090 294 PARA'ZNET.
3121 236 3212 294 ΕΤ
3247 235 3496 318 ᾼΞΟΕΤ.

1697 364 1930 421 Gustare
1958 363 2108 418 dedit
2134 362 2407 416 mentibus

1701 441 1871 521 Quam
1898 453 2080 508 suavis
2109 461 2193 507 est
2219 451 2500 506 Dominus.

1827 543 2137 598 Benedicam
2166 541 2482 605 Dominum,»
2498 549 2605 594 etc.

1770 628 1880 684 Ave
1905 637 2098 695 mater,
2124 627 2278 695 cujus
2308 635 2495 695 partus

1700 715 1857 771 Salus
1882 717 2038 771 nobis
2067 725 2152 772 est
2173 715 2426 782 effectus;

1699 806 1878 861 Effusa
1903 808 2065 862 datur
2091 807 2324 873 framea,

1699 893 1830 961 Quae
1851 887 2019 949 'scidit
2054 902 2240 949 nostra
2269 893 2514 949 vulnera.

1876 983 2108 1055 Eﬁ‘unde
2133 985 2412 1055 frameam,
2447 994 2555 1040 etc.

1769 1074 1881 1131 Ave
1908 1087 2103 1144 mater,
2129 1074 2287 1145 cujus.
2307 1084 2496 1146 partus

1699 1169 1935 1223 Torrens
1959 1183 2184 1222 summas
2214 1167 2526 1237 voluptatis,

1701 1253 1934 1312 Verbum
1964 1253 2141 1308 Patris
2180 1255 2342 1308 homo
2370 1253 2568 1322 factus,

1697 1346 1838 1401 Fons
1861 1346 1983 1400 vitae
2014 1355 2098 1401 est
2125 1346 2379 1415 splendor
2411 1345 2569 1401 lucis.

1943 1439 2226 1495 Inebriain
2249 1457 2352 1506 me,
2381 1449 2487 1496 etc.

1769 1533 1879 1584 Ave
1910 1531 2147 1586 caelestis
2176 1531 2364 1598 janua,

1695 1621 1809 1688 Qua
1841 1622 2106 1691 processit
2134 1622 2475 1689 Emmanuel,

1693 1714 1859 1780 Cujus
1882 1712 2062 1767 lumen
2081 1713 2318 1780 justitia,

1691 1797 1960 1855 Judicium
1987 1799 2261 1855 meridies.

1905 1894 1973 1949 Et
1999 1895 2179 1949 educet
2205 1897 2376 1966 quasi,
2412 1905 2516 1951 etc.

1763 1986 1876 2040 Ave
1899 1995 2088 2050 mater,
2113 2001 2234 2055 quae
2263 1985 2518 2054 gaudium

1696 2077 1960 2145 Peperisti
1995 2075 2254 2141 fidelium,

1691 2167 1830 2221 Ante
1855 2181 2013 2235 quem
2041 2165 2391 2222 desiderium.

1693 2257 1870 2313 Manet
1903 2272 1962 2312 se
1989 2257 2354 2327 ditigentium.

1761 2347 1863 2403 Per
1890 2349 2060 2418 ipsam
2090 2357 2278 2403 noster
2301 2347 2518 2418 genitus

1688 2437 1836 2494 Patri
1860 2454 1964 2493 non
1997 2447 2080 2494 est
2108 2439 2482 2504 absconditus,

1689 2533 1824 2586 Dum
1851 2545 1909 2588 se
1937 2528 2067 2586 facit
2099 2532 2444 2597 advocatum,

1687 2621 1839 2676 Pium
1869 2623 2116 2692 praebens
2142 2622 2479 2676 exauditum.
2529 2637 2532 2640 ’

1901 2703 2141 2773 Domine,
2156 2716 2276 2760 ante
2313 2714 2381 2770 te,
2408 2715 2513 2760 etc.

1755 2792 1868 2846 Ave
1897 2800 2093 2858 mater,
2120 2794 2187 2848 de
2213 2809 2318 2863 qua
2349 2803 2532 2849 nostra

1686 2878 1957 2934 Processit
1981 2881 2338 2950 exspectatio.

1685 2968 1742 3024 ln
1763 2985 1868 3040 qua
1889 2979 2074 3026 nostra
2101 2972 2404 3028 substantia

1687 3059 1865 3116 Patris
1889 3062 2136 3117 consedit
2163 3062 2319 3118 solio.

1897 3151 1963 3206 Et
1994 3169 2130 3206 nunc
2153 3169 2272 3223 quia
2299 3164 2394 3221 est,
2415 3162 2522 3210 etc.

1752 3241 1867 3297 Ave
1893 3250 2088 3308 mater,
2117 3242 2272 3313 cujus
2294 3259 2357 3314 pa
2369 3253 2484 3300 rtus

1683 3331 1755 3388 Se
1783 3348 1882 3404 pro
1903 3333 2062 3388 nobis
2082 3334 2459 3396 holocaustum

1679 3427 1833 3483 Fecit
1852 3427 1994 3483 Deus
2023 3442 2151 3482 caro
2173 3426 2369 3496 factus,

1680 3517 1840 3574 Solus
1863 3530 2109 3576 nostrum
2132 3521 2455 3578 remedium.

1733 3608 2114 3666 Holoeaustum
2143 3613 2536 3683 improperium,
2567 3623 2673 3670 etc.

1746 3705 1858 3759 Ave
1885 3713 2076 3770 mater,
2101 3705 2256 3778 cujus
2281 3716 2470 3777 partus

1675 3795 1900 3854 Nostras
1930 3799 2146 3855 sanavit
2186 3801 2417 3866 animas,

1674 3889 1834 3947 Solus
1860 3899 2055 3961 potens
2093 3891 2408 3959 advocatus,

1670 3985 1850 4055 Agens
1875 3998 2089 4050 causas,
2118 3984 2334 4041 solvens
2359 3987 2567 4058 culpas.

1856 4079 1967 4151 Ego
1995 4081 2108 4134 dixi
2144 4081 2388 4148 Domine,
2418 4094 2523 4140 etc.

1737 4172 1852 4227 Ave
1889 4183 2063 4230 mater
2091 4177 2375 4240 castitatis,

1668 4255 1833 4326 Cujus
1857 4259 2040 4317 laudes
2066 4277 2235 4318 sonus
2257 4261 2392 4332 fiunt
2413 4263 2703 4334 epulantis,

1669 4346 2073 4419 Scripturarum
2105 4352 2210 4408 cibi
2236 4353 2443 4420 dulces,

1667 4438 1724 4492 In
1755 4455 1890 4496 voce
1916 4443 2290 4505 confessionis.

1795 4529 1857 4584 In
1887 4547 2008 4586 voce
2029 4531 2411 4602 exsultationis,
2445 4545 2549 4590 etc.

1733 4617 1847 4674 Ave
1870 4629 2044 4676 mater
2067 4621 2309 4691 pietatis,

1665 4706 1828 4777 Cujus
1860 4720 2049 4779 partus
2077 4723 2159 4767 est
2185 4713 2355 4769 altare
2384 4715 2474 4769 Dei
2502 4713 2700 4771 Patris.

1664 4802 1968 4860 Laetificans
1993 4805 2220 4862 intuitus

1661 4893 1966 4950 Iuventutis
2008 4907 2207 4952 nostra:
2251 4900 2467 4954 mentis.

1929 4982 1995 5037 Et
2019 4985 2270 5054 introibo,
2295 4997 2400 5042 etc.

1729 5073 1864 5140 Ave,
1889 5089 2008 5144 qua:
2031 5075 2208 5133 Patris
2226 5079 2506 5135 brachium

1659 5162 1922 5235 Pcperisti
1948 5165 2131 5222 Jesum
2157 5167 2451 5239 Christum,

1655 5255 1818 5326 Cujus
1849 5257 2193 5326 illuminatio,

1653 5349 1842 5405 Vultus
1865 5349 1957 5404 Dei
1987 5349 2045 5402 lit
2071 5351 2230 5405 visio.

1684 5499 1688 5502 _
1864 5438 1968 5494 Sed
1993 5441 2203 5494 dextera
2225 5452 2336 5508 tua,
2367 5453 2469 5498 etc.

1718 5529 1851 5591 Ave,
1883 5529 2035 5597 cujus
2060 5529 2356 5584 visceribus

1649 5620 1790 5675 Deus
1816 5621 1973 5677 Pater
1997 5623 2269 5692 ingenitus

3699 237 3808 295 Μίο

2809 357 3092 413 Eructavit
3135 357 3360 411 verbum
3381 354 3606 421 bonum,

2813 448 3034 504 Scilicet
3072 447 3430 519 unigenitum.

3245 534 3395 589 Idem

2881 623 3199 694 Ave,’cujus
3239 625 3536 684 altissimus

2815 712 3068 770 Sacravit
3099 717 3525 782 tabernaculum,

2807 805 3054 863 Paterna:
3077 808 3215 863 lucis
3242 809 3428 864 radius

2808 895 3006 954 Factus
3030 899 3186 955 nobis
3214 900 3536 955 remedium.

3111 989 3402 1057 Fluminis,
3438 1000 3546 1046 etc.

2876 1081 2991 1136 Ave
3015 1088 3207 1145 mater,
3237 1079 3393 1148 cujus
3422 1088 3613 1149 partus

2809 1171 3004 1228 Nostra
3038 1171 3185 1226 salus
3208 1179 3294 1225 est
3319 1169 3565 1235 effectus,

2809 1261 2965 1319 Unde
2993 1262 3196 1318 clamat
3219 1262 3382 1317 nobis
3408 1261 3674 1325 Psalmus,

2805 1353 3047 1409 Plaudite
3079 1362 3270 1424 gentes
3302 1353 3555 1408 manibus

3240 1441 3414 1497 Idem.

2873 1535 2987 1590 Ave
3015 1532 3254 1590 caelestis
3285 1533 3517 1599 mansio,

2805 1627 2880 1680 De
2904 1623 3058 1694 cujus
3089 1625 3273 1696 templi
3300 1624 3441 1679 medi

2805 1717 3153 1788 Suscepimus
3184 1717 3528 1772 incarnatam

2803 1803 2897 1859 Dei
2931 1803 3382 1860 misericordiam.

3072 1895 3430 1965 Suscepimus,
3456 1902 3568 1948 etc.

2874 1991 2990 2046 Ave
3019 1989 3142 2044 cmli
3161 1988 3432 2051 introitus,

2806 2082 2996 2137 Divina
3023 2079 3308 2142 habitatio,

2803 2172 2968 2240 Cujus
2988 2178 3073 2225 est
3104 2168 3256 2223 nobis
3280 2166 3423 2221 ﬁlius

2806 2266 2871 2321 Et
2895 2264 3084 2330 frater,
3112 2270 3167 2318 et
3193 2262 3514 2331 redemptio.

2952 2354 3147 2411 Frater
3179 2370 3282 2408 non
3308 2354 3554 2418 redemit,
3585 2363 3684 2409 etc.

2871 2449 2988 2504 Ave
3011 2446 3139 2502 Sion
3171 2445 3429 2515 gloriosa,

2802 2543 2878 2596 De
2902 2555 3008 2610 qua
3041 2540 3195 2595 nobis
3225 2539 3509 2594 manifesta

2800 2631 2888 2686 Fit
2909 2645 3073 2686 carne
3107 2629 3268 2684 Verbi
3294 2628 3463 2684 facies

2802 2719 3021 2776 Dccoris
3046 2718 3138 2773 Dei
3180 2718 3380 2787 specie.

3064 2809 3105 2862 Α
3139 2808 3265 2862 solis
3291 2817 3432 2871 ortu,
3457 2815 3559 2860 etc.

2865 2903 2978 2958 Ave
3003 2903 3245 2959 cmlestis
3263 2903 3455 2974 janua,

2797 2993 2914 3060 Qua
2945 2994 3040 3049 Dei
3081 2993 3261 3049 Patris
3303 2993 3462 3047 unica

2796 3082 3067 3140 Processit
3104 3084 3261 3140 nobis
3300 3083 3509 3138 reddita

2796 3174 3059 3231 Salutaris
3096 3176 3302 3231 laetitia.

3069 3265 3247 3321 Redde
3270 3265 3422 3329 mihi,
3453 3275 3558 3320 etc.

2790 3367 2920 3408 PARS
2939 3369 2976 3408 11
3007 3369 3283 3425 ρελιτειυι
3310 3371 3358 3408 Β.
3383 3367 3562 3409 IABIE
3589 3365 3820 3407 \‘lBGlllS.

2857 3444 2972 3499 Ave
2999 3454 3196 3513 mater,
3219 3443 3373 3514 cujus
3412 3455 3625 3515 partus,

2787 3534 2859 3591 Ut
2885 3535 3024 3591 oliva
3051 3535 3345 3601 fructifera,

2784 3630 3093 3687 Patibulum
3118 3631 3298 3687 crucis
3320 3646 3509 3702 passus
3525 3671 3542 3696 ,

2784 3723 2952 3779 Totus
2973 3721 3130 3778 fluxit
3154 3725 3208 3778 in
3233 3724 3432 3794 gratia.

3053 3815 3168 3888 Ego
3199 3826 3397 3881 autem,
3429 3825 3541 3870 etc.

2850 3909 2963 3964 Ave
2994 3919 3188 3974 mater,
3219 3908 3372 3978 cujus
3403 3920 3597 3980 partus

2777 4000 2938 4071 305
2967 3999 3097 4055 Sine
3129 4001 3286 4070 culpa
3328 4001 3430 4056 fuit
3465 4019 3639 4068 unus,

2777 4082 2876 4158 Qui
2908 4105 3006 4145 nec
3037 4092 3204 4146 traxit
3235 4091 3449 4160 origine

2774 4179 2996 4250 Culpam
3029 4192 3187 4237 natus
3208 4198 3274 4238 ex
3299 4183 3536 4253 Virgine.

2845 4270 2956 4324 Ave
2979 4281 3152 4326 mater
3173 4311 3187 4337 ,
3219 4272 3376 4342 cujus
3420 4282 3616 4340 partus

2773 4358 3025 4416 Caelestis
3061 4360 3238 4416 Patris
3275 4363 3469 4417 unicus

2773 4447 2939 4506 Nobis
2960 4451 3326 4507 voluntarium

2772 4541 2866 4597 Est
2893 4541 3066 4598 factus
3090 4542 3438 4598 sacrificium.

3059 4634 3154 4690 Vol
3159 4638 3386 4702 unlarie,
3423 4646 3529 4692 etc.

2831 4730 2965 4796 Ave,
2989 4744 3058 4784 ex
3087 4745 3190 4798 qua
3226 4728 3478 4786 Christus
3519 4740 3692 4785 ortus

2772 4819 3008 4889 Vespere
3036 4819 3244 4874 Pascha
3275 4821 3485 4885 docuit,

2774 4906 2848 4963 Ad
2880 4905 3111 4961 Pilatum
3141 4923 3300 4963 mane
3326 4909 3521 4963 ductus

2771 4991 3065 5048 Veritatem
3109 4995 3398 5049 nuntiavit.

2839 5083 3061 5139 Meridie
3091 5084 3386 5140 crucifixus

2763 5175 2808 5230 A
2834 5175 2992 5232 Patre
3016 5187 3098 5232 est
3127 5178 3447 5244 exauditus;

2761 5267 2830 5322 Et
2856 5269 3090 5324 moriens
3128 5281 3357 5325 mortem
3389 5270 3510 5323 vicit
3533 5309 3558 5333 ,

2749 5356 2861 5424 “Qui
2895 5360 2961 5414 de
2990 5360 3163 5414 morte
3197 5362 3507 5415 resurrexit.

2982 5449 3196 5521 Vespere
3223 5463 3270 5508 et
3290 5469 3454 5516 mane,
3471 5457 3592 5507 etc.

2821 5537 2934 5594 Ave
2963 5539 3163 5612 Regina
3197 5543 3490 5612 virginum,

2752 5628 2961 5685 Laztitia
2991 5632 3223 5688 ﬁdelium
3239 5677 3254 5703 ,
