4056 6302
236 386 369 460 test

234 516 365 585 Quae
394 472 647 583 peperisti
673 506 926 579 gaudium

235 607 291 661 tn
330 603 530 659 lumine
556 597 874 654 viventium.

404 691 663 759 Quoniam
695 687 960 759 eripuisti,
1007 693 1111 741 etc.

304 782 441 849 Ave,
468 780 622 850 cujus
643 786 725 835 est
749 778 891 834 ﬁlius

237 879 411 947 Super
432 873 597 931 cmlos
624 870 925 937 exaltatus,

240 967 305 1021 Et
334 965 504 1034 ipsius
531 961 701 1034 gloria

236 1058 290 1111 In
313 1056 495 1113 omnia
513 1052 811 1109 terrestria.
1026 1096 1079 1125 ,Ὺ

370 1144 624 1201 Ezaltare
650 1158 806 1214 super
819 1140 971 1197 ctelos
988 1181 1004 1209 ,
1027 1150 1137 1196 etc.

304 1235 448 1301 Ave,
474 1235 541 1290 de
563 1248 669 1304 qua
696 1242 856 1289 natus

239 1326 438 1396 Utique
455 1332 539 1381 est
553 1321 732 1393 justus
756 1322 963 1379 fructus
978 1362 994 1389 ,

237 1418 494 1472 Jndicans
518 1430 614 1471 eos
648 1414 702 1470 in
733 1422 909 1480 terra,

239 1506 310 1562 Ut
332 1506 537 1562 exaltet
572 1506 641 1560 ad
671 1514 895 1559 aeterna.
1058 1564 1063 1567 _

459 1595 526 1649 Et
565 1595 700 1648 dicet
738 1597 923 1660 homo,
952 1601 1057 1647 etc.

307 1682 441 1744 Ave,
464 1680 617 1749 cujus
650 1681 701 1734 in
730 1680 946 1734 arcanis

235 1768 584 1821 lncarnatum
616 1765 850 1823 Verbum
874 1763 1089 1827 Patris,

237 1858 307 1910 Et
330 1856 571 1911 cucurrit
601 1856 719 1911 sine
747 1855 936 1927 culpa,

235 1949 306 2003 Et
334 1949 533 2004 direxit
562 1948 617 2003 in
640 1947 833 2019 gloria.

452 2041 634 2113 Neque
656 2042 904 2113 iniquitas
920 2078 936 2106 ,
962 2050 1070 2096 etc.

306 2167 442 2233 Ave,
469 2165 536 2221 de
566 2180 672 2236 qua
696 2164 875 2220 Patris
912 2161 1144 2217 Verbum

233 2256 418 2310 Causa
441 2257 611 2321 nostri
643 2269 773 2311 caro
799 2255 1000 2311 factum
1020 2293 1034 2318 ,

228 2342 296 2397 lu
325 2345 615 2400 ldumaaam
641 2344 883 2414 gentium

229 2435 499 2492 Extendit
519 2436 966 2492 calceamentum.

497 2525 564 2579 In
593 2525 909 2594 Idumwam,
932 2536 1039 2582 etc.

310 2639 428 2693 Ave
458 2647 651 2703 mater,
685 2638 839 2708 cujus
861 2637 1008 2692 solus

230 2733 389 2786 Deus
410 2739 466 2785 et
485 2731 645 2785 homo
680 2730 822 2784 ﬁlius

228 2822 280 2875 A
315 2820 512 2875 ﬁnibus
541 2829 701 2874 terra:
727 2820 962 2882 clamat,

230 2912 381 2965 Dum
414 2924 510 2964 nus
545 2908 646 2964 sibi
672 2909 915 2964 membra
936 2915 1113 2962 sonat.

456 3001 501 3055 A
529 3000 722 3068 ﬁnibus
752 3011 925 3067 terra’,
956 3008 1062 3056 etc.

316 3116 434 3170 Ave
467 3124 668 3179 mater,
690 3113 844 3182 cujus
874 3124 1087 3185 partum

234 3205 427 3261 Semel
455 3214 539 3261 est
568 3207 706 3260 Deus
732 3206 943 3261 locutus
963 3247 979 3265 .

234 3299 385 3351 Dum
413 3296 649 3352 Verbum
678 3296 857 3351 Patris
884 3296 1102 3350 unicum

235 3386 397 3441 Tuus
418 3394 502 3440 est
540 3399 667 3440 vere
696 3384 857 3441 titius.

425 3477 595 3533 Semel
633 3477 836 3531 locutus
876 3486 982 3542 est,
1008 3485 1114 3532 etc.

319 3562 433 3618 Ave
460 3563 612 3618 stella
635 3562 970 3626 caelestium,

237 3660 475 3716 Pariens
502 3660 676 3720 lucem
703 3663 943 3731 gentium

236 3751 473 3806 Partum
501 3748 656 3819 cujus
686 3751 973 3805 adoramus
986 3790 1001 3815 ,

238 3845 387 3899 Dum
415 3843 481 3899 de
507 3841 629 3900 luce
657 3842 966 3913 vigilamus.

643 3932 814 3987 Idem.

320 4044 723 4115 Avejustorum
754 4044 1043 4116 gaudium,

238 4138 305 4193 In
329 4136 485 4204 cujus
518 4144 742 4207 sperant
771 4136 970 4201 ﬁlium,

238 4225 316 4279 Et
347 4224 638 4279 laudantur
660 4225 795 4280 recti
828 4224 1020 4288 corde,

242 4321 324 4375 Ut
353 4321 603 4376 laetentur
640 4318 697 4373 in
732 4319 937 4389 requie.

432 4407 725 4463 Laetabitur
754 4407 965 4478 justus,
995 4416 1099 4463 etc.

322 4516 440 4571 Ave
467 4513 597 4571 Sion
619 4514 707 4569 illa
731 4515 909 4585 pacis,

240 4610 310 4663 In
340 4623 449 4677 qua
476 4608 633 4661 decet
658 4606 892 4676 hymnus
914 4604 1116 4669 Deum,

237 4697 449 4753 Aulam
480 4704 585 4750 tua!
622 4694 891 4751 castitatis

240 4795 360 4863 Qui
398 4792 502 4850 sibi
530 4790 660 4847 fecit
690 4789 1005 4845 thalamum.

706 4883 875 4938 Idem.

328 4999 469 5063 Ave,
508 4998 576 5055 de
604 4997 759 5068 cujus
786 4996 896 5051 tilio

234 5090 560 5147 Jubilamus
583 5089 693 5143 Deo
720 5087 903 5153 Patri,

237 5181 510 5237 Psalmos
540 5181 734 5235 damus
758 5186 812 5232 et
840 5175 1153 5240 laudamus,

236 5275 331 5330 Et
357 5273 412 5327 in
440 5270 670 5327 Psalmis
697 5266 1014 5341 jubilamus.

666 5424 674 5437 α
706 5353 878 5415 Idem.

334 5478 449 5531 Ave
473 5483 614 5531 terra
634 5516 650 5539 ,
680 5489 801 5546 qua:
826 5472 1019 5531 dedisti

236 5567 527 5624 Fructum
558 5564 668 5620 Deo
694 5561 1014 5626 conﬁtendi,

236 5657 436 5726 Cujus
460 5666 542 5712 est
578 5654 882 5712 benedictio

245 5753 413 5806 Vcra
449 5750 529 5803 sui
558 5747 812 5819 cognitio.

1531 496 1598 551 Ut
1626 506 1997 565 cognoscamus
2015 530 2031 557 ,
2063 497 2167 543 etc.

1417 587 1529 644 Ave
1556 586 1810 657 templum
1849 578 2184 638 Hierusalem
2201 618 2215 642 ,

1348 684 1562 739 Hahens
1587 679 1861 737 caelestem
1901 673 2135 745 speciem
2155 710 2170 736 ,

1347 777 1387 830 A
1417 772 1569 842 cujus
1594 768 1904 828 sanctuario

1347 861 1616 918 Processit
1634 858 1810 915 Patris
1844 855 2000 911 visio.

1499 950 1765 1020 Conﬁrma
1788 949 1908 1012 hoc,
1943 943 2101 1009 Deus,
2134 949 2239 997 etc.

1417 1043 1528 1098 Ave
1548 1081 1563 1107 ,
1585 1054 1681 1111 per
1705 1050 1865 1107 quam
1895 1034 2043 1091 salva

1345 1135 1435 1189 Fit
1455 1132 1719 1188 conﬁtens
1748 1125 1879 1181 Sion
1908 1133 2092 1179 nostra

1346 1225 1415 1280 Et
1448 1223 1643 1292 quibus
1676 1221 1839 1276 datur
1885 1214 2060 1287 gratia
2082 1251 2098 1277 ,

1345 1310 1727 1369 lnhabitabunt
1753 1308 1812 1363 in
1842 1319 1924 1362 ea.

1453 1400 1713 1468 Quoniam
1743 1397 1880 1452 Deus
1920 1390 2141 1454 salvam,
2170 1394 2270 1441 etc.

1418 1494 1558 1559 Ave,
1587 1505 1683 1562 per
1704 1488 1856 1557 cujus
1882 1485 2050 1540 ﬁlium

1346 1584 1488 1637 Deus
1512 1582 1566 1636 in
1594 1577 1922 1648 adjutorium

1347 1674 1506 1729 Pater
1534 1670 1798 1728 festinans
1823 1667 2060 1741 gentium
2084 1706 2100 1731 ,

1346 1763 1581 1820 lntendit
1616 1761 1683 1817 ad
1708 1759 2089 1830 adjuvandum.

1707 1852 1876 1906 Idem.

1422 1956 1534 2009 Ave
1560 1957 1827 2007 secretum
1852 1944 2119 2017 Virginis,

1350 2049 1468 2117 Quo
1490 2046 1753 2118 processit
1784 2043 1872 2098 lux
1902 2040 2147 2102 luminis,

1352 2145 1418 2200 Et
1443 2142 1639 2212 adjecit
1667 2154 1828 2211 super
1855 2152 2071 2193 omnem

1351 2236 1509 2292 Jesus
1536 2233 1783 2290 Christus
1809 2229 2041 2284 laudem.

1422 2327 1581 2381 Pater
1611 2322 1755 2379 cnim
1787 2318 2071 2391 potestatis

1354 2415 1590 2470 Cunctas
1609 2423 1804 2466 creans
1826 2407 2085 2469 innotuit;

1355 2505 1517 2560 Pater
1539 2518 1669 2558 vero
1696 2499 1998 2557 dulcedinis

1354 2597 1411 2652 In
1435 2595 1652 2652 Christo
1674 2590 1831 2648 nobis
1859 2587 2075 2644 claruit.

1429 2687 1539 2760 Ego
1561 2696 1737 2742 autem
1758 2698 1959 2751 semper
1977 2677 2194 2749 sperabo
2212 2716 2228 2744 ,
2252 2684 2358 2731 etc.

1424 2781 1535 2834 Ave
1562 2778 1732 2833 vellus
1752 2773 2006 2846 puritatis

1354 2869 1411 2923 In
1438 2885 1545 2939 quo
1577 2870 1716 2923 Deus
1744 2863 2045 2936 majestatis

1354 2960 1626 3016 lnundans
1652 2969 1910 3027 tanquam
1939 2952 2120 3025 pluvia

1356 3050 1644 3108 Distillavit
1672 3049 1725 3104 in
1754 3047 1948 3118 gratia.

1572 3136 1854 3193 Descendet
1886 3134 2040 3197 sicut,
2066 3139 2176 3186 etc.

1426 3231 1538 3285 Ave
1559 3270 1575 3296 ,
1606 3227 1764 3299 cujus
1791 3234 1875 3284 est
1900 3224 2045 3279 ﬁlius

1357 3322 1543 3378 Rectis
1579 3321 1742 3377 corde
1774 3321 1949 3375 bonus
1976 3317 2148 3378 Deus,

1359 3413 1460 3479 Qui
1484 3412 1536 3466 in
1565 3426 1686 3465 eum
1715 3406 2082 3469 convertitur,

1366 3502 1563 3557 Plenos
1592 3500 1708 3555 dies
1737 3496 2106 3565 consequitur.

1537 3593 1664 3647 Ideo
1705 3599 2053 3652 convertetur,
2080 3594 2186 3643 etc.

1428 3686 1542 3739 Ave
1572 3693 1719 3738 terra
1747 3680 1989 3749 virginea
2011 3718 2028 3745 ,

1359 3778 1415 3833 ln
1440 3779 1591 3849 cujus
1610 3777 1753 3833 Deus
1790 3774 1968 3831 medio

1361 3867 1563 3923 Salutis
1584 3877 1669 3922 est
1697 3865 1953 3937 myste‘ria

1361 3958 1626 4030 Operatus
1652 3960 1703 4012 in
1737 3956 1901 4012 Filio.

1468 4049 1607 4103 Deus
1657 4057 1830 4101 autem
1857 4045 1966 4099 Rex
1989 4052 2193 4108 noster,
2218 4050 2324 4097 etc.

1429 4145 1540 4198 Ave
1560 4151 1751 4214 potens
1774 4138 2063 4194 virtutibus
2081 4177 2096 4203 ,

1362 4236 1526 4304 Cujus
1554 4236 1609 4290 in
1645 4248 1807 4289 cruce
1834 4231 2001 4285 Filius

1365 4336 1650 4391 Exsultans
1660 4333 1791 4403 justi
1813 4346 2013 4387 cornua

1364 4428 1579 4484 Peccali
1620 4425 1777 4495 fregit
1805 4414 2043 4478 vincula.

1544 4518 1609 4571 Et
1639 4517 1812 4572 omnia
1836 4529 2064 4577 cornua,
2091 4520 2197 4566 etc.

1436 4612 1565 4675 Axe,
1594 4608 1745 4677 cujus
1783 4617 1867 4663 est
1892 4605 2060 4661 Filius

1364 4698 1531 4757 Notus
1567 4700 1619 4755 in
1640 4698 1823 4754 Iudaea
1850 4695 2019 4760 Deus,

1365 4795 1421 4852 in
1444 4792 1614 4849 Israel
1643 4804 1840 4847 nomen
1863 4786 1980 4857 ejus

1368 4887 1618 4958 Magnum
1649 4890 1795 4938 recte
1822 4877 2189 4935 credentibus.

1789 4969 1963 5025 Idem.

1435 5069 1550 5122 Ave
1585 5072 1789 5129 mater,
1816 5076 1883 5117 ex
1909 5074 2015 5130 qua
2042 5067 2222 5113 notam

1366 5161 1523 5218 Fecit
1546 5158 1709 5213 Pater
1733 5168 1950 5209 manum
1974 5166 2125 5207 suam
2143 5191 2157 5216 ,

1375 5252 1441 5306 Et
1465 5247 1689 5322 populos
1715 5246 1768 5300 in
1799 5242 2019 5300 brachio

1380 5340 1630 5399 Redemit
1652 5336 1947 5408 unigenito.

1604 5444 1801 5501 Notam
1834 5439 2030 5511 fecisti,
2058 5446 2163 5494 etc.

1448 5562 1560 5614 Ave
1582 5568 1754 5613 mater
1772 5596 1788 5622 ,
1814 5554 1880 5611 de
1900 5566 2005 5624 qua
2031 5550 2184 5606 nobis

1381 5650 1705 5724 Angelorum
1727 5657 1887 5703 natus
1909 5646 2063 5716 panis

1385 5745 1493 5802 Nos
1515 5752 1730 5800 revocat
1751 5751 1805 5797 et
1829 5739 2029 5803 reﬁcit,

1156 386 1374 443 HYMNI
1404 385 1492 441 ET
1516 376 1960 439 PSAL’I‘ERIUM
1996 375 2083 432 DE
2114 374 2171 431 S.
2214 368 2453 427 MARIA.
3354 346 3485 403 10H

2452 476 2519 531 Et
2544 475 2595 529 in
2618 472 2795 542 seipso
2816 464 3046 539 perﬁcit.

2614 562 2810 616 Panem
2838 554 3139 626 angelorum
3157 590 3172 616 ,
3200 558 3305 605 etc.

2518 654 2630 707 Ave
2660 649 2863 719 Regina
2888 643 3101 717 gaudii,

2450 744 2615 814 Cujus
2635 738 2872 797 caelestis
2904 735 2997 789 ﬁlii

2450 831 2786 887 Christianus
2805 833 2892 882 est
2912 821 3139 894 populus
3153 860 3169 886 ,

2452 928 2518 984 Et
2548 940 2675 980 oves
2693 936 2907 995 pascua:
2928 919 3065 989 ejus.

2603 1014 2713 1068 Nos
2746 1022 2922 1066 autem
2948 1000 3170 1078 populus
3189 1045 3203 1070 ,
3228 1010 3333 1057 etc.

2520 1100 2654 1165 Ave,
2684 1099 2751 1154 de
2770 1112 2879 1167 qua
2905 1096 3046 1151 Deus
3073 1104 3316 1148 summus

2454 1190 2507 1246 In
2529 1189 2649 1244 sinu
2676 1186 2855 1241 Patris
2882 1183 3072 1237 unicus
3095 1224 3111 1250 ,
3150 1180 3153 1181 ⁷

2453 1277 2552 1343 Qui
2585 1275 2738 1332 sedet
2765 1286 2927 1343 super
2945 1267 3235 1326 Cherubim

2454 1368 2687 1436 Apparet
2718 1375 2907 1419 coram
2938 1356 3181 1413 Etl‘raim.

2753 1451 2854 1518 Qui
2875 1450 3048 1514 sedet,
3070 1455 3176 1502 etc.

2526 1547 2636 1598 Ave
2656 1585 2670 1608 ,
2700 1558 2766 1597 ex
2801 1557 2907 1611 qua
2931 1538 3183 1594 Christus

2454 1636 2569 1691 Non
2598 1645 2681 1691 est
2705 1634 2860 1690 nobis
2887 1644 3083 1688 recens
3110 1630 3252 1684 Deus
3272 1668 3286 1692 ,

2454 1727 2554 1794 Qui
2590 1726 2699 1781 Deo
2721 1724 2868 1780 Patri
2893 1722 3060 1779 Filius

2455 1811 2551 1867 Est
2570 1819 2776 1865 aeterno
2807 1816 3129 1865 coaeternus.

2704 1896 2842 1951 Audi
2874 1893 3096 1965 papulas
3111 1934 3125 1957 ,
3148 1903 3253 1946 etc.

2533 1986 2649 2040 Ave
2673 1982 2827 2052 cujus
2851 1989 2933 2037 est
2971 1978 3113 2033 ﬁlius

2458 2076 2599 2130 Deus
2632 2075 2868 2133 Deorum
2892 2070 3181 2132 Dominus,

2459 2165 2620 2221 Solus
2647 2165 2787 2219 Deus
2814 2158 3147 2229 dijudicans,

2461 2265 2526 2319 Et
2547 2264 2600 2318 in
2624 2278 2682 2318 se
2720 2258 3059 2316 beatiﬁcans.

2531 2352 2642 2405 Ave
2663 2348 2820 2404 stella
2849 2342 3116 2416 paradisi,

2462 2440 2633 2495 Mater
2655 2438 2797 2492 illius
2823 2435 2917 2489 ﬁlii

2462 2531 2563 2598 Qui
2592 2529 2739 2585 solus
2759 2536 2844 2582 est
2867 2522 3162 2579 altissimus
3176 2562 3190 2586 ,

2464 2621 2524 2675 Et
2559 2632 2753 2675 nomen
2789 2615 2839 2670 ei
2878 2611 3156 2669 Dominus.

2712 2706 2779 2761 Et
2812 2709 3126 2774 cognoscant
3140 2741 3161 2767 ,η
3184 2702 3290 2754 etc.

2532 2802 2646 2857 Ave
2674 2798 2831 2855 stella
2854 2792 3166 2865 virginalis,

2461 2892 2626 2961 Cujus
2659 2898 2847 2962 partus
2880 2886 3017 2941 lator
3036 2883 3171 2953 legis

2463 2984 2559 3038 Est
2587 2983 2640 3037 in
2671 2980 2793 3035 sinu
2818 2976 2913 3032 Dei
2946 2974 3149 3037 Patris,

2464 3074 2630 3129 Dator
2650 3065 3063 3127 benedictionis.

2571 3162 2783 3217 Etenim
2825 3155 3256 3217 benedictionem,
3295 3156 3400 3207 etc.

2535 3256 2648 3309 Ave
2679 3262 2822 3307 terra
2860 3247 3173 3310 benedicta,

2466 3342 2826 3399 Sanctiﬁcans
2852 3336 3109 3410 mysteria
3125 3374 3143 3402 ,

2464 3434 2629 3503 Cujus
2652 3444 2807 3488 sacra
2829 3427 3131 3484 fecunditas

2467 3525 2564 3581 Dei
2593 3522 2772 3579 Patris
2799 3528 2886 3577 est
2907 3518 3130 3574 veritas.

2788 3610 3014 3674 Veritas,
3044 3616 3150 3663 etc.

2540 3708 2652 3763 Ave
2677 3714 2879 3768 mater,
2912 3699 3066 3770 cujus
3085 3705 3297 3769 partum

2469 3801 2671 3857 Omnes
2694 3804 2885 3869 gentes
2906 3808 3096 3849 verum
3126 3792 3292 3845 Deum

2469 3895 2711 3948 Adorant
2734 3896 2792 3943 et
2818 3883 3124 3956 gloriﬁcant
3141 3920 3156 3944 ,

2471 3980 2810 4039 Conﬁtentur
2826 4016 2840 4040 ,
2873 3973 3242 4043 magniﬁcam.

2786 4062 2994 4119 Inclino
3010 4103 3025 4128 ,
3052 4070 3156 4115 etc.

3257 2251 3429 2307 Idem.

2539 4162 2650 4214 Ave
2672 4156 2911 4214 emlestis
2941 4151 3161 4214 civitas,

2471 4254 2634 4324 Cujus
2671 4251 2813 4306 Deus
2837 4244 3161 4303 fecunditas.

2474 4350 2581 4402 Ave
2610 4344 2771 4407 Sion,
2800 4341 2855 4396 in
2882 4354 2987 4411 qua
3017 4343 3177 4392 natus

2473 4442 2570 4496 Est
2610 4435 2862 4492 fundator
2891 4432 3009 4501 ipse
3048 4436 3193 4482 tuus.

2689 4523 2944 4596 Nunquid
2982 4516 3110 4576 Sion
3127 4560 3142 4585 ,
3184 4526 3290 4572 etc.

2546 4620 2658 4675 Ave
2682 4626 2856 4674 mater
2874 4614 2992 4671 veri
3017 4612 3147 4677 Dei,

2476 4712 2573 4780 Qui
2611 4724 2709 4781 pro
2740 4706 2895 4763 nobis
2916 4712 3001 4760 est
3024 4709 3300 4759 mortuus.

2472 4808 2663 4863 Portas
2700 4799 2967 4869 confregit
2990 4796 3179 4858 inferi,

2475 4897 2532 4951 In
2570 4893 2800 4951 mortuis
2821 4889 2957 4944 liber
2978 4885 3142 4941 solus.

2693 4985 3009 5042 zEstimatus
3030 4996 3143 5035 sum
3163 5019 3178 5045 ,
3202 4986 3307 5035 etc.

2546 5084 2659 5139 Ave
2681 5075 2900 5135 cteleste
2923 5073 3093 5129 lilium
3111 5111 3126 5136 ,

2482 5178 2585 5231 Per
2602 5174 2788 5229 florem
2811 5168 2964 5239 cujus
2987 5164 3203 5221 unicum

2487 5263 2758 5322 Fidelibus
2778 5268 2861 5319 est
2886 5264 3146 5314 aeternum

2491 5359 2895 5415 Testamentum
2926 5344 3260 5419 dispositum.

2800 5437 3070 5508 Disposui,
3101 5442 3207 5489 etc.

2554 5541 2688 5604 Ave,
2714 5531 2867 5603 cujus
2885 5536 2970 5587 est
2998 5522 3139 5582 ﬁlius

2492 5630 2779 5702 ttefugium
2808 5623 2961 5681 nobis
2991 5619 3191 5684 factus,

2495 5732 2597 5787 Per
2625 5724 2804 5783 carnis
2826 5715 3268 5785 contubernium}
