4056 6302
617 371 760 428 1045
974 371 1030 428 S.
1071 372 1367 428 ANSELMI
1395 372 1740 431 CANTUAR.
1782 374 2097 432 ARCHIEP.
2129 374 2278 434 OPP.
2323 375 2499 434 PARS
2531 376 2595 434 ll.
2620 409 2690 420 —
2716 377 3082 439 PARIBNET.
3129 384 3215 440 ET
3244 385 3488 445 ASCET.
3722 386 3833 452 lim

621 486 776 556 Quod
800 495 882 541 est
906 486 1026 540 vice
1056 486 1377 541 remedium.

981 573 1146 627 Idem.

689 659 803 713 Ave
834 656 1087 727 splendor
1108 658 1397 729 singularis
1416 700 1434 725 ,

620 740 786 807 Cujus
807 740 980 793 virtus
1009 740 1295 808 virginalis

625 830 776 884 Fecit
800 830 954 884 nobis
979 831 1301 887 altissimum

616 913 786 969 Deum
806 914 1021 969 Patrem
1051 915 1338 986 refugium.

863 1005 1006 1059 Dicit
1028 1007 1273 1073 Domino,
1299 1017 1408 1064 etc.

689 1093 801 1148 Ave
825 1094 1026 1149 bonum
1047 1095 1310 1167 virginale
1326 1137 1341 1163 ,

615 1183 770 1252 Quod
807 1185 1035 1242 Domino
1062 1186 1423 1253 conﬁtemur,

614 1271 752 1328 Cum
773 1271 996 1344 Virgine
1016 1275 1296 1345 peperisse

621 1359 791 1415 Deum
814 1377 1001 1417 verum
1034 1363 1381 1433 proﬁtemur.

984 1452 1155 1508 Idem.

681 1538 798 1594 Ave
819 1542 982 1597 decor
1005 1544 1285 1614 virginalis
1307 1586 1321 1610 ,

620 1631 792 1698 Quem
822 1631 1058 1688 Verbum
1084 1635 1261 1691 Patris
1288 1636 1497 1702 induit;

616 1721 751 1776 Cum
780 1723 847 1779 de
878 1723 1026 1780 fonte
1048 1726 1323 1781 castitatis

612 1811 810 1868 Nostra
835 1829 1005 1870 carne
1036 1831 1096 1871 se
1120 1817 1429 1886 praecinxit.

982 1907 1157 1964 Idem.

680 1997 794 2053 Ave
822 2007 1023 2067 mater,
1054 2000 1207 2069 cujus
1236 2012 1427 2071 partus

613 2088 887 2144 Ullionum
919 2092 1032 2146 Rex
1066 2094 1354 2159 Dominus,

617 2175 948 2233 Libertatem
979 2180 1134 2249 plene
1156 2182 1295 2251 egit,

612 2261 747 2315 Cum
775 2263 842 2317 de
872 2276 1046 2319 morte
1069 2267 1388 2322 resurrexit.

964 2352 1137 2408 Idem.

682 2440 796 2495 Ave
834 2451 1009 2496 mater
1026 2458 1293 2514 puerpera
1319 2484 1339 2511 ,

611 2529 775 2597 Cujus
805 2533 969 2602 regali
1004 2534 1114 2589 ﬁlio

612 2618 777 2690 306
800 2619 1103 2677 Jubilamus
1128 2623 1182 2678 in
1205 2625 1408 2695 gratias

613 2710 725 2764 Deo
755 2709 979 2765 salutari
1005 2723 1193 2769 nostro

986 2804 1159 2859 Idem.

682 2891 826 2955 Ave,
857 2893 925 2948 de
950 2896 1106 2965 cujus
1132 2896 1243 2952 ﬁlio

609 2977 906 3037 Cantamus
929 2999 1126 3040 novum
1150 2989 1425 3044 canticum
1443 3030 1461 3055 ,

614 3065 786 3136 Cujus
815 3072 998 3126 carnis
1024 3077 1360 3132 commercio

611 3155 771 3212 Salus
790 3168 874 3213 est
898 3159 1039 3216 facta
1064 3167 1328 3233 gentium.

959 3253 1130 3310 Idem.

678 3342 791 3399 Ave
812 3355 985 3401 mater
1014 3348 1246 3419 gloriosa
1262 3391 1276 3412 ,

608 3432 723 3487 Lux
751 3434 979 3501 solaris,
1004 3438 1147 3493 clara
1172 3441 1363 3505 stella,

608 3517 687 3572 De
715 3534 819 3588 qua
846 3520 1048 3589 justus,
1079 3524 1189 3589 lux,
1224 3535 1307 3581 est
1327 3537 1480 3594 orta,

611 3607 795 3663 Reetis
821 3611 985 3666 corde
1016 3611 1225 3669 laetitia.

853 3700 970 3754 Lua:
997 3712 1110 3757 orta
1161 3717 1259 3770 est,
1293 3716 1400 3761 etc.

680 3789 794 3843 Ave
821 3800 1020 3856 mater,
1052 3809 1156 3863 qua
1186 3801 1455 3866 processit

608 3880 710 3947 Qui
735 3881 863 3937 fecit
897 3885 1167 3942 mirabilia

607 3967 775 4037 Cujus
801 3971 902 4026 sibi
933 3989 1040 4028 non
1066 3976 1299 4032 salvavit

608 4061 717 4117 Sua
748 4064 949 4121 virtute
979 4067 1224 4125 dextera.

865 4155 1120 4223 Salvavit,
1166 4168 1255 4215 etc

674 4246 788 4302 Ave
816 4246 980 4318 Regis
1003 4252 1303 4306 sacrarium
1320 4292 1335 4317 ,

604 4336 769 4418 Cujus
794 4339 968 4393 honor
998 4340 1260 4408 judicium
1280 4383 1296 4408 ,

608 4425 814 4479 Pedmn
841 4427 994 4496 cujus
1022 4440 1106 4485 est
1132 4432 1424 4487 scabellum

605 4518 848 4592 Sumpta:
872 4523 1053 4578 carnis
1074 4524 1467 4580 indumentum.

854 4613 1104 4669 Exaltare
1120 4656 1135 4681 ,
1160 4623 1265 4669 etc.

676 4710 793 4767 Ave
826 4710 982 4781 cujus
1012 4711 1322 4768 imunditas

598 4802 697 4857 Est
725 4802 905 4857 divina
944 4803 1183 4858 suavitas
1198 4844 1214 4869 ,

599 4897 766 4967 Cujus
788 4899 1161 4955 misericordia

600 4988 697 5044 Est
724 4988 779 5042 in
801 4998 1006 5044 aeterna
1032 4990 1248 5045 saecula.

741 5077 981 5133 Laudate
1015 5096 1200 5136 nomen
1229 5080 1362 5150 ejus,
1392 5091 1497 5138 ctc.

662 5170 779 5225 Ave
802 5178 977 5224 mater
1001 5170 1298 5241 gratiarum
1318 5212 1333 5237 ,

596 5261 727 5328 Quae
751 5262 1007 5332 peperisti
1034 5262 1319 5320 Dominum
1352 5282 1366 5319 :

594 5353 701 5423 Ipsi
731 5354 1159 5411 misericordiam

596 5444 891 5503 Cantamus
912 5452 968 5501 et
989 5443 1271 5514 judicium.

1038 5533 1200 5590 Idem.

990 5642 1122 5682 PARS
1149 5642 1235 5682 ιη.

668 5717 809 5782 Ave,
840 5732 939 5785 per
966 5731 1127 5786 quam
1154 5718 1283 5775 Sion
1308 5726 1489 5774 nostra

1734 487 2007 544 Videbitur
2034 494 2087 546 in
2111 490 2280 562 gloria
2306 508 2323 558 ;

1722 579 1886 651 Cujus
1908 591 2096 651 partus
2127 593 2248 639 sunt
2291 598 2454 654 opera

1723 671 1912 727 Omnis
1932 673 2096 728 simul
2121 683 2391 731 creatura.

3006 496 3136 562 Quis
3158 500 3288 553 sicut
3316 500 3590 566 Dominus,
3614 512 3716 558 etc.

2895 587 3007 642 Ave
3040 599 3239 654 mater,
3263 591 3415 659 cujus
3437 602 3652 662 partum

2828 674 2942 734 Non
2972 679 3265 735 laudabunt
3298 681 3349 735 in
3382 682 3692 749 infernum;

1725 754 1984 821 Quoniam
2041 760 2316 830 aedificavit
2346 760 2620 828 Dominus,
2650 771 2756 818 etc.
2825 769 2932 825 Sed
2966 786 3062 826 nos
3092 773 3228 842 ipsi,
3253 774 3344 842 qui
3370 775 3635 841 vivimus,

1793 847 1937 914 Ave,
1960 850 2113 920 cujus
2144 852 2398 907 sacrariis

1721 933 1813 990 ille
1835 938 2099 1003 processit
2130 937 2305 1005 ﬁlius,

1722 1020 1885 1089 Cujus
1909 1032 1993 1076 est
2020 1024 2357 1079 admirabilis

1723 1111 1882 1167 Omni
1915 1113 2032 1170 loco
2054 1115 2385 1172 dominatus.

2825 862 3053 918 Domino
3082 865 3470 922 benedicimus.

3102 949 3224 1005 Non
3245 954 3455 1017 mortui,
3476 961 3580 1008 etc.

2890 1038 3003 1093 Ave
3025 1049 3226 1105 mater,
3258 1040 3415 1109 cujus
3445 1052 3639 1113 partus

2822 1126 2933 1183 Deo
2960 1128 3110 1184 Patri
3142 1129 3202 1184 ﬁt
3223 1140 3481 1200 acceptus
3500 1141 3514 1200 ξ

1722 1200 2021 1255 Benedicile
2084 1202 2307 1258 Domino
2369 1205 2546 1260 omnia
2603 1221 2759 1275 opera
2823 1216 2880 1270 1η
2912 1217 3157 1274 vivorum
3189 1219 3445 1290 regione,

2004 1289 2117 1358 ejus
2142 1289 2198 1343 in
2224 1305 2352 1355 om.,
2383 1300 2488 1345 etc.

1794 1373 1936 1440 Ave,
1964 1375 2031 1429 de
2053 1372 2206 1442 cujus
2236 1375 2447 1432 intimis

1724 1463 1987 1518 Decorem
2011 1463 2156 1517 Deus
2189 1463 2403 1526 induit,

1723 1551 1789 1605 Et
1821 1560 2019 1606 nostrae
2046 1562 2197 1607 veste
2222 1552 2347 1607 ﬁdei

1726 1644 1796 1699 Ut
1836 1643 2035 1698 lumine
2062 1659 2119 1698 se
2138 1634 2375 1698 vestivit.

1972 1726 2378 1798 Confessionem,
2410 1739 2517 1787 etc.

1795 1818 1911 1873 Ave
1940 1818 2092 1873 stella
2116 1819 2361 1875 Paraclisi
2378 1860 2395 1887 ,

1727 1907 1891 1975 Cujus
1919 1908 2099 1965 lumen
2125 1909 2450 1978 adoramns',

1727 1996 1783 2051 In
1806 1998 1992 2054 laudes
2020 1999 2095 2053 tui
2123 2000 2217 2055 ﬁlii

1716 2084 1958 2155 Alleluya
1992 2087 2117 2142 dum
2146 2096 2459 2143 cantamus.

1861 2169 2065 2225 Titulus
2101 2170 2305 2226 Psalmi
2318 2214 2334 2240 ,
2356 2173 2616 2245 Alleluya.

1786 2258 1899 2313 Ave
1926 2259 2079 2315 stella
2112 2260 2414 2317 cmlestium
2427 2303 2443 2330 ,

1715 2350 1956 2421 Alleluya
1991 2351 2225 2407 ﬁdelium
2241 2393 2257 2419 ,

1716 2437 1822 2493 Per
1857 2455 2019 2509 quam
2050 2439 2145 2496 Dei
2174 2441 2316 2496 inter
2344 2451 2537 2513 gen-tes

1717 2526 2045 2583 Nuntiantur
2065 2544 2252 2586 omnes
2280 2531 2483 2587 laudes.

1893 2618 2027 2674 Item
2057 2618 2295 2691 Alleluya
2332 2625 2386 2676 in
2418 2622 2586 2677 titulo.

1790 2705 1903 2760 Ave
1931 2716 2140 2774 mater,
2171 2711 2256 2764 cui
2288 2711 2550 2782 redempti

1724 2795 1800 2850 De
1825 2798 2071 2853 manibus
2100 2799 2337 2867 inimici,

1725 2891 1897 2947 luduti
1921 2894 2057 2948 stola
2083 2897 2298 2965 gemina

1724 2982 1927 3053 Duplex
1956 2985 2144 3039 dicunt
2162 2985 2408 3057 Alleluya

1904 3073 2107 3144 Duplex
2148 3074 2387 3147 Alleluya
2416 3078 2470 3131 in
2497 3080 2578 3131 tit.

1791 3163 1904 3219 Ave
1926 3175 2135 3232 mater,
2169 3183 2234 3222 ex
2265 3183 2372 3237 qua
2404 3168 2546 3224 Deus

1721 3253 2016 3310 Deducitur
2038 3256 2358 3312 incarnatus

1719 3346 1773 3399 lu
1804 3346 2063 3400 munitam
2098 3348 2405 3414 civitatem,

1716 3432 1973 3488 Ecclesia}
2002 3436 2224 3489 ﬁrmans
2256 3436 2416 3491 ﬁdem

1940 3522 2077 3588 Quia
2124 3527 2339 3581 deducet
2358 3566 2373 3594 ,
2405 3536 2512 3583 etc.

1783 3615 1896 3670 Ave
1926 3616 1993 3671 de
2018 3615 2172 3686 cujus
2200 3619 2311 3675 ﬁlio

1713 3705 1925 3761 Laudes
1947 3706 2111 3762 Pater
2142 3724 2248 3763 non
2272 3711 2470 3778 tacuit,

1712 3794 1997 3865 Ipsumque
2027 3795 2093 3850 de
2122 3800 2372 3869 sepulcro

1711 3887 1758 3943 A
1782 3891 2012 3946 mortuis
2037 3893 2346 3947 suscitavit.

2077 3982 2252 4041 Idem.

1780 4067 1894 4122 Ave
1924 4067 2090 4122 David
2124 4078 2176 4122 tu
2210 4070 2347 4137 ﬁlia,

1713 4160 1788 4214 Ex
1823 4177 1926 4230 qua
1953 4171 2135 4217 nostra
2162 4163 2479 4220 substantia.

1713 4252 1877 4308 Sedet
1901 4253 1953 4307 in
1985 4254 2165 4308 Patris
2190 4254 2385 4310 dextra
2408 4295 2424 4321 ,

1709 4344 1867 4401 Jesus
1889 4344 2136 4401 Christus
2162 4347 2214 4401 in
2241 4347 2434 4418 gloria.

2063 4436 2233 4493 Idem.

1776 4528 1891 4582 Ave
1919 4528 2122 4598 Regina
2147 4530 2415 4600 virginum
2436 4571 2453 4596 ,

1710 4618 1840 4683 Quae
1861 4618 2115 4687 peperisti
2146 4620 2332 4685 ﬁlium,

1710 4709 1811 4775 Qui
1838 4710 2015 4768 factus
2049 4723 2135 4771 est
2161 4715 2461 4784 redemptio

1708 4796 1753 4851 A
1776 4796 1935 4853 Patre
1964 4801 2129 4856 missa
2158 4802 2374 4872 populo.

1940 4890 2360 4960 Redemptionem
2377 4935 2391 4959 ,
2421 4900 2529 4948 etc.

1780 4982 1892 5037 Ave
1922 4993 2097 5039 mater
2122 5001 2262 5040 verae
2289 4984 2423 5041 lucis
2441 5026 2455 5050 ,

1708 5074 1786 5128 Ex
1815 5088 1918 5141 qua
1943 5085 2102 5129 natus
2124 5075 2175 5128 iu
2209 5077 2447 5131 tenebris

1712 5168 1914 5222 Lumen
1941 5169 2103 5223 rectis
2129 5170 2290 5224 corde
2321 5171 2460 5226 Deus

1710 5260 2019 5316 Misericors
2040 5268 2123 5314 est
2138 5298 2154 5325 ,
2185 5268 2240 5315 et
2254 5259 2455 5329 justus.

1970 5349 2226 5404 Exortum
2252 5361 2347 5417 est,
2370 5362 2475 5407 etc.

1783 5441 1896 5497 Ave
1922 5450 2125 5507 mater,
2161 5440 2316 5511 cujus
2340 5450 2529 5512 partus

1718 5534 1892 5605 Super
1913 5543 2099 5603 gentes
2119 5545 2201 5589 est
2229 5535 2475 5590 excelsus
2491 5573 2509 5601 ,

1715 5627 2028 5697 Respiciens
2055 5626 2276 5681 humilia

1712 5718 1776 5773 Et
1801 5719 1851 5773 iu
1892 5718 2028 5774 coelo
2053 5725 2106 5773 et
2137 5718 2192 5772 in
2224 5724 2387 5772 terra.

2825 1308 2940 1375 Qua
2970 1310 3158 1365 vivunt
3182 1309 3301 1380 ejus
3322 1322 3513 1367 morte.

3146 1400 3366 1459 Placebo
3392 1444 3407 1467 ,
3434 1412 3539 1459 etc.

2894 1490 3009 1546 Ave
3033 1500 3241 1560 mater,
3263 1492 3420 1562 cujus
3454 1503 3650 1565 partus

2831 1574 3067 1640 Salutari
3093 1601 3194 1641 nos
3220 1587 3391 1643 calice

2828 1676 3173 1749 Comparavit
3196 1680 3484 1735 cruciﬁxus
3500 1720 3517 1745 ,

2828 1769 2981 1839 Aqua
3006 1769 3164 1825 simul
3187 1779 3242 1826 et
3269 1772 3555 1842 sanguine.

3168 1864 3396 1921 Calicem
3412 1907 3429 1931 ,
3458 1876 3567 1922 etc.
3622 1866 3635 1875 ’

2902 1957 3017 2012 Ave
3037 1997 3054 2023 ,
3083 1970 3182 2028 per
3202 1973 3368 2027 quam
3395 1957 3714 2015 conﬁrmata

2835 2047 2927 2103 Dei
2952 2048 3325 2105 misericordia

2830 2139 3128 2195 Veritatem
3152 2141 3449 2211 prophetiae

2826 2229 3055 2301 Aperuit
3083 2241 3138 2288 et
3162 2235 3375 2305 gratize.

2969 2325 3230 2393 Quoniam
3258 2329 3567 2398 conﬁrmata
3589 2370 3603 2388 ,
3624 2338 3731 2383 efc.

2898 2416 3012 2471 Ave
3042 2427 3244 2483 mater,
3271 2433 3334 2473 ex
3358 2434 3463 2488 qua
3492 2418 3627 2473 Deus

2828 2499 3008 2556 Illuxit
3031 2502 3123 2556 Dei
3154 2502 3357 2570 Filius,

2831 2595 3136 2665 Conceptus
3163 2605 3354 2651 sancto
3380 2596 3582 2665 Spiritu
3603 2638 3618 2661 ,

2834 2690 2906 2746 Et
2937 2706 3230 2762 resurgens
3252 2708 3315 2747 ex
3348 2692 3520 2747 obitu.

2976 2784 3281 2841 Benedictus
3318 2787 3408 2858 qui
3435 2788 3599 2853 venit,
3626 2798 3742 2843 etc.

2901 2884 3016 2940 Ave
3043 2894 3220 2941 mater
3249 2902 3347 2957 per
3370 2902 3533 2957 quam
3567 2887 3663 2942 via

2832 2970 3181 3027 Immaculata
3207 2975 3412 3044 patuit,

2833 3066 2934 3133 Qui
2967 3081 2996 3120 a
3021 3068 3134 3122 Deo
3164 3066 3302 3123 ﬂore

2830 3155 3130 3228 Virginitas
3158 3156 3409 3214 elﬁoruit.

3184 3252 3357 3306 Idem.

2896 3342 3012 3399 Ave
3036 3353 3211 3400 mater
3229 3344 3387 3413 hujus
3408 3353 3594 3415 partus
3610 3385 3634 3414 ,

2830 3433 2911 3489 Ad
2934 3449 3094 3503 quem
3124 3434 3229 3490 ﬁde
3258 3434 3702 3505 proclamamus,

2835 3519 2907 3575 Ut
2932 3520 3002 3576 sit
3036 3522 3158 3592 pius
3199 3521 3518 3587 exauditor,

2817 3613 2897 3671 Ne
2916 3614 3094 3671 valeat
3120 3615 3429 3671 tribulator.

3170 3704 3339 3761 Idem.

2888 3800 3003 3855 Ave
3031 3807 3238 3865 mater,
3268 3812 3373 3868 qua
3420 3800 3692 3867 processit

2821 3888 2975 3946 Iesus
3003 3890 3251 3947 Christus
3280 3891 3642 3955 Emmanuel,

2823 3981 2923 4047 Qui
2949 3997 3054 4037 non
3078 3981 3308 4047 dormit,
3342 3982 3439 4036 sed
3472 3982 3722 4037 custodit

2833 4072 3000 4128 Verus
3029 4080 3306 4143 protector
3326 4071 3516 4127 Israel.

3038 4164 3171 4218 Ecce
3192 4180 3295 4219 non
3318 4165 3659 4230 dormit,etc.

2896 4255 3007 4311 Ave
3036 4264 3213 4311 mater
3243 4256 3404 4327 hujus
3430 4255 3596 4326 Regis
3620 4296 3639 4320 ,

2824 4347 2990 4417 Cujus
3017 4346 3171 4402 sedes
3187 4345 3489 4415 judicantis

2825 4437 3103 4492 Sedebant
3141 4437 3195 4492 in
3222 4436 3432 4506 judicio
3451 4478 3468 4501 ,

2822 4522 2903 4576 Ad
2940 4522 3303 4579 conﬁtendum
3331 4522 3583 4577 Domino.

3138 4611 3276 4679 Quia
3307 4614 3446 4681 illic,
3476 4625 3582 4668 etc.

2888 4702 3003 4757 Ave
3038 4713 3246 4768 mater,
3274 4701 3430 4771 cujus
3456 4712 3656 4773 partus

2818 4793 2960 4848 Deus
2980 4794 3032 4848 in
3061 4793 3211 4849 ctelis
3239 4794 3481 4859 habitat,

2815 4883 2872 4938 ln
2897 4893 3211 4938 sanctorum
3240 4884 3366 4940 dum
3411 4882 3702 4939 mentibus

2814 4972 3106 5029 Dulcedine
3135 4987 3233 5027 sua
3265 4982 3474 5042 regnat.

3184 5060 3353 5116 Idem.

2888 5155 3021 5219 Ave,
3055 5148 3211 5225 cujus
3239 5153 3292 5207 in
3320 5152 3489 5207 ﬁlium

2819 5243 3127 5310 Proclamat
3150 5243 3283 5297 ﬁdes
3305 5250 3605 5311 martyrum
3632 5255 3654 5305 ;

2818 5336 2928 5391 Nisi
2954 5336 3091 5391 Deus
3116 5334 3431 5403 adjuvisset.

2819 5429 3139 5484 Persecutor
3166 5425 3495 5497 deglutisset.

3025 5517 3156 5574 Cum
3185 5526 3532 5588 exsurgerent,
3564 5523 3698 5570 etc.

2884 5628 3028 5692 Ave,
3058 5624 3211 5694 cujus
3234 5625 3286 5680 in
3311 5624 3419 5680 ﬁlio

2819 5717 2917 5785 Qui
2949 5716 3227 5774 conﬁdunt
3253 5732 3319 5771 ex
3343 5716 3542 5777 animo.
