  <div class='ocr_page' id='page_1' title='image "/cluster/home/n/w/nwhite01/storage/ocr_20150623/158/hvd.32044024236689/576.png"; bbox 0 0 4056 6302; ppageno 0'>
   <div class='ocr_carea' id='block_1_1' title="bbox 226 370 363 431">
    <p class='ocr_par' dir='ltr' id='par_1_1' title="bbox 226 370 363 431">
     <span class='ocr_line' id='line_1_1' title="bbox 226 370 363 431; baseline -0.015 0"><span class='ocrx_word' id='word_1_1' title='bbox 226 370 363 431; x_wconf 66' lang='grc' dir='ltr'><strong>ΙΜΞ</strong></span> 
     </span>
    </p>
   </div>
   <div class='ocr_carea' id='block_1_2' title="bbox 227 482 970 548">
    <p class='ocr_par' dir='ltr' id='par_1_2' title="bbox 227 482 970 548">
     <span class='ocr_line' id='line_1_2' title="bbox 227 482 970 548; baseline -0.016 -1"><span class='ocrx_word' id='word_1_2' title='bbox 227 490 295 548; x_wconf 86' lang='lat' dir='ltr'><strong>Ut</strong></span> <span class='ocrx_word' id='word_1_3' title='bbox 324 499 480 541; x_wconf 90' lang='lat' dir='ltr'><strong>mons</strong></span> <span class='ocrx_word' id='word_1_4' title='bbox 511 482 641 538; x_wconf 87' lang='lat' dir='ltr'><strong>Sion</strong></span> <span class='ocrx_word' id='word_1_5' title='bbox 666 482 803 538; x_wconf 86' lang='lat' dir='ltr'><strong>ﬁunt</strong></span> <span class='ocrx_word' id='word_1_6' title='bbox 834 483 970 547; x_wconf 87' lang='lat' dir='ltr'><strong>Deo,</strong></span> 
     </span>
    </p>
   </div>
   <div class='ocr_carea' id='block_1_3' title="bbox 223 571 882 648">
    <p class='ocr_par' dir='ltr' id='par_1_3' title="bbox 223 571 882 648">
     <span class='ocr_line' id='line_1_3' title="bbox 223 571 882 648; baseline -0.012 -15"><span class='ocrx_word' id='word_1_7' title='bbox 223 579 280 633; x_wconf 91' lang='lat' dir='ltr'><strong>In</strong></span> <span class='ocrx_word' id='word_1_8' title='bbox 310 591 417 648; x_wconf 89' lang='lat' dir='ltr'><strong>quo</strong></span> <span class='ocrx_word' id='word_1_9' title='bbox 446 571 594 646; x_wconf 84' lang='lat' dir='ltr'><strong>pacis</strong></span> <span class='ocrx_word' id='word_1_10' title='bbox 615 579 699 624; x_wconf 88' lang='lat' dir='ltr'><strong>est</strong></span> <span class='ocrx_word' id='word_1_11' title='bbox 724 571 882 627; x_wconf 83' lang='lat' dir='ltr'><strong>visio.</strong></span> 
     </span>
    </p>
   </div>
   <div class='ocr_carea' id='block_1_4' title="bbox 633 662 805 718">
    <p class='ocr_par' dir='ltr' id='par_1_4' title="bbox 633 662 805 718">
     <span class='ocr_line' id='line_1_4' title="bbox 633 662 805 718; baseline -0.012 0"><span class='ocrx_word' id='word_1_12' title='bbox 633 662 805 718; x_wconf 84' lang='lat' dir='ltr'><strong><em>Idem.</em></strong></span> 
     </span>
    </p>
   </div>
   <div class='ocr_carea' id='block_1_5' title="bbox 292 753 831 826">
    <p class='ocr_par' dir='ltr' id='par_1_5' title="bbox 292 753 831 826">
     <span class='ocr_line' id='line_1_5' title="bbox 292 753 831 826; baseline -0.002 -15"><span class='ocrx_word' id='word_1_13' title='bbox 292 757 434 819; x_wconf 89' lang='lat' dir='ltr'><strong>Ave,</strong></span> <span class='ocrx_word' id='word_1_14' title='bbox 460 753 614 826; x_wconf 88' lang='lat' dir='ltr'><strong>cujus</strong></span> <span class='ocrx_word' id='word_1_15' title='bbox 640 754 694 808; x_wconf 92' lang='lat' dir='ltr'><strong>in</strong></span> <span class='ocrx_word' id='word_1_16' title='bbox 720 753 831 810; x_wconf 93' lang='lat' dir='ltr'><strong>ﬁlio</strong></span> 
     </span>
    </p>
   </div>
   <div class='ocr_carea' id='block_1_6' title="bbox 227 842 892 902">
    <p class='ocr_par' dir='ltr' id='par_1_6' title="bbox 227 842 892 902">
     <span class='ocr_line' id='line_1_6' title="bbox 227 842 892 902; baseline -0.011 0"><span class='ocrx_word' id='word_1_17' title='bbox 227 848 377 902; x_wconf 85' lang='lat' dir='ltr'><strong>Facti</strong></span> <span class='ocrx_word' id='word_1_18' title='bbox 415 860 601 901; x_wconf 91' lang='lat' dir='ltr'><strong>sumus</strong></span> <span class='ocrx_word' id='word_1_19' title='bbox 625 842 892 900; x_wconf 90' lang='lat' dir='ltr'><strong>consolati</strong></span> 
     </span>
    </p>
   </div>
   <div class='ocr_carea' id='block_1_7' title="bbox 231 934 925 1009">
    <p class='ocr_par' dir='ltr' id='par_1_7' title="bbox 231 934 925 1009">
     <span class='ocr_line' id='line_1_7' title="bbox 231 934 925 1009; baseline -0.007 -14"><span class='ocrx_word' id='word_1_20' title='bbox 231 940 297 995; x_wconf 82' lang='lat' dir='ltr'><strong>Et</strong></span> <span class='ocrx_word' id='word_1_21' title='bbox 329 938 607 1009; x_wconf 79' lang='lat' dir='ltr'><strong>replentur</strong></span> <span class='ocrx_word' id='word_1_22' title='bbox 634 951 702 991; x_wconf 86' lang='lat' dir='ltr'><strong>ex</strong></span> <span class='ocrx_word' id='word_1_23' title='bbox 731 934 925 1007; x_wconf 89' lang='lat' dir='ltr'><strong>gaudio</strong></span> 
     </span>
    </p>
   </div>
   <div class='ocr_carea' id='block_1_8' title="bbox 226 1028 752 1104">
    <p class='ocr_par' dir='ltr' id='par_1_8' title="bbox 226 1028 752 1104">
     <span class='ocr_line' id='line_1_8' title="bbox 226 1028 752 1104; baseline -0.008 -17"><span class='ocrx_word' id='word_1_24' title='bbox 226 1031 556 1104; x_wconf 88' lang='lat' dir='ltr'><strong>Captivitate</strong></span> <span class='ocrx_word' id='word_1_25' title='bbox 585 1028 752 1085; x_wconf 80' lang='lat' dir='ltr'><strong>exuti.</strong></span> 
     </span>
    </p>
   </div>
   <div class='ocr_carea' id='block_1_9' title="bbox 638 1119 803 1173">
    <p class='ocr_par' dir='ltr' id='par_1_9' title="bbox 638 1119 803 1173">
     <span class='ocr_line' id='line_1_9' title="bbox 638 1119 803 1173; baseline 0.006 -1"><span class='ocrx_word' id='word_1_26' title='bbox 638 1119 803 1173; x_wconf 86' lang='lat' dir='ltr'><strong>Idem.</strong></span> 
     </span>
    </p>
   </div>
   <div class='ocr_carea' id='block_1_10' title="bbox 298 1211 958 1276">
    <p class='ocr_par' dir='ltr' id='par_1_10' title="bbox 298 1211 958 1276">
     <span class='ocr_line' id='line_1_10' title="bbox 298 1211 958 1276; baseline -0.006 -9"><span class='ocrx_word' id='word_1_27' title='bbox 298 1226 410 1268; x_wconf 68' lang='lat' dir='ltr'><strong>nve</strong></span> <span class='ocrx_word' id='word_1_28' title='bbox 439 1211 676 1267; x_wconf 75' lang='lat' dir='ltr'><strong>cmleslis</strong></span> <span class='ocrx_word' id='word_1_29' title='bbox 698 1211 923 1266; x_wconf 88' lang='lat' dir='ltr'><strong>Domina</strong></span> <span class='ocrx_word' id='word_1_30' title='bbox 942 1250 958 1276; x_wconf 90' lang='lat'><strong>,</strong></span> 
     </span>
    </p>
   </div>
   <div class='ocr_carea' id='block_1_11' title="bbox 228 1300 1101 1369">
    <p class='ocr_par' dir='ltr' id='par_1_11' title="bbox 228 1300 1101 1369">
     <span class='ocr_line' id='line_1_11' title="bbox 228 1300 1101 1369; baseline -0.005 -12"><span class='ocrx_word' id='word_1_31' title='bbox 228 1300 394 1369; x_wconf 87' lang='lat' dir='ltr'><strong>Cujus</strong></span> <span class='ocrx_word' id='word_1_32' title='bbox 424 1301 632 1358; x_wconf 79' lang='lat' dir='ltr'><strong>fructus</strong></span> <span class='ocrx_word' id='word_1_33' title='bbox 658 1315 866 1357; x_wconf 89' lang='lat' dir='ltr'><strong>merces</strong></span> <span class='ocrx_word' id='word_1_34' title='bbox 893 1315 1101 1365; x_wconf 87' lang='lat' dir='ltr'><strong>sumus,</strong></span> 
     </span>
    </p>
   </div>
   <div class='ocr_carea' id='block_1_12' title="bbox 231 1391 811 1461">
    <p class='ocr_par' dir='ltr' id='par_1_12' title="bbox 231 1391 811 1461">
     <span class='ocr_line' id='line_1_12' title="bbox 231 1391 811 1461; baseline -0.002 -15"><span class='ocrx_word' id='word_1_35' title='bbox 231 1391 358 1459; x_wconf 83' lang='lat' dir='ltr'><strong>Ejus</strong></span> <span class='ocrx_word' id='word_1_36' title='bbox 384 1400 558 1447; x_wconf 90' lang='lat' dir='ltr'><strong>morte</strong></span> <span class='ocrx_word' id='word_1_37' title='bbox 576 1392 811 1461; x_wconf 89' lang='lat' dir='ltr'><strong>pretiosa</strong></span> 
     </span>
    </p>
   </div>
   <div class='ocr_carea' id='block_1_13' title="bbox 232 1480 916 1551">
    <p class='ocr_par' dir='ltr' id='par_1_13' title="bbox 232 1480 916 1551">
     <span class='ocr_line' id='line_1_13' title="bbox 232 1480 916 1551; baseline -0.001 -16"><span class='ocrx_word' id='word_1_38' title='bbox 232 1480 367 1548; x_wconf 86' lang='lat' dir='ltr'><strong>Quia</strong></span> <span class='ocrx_word' id='word_1_39' title='bbox 399 1480 566 1535; x_wconf 90' lang='lat' dir='ltr'><strong>vitam</strong></span> <span class='ocrx_word' id='word_1_40' title='bbox 592 1482 916 1551; x_wconf 80' lang='lat' dir='ltr'><strong>recepimus.</strong></span> 
     </span>
    </p>
   </div>
   <div class='ocr_carea' id='block_1_14' title="bbox 502 1568 1014 1636">
    <p class='ocr_par' dir='ltr' id='par_1_14' title="bbox 502 1568 1014 1636">
     <span class='ocr_line' id='line_1_14' title="bbox 502 1568 1014 1636; baseline -0.004 -11"><span class='ocrx_word' id='word_1_41' title='bbox 502 1568 632 1625; x_wconf 87' lang='lat' dir='ltr'><strong>Cum</strong></span> <span class='ocrx_word' id='word_1_42' title='bbox 654 1571 882 1636; x_wconf 76' lang='lat' dir='ltr'><strong>dederit,</strong></span> <span class='ocrx_word' id='word_1_43' title='bbox 910 1580 1014 1625; x_wconf 88' lang='lat' dir='ltr'><strong>etc.</strong></span> 
     </span>
    </p>
   </div>
   <div class='ocr_carea' id='block_1_15' title="bbox 300 1655 966 1728">
    <p class='ocr_par' dir='ltr' id='par_1_15' title="bbox 300 1655 966 1728">
     <span class='ocr_line' id='line_1_15' title="bbox 300 1655 966 1728; baseline 0.005 -20"><span class='ocrx_word' id='word_1_44' title='bbox 300 1655 415 1709; x_wconf 89' lang='lat' dir='ltr'><strong>Ave</strong></span> <span class='ocrx_word' id='word_1_45' title='bbox 436 1664 611 1710; x_wconf 87' lang='lat' dir='ltr'><strong>mater</strong></span> <span class='ocrx_word' id='word_1_46' title='bbox 639 1656 934 1728; x_wconf 78' lang='lat' dir='ltr'><strong>singularis</strong></span> <span class='ocrx_word' id='word_1_47' title='bbox 950 1696 966 1722; x_wconf 96' lang='lat'><strong>,</strong></span> 
     </span>
    </p>
   </div>
   <div class='ocr_carea' id='block_1_16' title="bbox 232 1743 982 1815">
    <p class='ocr_par' dir='ltr' id='par_1_16' title="bbox 232 1743 982 1815">
     <span class='ocr_line' id='line_1_16' title="bbox 232 1743 982 1815; baseline -0.003 -14"><span class='ocrx_word' id='word_1_48' title='bbox 232 1743 402 1813; x_wconf 80' lang='lat' dir='ltr'><strong>Cujus</strong></span> <span class='ocrx_word' id='word_1_49' title='bbox 425 1753 613 1815; x_wconf 87' lang='lat' dir='ltr'><strong>partus</strong></span> <span class='ocrx_word' id='word_1_50' title='bbox 633 1745 982 1814; x_wconf 83' lang='lat' dir='ltr'><strong>Emmanuel,</strong></span> 
     </span>
    </p>
   </div>
   <div class='ocr_carea' id='block_1_17' title="bbox 233 1832 915 1890">
    <p class='ocr_par' dir='ltr' id='par_1_17' title="bbox 233 1832 915 1890">
     <span class='ocr_line' id='line_1_17' title="bbox 233 1832 915 1890; baseline 0.004 -3"><span class='ocrx_word' id='word_1_51' title='bbox 233 1832 574 1888; x_wconf 91' lang='lat' dir='ltr'><strong>Commercio</strong></span> <span class='ocrx_word' id='word_1_52' title='bbox 602 1844 715 1889; x_wconf 86' lang='lat' dir='ltr'><strong>suae</strong></span> <span class='ocrx_word' id='word_1_53' title='bbox 737 1836 915 1890; x_wconf 83' lang='lat' dir='ltr'><strong>carnis</strong></span> 
     </span>
    </p>
   </div>
   <div class='ocr_carea' id='block_1_18' title="bbox 235 1920 941 1991">
    <p class='ocr_par' dir='ltr' id='par_1_18' title="bbox 235 1920 941 1991">
     <span class='ocr_line' id='line_1_18' title="bbox 235 1920 941 1991; baseline 0.003 -16"><span class='ocrx_word' id='word_1_54' title='bbox 235 1920 473 1976; x_wconf 74' lang='lat' dir='ltr'><strong>Eﬁ‘ectus</strong></span> <span class='ocrx_word' id='word_1_55' title='bbox 512 1934 593 1977; x_wconf 91' lang='lat' dir='ltr'><strong>est</strong></span> <span class='ocrx_word' id='word_1_56' title='bbox 620 1937 727 1991; x_wconf 82' lang='lat' dir='ltr'><strong>pax</strong></span> <span class='ocrx_word' id='word_1_57' title='bbox 756 1922 941 1978; x_wconf 89' lang='lat' dir='ltr'><strong>lsrael.</strong></span> 
     </span>
    </p>
   </div>
   <div class='ocr_carea' id='block_1_19' title="bbox 542 1996 1067 2080">
    <p class='ocr_par' dir='ltr' id='par_1_19' title="bbox 542 1996 1067 2080">
     <span class='ocr_line' id='line_1_19' title="bbox 542 1996 1067 2080; baseline 0.004 -14"><span class='ocrx_word' id='word_1_58' title='bbox 542 2011 610 2066; x_wconf 87' lang='lat' dir='ltr'><strong>Ut</strong></span> <span class='ocrx_word' id='word_1_59' title='bbox 641 2013 849 2080; x_wconf 80' lang='lat' dir='ltr'><strong>videas,</strong></span> <span class='ocrx_word' id='word_1_60' title='bbox 885 2022 990 2068; x_wconf 88' lang='lat' dir='ltr'><strong>etc.</strong></span> <span class='ocrx_word' id='word_1_61' title='bbox 1064 1996 1067 1999; x_wconf 21' lang='lat' dir='ltr'><strong>I</strong></span> 
     </span>
    </p>
   </div>
   <div class='ocr_carea' id='block_1_20' title="bbox 316 2104 1063 2176">
    <p class='ocr_par' dir='ltr' id='par_1_20' title="bbox 316 2104 1063 2176">
     <span class='ocr_line' id='line_1_20' title="bbox 316 2104 1063 2176; baseline 0.003 -18"><span class='ocrx_word' id='word_1_62' title='bbox 316 2104 428 2159; x_wconf 82' lang='lat' dir='ltr'><strong>Ave</strong></span> <span class='ocrx_word' id='word_1_63' title='bbox 448 2113 623 2161; x_wconf 83' lang='lat' dir='ltr'><strong>mater</strong></span> <span class='ocrx_word' id='word_1_64' title='bbox 644 2105 840 2161; x_wconf 91' lang='lat' dir='ltr'><strong>summi</strong></span> <span class='ocrx_word' id='word_1_65' title='bbox 869 2105 1030 2176; x_wconf 90' lang='lat' dir='ltr'><strong>Regis</strong></span> <span class='ocrx_word' id='word_1_66' title='bbox 1048 2144 1063 2170; x_wconf 95' lang='lat'><strong>,</strong></span> 
     </span>
    </p>
   </div>
   <div class='ocr_carea' id='block_1_21' title="bbox 236 2194 848 2265">
    <p class='ocr_par' dir='ltr' id='par_1_21' title="bbox 236 2194 848 2265">
     <span class='ocr_line' id='line_1_21' title="bbox 236 2194 848 2265; baseline 0.003 -15"><span class='ocrx_word' id='word_1_67' title='bbox 236 2194 407 2265; x_wconf 85' lang='lat' dir='ltr'><strong>Cujus</strong></span> <span class='ocrx_word' id='word_1_68' title='bbox 429 2205 512 2252; x_wconf 89' lang='lat' dir='ltr'><strong>est</strong></span> <span class='ocrx_word' id='word_1_69' title='bbox 543 2197 848 2253; x_wconf 85' lang='lat' dir='ltr'><strong>benedictio</strong></span> 
     </span>
    </p>
   </div>
   <div class='ocr_carea' id='block_1_22' title="bbox 240 2286 913 2356">
    <p class='ocr_par' dir='ltr' id='par_1_22' title="bbox 240 2286 913 2356">
     <span class='ocr_line' id='line_1_22' title="bbox 240 2286 913 2356; baseline 0.009 -20"><span class='ocrx_word' id='word_1_70' title='bbox 240 2286 379 2340; x_wconf 72' lang='lat' dir='ltr'><strong>Vita:</strong></span> <span class='ocrx_word' id='word_1_71' title='bbox 402 2300 617 2356; x_wconf 87' lang='lat' dir='ltr'><strong>semper</strong></span> <span class='ocrx_word' id='word_1_72' title='bbox 643 2286 913 2342; x_wconf 69' lang='lat' dir='ltr'><strong>azternalis</strong></span> 
     </span>
    </p>
   </div>
   <div class='ocr_carea' id='block_1_23' title="bbox 239 2374 911 2446">
    <p class='ocr_par' dir='ltr' id='par_1_23' title="bbox 239 2374 911 2446">
     <span class='ocr_line' id='line_1_23' title="bbox 239 2374 911 2446; baseline 0.003 -18"><span class='ocrx_word' id='word_1_73' title='bbox 239 2374 582 2444; x_wconf 87' lang='lat' dir='ltr'><strong>Sempiterna</strong></span> <span class='ocrx_word' id='word_1_74' title='bbox 617 2377 911 2446; x_wconf 78' lang='lat' dir='ltr'><strong>possessio.</strong></span> 
     </span>
    </p>
   </div>
   <div class='ocr_carea' id='block_1_24' title="bbox 454 2465 1084 2533">
    <p class='ocr_par' dir='ltr' id='par_1_24' title="bbox 454 2465 1084 2533">
     <span class='ocr_line' id='line_1_24' title="bbox 454 2465 1084 2533; baseline 0.002 -14"><span class='ocrx_word' id='word_1_75' title='bbox 454 2465 524 2519; x_wconf 82' lang='lat' dir='ltr'><strong>Et</strong></span> <span class='ocrx_word' id='word_1_76' title='bbox 552 2482 654 2520; x_wconf 89' lang='lat' dir='ltr'><strong>non</strong></span> <span class='ocrx_word' id='word_1_77' title='bbox 675 2466 947 2533; x_wconf 77' lang='lat' dir='ltr'><strong>dixerunt,</strong></span> <span class='ocrx_word' id='word_1_78' title='bbox 977 2477 1084 2522; x_wconf 90' lang='lat' dir='ltr'><strong>etc.</strong></span> 
     </span>
    </p>
   </div>
   <div class='ocr_carea' id='block_1_25' title="bbox 307 2555 857 2624">
    <p class='ocr_par' dir='ltr' id='par_1_25' title="bbox 307 2555 857 2624">
     <span class='ocr_line' id='line_1_25' title="bbox 307 2555 857 2624; baseline 0.004 -15"><span class='ocrx_word' id='word_1_79' title='bbox 307 2556 454 2622; x_wconf 89' lang='lat' dir='ltr'><strong>Ave,</strong></span> <span class='ocrx_word' id='word_1_80' title='bbox 486 2555 638 2624; x_wconf 87' lang='lat' dir='ltr'><strong>cujus</strong></span> <span class='ocrx_word' id='word_1_81' title='bbox 668 2558 721 2611; x_wconf 92' lang='lat' dir='ltr'><strong>in</strong></span> <span class='ocrx_word' id='word_1_82' title='bbox 746 2557 857 2612; x_wconf 91' lang='lat' dir='ltr'><strong>ﬁlio</strong></span> 
     </span>
    </p>
   </div>
   <div class='ocr_carea' id='block_1_26' title="bbox 236 2645 905 2715">
    <p class='ocr_par' dir='ltr' id='par_1_26' title="bbox 236 2645 905 2715">
     <span class='ocr_line' id='line_1_26' title="bbox 236 2645 905 2715; baseline 0.003 -15"><span class='ocrx_word' id='word_1_83' title='bbox 236 2645 367 2701; x_wconf 68' lang='lat' dir='ltr'><strong>llaec</strong></span> <span class='ocrx_word' id='word_1_84' title='bbox 393 2655 476 2701; x_wconf 88' lang='lat' dir='ltr'><strong>est</strong></span> <span class='ocrx_word' id='word_1_85' title='bbox 502 2646 873 2702; x_wconf 85' lang='lat' dir='ltr'><strong>misericordia</strong></span> <span class='ocrx_word' id='word_1_86' title='bbox 891 2689 905 2715; x_wconf 93' lang='lat'><strong>,</strong></span> 
     </span>
    </p>
   </div>
   <div class='ocr_carea' id='block_1_27' title="bbox 247 2737 793 2809">
    <p class='ocr_par' dir='ltr' id='par_1_27' title="bbox 247 2737 793 2809">
     <span class='ocr_line' id='line_1_27' title="bbox 247 2737 793 2809; baseline 0.002 -16"><span class='ocrx_word' id='word_1_87' title='bbox 247 2737 319 2793; x_wconf 90' lang='lat' dir='ltr'><strong>Ut</strong></span> <span class='ocrx_word' id='word_1_88' title='bbox 357 2737 452 2793; x_wconf 85' lang='lat' dir='ltr'><strong>ﬁat</strong></span> <span class='ocrx_word' id='word_1_89' title='bbox 478 2753 576 2793; x_wconf 86' lang='lat' dir='ltr'><strong>suo</strong></span> <span class='ocrx_word' id='word_1_90' title='bbox 598 2739 793 2809; x_wconf 84' lang='lat' dir='ltr'><strong>populo</strong></span> 
     </span>
    </p>
   </div>
   <div class='ocr_carea' id='block_1_28' title="bbox 252 2827 838 2899">
    <p class='ocr_par' dir='ltr' id='par_1_28' title="bbox 252 2827 838 2899">
     <span class='ocr_line' id='line_1_28' title="bbox 252 2827 838 2899; baseline 0.003 -18"><span class='ocrx_word' id='word_1_91' title='bbox 252 2827 579 2898; x_wconf 80' lang='lat' dir='ltr'><strong>Redemptio</strong></span> <span class='ocrx_word' id='word_1_92' title='bbox 598 2831 838 2899; x_wconf 89' lang='lat' dir='ltr'><strong>copiosa.</strong></span> 
     </span>
    </p>
   </div>
   <div class='ocr_carea' id='block_1_29' title="bbox 386 2922 1167 2993">
    <p class='ocr_par' dir='ltr' id='par_1_29' title="bbox 386 2922 1167 2993">
     <span class='ocr_line' id='line_1_29' title="bbox 386 2922 1167 2993; baseline 0.008 -18"><span class='ocrx_word' id='word_1_93' title='bbox 386 2922 523 2989; x_wconf 85' lang='lat' dir='ltr'><strong>Quia</strong></span> <span class='ocrx_word' id='word_1_94' title='bbox 549 2923 689 2993; x_wconf 87' lang='lat' dir='ltr'><strong>apud</strong></span> <span class='ocrx_word' id='word_1_95' title='bbox 716 2923 1020 2991; x_wconf 86' lang='lat' dir='ltr'><strong>Dominum,</strong></span> <span class='ocrx_word' id='word_1_96' title='bbox 1062 2934 1167 2982; x_wconf 83' lang='lat' dir='ltr'><strong>etc.</strong></span> 
     </span>
    </p>
   </div>
   <div class='ocr_carea' id='block_1_30' title="bbox 307 3012 916 3083">
    <p class='ocr_par' dir='ltr' id='par_1_30' title="bbox 307 3012 916 3083">
     <span class='ocr_line' id='line_1_30' title="bbox 307 3012 916 3083; baseline 0.008 -17"><span class='ocrx_word' id='word_1_97' title='bbox 307 3013 424 3069; x_wconf 89' lang='lat' dir='ltr'><strong>Ave</strong></span> <span class='ocrx_word' id='word_1_98' title='bbox 443 3052 459 3080; x_wconf 91' lang='lat'><strong>,</strong></span> <span class='ocrx_word' id='word_1_99' title='bbox 482 3012 637 3083; x_wconf 88' lang='lat' dir='ltr'><strong>cujus</strong></span> <span class='ocrx_word' id='word_1_100' title='bbox 665 3015 718 3071; x_wconf 91' lang='lat' dir='ltr'><strong>in</strong></span> <span class='ocrx_word' id='word_1_101' title='bbox 750 3016 916 3071; x_wconf 91' lang='lat' dir='ltr'><strong>ﬁlium</strong></span> 
     </span>
    </p>
   </div>
   <div class='ocr_carea' id='block_1_31' title="bbox 238 3104 972 3177">
    <p class='ocr_par' dir='ltr' id='par_1_31' title="bbox 238 3104 972 3177">
     <span class='ocr_line' id='line_1_31' title="bbox 238 3104 972 3177; baseline 0.007 -19"><span class='ocrx_word' id='word_1_102' title='bbox 238 3104 418 3161; x_wconf 87' lang='lat' dir='ltr'><strong>Verus</strong></span> <span class='ocrx_word' id='word_1_103' title='bbox 432 3104 544 3174; x_wconf 87' lang='lat' dir='ltr'><strong>jam</strong></span> <span class='ocrx_word' id='word_1_104' title='bbox 566 3117 747 3177; x_wconf 88' lang='lat' dir='ltr'><strong>sperat</strong></span> <span class='ocrx_word' id='word_1_105' title='bbox 775 3109 937 3166; x_wconf 81' lang='lat' dir='ltr'><strong>Israel</strong></span> <span class='ocrx_word' id='word_1_106' title='bbox 956 3151 972 3177; x_wconf 92' lang='lat'><strong>,</strong></span> 
     </span>
    </p>
   </div>
   <div class='ocr_carea' id='block_1_32' title="bbox 234 3196 942 3263">
    <p class='ocr_par' dir='ltr' id='par_1_32' title="bbox 234 3196 942 3263">
     <span class='ocr_line' id='line_1_32' title="bbox 234 3196 942 3263; baseline 0.007 -12"><span class='ocrx_word' id='word_1_107' title='bbox 234 3196 344 3263; x_wconf 88' lang='lat' dir='ltr'><strong>Qui</strong></span> <span class='ocrx_word' id='word_1_108' title='bbox 373 3212 481 3252; x_wconf 90' lang='lat' dir='ltr'><strong>non</strong></span> <span class='ocrx_word' id='word_1_109' title='bbox 507 3197 680 3255; x_wconf 90' lang='lat' dir='ltr'><strong>elatus</strong></span> <span class='ocrx_word' id='word_1_110' title='bbox 702 3201 942 3257; x_wconf 89' lang='lat' dir='ltr'><strong>moribus</strong></span> 
     </span>
    </p>
   </div>
   <div class='ocr_carea' id='block_1_33' title="bbox 239 3290 925 3349">
    <p class='ocr_par' dir='ltr' id='par_1_33' title="bbox 239 3290 925 3349">
     <span class='ocr_line' id='line_1_33' title="bbox 239 3290 925 3349; baseline 0.004 -4"><span class='ocrx_word' id='word_1_111' title='bbox 239 3290 323 3345; x_wconf 90' lang='lat' dir='ltr'><strong>De</strong></span> <span class='ocrx_word' id='word_1_112' title='bbox 351 3305 413 3346; x_wconf 88' lang='lat' dir='ltr'><strong>se</strong></span> <span class='ocrx_word' id='word_1_113' title='bbox 434 3292 602 3347; x_wconf 91' lang='lat' dir='ltr'><strong>sensit</strong></span> <span class='ocrx_word' id='word_1_114' title='bbox 629 3292 925 3349; x_wconf 84' lang='lat' dir='ltr'><strong>humiliter.</strong></span> 
     </span>
    </p>
   </div>
   <div class='ocr_carea' id='block_1_34' title="bbox 493 3385 1043 3456">
    <p class='ocr_par' dir='ltr' id='par_1_34' title="bbox 493 3385 1043 3456">
     <span class='ocr_line' id='line_1_34' title="bbox 493 3385 1043 3456; baseline 0.004 -17"><span class='ocrx_word' id='word_1_115' title='bbox 493 3386 678 3456; x_wconf 85' lang='lat' dir='ltr'><strong>Speret</strong></span> <span class='ocrx_word' id='word_1_116' title='bbox 700 3385 900 3451; x_wconf 90' lang='lat' dir='ltr'><strong>Israel,</strong></span> <span class='ocrx_word' id='word_1_117' title='bbox 940 3396 1043 3441; x_wconf 85' lang='lat' dir='ltr'><strong>etc.</strong></span> 
     </span>
    </p>
   </div>
   <div class='ocr_carea' id='block_1_35' title="bbox 240 3462 1059 3548">
    <p class='ocr_par' dir='ltr' id='par_1_35' title="bbox 240 3462 1059 3548">
     <span class='ocr_line' id='line_1_35' title="bbox 240 3462 1059 3548; baseline -0.001 -16"><span class='ocrx_word' id='word_1_118' title='bbox 240 3462 257 3481; x_wconf 78' lang='grc'><em>’</em></span> <span class='ocrx_word' id='word_1_119' title='bbox 312 3476 429 3532; x_wconf 90' lang='lat' dir='ltr'><strong>Ave</strong></span> <span class='ocrx_word' id='word_1_120' title='bbox 456 3487 659 3543; x_wconf 89' lang='lat' dir='ltr'><strong>mater,</strong></span> <span class='ocrx_word' id='word_1_121' title='bbox 703 3476 866 3548; x_wconf 85' lang='lat' dir='ltr'><strong>Virgo</strong></span> <span class='ocrx_word' id='word_1_122' title='bbox 894 3493 1059 3547; x_wconf 89' lang='lat' dir='ltr'><strong>pura,</strong></span> 
     </span>
    </p>
   </div>
   <div class='ocr_carea' id='block_1_36' title="bbox 236 3567 999 3638">
    <p class='ocr_par' dir='ltr' id='par_1_36' title="bbox 236 3567 999 3638">
     <span class='ocr_line' id='line_1_36' title="bbox 236 3567 999 3638; baseline 0.001 -15"><span class='ocrx_word' id='word_1_123' title='bbox 236 3567 409 3637; x_wconf 90' lang='lat' dir='ltr'><strong>Cujus</strong></span> <span class='ocrx_word' id='word_1_124' title='bbox 432 3577 621 3638; x_wconf 88' lang='lat' dir='ltr'><strong>partus</strong></span> <span class='ocrx_word' id='word_1_125' title='bbox 654 3570 815 3624; x_wconf 87' lang='lat' dir='ltr'><strong>homo</strong></span> <span class='ocrx_word' id='word_1_126' title='bbox 856 3569 999 3624; x_wconf 87' lang='lat' dir='ltr'><strong>Deus</strong></span> 
     </span>
    </p>
   </div>
   <div class='ocr_carea' id='block_1_37' title="bbox 239 3658 970 3725">
    <p class='ocr_par' dir='ltr' id='par_1_37' title="bbox 239 3658 970 3725">
     <span class='ocr_line' id='line_1_37' title="bbox 239 3658 970 3725; baseline -0.001 -11"><span class='ocrx_word' id='word_1_127' title='bbox 239 3658 412 3715; x_wconf 87' lang='lat' dir='ltr'><strong>Sedet</strong></span> <span class='ocrx_word' id='word_1_128' title='bbox 436 3659 491 3714; x_wconf 92' lang='lat' dir='ltr'><strong>in</strong></span> <span class='ocrx_word' id='word_1_129' title='bbox 521 3658 696 3715; x_wconf 87' lang='lat' dir='ltr'><strong>Patris</strong></span> <span class='ocrx_word' id='word_1_130' title='bbox 717 3660 937 3715; x_wconf 71' lang='lat' dir='ltr'><strong>dextera</strong></span> <span class='ocrx_word' id='word_1_131' title='bbox 955 3698 970 3725; x_wconf 93' lang='lat'><strong>,</strong></span> 
     </span>
    </p>
   </div>
   <div class='ocr_carea' id='block_1_38' title="bbox 239 3750 864 3808">
    <p class='ocr_par' dir='ltr' id='par_1_38' title="bbox 239 3750 864 3808">
     <span class='ocr_line' id='line_1_38' title="bbox 239 3750 864 3808; baseline 0.005 -4"><span class='ocrx_word' id='word_1_132' title='bbox 239 3751 388 3805; x_wconf 77' lang='lat' dir='ltr'><strong>Deus</strong></span> <span class='ocrx_word' id='word_1_133' title='bbox 417 3750 586 3806; x_wconf 84' lang='lat' dir='ltr'><strong>David</strong></span> <span class='ocrx_word' id='word_1_134' title='bbox 615 3760 672 3807; x_wconf 89' lang='lat' dir='ltr'><strong>et</strong></span> <span class='ocrx_word' id='word_1_135' title='bbox 700 3750 864 3808; x_wconf 91' lang='lat' dir='ltr'><strong>ﬁlius.</strong></span> 
     </span>
    </p>
   </div>
   <div class='ocr_carea' id='block_1_39' title="bbox 597 3842 769 3900">
    <p class='ocr_par' dir='ltr' id='par_1_39' title="bbox 597 3842 769 3900">
     <span class='ocr_line' id='line_1_39' title="bbox 597 3842 769 3900; baseline 0.006 -2"><span class='ocrx_word' id='word_1_136' title='bbox 597 3842 769 3900; x_wconf 83' lang='lat' dir='ltr'><strong>Idem.</strong></span> 
     </span>
    </p>
   </div>
   <div class='ocr_carea' id='block_1_40' title="bbox 316 3933 859 4005">
    <p class='ocr_par' dir='ltr' id='par_1_40' title="bbox 316 3933 859 4005">
     <span class='ocr_line' id='line_1_40' title="bbox 316 3933 859 4005; baseline 0.004 -16"><span class='ocrx_word' id='word_1_137' title='bbox 316 3933 459 4003; x_wconf 91' lang='lat' dir='ltr'><strong>Ave,</strong></span> <span class='ocrx_word' id='word_1_138' title='bbox 489 3933 647 4005; x_wconf 89' lang='lat' dir='ltr'><strong>cujus</strong></span> <span class='ocrx_word' id='word_1_139' title='bbox 676 3935 728 3990; x_wconf 89' lang='lat' dir='ltr'><strong>in</strong></span> <span class='ocrx_word' id='word_1_140' title='bbox 762 3934 859 3991; x_wconf 90' lang='lat' dir='ltr'><strong>ﬁlii</strong></span> 
     </span>
    </p>
   </div>
   <div class='ocr_carea' id='block_1_41' title="bbox 237 4027 854 4093">
    <p class='ocr_par' dir='ltr' id='par_1_41' title="bbox 237 4027 854 4093">
     <span class='ocr_line' id='line_1_41' title="bbox 237 4027 854 4093; baseline -0.011 -6"><span class='ocrx_word' id='word_1_141' title='bbox 237 4027 568 4087; x_wconf 79' lang='lat' dir='ltr'><strong>Habitamus</strong></span> <span class='ocrx_word' id='word_1_142' title='bbox 594 4027 673 4083; x_wconf 91' lang='lat' dir='ltr'><strong>sic</strong></span> <span class='ocrx_word' id='word_1_143' title='bbox 693 4027 854 4093; x_wconf 90' lang='lat' dir='ltr'><strong>ovili,</strong></span> 
     </span>
    </p>
   </div>
   <div class='ocr_carea' id='block_1_42' title="bbox 236 4117 902 4188">
    <p class='ocr_par' dir='ltr' id='par_1_42' title="bbox 236 4117 902 4188">
     <span class='ocr_line' id='line_1_42' title="bbox 236 4117 902 4188; baseline 0.005 -16"><span class='ocrx_word' id='word_1_144' title='bbox 236 4117 400 4172; x_wconf 88' lang='lat' dir='ltr'><strong>Sicut</strong></span> <span class='ocrx_word' id='word_1_145' title='bbox 424 4117 513 4172; x_wconf 91' lang='lat' dir='ltr'><strong>illa</strong></span> <span class='ocrx_word' id='word_1_146' title='bbox 537 4118 870 4188; x_wconf 76' lang='lat' dir='ltr'><strong>germanitas</strong></span> <span class='ocrx_word' id='word_1_147' title='bbox 887 4160 902 4184; x_wconf 94' lang='lat'><strong>,</strong></span> 
     </span>
    </p>
   </div>
   <div class='ocr_carea' id='block_1_43' title="bbox 236 4208 1007 4280">
    <p class='ocr_par' dir='ltr' id='par_1_43' title="bbox 236 4208 1007 4280">
     <span class='ocr_line' id='line_1_43' title="bbox 236 4208 1007 4280; baseline 0.003 -19"><span class='ocrx_word' id='word_1_148' title='bbox 236 4209 419 4276; x_wconf 88' lang='lat' dir='ltr'><strong>Quam</strong></span> <span class='ocrx_word' id='word_1_149' title='bbox 442 4208 580 4280; x_wconf 85' lang='lat' dir='ltr'><strong>regit</strong></span> <span class='ocrx_word' id='word_1_150' title='bbox 610 4224 721 4264; x_wconf 89' lang='lat' dir='ltr'><strong>una</strong></span> <span class='ocrx_word' id='word_1_151' title='bbox 747 4208 1007 4266; x_wconf 78' lang='lat' dir='ltr'><strong>Charitas.</strong></span> 
     </span>
    </p>
   </div>
   <div class='ocr_carea' id='block_1_44' title="bbox 604 4299 776 4355">
    <p class='ocr_par' dir='ltr' id='par_1_44' title="bbox 604 4299 776 4355">
     <span class='ocr_line' id='line_1_44' title="bbox 604 4299 776 4355; baseline 0 0"><span class='ocrx_word' id='word_1_152' title='bbox 604 4299 776 4355; x_wconf 84' lang='lat' dir='ltr'><strong>Idem.</strong></span> 
     </span>
    </p>
   </div>
   <div class='ocr_carea' id='block_1_45' title="bbox 303 4391 834 4460">
    <p class='ocr_par' dir='ltr' id='par_1_45' title="bbox 303 4391 834 4460">
     <span class='ocr_line' id='line_1_45' title="bbox 303 4391 834 4460; baseline 0.002 -14"><span class='ocrx_word' id='word_1_153' title='bbox 303 4393 423 4447; x_wconf 89' lang='lat' dir='ltr'><strong>Ave</strong></span> <span class='ocrx_word' id='word_1_154' title='bbox 436 4433 450 4456; x_wconf 90' lang='lat'><strong>,</strong></span> <span class='ocrx_word' id='word_1_155' title='bbox 478 4391 633 4460; x_wconf 89' lang='lat' dir='ltr'><strong>cujus</strong></span> <span class='ocrx_word' id='word_1_156' title='bbox 657 4394 711 4447; x_wconf 90' lang='lat' dir='ltr'><strong>in</strong></span> <span class='ocrx_word' id='word_1_157' title='bbox 741 4391 834 4447; x_wconf 84' lang='lat' dir='ltr'><strong>lilii</strong></span> 
     </span>
    </p>
   </div>
   <div class='ocr_carea' id='block_1_46' title="bbox 236 4483 830 4549">
    <p class='ocr_par' dir='ltr' id='par_1_46' title="bbox 236 4483 830 4549">
     <span class='ocr_line' id='line_1_46' title="bbox 236 4483 830 4549; baseline 0 -11"><span class='ocrx_word' id='word_1_158' title='bbox 236 4483 617 4539; x_wconf 82' lang='lat' dir='ltr'><strong>luhabitamus</strong></span> <span class='ocrx_word' id='word_1_159' title='bbox 645 4484 830 4549; x_wconf 90' lang='lat' dir='ltr'><strong>atriis,</strong></span> 
     </span>
    </p>
   </div>
   <div class='ocr_carea' id='block_1_47' title="bbox 234 4572 887 4643">
    <p class='ocr_par' dir='ltr' id='par_1_47' title="bbox 234 4572 887 4643">
     <span class='ocr_line' id='line_1_47' title="bbox 234 4572 887 4643; baseline 0.002 -14"><span class='ocrx_word' id='word_1_160' title='bbox 234 4574 301 4629; x_wconf 85' lang='lat' dir='ltr'><strong>In</strong></span> <span class='ocrx_word' id='word_1_161' title='bbox 331 4572 503 4643; x_wconf 87' lang='lat' dir='ltr'><strong>ipsius</strong></span> <span class='ocrx_word' id='word_1_162' title='bbox 536 4573 750 4643; x_wconf 87' lang='lat' dir='ltr'><strong>quando</strong></span> <span class='ocrx_word' id='word_1_163' title='bbox 784 4573 887 4630; x_wconf 88' lang='lat' dir='ltr'><strong>ﬁde</strong></span> 
     </span>
    </p>
   </div>
   <div class='ocr_carea' id='block_1_48' title="bbox 233 4665 866 4722">
    <p class='ocr_par' dir='ltr' id='par_1_48' title="bbox 233 4665 866 4722">
     <span class='ocr_line' id='line_1_48' title="bbox 233 4665 866 4722; baseline 0 -2"><span class='ocrx_word' id='word_1_164' title='bbox 233 4665 548 4721; x_wconf 78' lang='lat' dir='ltr'><strong>Dilatamur</strong></span> <span class='ocrx_word' id='word_1_165' title='bbox 578 4666 866 4722; x_wconf 90' lang='lat' dir='ltr'><strong>charitate.</strong></span> 
     </span>
    </p>
   </div>
   <div class='ocr_carea' id='block_1_49' title="bbox 533 4754 969 4822">
    <p class='ocr_par' dir='ltr' id='par_1_49' title="bbox 533 4754 969 4822">
     <span class='ocr_line' id='line_1_49' title="bbox 533 4754 969 4822; baseline 0.002 -12"><span class='ocrx_word' id='word_1_166' title='bbox 533 4754 638 4821; x_wconf 85' lang='lat' dir='ltr'><strong>Qui</strong></span> <span class='ocrx_word' id='word_1_167' title='bbox 658 4757 839 4822; x_wconf 85' lang='lat' dir='ltr'><strong>statis,</strong></span> <span class='ocrx_word' id='word_1_168' title='bbox 863 4766 969 4813; x_wconf 91' lang='lat' dir='ltr'><strong>etc.</strong></span> 
     </span>
    </p>
   </div>
   <div class='ocr_carea' id='block_1_50' title="bbox 315 4844 1044 4915">
    <p class='ocr_par' dir='ltr' id='par_1_50' title="bbox 315 4844 1044 4915">
     <span class='ocr_line' id='line_1_50' title="bbox 315 4844 1044 4915; baseline 0.004 -16"><span class='ocrx_word' id='word_1_169' title='bbox 315 4844 433 4899; x_wconf 89' lang='lat' dir='ltr'><strong>Ave</strong></span> <span class='ocrx_word' id='word_1_170' title='bbox 455 4853 659 4910; x_wconf 89' lang='lat' dir='ltr'><strong>mater,</strong></span> <span class='ocrx_word' id='word_1_171' title='bbox 689 4845 741 4898; x_wconf 91' lang='lat' dir='ltr'><strong>in</strong></span> <span class='ocrx_word' id='word_1_172' title='bbox 768 4860 873 4915; x_wconf 90' lang='lat' dir='ltr'><strong>qua</strong></span> <span class='ocrx_word' id='word_1_173' title='bbox 902 4846 1044 4902; x_wconf 88' lang='lat' dir='ltr'><strong>Deus</strong></span> 
     </span>
    </p>
   </div>
   <div class='ocr_carea' id='block_1_51' title="bbox 230 4934 968 5004">
    <p class='ocr_par' dir='ltr' id='par_1_51' title="bbox 230 4934 968 5004">
     <span class='ocr_line' id='line_1_51' title="bbox 230 4934 968 5004; baseline 0.003 -12"><span class='ocrx_word' id='word_1_174' title='bbox 230 4934 347 4992; x_wconf 80' lang='lat' dir='ltr'><strong>Est</strong></span> <span class='ocrx_word' id='word_1_175' title='bbox 366 4948 435 4990; x_wconf 81' lang='lat' dir='ltr'><strong>ex</strong></span> <span class='ocrx_word' id='word_1_176' title='bbox 465 4934 595 4991; x_wconf 90' lang='lat' dir='ltr'><strong>Sion</strong></span> <span class='ocrx_word' id='word_1_177' title='bbox 623 4935 968 5004; x_wconf 85' lang='lat' dir='ltr'><strong>benedictus,</strong></span> 
     </span>
    </p>
   </div>
   <div class='ocr_carea' id='block_1_52' title="bbox 231 5025 965 5097">
    <p class='ocr_par' dir='ltr' id='par_1_52' title="bbox 231 5025 965 5097">
     <span class='ocr_line' id='line_1_52' title="bbox 231 5025 965 5097; baseline 0.008 -17"><span class='ocrx_word' id='word_1_178' title='bbox 231 5026 349 5094; x_wconf 84' lang='lat' dir='ltr'><strong>Qui</strong></span> <span class='ocrx_word' id='word_1_179' title='bbox 375 5025 580 5082; x_wconf 85' lang='lat' dir='ltr'><strong>habitat</strong></span> <span class='ocrx_word' id='word_1_180' title='bbox 602 5028 965 5097; x_wconf 82' lang='lat' dir='ltr'><strong>Hierusalem,</strong></span> 
     </span>
    </p>
   </div>
   <div class='ocr_carea' id='block_1_53' title="bbox 228 5117 949 5177">
    <p class='ocr_par' dir='ltr' id='par_1_53' title="bbox 228 5117 949 5177">
     <span class='ocr_line' id='line_1_53' title="bbox 228 5117 949 5177; baseline 0.004 -5"><span class='ocrx_word' id='word_1_181' title='bbox 228 5117 407 5173; x_wconf 87' lang='lat' dir='ltr'><strong>Pacis</strong></span> <span class='ocrx_word' id='word_1_182' title='bbox 438 5118 641 5175; x_wconf 87' lang='lat' dir='ltr'><strong>habens</strong></span> <span class='ocrx_word' id='word_1_183' title='bbox 666 5120 949 5177; x_wconf 87' lang='lat' dir='ltr'><strong>visionem.</strong></span> 
     </span>
    </p>
   </div>
   <div class='ocr_carea' id='block_1_54' title="bbox 320 5209 1212 5278">
    <p class='ocr_par' dir='ltr' id='par_1_54' title="bbox 320 5209 1212 5278">
     <span class='ocr_line' id='line_1_54' title="bbox 320 5209 1212 5278; baseline 0.006 -16"><span class='ocrx_word' id='word_1_184' title='bbox 320 5209 637 5264; x_wconf 83' lang='lat' dir='ltr'><strong>Benedictus</strong></span> <span class='ocrx_word' id='word_1_185' title='bbox 660 5210 798 5265; x_wconf 84' lang='lat' dir='ltr'><strong>Deus</strong></span> <span class='ocrx_word' id='word_1_186' title='bbox 830 5228 895 5266; x_wconf 82' lang='lat' dir='ltr'><strong>ea:</strong></span> <span class='ocrx_word' id='word_1_187' title='bbox 923 5212 1051 5267; x_wconf 84' lang='lat' dir='ltr'><strong>Sion</strong></span> <span class='ocrx_word' id='word_1_188' title='bbox 1068 5252 1083 5278; x_wconf 94' lang='lat'><strong>,</strong></span> <span class='ocrx_word' id='word_1_189' title='bbox 1108 5221 1212 5268; x_wconf 89' lang='lat' dir='ltr'><strong>etc.</strong></span> 
     </span>
    </p>
   </div>
   <div class='ocr_carea' id='block_1_55' title="bbox 315 5298 876 5367">
    <p class='ocr_par' dir='ltr' id='par_1_55' title="bbox 315 5298 876 5367">
     <span class='ocr_line' id='line_1_55' title="bbox 315 5298 876 5367; baseline 0.007 -17"><span class='ocrx_word' id='word_1_190' title='bbox 315 5299 469 5363; x_wconf 87' lang='lat' dir='ltr'><strong>Ave,</strong></span> <span class='ocrx_word' id='word_1_191' title='bbox 492 5298 643 5367; x_wconf 90' lang='lat' dir='ltr'><strong>cujus</strong></span> <span class='ocrx_word' id='word_1_192' title='bbox 674 5298 726 5353; x_wconf 91' lang='lat' dir='ltr'><strong>in</strong></span> <span class='ocrx_word' id='word_1_193' title='bbox 764 5298 876 5354; x_wconf 88' lang='lat' dir='ltr'><strong>ﬁlio</strong></span> 
     </span>
    </p>
   </div>
   <div class='ocr_carea' id='block_1_56' title="bbox 223 5387 933 5459">
    <p class='ocr_par' dir='ltr' id='par_1_56' title="bbox 223 5387 933 5459">
     <span class='ocr_line' id='line_1_56' title="bbox 223 5387 933 5459; baseline 0.006 -15"><span class='ocrx_word' id='word_1_194' title='bbox 223 5387 585 5444; x_wconf 77' lang='lat' dir='ltr'><strong>Conﬁtentur</strong></span> <span class='ocrx_word' id='word_1_195' title='bbox 612 5390 758 5445; x_wconf 87' lang='lat' dir='ltr'><strong>Patri</strong></span> <span class='ocrx_word' id='word_1_196' title='bbox 790 5391 933 5459; x_wconf 87' lang='lat' dir='ltr'><strong>Deo;</strong></span> 
     </span>
    </p>
   </div>
   <div class='ocr_carea' id='block_1_57' title="bbox 224 5477 913 5545">
    <p class='ocr_par' dir='ltr' id='par_1_57' title="bbox 224 5477 913 5545">
     <span class='ocr_line' id='line_1_57' title="bbox 224 5477 913 5545; baseline 0.01 -15"><span class='ocrx_word' id='word_1_197' title='bbox 224 5477 514 5545; x_wconf 85' lang='lat' dir='ltr'><strong>Quoniam</strong></span> <span class='ocrx_word' id='word_1_198' title='bbox 542 5479 603 5534; x_wconf 89' lang='lat' dir='ltr'><strong>ﬁt</strong></span> <span class='ocrx_word' id='word_1_199' title='bbox 636 5480 688 5534; x_wconf 91' lang='lat' dir='ltr'><strong>in</strong></span> <span class='ocrx_word' id='word_1_200' title='bbox 712 5481 913 5537; x_wconf 62' lang='lat' dir='ltr'><strong>smeula</strong></span> 
     </span>
    </p>
   </div>
   <div class='ocr_carea' id='block_1_58' title="bbox 224 5565 799 5635">
    <p class='ocr_par' dir='ltr' id='par_1_58' title="bbox 224 5565 799 5635">
     <span class='ocr_line' id='line_1_58' title="bbox 224 5565 799 5635; baseline 0 -14"><span class='ocrx_word' id='word_1_201' title='bbox 224 5565 378 5635; x_wconf 81' lang='lat' dir='ltr'><strong>Ejus</strong></span> <span class='ocrx_word' id='word_1_202' title='bbox 405 5566 799 5623; x_wconf 81' lang='lat' dir='ltr'><strong>misericordia.</strong></span> 
     </span>
    </p>
   </div>
   <div class='ocr_carea' id='block_1_59' title="bbox 572 5658 741 5716">
    <p class='ocr_par' dir='ltr' id='par_1_59' title="bbox 572 5658 741 5716">
     <span class='ocr_line' id='line_1_59' title="bbox 572 5658 741 5716; baseline 0.006 -2"><span class='ocrx_word' id='word_1_203' title='bbox 572 5658 741 5716; x_wconf 87' lang='lat' dir='ltr'><strong>Idem.</strong></span> 
     </span>
    </p>
   </div>
   <div class='ocr_carea' id='block_1_60' title="bbox 320 5754 978 5826">
    <p class='ocr_par' dir='ltr' id='par_1_60' title="bbox 320 5754 978 5826">
     <span class='ocr_line' id='line_1_60' title="bbox 320 5754 978 5826; baseline 0.006 -18"><span class='ocrx_word' id='word_1_204' title='bbox 320 5754 433 5810; x_wconf 88' lang='lat' dir='ltr'><strong>Ave</strong></span> <span class='ocrx_word' id='word_1_205' title='bbox 452 5795 467 5823; x_wconf 93' lang='lat'><strong>,</strong></span> <span class='ocrx_word' id='word_1_206' title='bbox 497 5764 645 5814; x_wconf 84' lang='lat' dir='ltr'><strong>terra</strong></span> <span class='ocrx_word' id='word_1_207' title='bbox 665 5756 978 5826; x_wconf 84' lang='lat' dir='ltr'><strong>benedicta,</strong></span> 
     </span>
    </p>
   </div>
   <div class='ocr_carea' id='block_1_61' title="bbox 1144 349 2448 420">
    <p class='ocr_par' dir='ltr' id='par_1_61' title="bbox 1144 349 2448 420">
     <span class='ocr_line' id='line_1_61' title="bbox 1144 349 2448 420; baseline -0.011 -1"><span class='ocrx_word' id='word_1_208' title='bbox 1144 359 1365 420; x_wconf 75' lang='lat' dir='ltr'><strong>HYMNI</strong></span> <span class='ocrx_word' id='word_1_209' title='bbox 1401 362 1488 418; x_wconf 84' lang='lat' dir='ltr'><strong>ET</strong></span> <span class='ocrx_word' id='word_1_210' title='bbox 1520 355 1959 417; x_wconf 84' lang='lat' dir='ltr'><strong>PSALTERIUM</strong></span> <span class='ocrx_word' id='word_1_211' title='bbox 1984 354 2074 410; x_wconf 81' lang='lat' dir='ltr'><strong>DE</strong></span> <span class='ocrx_word' id='word_1_212' title='bbox 2112 352 2171 410; x_wconf 88' lang='lat' dir='ltr'><strong>S.</strong></span> <span class='ocrx_word' id='word_1_213' title='bbox 2210 349 2448 407; x_wconf 75' lang='lat' dir='ltr'><strong>MARIA.</strong></span> 
     </span>
    </p>
   </div>
   <div class='ocr_carea' id='block_1_62' title="bbox 1329 472 2126 549">
    <p class='ocr_par' dir='ltr' id='par_1_62' title="bbox 1329 472 2126 549">
     <span class='ocr_line' id='line_1_62' title="bbox 1329 472 2126 549; baseline -0.013 -13"><span class='ocrx_word' id='word_1_214' title='bbox 1329 479 1389 536; x_wconf 86' lang='lat' dir='ltr'><strong>In</strong></span> <span class='ocrx_word' id='word_1_215' title='bbox 1414 493 1520 549; x_wconf 91' lang='lat' dir='ltr'><strong>qua</strong></span> <span class='ocrx_word' id='word_1_216' title='bbox 1551 486 1805 534; x_wconf 83' lang='lat' dir='ltr'><strong>cantatur</strong></span> <span class='ocrx_word' id='word_1_217' title='bbox 1828 472 2126 535; x_wconf 88' lang='lat' dir='ltr'><strong>canticum,</strong></span> 
     </span>
    </p>
   </div>
   <div class='ocr_carea' id='block_1_63' title="bbox 1330 567 1932 639">
    <p class='ocr_par' dir='ltr' id='par_1_63' title="bbox 1330 567 1932 639">
     <span class='ocr_line' id='line_1_63' title="bbox 1330 567 1932 639; baseline -0.01 -12"><span class='ocrx_word' id='word_1_218' title='bbox 1330 570 1483 639; x_wconf 87' lang='lat' dir='ltr'><strong>Quod</strong></span> <span class='ocrx_word' id='word_1_219' title='bbox 1507 572 1559 626; x_wconf 93' lang='lat' dir='ltr'><strong>in</strong></span> <span class='ocrx_word' id='word_1_220' title='bbox 1588 579 1733 625; x_wconf 87' lang='lat' dir='ltr'><strong>terra</strong></span> <span class='ocrx_word' id='word_1_221' title='bbox 1756 567 1932 623; x_wconf 88' lang='lat' dir='ltr'><strong>aliena</strong></span> 
     </span>
    </p>
   </div>
   <div class='ocr_carea' id='block_1_64' title="bbox 1331 661 2055 724">
    <p class='ocr_par' dir='ltr' id='par_1_64' title="bbox 1331 661 2055 724">
     <span class='ocr_line' id='line_1_64' title="bbox 1331 661 2055 724; baseline -0.014 -1"><span class='ocrx_word' id='word_1_222' title='bbox 1331 666 1555 724; x_wconf 89' lang='lat' dir='ltr'><strong>Cantari</strong></span> <span class='ocrx_word' id='word_1_223' title='bbox 1586 681 1692 721; x_wconf 92' lang='lat' dir='ltr'><strong>non</strong></span> <span class='ocrx_word' id='word_1_224' title='bbox 1715 672 1799 718; x_wconf 91' lang='lat' dir='ltr'><strong>est</strong></span> <span class='ocrx_word' id='word_1_225' title='bbox 1827 661 2055 717; x_wconf 90' lang='lat' dir='ltr'><strong>licitum.</strong></span> 
     </span>
    </p>
   </div>
   <div class='ocr_carea' id='block_1_65' title="bbox 1331 751 2285 828">
    <p class='ocr_par' dir='ltr' id='par_1_65' title="bbox 1331 751 2285 828">
     <span class='ocr_line' id='line_1_65' title="bbox 1331 751 2285 828; baseline -0.015 -11"><span class='ocrx_word' id='word_1_226' title='bbox 1331 758 1493 828; x_wconf 81' lang='lat'><strong>307</strong></span> <span class='ocrx_word' id='word_1_227' title='bbox 1521 755 1794 822; x_wconf 83' lang='lat' dir='ltr'><strong>Quomodo</strong></span> <span class='ocrx_word' id='word_1_228' title='bbox 1811 751 2159 816; x_wconf 76' lang='lat' dir='ltr'><strong>cantabimus,</strong></span> <span class='ocrx_word' id='word_1_229' title='bbox 2198 758 2285 805; x_wconf 87' lang='lat' dir='ltr'><strong>etc</strong></span> 
     </span>
    </p>
   </div>
   <div class='ocr_carea' id='block_1_66' title="bbox 1404 849 1915 920">
    <p class='ocr_par' dir='ltr' id='par_1_66' title="bbox 1404 849 1915 920">
     <span class='ocr_line' id='line_1_66' title="bbox 1404 849 1915 920; baseline -0.006 -15"><span class='ocrx_word' id='word_1_230' title='bbox 1404 851 1539 915; x_wconf 88' lang='lat' dir='ltr'><strong>Ave,</strong></span> <span class='ocrx_word' id='word_1_231' title='bbox 1565 851 1719 920; x_wconf 91' lang='lat' dir='ltr'><strong>cujus</strong></span> <span class='ocrx_word' id='word_1_232' title='bbox 1747 849 1915 903; x_wconf 92' lang='lat' dir='ltr'><strong>ﬁlium</strong></span> 
     </span>
    </p>
   </div>
   <div class='ocr_carea' id='block_1_67' title="bbox 1339 939 2162 1008">
    <p class='ocr_par' dir='ltr' id='par_1_67' title="bbox 1339 939 2162 1008">
     <span class='ocr_line' id='line_1_67' title="bbox 1339 939 2162 1008; baseline -0.004 -12"><span class='ocrx_word' id='word_1_233' title='bbox 1339 942 1430 996; x_wconf 89' lang='lat' dir='ltr'><strong>Dei</strong></span> <span class='ocrx_word' id='word_1_234' title='bbox 1458 941 1631 997; x_wconf 84' lang='lat' dir='ltr'><strong>Patris</strong></span> <span class='ocrx_word' id='word_1_235' title='bbox 1660 954 1847 996; x_wconf 90' lang='lat' dir='ltr'><strong>verum</strong></span> <span class='ocrx_word' id='word_1_236' title='bbox 1881 939 2162 1008; x_wconf 91' lang='lat' dir='ltr'><strong>templum,</strong></span> 
     </span>
    </p>
   </div>
   <div class='ocr_carea' id='block_1_68' title="bbox 1339 1028 2047 1093">
    <p class='ocr_par' dir='ltr' id='par_1_68' title="bbox 1339 1028 2047 1093">
     <span class='ocr_line' id='line_1_68' title="bbox 1339 1028 2047 1093; baseline -0.006 -9"><span class='ocrx_word' id='word_1_237' title='bbox 1339 1030 1502 1084; x_wconf 91' lang='lat' dir='ltr'><strong>Prout</strong></span> <span class='ocrx_word' id='word_1_238' title='bbox 1529 1028 1706 1093; x_wconf 90' lang='lat' dir='ltr'><strong>decet,</strong></span> <span class='ocrx_word' id='word_1_239' title='bbox 1735 1028 2047 1090; x_wconf 87' lang='lat' dir='ltr'><strong>adoramus,</strong></span> 
     </span>
    </p>
   </div>
   <div class='ocr_carea' id='block_1_69' title="bbox 1336 1116 2145 1174">
    <p class='ocr_par' dir='ltr' id='par_1_69' title="bbox 1336 1116 2145 1174">
     <span class='ocr_line' id='line_1_69' title="bbox 1336 1116 2145 1174; baseline -0.004 -1"><span class='ocrx_word' id='word_1_240' title='bbox 1336 1118 1472 1173; x_wconf 92' lang='lat' dir='ltr'><strong>Dum</strong></span> <span class='ocrx_word' id='word_1_241' title='bbox 1492 1117 1777 1174; x_wconf 87' lang='lat' dir='ltr'><strong>credentes</strong></span> <span class='ocrx_word' id='word_1_242' title='bbox 1806 1116 2145 1172; x_wconf 88' lang='lat' dir='ltr'><strong>conﬁtemur.</strong></span> 
     </span>
    </p>
   </div>
   <div class='ocr_carea' id='block_1_70' title="bbox 1516 1207 2040 1276">
    <p class='ocr_par' dir='ltr' id='par_1_70' title="bbox 1516 1207 2040 1276">
     <span class='ocr_line' id='line_1_70' title="bbox 1516 1207 2040 1276; baseline -0.002 -15"><span class='ocrx_word' id='word_1_243' title='bbox 1516 1207 1581 1263; x_wconf 88' lang='lat' dir='ltr'><strong>In</strong></span> <span class='ocrx_word' id='word_1_244' title='bbox 1603 1217 1901 1276; x_wconf 82' lang='lat' dir='ltr'><strong>conspectu,</strong></span> <span class='ocrx_word' id='word_1_245' title='bbox 1933 1214 2040 1262; x_wconf 88' lang='lat' dir='ltr'><strong>etc.</strong></span> 
     </span>
    </p>
   </div>
   <div class='ocr_carea' id='block_1_71' title="bbox 1410 1296 1942 1367">
    <p class='ocr_par' dir='ltr' id='par_1_71' title="bbox 1410 1296 1942 1367">
     <span class='ocr_line' id='line_1_71' title="bbox 1410 1296 1942 1367; baseline -0.004 -16"><span class='ocrx_word' id='word_1_246' title='bbox 1410 1296 1543 1362; x_wconf 91' lang='lat' dir='ltr'><strong>Ave,</strong></span> <span class='ocrx_word' id='word_1_247' title='bbox 1573 1297 1726 1367; x_wconf 90' lang='lat' dir='ltr'><strong>cujus</strong></span> <span class='ocrx_word' id='word_1_248' title='bbox 1753 1304 1942 1366; x_wconf 88' lang='lat' dir='ltr'><strong>partus</strong></span> 
     </span>
    </p>
   </div>
   <div class='ocr_carea' id='block_1_72' title="bbox 1336 1386 1941 1455">
    <p class='ocr_par' dir='ltr' id='par_1_72' title="bbox 1336 1386 1941 1455">
     <span class='ocr_line' id='line_1_72' title="bbox 1336 1386 1941 1455; baseline -0.01 -12"><span class='ocrx_word' id='word_1_249' title='bbox 1336 1386 1396 1443; x_wconf 87' lang='lat' dir='ltr'><strong>In</strong></span> <span class='ocrx_word' id='word_1_250' title='bbox 1425 1386 1629 1442; x_wconf 90' lang='lat' dir='ltr'><strong>tumulo</strong></span> <span class='ocrx_word' id='word_1_251' title='bbox 1655 1392 1941 1455; x_wconf 88' lang='lat' dir='ltr'><strong>soporatus</strong></span> 
     </span>
    </p>
   </div>
   <div class='ocr_carea' id='block_1_73' title="bbox 1340 1467 2093 1533">
    <p class='ocr_par' dir='ltr' id='par_1_73' title="bbox 1340 1467 2093 1533">
     <span class='ocr_line' id='line_1_73' title="bbox 1340 1467 2093 1533; baseline -0.011 -5"><span class='ocrx_word' id='word_1_252' title='bbox 1340 1472 1495 1529; x_wconf 92' lang='lat' dir='ltr'><strong>Sicut</strong></span> <span class='ocrx_word' id='word_1_253' title='bbox 1528 1472 1670 1528; x_wconf 90' lang='lat' dir='ltr'><strong>diem</strong></span> <span class='ocrx_word' id='word_1_254' title='bbox 1700 1478 1912 1526; x_wconf 90' lang='lat' dir='ltr'><strong>noctem</strong></span> <span class='ocrx_word' id='word_1_255' title='bbox 1938 1467 2061 1524; x_wconf 82' lang='lat' dir='ltr'><strong>fecit</strong></span> <span class='ocrx_word' id='word_1_256' title='bbox 2078 1483 2093 1533; x_wconf 89' lang='lat'><strong>;</strong></span> 
     </span>
    </p>
   </div>
   <div class='ocr_carea' id='block_1_74' title="bbox 1339 1558 2102 1620">
    <p class='ocr_par' dir='ltr' id='par_1_74' title="bbox 1339 1558 2102 1620">
     <span class='ocr_line' id='line_1_74' title="bbox 1339 1558 2102 1620; baseline -0.012 0"><span class='ocrx_word' id='word_1_257' title='bbox 1339 1563 1473 1620; x_wconf 92' lang='lat' dir='ltr'><strong>Cum</strong></span> <span class='ocrx_word' id='word_1_258' title='bbox 1502 1561 1569 1618; x_wconf 92' lang='lat' dir='ltr'><strong>de</strong></span> <span class='ocrx_word' id='word_1_259' title='bbox 1598 1569 1757 1618; x_wconf 89' lang='lat' dir='ltr'><strong>nocte</strong></span> <span class='ocrx_word' id='word_1_260' title='bbox 1788 1558 2102 1615; x_wconf 81' lang='lat' dir='ltr'><strong>resurrexit.</strong></span> 
     </span>
    </p>
   </div>
   <div class='ocr_carea' id='block_1_75' title="bbox 1519 1651 2066 1719">
    <p class='ocr_par' dir='ltr' id='par_1_75' title="bbox 1519 1651 2066 1719">
     <span class='ocr_line' id='line_1_75' title="bbox 1519 1651 2066 1719; baseline -0.007 -13"><span class='ocrx_word' id='word_1_261' title='bbox 1519 1652 1657 1719; x_wconf 86' lang='lat' dir='ltr'><strong>Quia</strong></span> <span class='ocrx_word' id='word_1_262' title='bbox 1681 1651 1926 1717; x_wconf 63' lang='lat' dir='ltr'><strong>tenebrae,</strong></span> <span class='ocrx_word' id='word_1_263' title='bbox 1962 1659 2066 1704; x_wconf 89' lang='lat' dir='ltr'><strong>etc.</strong></span> 
     </span>
    </p>
   </div>
   <div class='ocr_carea' id='block_1_76' title="bbox 1411 1738 1959 1812">
    <p class='ocr_par' dir='ltr' id='par_1_76' title="bbox 1411 1738 1959 1812">
     <span class='ocr_line' id='line_1_76' title="bbox 1411 1738 1959 1812; baseline -0.011 -15"><span class='ocrx_word' id='word_1_264' title='bbox 1411 1742 1546 1810; x_wconf 87' lang='lat' dir='ltr'><strong>Ave,</strong></span> <span class='ocrx_word' id='word_1_265' title='bbox 1576 1741 1729 1812; x_wconf 83' lang='lat' dir='ltr'><strong>cujus</strong></span> <span class='ocrx_word' id='word_1_266' title='bbox 1750 1747 1835 1794; x_wconf 90' lang='lat' dir='ltr'><strong>est</strong></span> <span class='ocrx_word' id='word_1_267' title='bbox 1864 1738 1959 1792; x_wconf 90' lang='lat' dir='ltr'><strong>ﬁlii</strong></span> 
     </span>
    </p>
   </div>
   <div class='ocr_carea' id='block_1_77' title="bbox 1342 1829 2009 1895">
    <p class='ocr_par' dir='ltr' id='par_1_77' title="bbox 1342 1829 2009 1895">
     <span class='ocr_line' id='line_1_77' title="bbox 1342 1829 2009 1895; baseline -0.006 -5"><span class='ocrx_word' id='word_1_268' title='bbox 1342 1835 1506 1890; x_wconf 85' lang='lat' dir='ltr'><strong>Pater</strong></span> <span class='ocrx_word' id='word_1_269' title='bbox 1535 1835 1711 1889; x_wconf 91' lang='lat' dir='ltr'><strong>virtus</strong></span> <span class='ocrx_word' id='word_1_270' title='bbox 1733 1829 2009 1895; x_wconf 89' lang='lat' dir='ltr'><strong>salutaris,</strong></span> 
     </span>
    </p>
   </div>
   <div class='ocr_carea' id='block_1_78' title="bbox 1342 1922 1919 1996">
    <p class='ocr_par' dir='ltr' id='par_1_78' title="bbox 1342 1922 1919 1996">
     <span class='ocr_line' id='line_1_78' title="bbox 1342 1922 1919 1996; baseline -0.009 -14"><span class='ocrx_word' id='word_1_271' title='bbox 1342 1927 1563 1996; x_wconf 81' lang='lat' dir='ltr'><strong>Agentis</strong></span> <span class='ocrx_word' id='word_1_272' title='bbox 1594 1925 1647 1979; x_wconf 94' lang='lat' dir='ltr'><strong>in</strong></span> <span class='ocrx_word' id='word_1_273' title='bbox 1679 1924 1767 1979; x_wconf 90' lang='lat' dir='ltr'><strong>die</strong></span> <span class='ocrx_word' id='word_1_274' title='bbox 1794 1922 1919 1979; x_wconf 90' lang='lat' dir='ltr'><strong>belli</strong></span> 
     </span>
    </p>
   </div>
   <div class='ocr_carea' id='block_1_79' title="bbox 1342 2009 2133 2081">
    <p class='ocr_par' dir='ltr' id='par_1_79' title="bbox 1342 2009 2133 2081">
     <span class='ocr_line' id='line_1_79' title="bbox 1342 2009 2133 2081; baseline -0.009 -11"><span class='ocrx_word' id='word_1_275' title='bbox 1342 2015 1462 2070; x_wconf 86' lang='lat' dir='ltr'><strong>Vim</strong></span> <span class='ocrx_word' id='word_1_276' title='bbox 1493 2022 1691 2070; x_wconf 57' lang='lat' dir='ltr'><strong>nostra!</strong></span> <span class='ocrx_word' id='word_1_277' title='bbox 1729 2009 2133 2081; x_wconf 89' lang='lat' dir='ltr'><strong>redemptionis.</strong></span> 
     </span>
    </p>
   </div>
   <div class='ocr_carea' id='block_1_80' title="bbox 1344 2101 2382 2171">
    <p class='ocr_par' dir='ltr' id='par_1_80' title="bbox 1344 2101 2382 2171">
     <span class='ocr_line' id='line_1_80' title="bbox 1344 2101 2382 2171; baseline -0.005 -13"><span class='ocrx_word' id='word_1_278' title='bbox 1344 2104 1584 2171; x_wconf 88' lang='lat' dir='ltr'><strong>Domine,</strong></span> <span class='ocrx_word' id='word_1_279' title='bbox 1604 2103 1824 2158; x_wconf 85' lang='lat' dir='ltr'><strong>Domine</strong></span> <span class='ocrx_word' id='word_1_280' title='bbox 1842 2104 2003 2158; x_wconf 85' lang='lat' dir='ltr'><strong>virtus</strong></span> <span class='ocrx_word' id='word_1_281' title='bbox 2024 2101 2211 2155; x_wconf 84' lang='lat' dir='ltr'><strong>salutis</strong></span> <span class='ocrx_word' id='word_1_282' title='bbox 2234 2115 2382 2154; x_wconf 76' lang='lat' dir='ltr'><strong>mere.</strong></span> 
     </span>
    </p>
   </div>
   <div class='ocr_carea' id='block_1_81' title="bbox 1413 2192 2182 2263">
    <p class='ocr_par' dir='ltr' id='par_1_81' title="bbox 1413 2192 2182 2263">
     <span class='ocr_line' id='line_1_81' title="bbox 1413 2192 2182 2263; baseline -0.004 -13"><span class='ocrx_word' id='word_1_283' title='bbox 1413 2194 1526 2250; x_wconf 86' lang='lat' dir='ltr'><strong>Ave</strong></span> <span class='ocrx_word' id='word_1_284' title='bbox 1564 2203 1762 2259; x_wconf 89' lang='lat' dir='ltr'><strong>mater,</strong></span> <span class='ocrx_word' id='word_1_285' title='bbox 1798 2192 1952 2261; x_wconf 88' lang='lat' dir='ltr'><strong>cujus</strong></span> <span class='ocrx_word' id='word_1_286' title='bbox 1992 2200 2182 2263; x_wconf 88' lang='lat' dir='ltr'><strong>partus</strong></span> 
     </span>
    </p>
   </div>
   <div class='ocr_carea' id='block_1_82' title="bbox 1347 2283 1986 2356">
    <p class='ocr_par' dir='ltr' id='par_1_82' title="bbox 1347 2283 1986 2356">
     <span class='ocr_line' id='line_1_82' title="bbox 1347 2283 1986 2356; baseline 0.005 -20"><span class='ocrx_word' id='word_1_287' title='bbox 1347 2284 1498 2340; x_wconf 82' lang='lat' dir='ltr'><strong>Viam</strong></span> <span class='ocrx_word' id='word_1_288' title='bbox 1525 2283 1655 2340; x_wconf 83' lang='lat' dir='ltr'><strong>fecit</strong></span> <span class='ocrx_word' id='word_1_289' title='bbox 1673 2284 1986 2356; x_wconf 80' lang='lat' dir='ltr'><strong>singularis,</strong></span> 
     </span>
    </p>
   </div>
   <div class='ocr_carea' id='block_1_83' title="bbox 1346 2375 2076 2447">
    <p class='ocr_par' dir='ltr' id='par_1_83' title="bbox 1346 2375 2076 2447">
     <span class='ocr_line' id='line_1_83' title="bbox 1346 2375 2076 2447; baseline -0.005 -15"><span class='ocrx_word' id='word_1_290' title='bbox 1346 2377 1527 2432; x_wconf 89' lang='lat' dir='ltr'><strong>Donec</strong></span> <span class='ocrx_word' id='word_1_291' title='bbox 1555 2377 1764 2447; x_wconf 85' lang='lat' dir='ltr'><strong>peregit</strong></span> <span class='ocrx_word' id='word_1_292' title='bbox 1791 2375 2076 2439; x_wconf 86' lang='lat' dir='ltr'><strong>transitus,</strong></span> 
     </span>
    </p>
   </div>
   <div class='ocr_carea' id='block_1_84' title="bbox 1347 2464 2135 2534">
    <p class='ocr_par' dir='ltr' id='par_1_84' title="bbox 1347 2464 2135 2534">
     <span class='ocr_line' id='line_1_84' title="bbox 1347 2464 2135 2534; baseline -0.006 -13"><span class='ocrx_word' id='word_1_293' title='bbox 1347 2466 1552 2534; x_wconf 83' lang='lat' dir='ltr'><strong>Quibus</strong></span> <span class='ocrx_word' id='word_1_294' title='bbox 1584 2466 1750 2521; x_wconf 90' lang='lat' dir='ltr'><strong>vitam</strong></span> <span class='ocrx_word' id='word_1_295' title='bbox 1779 2466 1927 2521; x_wconf 86' lang='lat' dir='ltr'><strong>dedit</strong></span> <span class='ocrx_word' id='word_1_296' title='bbox 1959 2464 2135 2519; x_wconf 86' lang='lat' dir='ltr'><strong>nobis.</strong></span> 
     </span>
    </p>
   </div>
   <div class='ocr_carea' id='block_1_85' title="bbox 1525 2556 2241 2619">
    <p class='ocr_par' dir='ltr' id='par_1_85' title="bbox 1525 2556 2241 2619">
     <span class='ocr_line' id='line_1_85' title="bbox 1525 2556 2241 2619; baseline -0.011 -5"><span class='ocrx_word' id='word_1_297' title='bbox 1525 2557 1725 2614; x_wconf 87' lang='lat' dir='ltr'><strong>Cadent</strong></span> <span class='ocrx_word' id='word_1_298' title='bbox 1753 2558 1809 2612; x_wconf 90' lang='lat' dir='ltr'><strong>in</strong></span> <span class='ocrx_word' id='word_1_299' title='bbox 1833 2556 2104 2619; x_wconf 84' lang='lat' dir='ltr'><strong>retiaculo,</strong></span> <span class='ocrx_word' id='word_1_300' title='bbox 2138 2562 2241 2609; x_wconf 89' lang='lat' dir='ltr'><strong>etc.</strong></span> 
     </span>
    </p>
   </div>
   <div class='ocr_carea' id='block_1_86' title="bbox 1420 2648 2171 2719">
    <p class='ocr_par' dir='ltr' id='par_1_86' title="bbox 1420 2648 2171 2719">
     <span class='ocr_line' id='line_1_86' title="bbox 1420 2648 2171 2719; baseline -0.009 -11"><span class='ocrx_word' id='word_1_301' title='bbox 1420 2651 1532 2708; x_wconf 88' lang='lat' dir='ltr'><strong>Ave</strong></span> <span class='ocrx_word' id='word_1_302' title='bbox 1556 2658 1749 2716; x_wconf 89' lang='lat' dir='ltr'><strong>mater,</strong></span> <span class='ocrx_word' id='word_1_303' title='bbox 1778 2648 1932 2719; x_wconf 91' lang='lat' dir='ltr'><strong>cujus</strong></span> <span class='ocrx_word' id='word_1_304' title='bbox 1957 2656 2171 2719; x_wconf 88' lang='lat' dir='ltr'><strong>partum</strong></span> 
     </span>
    </p>
   </div>
   <div class='ocr_carea' id='block_1_87' title="bbox 1348 2736 2161 2813">
    <p class='ocr_par' dir='ltr' id='par_1_87' title="bbox 1348 2736 2161 2813">
     <span class='ocr_line' id='line_1_87' title="bbox 1348 2736 2161 2813; baseline -0.01 -15"><span class='ocrx_word' id='word_1_305' title='bbox 1348 2741 1750 2813; x_wconf 77' lang='lat' dir='ltr'><strong>Exspectabam</strong></span> <span class='ocrx_word' id='word_1_306' title='bbox 1784 2753 1974 2794; x_wconf 90' lang='lat' dir='ltr'><strong>omnes</strong></span> <span class='ocrx_word' id='word_1_307' title='bbox 1996 2736 2161 2808; x_wconf 88' lang='lat' dir='ltr'><strong>justi;</strong></span> 
     </span>
    </p>
   </div>
   <div class='ocr_carea' id='block_1_88' title="bbox 1350 2832 2181 2902">
    <p class='ocr_par' dir='ltr' id='par_1_88' title="bbox 1350 2832 2181 2902">
     <span class='ocr_line' id='line_1_88' title="bbox 1350 2832 2181 2902; baseline -0.008 -13"><span class='ocrx_word' id='word_1_308' title='bbox 1350 2833 1534 2895; x_wconf 85' lang='lat' dir='ltr'><strong>Donec</strong></span> <span class='ocrx_word' id='word_1_309' title='bbox 1555 2832 1714 2887; x_wconf 91' lang='lat' dir='ltr'><strong>Pater</strong></span> <span class='ocrx_word' id='word_1_310' title='bbox 1736 2846 1905 2902; x_wconf 90' lang='lat' dir='ltr'><strong>genus</strong></span> <span class='ocrx_word' id='word_1_311' title='bbox 1941 2838 2181 2884; x_wconf 89' lang='lat' dir='ltr'><strong>nostrum</strong></span> 
     </span>
    </p>
   </div>
   <div class='ocr_carea' id='block_1_89' title="bbox 1352 2919 1973 2991">
    <p class='ocr_par' dir='ltr' id='par_1_89' title="bbox 1352 2919 1973 2991">
     <span class='ocr_line' id='line_1_89' title="bbox 1352 2919 1973 2991; baseline -0.008 -12"><span class='ocrx_word' id='word_1_312' title='bbox 1352 2923 1626 2979; x_wconf 86' lang='lat' dir='ltr'><strong>Retribuit</strong></span> <span class='ocrx_word' id='word_1_313' title='bbox 1647 2922 1763 2991; x_wconf 86' lang='lat' dir='ltr'><strong>ejus</strong></span> <span class='ocrx_word' id='word_1_314' title='bbox 1790 2919 1973 2975; x_wconf 91' lang='lat' dir='ltr'><strong>morti.</strong></span> 
     </span>
    </p>
   </div>
   <div class='ocr_carea' id='block_1_90' title="bbox 1528 3010 2176 3071">
    <p class='ocr_par' dir='ltr' id='par_1_90' title="bbox 1528 3010 2176 3071">
     <span class='ocr_line' id='line_1_90' title="bbox 1528 3010 2176 3071; baseline -0.011 -3"><span class='ocrx_word' id='word_1_315' title='bbox 1528 3013 1679 3068; x_wconf 83' lang='lat' dir='ltr'><strong>Educ</strong></span> <span class='ocrx_word' id='word_1_316' title='bbox 1700 3014 1764 3068; x_wconf 89' lang='lat' dir='ltr'><strong>de</strong></span> <span class='ocrx_word' id='word_1_317' title='bbox 1784 3010 2039 3071; x_wconf 88' lang='lat' dir='ltr'><strong>custodia,</strong></span> <span class='ocrx_word' id='word_1_318' title='bbox 2070 3018 2176 3065; x_wconf 88' lang='lat' dir='ltr'><strong>etc.</strong></span> 
     </span>
    </p>
   </div>
   <div class='ocr_carea' id='block_1_91' title="bbox 1419 3102 2158 3173">
    <p class='ocr_par' dir='ltr' id='par_1_91' title="bbox 1419 3102 2158 3173">
     <span class='ocr_line' id='line_1_91' title="bbox 1419 3102 2158 3173; baseline -0.011 -12"><span class='ocrx_word' id='word_1_319' title='bbox 1419 3107 1533 3161; x_wconf 85' lang='lat' dir='ltr'><strong>Ave</strong></span> <span class='ocrx_word' id='word_1_320' title='bbox 1563 3112 1736 3161; x_wconf 87' lang='lat' dir='ltr'><strong>mater</strong></span> <span class='ocrx_word' id='word_1_321' title='bbox 1765 3102 1926 3172; x_wconf 87' lang='lat' dir='ltr'><strong>hujus</strong></span> <span class='ocrx_word' id='word_1_322' title='bbox 1952 3108 2158 3173; x_wconf 86' lang='lat' dir='ltr'><strong>partus,</strong></span> 
     </span>
    </p>
   </div>
   <div class='ocr_carea' id='block_1_92' title="bbox 1351 3188 2049 3263">
    <p class='ocr_par' dir='ltr' id='par_1_92' title="bbox 1351 3188 2049 3263">
     <span class='ocr_line' id='line_1_92' title="bbox 1351 3188 2049 3263; baseline -0.007 -15"><span class='ocrx_word' id='word_1_323' title='bbox 1351 3193 1516 3263; x_wconf 91' lang='lat' dir='ltr'><strong>Cujus</strong></span> <span class='ocrx_word' id='word_1_324' title='bbox 1539 3207 1637 3247; x_wconf 91' lang='lat' dir='ltr'><strong>nos</strong></span> <span class='ocrx_word' id='word_1_325' title='bbox 1659 3190 1808 3245; x_wconf 92' lang='lat' dir='ltr'><strong>ducit</strong></span> <span class='ocrx_word' id='word_1_326' title='bbox 1828 3188 2049 3259; x_wconf 88' lang='lat' dir='ltr'><strong>spiritus</strong></span> 
     </span>
    </p>
   </div>
   <div class='ocr_carea' id='block_1_93' title="bbox 1351 3280 2030 3343">
    <p class='ocr_par' dir='ltr' id='par_1_93' title="bbox 1351 3280 2030 3343">
     <span class='ocr_line' id='line_1_93' title="bbox 1351 3280 2030 3343; baseline -0.01 -3"><span class='ocrx_word' id='word_1_327' title='bbox 1351 3285 1409 3340; x_wconf 92' lang='lat' dir='ltr'><strong>ln</strong></span> <span class='ocrx_word' id='word_1_328' title='bbox 1442 3293 1642 3339; x_wconf 88' lang='lat' dir='ltr'><strong>terram</strong></span> <span class='ocrx_word' id='word_1_329' title='bbox 1672 3280 2030 3343; x_wconf 86' lang='lat' dir='ltr'><strong>rectitudinis,</strong></span> 
     </span>
    </p>
   </div>
   <div class='ocr_carea' id='block_1_94' title="bbox 1355 3370 2047 3431">
    <p class='ocr_par' dir='ltr' id='par_1_94' title="bbox 1355 3370 2047 3431">
     <span class='ocr_line' id='line_1_94' title="bbox 1355 3370 2047 3431; baseline -0.009 -2"><span class='ocrx_word' id='word_1_330' title='bbox 1355 3374 1580 3431; x_wconf 87' lang='lat' dir='ltr'><strong>Terram</strong></span> <span class='ocrx_word' id='word_1_331' title='bbox 1607 3370 2047 3427; x_wconf 88' lang='lat' dir='ltr'><strong>resurrectionis.</strong></span> 
     </span>
    </p>
   </div>
   <div class='ocr_carea' id='block_1_95' title="bbox 1498 3462 2229 3534">
    <p class='ocr_par' dir='ltr' id='par_1_95' title="bbox 1498 3462 2229 3534">
     <span class='ocr_line' id='line_1_95' title="bbox 1498 3462 2229 3534; baseline -0.005 -16"><span class='ocrx_word' id='word_1_332' title='bbox 1498 3463 1729 3534; x_wconf 84' lang='lat' dir='ltr'><strong>Spiritus</strong></span> <span class='ocrx_word' id='word_1_333' title='bbox 1761 3471 1883 3517; x_wconf 87' lang='lat' dir='ltr'><strong>tuus</strong></span> <span class='ocrx_word' id='word_1_334' title='bbox 1913 3462 2098 3525; x_wconf 88' lang='lat' dir='ltr'><strong>bonus,</strong></span> <span class='ocrx_word' id='word_1_335' title='bbox 2123 3467 2229 3515; x_wconf 89' lang='lat' dir='ltr'><strong>etc.</strong></span> 
     </span>
    </p>
   </div>
   <div class='ocr_carea' id='block_1_96' title="bbox 1428 3552 2177 3622">
    <p class='ocr_par' dir='ltr' id='par_1_96' title="bbox 1428 3552 2177 3622">
     <span class='ocr_line' id='line_1_96' title="bbox 1428 3552 2177 3622; baseline -0.004 -14"><span class='ocrx_word' id='word_1_336' title='bbox 1428 3554 1539 3609; x_wconf 89' lang='lat' dir='ltr'><strong>Ave</strong></span> <span class='ocrx_word' id='word_1_337' title='bbox 1566 3563 1762 3619; x_wconf 91' lang='lat' dir='ltr'><strong>mater,</strong></span> <span class='ocrx_word' id='word_1_338' title='bbox 1786 3552 1940 3622; x_wconf 91' lang='lat' dir='ltr'><strong>cujus</strong></span> <span class='ocrx_word' id='word_1_339' title='bbox 1968 3559 2177 3621; x_wconf 88' lang='lat' dir='ltr'><strong>partus,</strong></span> 
     </span>
    </p>
   </div>
   <div class='ocr_carea' id='block_1_97' title="bbox 1357 3642 2085 3714">
    <p class='ocr_par' dir='ltr' id='par_1_97' title="bbox 1357 3642 2085 3714">
     <span class='ocr_line' id='line_1_97' title="bbox 1357 3642 2085 3714; baseline 0 -17"><span class='ocrx_word' id='word_1_340' title='bbox 1357 3643 1493 3698; x_wconf 92' lang='lat' dir='ltr'><strong>Dum</strong></span> <span class='ocrx_word' id='word_1_341' title='bbox 1520 3644 1750 3700; x_wconf 90' lang='lat' dir='ltr'><strong>virtutes</strong></span> <span class='ocrx_word' id='word_1_342' title='bbox 1774 3642 2085 3714; x_wconf 81' lang='lat' dir='ltr'><strong>fulguravit,</strong></span> 
     </span>
    </p>
   </div>
   <div class='ocr_carea' id='block_1_98' title="bbox 1356 3738 1965 3812">
    <p class='ocr_par' dir='ltr' id='par_1_98' title="bbox 1356 3738 1965 3812">
     <span class='ocr_line' id='line_1_98' title="bbox 1356 3738 1965 3812; baseline -0.002 -17"><span class='ocrx_word' id='word_1_343' title='bbox 1356 3738 1607 3797; x_wconf 88' lang='lat' dir='ltr'><strong>lnﬁdeles</strong></span> <span class='ocrx_word' id='word_1_344' title='bbox 1628 3740 1965 3812; x_wconf 87' lang='lat' dir='ltr'><strong>principatus</strong></span> 
     </span>
    </p>
   </div>
   <div class='ocr_carea' id='block_1_99' title="bbox 1358 3838 2004 3909">
    <p class='ocr_par' dir='ltr' id='par_1_99' title="bbox 1358 3838 2004 3909">
     <span class='ocr_line' id='line_1_99' title="bbox 1358 3838 2004 3909; baseline -0.005 -15"><span class='ocrx_word' id='word_1_345' title='bbox 1358 3838 1465 3894; x_wconf 84' lang='lat' dir='ltr'><strong>Sua</strong></span> <span class='ocrx_word' id='word_1_346' title='bbox 1497 3848 1674 3895; x_wconf 90' lang='lat' dir='ltr'><strong>morte</strong></span> <span class='ocrx_word' id='word_1_347' title='bbox 1703 3839 2004 3909; x_wconf 83' lang='lat' dir='ltr'><strong>dissipavit.</strong></span> 
     </span>
    </p>
   </div>
   <div class='ocr_carea' id='block_1_100' title="bbox 1644 3927 2036 4000">
    <p class='ocr_par' dir='ltr' id='par_1_100' title="bbox 1644 3927 2036 4000">
     <span class='ocr_line' id='line_1_100' title="bbox 1644 3927 2036 4000; baseline -0.008 -18"><span class='ocrx_word' id='word_1_348' title='bbox 1644 3927 1903 4000; x_wconf 83' lang='lat' dir='ltr'><strong>Fulgura,</strong></span> <span class='ocrx_word' id='word_1_349' title='bbox 1932 3936 2036 3984; x_wconf 86' lang='lat' dir='ltr'><strong>etc.</strong></span> 
     </span>
    </p>
   </div>
   <div class='ocr_carea' id='block_1_101' title="bbox 1431 4020 2155 4091">
    <p class='ocr_par' dir='ltr' id='par_1_101' title="bbox 1431 4020 2155 4091">
     <span class='ocr_line' id='line_1_101' title="bbox 1431 4020 2155 4091; baseline -0.004 -15"><span class='ocrx_word' id='word_1_350' title='bbox 1431 4020 1541 4076; x_wconf 86' lang='lat' dir='ltr'><strong>Ave</strong></span> <span class='ocrx_word' id='word_1_351' title='bbox 1566 4029 1758 4085; x_wconf 87' lang='lat' dir='ltr'><strong>mater,</strong></span> <span class='ocrx_word' id='word_1_352' title='bbox 1785 4020 1941 4091; x_wconf 92' lang='lat' dir='ltr'><strong>cujus</strong></span> <span class='ocrx_word' id='word_1_353' title='bbox 1966 4026 2155 4089; x_wconf 87' lang='lat' dir='ltr'><strong>partus</strong></span> 
     </span>
    </p>
   </div>
   <div class='ocr_carea' id='block_1_102' title="bbox 1357 4110 2089 4177">
    <p class='ocr_par' dir='ltr' id='par_1_102' title="bbox 1357 4110 2089 4177">
     <span class='ocr_line' id='line_1_102' title="bbox 1357 4110 2089 4177; baseline -0.004 -9"><span class='ocrx_word' id='word_1_354' title='bbox 1357 4110 1665 4168; x_wconf 87' lang='lat' dir='ltr'><strong>Laudabilis</strong></span> <span class='ocrx_word' id='word_1_355' title='bbox 1689 4120 1772 4167; x_wconf 92' lang='lat' dir='ltr'><strong>est</strong></span> <span class='ocrx_word' id='word_1_356' title='bbox 1799 4111 2089 4177; x_wconf 76' lang='lat' dir='ltr'><strong>Dominus,</strong></span> 
     </span>
    </p>
   </div>
   <div class='ocr_carea' id='block_1_103' title="bbox 1358 4202 1983 4276">
    <p class='ocr_par' dir='ltr' id='par_1_103' title="bbox 1358 4202 1983 4276">
     <span class='ocr_line' id='line_1_103' title="bbox 1358 4202 1983 4276; baseline -0.005 -15"><span class='ocrx_word' id='word_1_357' title='bbox 1358 4206 1425 4261; x_wconf 88' lang='lat' dir='ltr'><strong>Et</strong></span> <span class='ocrx_word' id='word_1_358' title='bbox 1451 4204 1838 4276; x_wconf 83' lang='lat' dir='ltr'><strong>magnitudinis</strong></span> <span class='ocrx_word' id='word_1_359' title='bbox 1857 4202 1983 4272; x_wconf 25' lang='lat' dir='ltr'><strong>ejus.</strong></span> 
     </span>
    </p>
   </div>
   <div class='ocr_carea' id='block_1_104' title="bbox 1358 4296 2177 4356">
    <p class='ocr_par' dir='ltr' id='par_1_104' title="bbox 1358 4296 2177 4356">
     <span class='ocr_line' id='line_1_104' title="bbox 1358 4296 2177 4356; baseline -0.004 -2"><span class='ocrx_word' id='word_1_360' title='bbox 1358 4299 1477 4356; x_wconf 86' lang='lat' dir='ltr'><strong>Non</strong></span> <span class='ocrx_word' id='word_1_361' title='bbox 1505 4307 1588 4354; x_wconf 91' lang='lat' dir='ltr'><strong>est</strong></span> <span class='ocrx_word' id='word_1_362' title='bbox 1616 4297 1739 4353; x_wconf 90' lang='lat' dir='ltr'><strong>ﬁnis</strong></span> <span class='ocrx_word' id='word_1_363' title='bbox 1769 4311 1869 4352; x_wconf 89' lang='lat' dir='ltr'><strong>nec</strong></span> <span class='ocrx_word' id='word_1_364' title='bbox 1897 4296 2177 4351; x_wconf 88' lang='lat' dir='ltr'><strong>terminus.</strong></span> 
     </span>
    </p>
   </div>
   <div class='ocr_carea' id='block_1_105' title="bbox 1500 4388 2162 4461">
    <p class='ocr_par' dir='ltr' id='par_1_105' title="bbox 1500 4388 2162 4461">
     <span class='ocr_line' id='line_1_105' title="bbox 1500 4388 2162 4461; baseline -0.008 -15"><span class='ocrx_word' id='word_1_365' title='bbox 1500 4390 1729 4461; x_wconf 77' lang='lat' dir='ltr'><strong>Magnus</strong></span> <span class='ocrx_word' id='word_1_366' title='bbox 1751 4388 2024 4452; x_wconf 85' lang='lat' dir='ltr'><strong>Dominus,</strong></span> <span class='ocrx_word' id='word_1_367' title='bbox 2055 4396 2162 4442; x_wconf 90' lang='lat' dir='ltr'><strong>etc.</strong></span> 
     </span>
    </p>
   </div>
   <div class='ocr_carea' id='block_1_106' title="bbox 1431 4478 2145 4547">
    <p class='ocr_par' dir='ltr' id='par_1_106' title="bbox 1431 4478 2145 4547">
     <span class='ocr_line' id='line_1_106' title="bbox 1431 4478 2145 4547; baseline -0.008 -10"><span class='ocrx_word' id='word_1_368' title='bbox 1431 4483 1543 4538; x_wconf 90' lang='lat' dir='ltr'><strong>Ave</strong></span> <span class='ocrx_word' id='word_1_369' title='bbox 1570 4489 1761 4546; x_wconf 89' lang='lat' dir='ltr'><strong>mater,</strong></span> <span class='ocrx_word' id='word_1_370' title='bbox 1787 4478 1940 4547; x_wconf 90' lang='lat' dir='ltr'><strong>cujus</strong></span> <span class='ocrx_word' id='word_1_371' title='bbox 1962 4487 2145 4547; x_wconf 85' lang='lat' dir='ltr'><strong>partus</strong></span> 
     </span>
    </p>
   </div>
   <div class='ocr_carea' id='block_1_107' title="bbox 1360 4569 2075 4642">
    <p class='ocr_par' dir='ltr' id='par_1_107' title="bbox 1360 4569 2075 4642">
     <span class='ocr_line' id='line_1_107' title="bbox 1360 4569 2075 4642; baseline -0.008 -13"><span class='ocrx_word' id='word_1_372' title='bbox 1360 4576 1499 4633; x_wconf 89' lang='lat' dir='ltr'><strong>Vere</strong></span> <span class='ocrx_word' id='word_1_373' title='bbox 1525 4574 1684 4631; x_wconf 83' lang='lat' dir='ltr'><strong>solvit</strong></span> <span class='ocrx_word' id='word_1_374' title='bbox 1712 4569 2075 4642; x_wconf 90' lang='lat' dir='ltr'><strong>compeditos;</strong></span> 
     </span>
    </p>
   </div>
   <div class='ocr_carea' id='block_1_108' title="bbox 1358 4661 1951 4735">
    <p class='ocr_par' dir='ltr' id='par_1_108' title="bbox 1358 4661 1951 4735">
     <span class='ocr_line' id='line_1_108' title="bbox 1358 4661 1951 4735; baseline -0.008 -15"><span class='ocrx_word' id='word_1_375' title='bbox 1358 4668 1494 4735; x_wconf 86' lang='lat' dir='ltr'><strong>Quia</strong></span> <span class='ocrx_word' id='word_1_376' title='bbox 1522 4666 1634 4723; x_wconf 89' lang='lat' dir='ltr'><strong>sola</strong></span> <span class='ocrx_word' id='word_1_377' title='bbox 1666 4665 1798 4720; x_wconf 89' lang='lat' dir='ltr'><strong>ﬁdes</strong></span> <span class='ocrx_word' id='word_1_378' title='bbox 1829 4661 1951 4731; x_wconf 89' lang='lat' dir='ltr'><strong>ejus</strong></span> 
     </span>
    </p>
   </div>
   <div class='ocr_carea' id='block_1_109' title="bbox 1358 4758 2051 4813">
    <p class='ocr_par' dir='ltr' id='par_1_109' title="bbox 1358 4758 2051 4813">
     <span class='ocr_line' id='line_1_109' title="bbox 1358 4758 2051 4813; baseline -0.009 -1"><span class='ocrx_word' id='word_1_379' title='bbox 1358 4758 1629 4813; x_wconf 84' lang='lat' dir='ltr'><strong>illuminat</strong></span> <span class='ocrx_word' id='word_1_380' title='bbox 1650 4762 1830 4811; x_wconf 90' lang='lat' dir='ltr'><strong>mente</strong></span> <span class='ocrx_word' id='word_1_381' title='bbox 1857 4767 2051 4810; x_wconf 72' lang='lat' dir='ltr'><strong>amcos.</strong></span> 
     </span>
    </p>
   </div>
   <div class='ocr_carea' id='block_1_110' title="bbox 1504 4846 2090 4912">
    <p class='ocr_par' dir='ltr' id='par_1_110' title="bbox 1504 4846 2090 4912">
     <span class='ocr_line' id='line_1_110' title="bbox 1504 4846 2090 4912; baseline -0.01 -9"><span class='ocrx_word' id='word_1_382' title='bbox 1504 4849 1756 4903; x_wconf 80' lang='lat' dir='ltr'><strong>Dominus</strong></span> <span class='ocrx_word' id='word_1_383' title='bbox 1784 4846 1961 4912; x_wconf 85' lang='lat' dir='ltr'><strong>solvit,</strong></span> <span class='ocrx_word' id='word_1_384' title='bbox 1983 4854 2090 4902; x_wconf 91' lang='lat' dir='ltr'><strong>etc.</strong></span> 
     </span>
    </p>
   </div>
   <div class='ocr_carea' id='block_1_111' title="bbox 1430 4935 2184 5004">
    <p class='ocr_par' dir='ltr' id='par_1_111' title="bbox 1430 4935 2184 5004">
     <span class='ocr_line' id='line_1_111' title="bbox 1430 4935 2184 5004; baseline -0.007 -11"><span class='ocrx_word' id='word_1_385' title='bbox 1430 4938 1543 4994; x_wconf 87' lang='lat' dir='ltr'><strong>Ave</strong></span> <span class='ocrx_word' id='word_1_386' title='bbox 1572 4945 1765 5001; x_wconf 91' lang='lat' dir='ltr'><strong>mater,</strong></span> <span class='ocrx_word' id='word_1_387' title='bbox 1810 4935 1967 5004; x_wconf 91' lang='lat' dir='ltr'><strong>cujus</strong></span> <span class='ocrx_word' id='word_1_388' title='bbox 1995 4941 2184 5003; x_wconf 88' lang='lat' dir='ltr'><strong>partus</strong></span> 
     </span>
    </p>
   </div>
   <div class='ocr_carea' id='block_1_112' title="bbox 1363 5026 2010 5091">
    <p class='ocr_par' dir='ltr' id='par_1_112' title="bbox 1363 5026 2010 5091">
     <span class='ocr_line' id='line_1_112' title="bbox 1363 5026 2010 5091; baseline -0.009 -5"><span class='ocrx_word' id='word_1_389' title='bbox 1363 5028 1613 5086; x_wconf 73' lang='lat' dir='ltr'><strong>lEdiﬁeat</strong></span> <span class='ocrx_word' id='word_1_390' title='bbox 1639 5026 2010 5091; x_wconf 83' lang='lat' dir='ltr'><strong>Hierusalem;</strong></span> 
     </span>
    </p>
   </div>
   <div class='ocr_carea' id='block_1_113' title="bbox 1364 5115 2185 5186">
    <p class='ocr_par' dir='ltr' id='par_1_113' title="bbox 1364 5115 2185 5186">
     <span class='ocr_line' id='line_1_113' title="bbox 1364 5115 2185 5186; baseline -0.004 -12"><span class='ocrx_word' id='word_1_391' title='bbox 1364 5117 1494 5175; x_wconf 92' lang='lat' dir='ltr'><strong>Dum</strong></span> <span class='ocrx_word' id='word_1_392' title='bbox 1520 5118 1820 5174; x_wconf 84' lang='lat' dir='ltr'><strong>clementer</strong></span> <span class='ocrx_word' id='word_1_393' title='bbox 1846 5132 1945 5172; x_wconf 92' lang='lat' dir='ltr'><strong>nos</strong></span> <span class='ocrx_word' id='word_1_394' title='bbox 1969 5116 2037 5173; x_wconf 89' lang='lat' dir='ltr'><strong>ad</strong></span> <span class='ocrx_word' id='word_1_395' title='bbox 2063 5115 2185 5186; x_wconf 86' lang='lat' dir='ltr'><strong>ejus</strong></span> 
     </span>
    </p>
   </div>
   <div class='ocr_carea' id='block_1_114' title="bbox 1359 5209 1949 5268">
    <p class='ocr_par' dir='ltr' id='par_1_114' title="bbox 1359 5209 1949 5268">
     <span class='ocr_line' id='line_1_114' title="bbox 1359 5209 1949 5268; baseline -0.008 -1"><span class='ocrx_word' id='word_1_396' title='bbox 1359 5211 1635 5268; x_wconf 87' lang='lat' dir='ltr'><strong>Coadunat</strong></span> <span class='ocrx_word' id='word_1_397' title='bbox 1665 5209 1949 5263; x_wconf 90' lang='lat' dir='ltr'><strong>visionem.</strong></span> 
     </span>
    </p>
   </div>
   <div class='ocr_carea' id='block_1_115' title="bbox 1536 5302 1995 5371">
    <p class='ocr_par' dir='ltr' id='par_1_115' title="bbox 1536 5302 1995 5371">
     <span class='ocr_line' id='line_1_115' title="bbox 1536 5302 1995 5371; baseline -0.011 -12"><span class='ocrx_word' id='word_1_398' title='bbox 1536 5302 1860 5371; x_wconf 54' lang='lat' dir='ltr'><strong>ﬁdi/imus,</strong></span> <span class='ocrx_word' id='word_1_399' title='bbox 1889 5310 1995 5355; x_wconf 87' lang='lat' dir='ltr'><strong>etc.</strong></span> 
     </span>
    </p>
   </div>
   <div class='ocr_carea' id='block_1_116' title="bbox 1432 5390 2194 5460">
    <p class='ocr_par' dir='ltr' id='par_1_116' title="bbox 1432 5390 2194 5460">
     <span class='ocr_line' id='line_1_116' title="bbox 1432 5390 2194 5460; baseline -0.004 -13"><span class='ocrx_word' id='word_1_400' title='bbox 1432 5395 1544 5449; x_wconf 90' lang='lat' dir='ltr'><strong>Ave</strong></span> <span class='ocrx_word' id='word_1_401' title='bbox 1574 5403 1766 5460; x_wconf 91' lang='lat' dir='ltr'><strong>mater,</strong></span> <span class='ocrx_word' id='word_1_402' title='bbox 1799 5390 1954 5460; x_wconf 86' lang='lat' dir='ltr'><strong>cujus</strong></span> <span class='ocrx_word' id='word_1_403' title='bbox 1981 5398 2194 5460; x_wconf 83' lang='lat' dir='ltr'><strong>partum</strong></span> 
     </span>
    </p>
   </div>
   <div class='ocr_carea' id='block_1_117' title="bbox 1361 5478 2061 5546">
    <p class='ocr_par' dir='ltr' id='par_1_117' title="bbox 1361 5478 2061 5546">
     <span class='ocr_line' id='line_1_117' title="bbox 1361 5478 2061 5546; baseline -0.009 -7"><span class='ocrx_word' id='word_1_404' title='bbox 1361 5482 1569 5539; x_wconf 87' lang='lat' dir='ltr'><strong>Laudat</strong></span> <span class='ocrx_word' id='word_1_405' title='bbox 1591 5483 1681 5538; x_wconf 91' lang='lat' dir='ltr'><strong>illa</strong></span> <span class='ocrx_word' id='word_1_406' title='bbox 1705 5478 2061 5546; x_wconf 85' lang='lat' dir='ltr'><strong>Hierusalem,</strong></span> 
     </span>
    </p>
   </div>
   <div class='ocr_carea' id='block_1_118' title="bbox 1365 5574 2080 5647">
    <p class='ocr_par' dir='ltr' id='par_1_118' title="bbox 1365 5574 2080 5647">
     <span class='ocr_line' id='line_1_118' title="bbox 1365 5574 2080 5647; baseline -0.01 -15"><span class='ocrx_word' id='word_1_407' title='bbox 1365 5576 1433 5632; x_wconf 83' lang='lat' dir='ltr'><strong>Et</strong></span> <span class='ocrx_word' id='word_1_408' title='bbox 1468 5577 1704 5647; x_wconf 89' lang='lat' dir='ltr'><strong>suspirat</strong></span> <span class='ocrx_word' id='word_1_409' title='bbox 1728 5574 1781 5630; x_wconf 94' lang='lat' dir='ltr'><strong>in</strong></span> <span class='ocrx_word' id='word_1_410' title='bbox 1815 5582 2080 5629; x_wconf 57' lang='lat' dir='ltr'><strong>aeternum</strong></span> 
     </span>
    </p>
   </div>
   <div class='ocr_carea' id='block_1_119' title="bbox 1367 5663 2120 5739">
    <p class='ocr_par' dir='ltr' id='par_1_119' title="bbox 1367 5663 2120 5739">
     <span class='ocr_line' id='line_1_119' title="bbox 1367 5663 2120 5739; baseline -0.008 -18"><span class='ocrx_word' id='word_1_411' title='bbox 1367 5666 1531 5739; x_wconf 91' lang='lat' dir='ltr'><strong>Cujus</strong></span> <span class='ocrx_word' id='word_1_412' title='bbox 1568 5666 1701 5722; x_wconf 90' lang='lat' dir='ltr'><strong>ﬁnes</strong></span> <span class='ocrx_word' id='word_1_413' title='bbox 1729 5663 1877 5719; x_wconf 87' lang='lat' dir='ltr'><strong>dedit</strong></span> <span class='ocrx_word' id='word_1_414' title='bbox 1912 5674 2120 5732; x_wconf 85' lang='lat' dir='ltr'><strong>pacem.</strong></span> 
     </span>
    </p>
   </div>
   <div class='ocr_carea' id='block_1_120' title="bbox 1509 5758 2117 5837">
    <p class='ocr_par' dir='ltr' id='par_1_120' title="bbox 1509 5758 2117 5837">
     <span class='ocr_line' id='line_1_120' title="bbox 1509 5758 2117 5837; baseline -0.002 -24"><span class='ocrx_word' id='word_1_415' title='bbox 1509 5758 1614 5837; x_wconf 26' lang='lat' dir='ltr'><strong>Qﬂui</strong></span> <span class='ocrx_word' id='word_1_416' title='bbox 1636 5761 1805 5830; x_wconf 77' lang='lat' dir='ltr'><strong>posuit</strong></span> <span class='ocrx_word' id='word_1_417' title='bbox 1833 5760 1986 5831; x_wconf 72' lang='lat' dir='ltr'><strong>fines,</strong></span> <span class='ocrx_word' id='word_1_418' title='bbox 2016 5768 2117 5814; x_wconf 89' lang='lat' dir='ltr'><strong>etc.</strong></span> 
     </span>
    </p>
   </div>
   <div class='ocr_carea' id='block_1_121' title="bbox 3334 330 3479 390">
    <p class='ocr_par' dir='ltr' id='par_1_121' title="bbox 3334 330 3479 390">
     <span class='ocr_line' id='line_1_121' title="bbox 3334 330 3479 390; baseline -0.014 -1"><span class='ocrx_word' id='word_1_419' title='bbox 3334 330 3479 390; x_wconf 68' lang='grc'><strong>1016</strong></span> 
     </span>
    </p>
   </div>
   <div class='ocr_carea' id='block_1_122' title="bbox 2506 463 3220 528">
    <p class='ocr_par' dir='ltr' id='par_1_122' title="bbox 2506 463 3220 528">
     <span class='ocr_line' id='line_1_122' title="bbox 2506 463 3220 528; baseline -0.014 -8"><span class='ocrx_word' id='word_1_420' title='bbox 2506 463 2619 521; x_wconf 88' lang='lat' dir='ltr'><strong>Ave</strong></span> <span class='ocrx_word' id='word_1_421' title='bbox 2645 470 2844 526; x_wconf 86' lang='lat' dir='ltr'><strong>mater,</strong></span> <span class='ocrx_word' id='word_1_422' title='bbox 2881 473 3035 528; x_wconf 84' lang='lat' dir='ltr'><strong>cujus</strong></span> <span class='ocrx_word' id='word_1_423' title='bbox 3063 473 3220 528; x_wconf 70' lang='lat' dir='ltr'><strong>penu</strong></span> 
     </span>
    </p>
   </div>
   <div class='ocr_carea' id='block_1_123' title="bbox 2436 551 2944 622">
    <p class='ocr_par' dir='ltr' id='par_1_123' title="bbox 2436 551 2944 622">
     <span class='ocr_line' id='line_1_123' title="bbox 2436 551 2944 622; baseline -0.02 -8"><span class='ocrx_word' id='word_1_424' title='bbox 2436 559 2516 614; x_wconf 79' lang='lat' dir='ltr'><strong>Ex</strong></span> <span class='ocrx_word' id='word_1_425' title='bbox 2537 557 2718 614; x_wconf 87' lang='lat' dir='ltr'><strong>debita</strong></span> <span class='ocrx_word' id='word_1_426' title='bbox 2735 551 2944 622; x_wconf 79' lang='lat' dir='ltr'><strong>iustitia</strong></span> 
     </span>
    </p>
   </div>
   <div class='ocr_carea' id='block_1_124' title="bbox 2438 638 3218 711">
    <p class='ocr_par' dir='ltr' id='par_1_124' title="bbox 2438 638 3218 711">
     <span class='ocr_line' id='line_1_124' title="bbox 2438 638 3218 711; baseline -0.015 -8"><span class='ocrx_word' id='word_1_427' title='bbox 2438 648 2685 703; x_wconf 81' lang='lat' dir='ltr'><strong>Laudant</strong></span> <span class='ocrx_word' id='word_1_428' title='bbox 2710 645 2857 701; x_wconf 89' lang='lat' dir='ltr'><strong>cives</strong></span> <span class='ocrx_word' id='word_1_429' title='bbox 2880 638 3218 711; x_wconf 89' lang='lat' dir='ltr'><strong>angelorum,</strong></span> 
     </span>
    </p>
   </div>
   <div class='ocr_carea' id='block_1_125' title="bbox 2439 734 3127 795">
    <p class='ocr_par' dir='ltr' id='par_1_125' title="bbox 2439 734 3127 795">
     <span class='ocr_line' id='line_1_125' title="bbox 2439 734 3127 795; baseline -0.019 0"><span class='ocrx_word' id='word_1_430' title='bbox 2439 739 2643 795; x_wconf 86' lang='lat' dir='ltr'><strong>Laudat</strong></span> <span class='ocrx_word' id='word_1_431' title='bbox 2662 734 2838 792; x_wconf 87' lang='lat' dir='ltr'><strong>omnis</strong></span> <span class='ocrx_word' id='word_1_432' title='bbox 2859 740 3127 789; x_wconf 89' lang='lat' dir='ltr'><strong>creatura.</strong></span> 
     </span>
    </p>
   </div>
   <div class='ocr_carea' id='block_1_126' title="bbox 2440 817 3375 889">
    <p class='ocr_par' dir='ltr' id='par_1_126' title="bbox 2440 817 3375 889">
     <span class='ocr_line' id='line_1_126' title="bbox 2440 817 3375 889; baseline -0.018 -4"><span class='ocrx_word' id='word_1_433' title='bbox 2440 828 2677 884; x_wconf 84' lang='lat' dir='ltr'><strong>Laudate</strong></span> <span class='ocrx_word' id='word_1_434' title='bbox 2696 841 2816 880; x_wconf 88' lang='lat' dir='ltr'><strong>eum</strong></span> <span class='ocrx_word' id='word_1_435' title='bbox 2836 837 3013 877; x_wconf 87' lang='lat' dir='ltr'><strong>omnes</strong></span> <span class='ocrx_word' id='word_1_436' title='bbox 3037 817 3230 889; x_wconf 86' lang='lat' dir='ltr'><strong>angeli,</strong></span> <span class='ocrx_word' id='word_1_437' title='bbox 3272 824 3375 871; x_wconf 88' lang='lat' dir='ltr'><strong>etc.</strong></span> 
     </span>
    </p>
   </div>
   <div class='ocr_carea' id='block_1_127' title="bbox 2513 910 3050 983">
    <p class='ocr_par' dir='ltr' id='par_1_127' title="bbox 2513 910 3050 983">
     <span class='ocr_line' id='line_1_127' title="bbox 2513 910 3050 983; baseline -0.019 -10"><span class='ocrx_word' id='word_1_438' title='bbox 2513 919 2646 983; x_wconf 87' lang='lat' dir='ltr'><strong>Ave,</strong></span> <span class='ocrx_word' id='word_1_439' title='bbox 2669 916 2734 970; x_wconf 91' lang='lat' dir='ltr'><strong>de</strong></span> <span class='ocrx_word' id='word_1_440' title='bbox 2758 912 2911 981; x_wconf 92' lang='lat' dir='ltr'><strong>cujus</strong></span> <span class='ocrx_word' id='word_1_441' title='bbox 2939 910 3050 964; x_wconf 91' lang='lat' dir='ltr'><strong>ﬁlio</strong></span> 
     </span>
    </p>
   </div>
   <div class='ocr_carea' id='block_1_128' title="bbox 2443 1001 3073 1065">
    <p class='ocr_par' dir='ltr' id='par_1_128' title="bbox 2443 1001 3073 1065">
     <span class='ocr_line' id='line_1_128' title="bbox 2443 1001 3073 1065; baseline -0.017 0"><span class='ocrx_word' id='word_1_442' title='bbox 2443 1009 2573 1065; x_wconf 87' lang='lat' dir='ltr'><strong>Sion</strong></span> <span class='ocrx_word' id='word_1_443' title='bbox 2606 1004 2882 1063; x_wconf 82' lang='lat' dir='ltr'><strong>exsultant</strong></span> <span class='ocrx_word' id='word_1_444' title='bbox 2916 1001 3073 1065; x_wconf 77' lang='lat' dir='ltr'><strong>ﬁlize;</strong></span> 
     </span>
    </p>
   </div>
   <div class='ocr_carea' id='block_1_129' title="bbox 2443 1090 3125 1163">
    <p class='ocr_par' dir='ltr' id='par_1_129' title="bbox 2443 1090 3125 1163">
     <span class='ocr_line' id='line_1_129' title="bbox 2443 1090 3125 1163; baseline -0.013 -9"><span class='ocrx_word' id='word_1_445' title='bbox 2443 1099 2581 1154; x_wconf 90' lang='lat' dir='ltr'><strong>Dum</strong></span> <span class='ocrx_word' id='word_1_446' title='bbox 2608 1097 2675 1152; x_wconf 89' lang='lat' dir='ltr'><strong>de</strong></span> <span class='ocrx_word' id='word_1_447' title='bbox 2703 1093 2819 1163; x_wconf 89' lang='lat' dir='ltr'><strong>ejus</strong></span> <span class='ocrx_word' id='word_1_448' title='bbox 2848 1090 3125 1149; x_wconf 89' lang='lat' dir='ltr'><strong>consortio</strong></span> 
     </span>
    </p>
   </div>
   <div class='ocr_carea' id='block_1_130' title="bbox 2444 1180 3271 1256">
    <p class='ocr_par' dir='ltr' id='par_1_130' title="bbox 2444 1180 3271 1256">
     <span class='ocr_line' id='line_1_130' title="bbox 2444 1180 3271 1256; baseline -0.016 -11"><span class='ocrx_word' id='word_1_449' title='bbox 2444 1189 2769 1245; x_wconf 90' lang='lat' dir='ltr'><strong>Sanctorum</strong></span> <span class='ocrx_word' id='word_1_450' title='bbox 2798 1183 3034 1256; x_wconf 87' lang='lat' dir='ltr'><strong>gaudent</strong></span> <span class='ocrx_word' id='word_1_451' title='bbox 3056 1180 3271 1236; x_wconf 60' lang='lat' dir='ltr'><strong>animat.</strong></span> 
     </span>
    </p>
   </div>
   <div class='ocr_carea' id='block_1_131' title="bbox 2585 1272 3291 1337">
    <p class='ocr_par' dir='ltr' id='par_1_131' title="bbox 2585 1272 3291 1337">
     <span class='ocr_line' id='line_1_131' title="bbox 2585 1272 3291 1337; baseline -0.014 -4"><span class='ocrx_word' id='word_1_452' title='bbox 2585 1276 2942 1335; x_wconf 74' lang='lat' dir='ltr'><strong>Exsultabnnt</strong></span> <span class='ocrx_word' id='word_1_453' title='bbox 2967 1272 3157 1337; x_wconf 89' lang='lat' dir='ltr'><strong>sancti,</strong></span> <span class='ocrx_word' id='word_1_454' title='bbox 3183 1279 3291 1325; x_wconf 91' lang='lat' dir='ltr'><strong>etc.</strong></span> 
     </span>
    </p>
   </div>
   <div class='ocr_carea' id='block_1_132' title="bbox 2512 1364 3270 1434">
    <p class='ocr_par' dir='ltr' id='par_1_132' title="bbox 2512 1364 3270 1434">
     <span class='ocr_line' id='line_1_132' title="bbox 2512 1364 3270 1434; baseline -0.013 -9"><span class='ocrx_word' id='word_1_455' title='bbox 2512 1372 2626 1425; x_wconf 88' lang='lat' dir='ltr'><strong>Ave</strong></span> <span class='ocrx_word' id='word_1_456' title='bbox 2654 1376 2848 1433; x_wconf 88' lang='lat' dir='ltr'><strong>mater,</strong></span> <span class='ocrx_word' id='word_1_457' title='bbox 2878 1364 3033 1434; x_wconf 89' lang='lat' dir='ltr'><strong>cujus</strong></span> <span class='ocrx_word' id='word_1_458' title='bbox 3054 1370 3270 1432; x_wconf 89' lang='lat' dir='ltr'><strong>partum</strong></span> 
     </span>
    </p>
   </div>
   <div class='ocr_carea' id='block_1_133' title="bbox 2446 1457 3148 1533">
    <p class='ocr_par' dir='ltr' id='par_1_133' title="bbox 2446 1457 3148 1533">
     <span class='ocr_line' id='line_1_133' title="bbox 2446 1457 3148 1533; baseline -0.016 -15"><span class='ocrx_word' id='word_1_459' title='bbox 2446 1463 2502 1518; x_wconf 90' lang='lat' dir='ltr'><strong>ln</strong></span> <span class='ocrx_word' id='word_1_460' title='bbox 2530 1458 2800 1533; x_wconf 90' lang='lat' dir='ltr'><strong>tympanis</strong></span> <span class='ocrx_word' id='word_1_461' title='bbox 2831 1457 3148 1512; x_wconf 90' lang='lat' dir='ltr'><strong>meritorum</strong></span> 
     </span>
    </p>
   </div>
   <div class='ocr_carea' id='block_1_134' title="bbox 2447 1538 3213 1611">
    <p class='ocr_par' dir='ltr' id='par_1_134' title="bbox 2447 1538 3213 1611">
     <span class='ocr_line' id='line_1_134' title="bbox 2447 1538 3213 1611; baseline -0.02 -6"><span class='ocrx_word' id='word_1_462' title='bbox 2447 1547 2635 1604; x_wconf 89' lang='lat' dir='ltr'><strong>Sancti</strong></span> <span class='ocrx_word' id='word_1_463' title='bbox 2672 1544 2897 1600; x_wconf 87' lang='lat' dir='ltr'><strong>laudant</strong></span> <span class='ocrx_word' id='word_1_464' title='bbox 2925 1557 2990 1598; x_wconf 80' lang='lat' dir='ltr'><strong>ex</strong></span> <span class='ocrx_word' id='word_1_465' title='bbox 3020 1538 3213 1611; x_wconf 86' lang='lat' dir='ltr'><strong>gratia,</strong></span> 
     </span>
    </p>
   </div>
   <div class='ocr_carea' id='block_1_135' title="bbox 2448 1635 3014 1695">
    <p class='ocr_par' dir='ltr' id='par_1_135' title="bbox 2448 1635 3014 1695">
     <span class='ocr_line' id='line_1_135' title="bbox 2448 1635 3014 1695; baseline -0.018 0"><span class='ocrx_word' id='word_1_466' title='bbox 2448 1640 2836 1695; x_wconf 85' lang='lat' dir='ltr'><strong>Mortiﬁcantes</strong></span> <span class='ocrx_word' id='word_1_467' title='bbox 2860 1635 3014 1691; x_wconf 90' lang='lat' dir='ltr'><strong>vitia.</strong></span> 
     </span>
    </p>
   </div>
   <div class='ocr_carea' id='block_1_136' title="bbox 2450 1724 3486 1792">
    <p class='ocr_par' dir='ltr' id='par_1_136' title="bbox 2450 1724 3486 1792">
     <span class='ocr_line' id='line_1_136' title="bbox 2450 1724 3486 1792; baseline -0.014 -9"><span class='ocrx_word' id='word_1_468' title='bbox 2450 1728 2686 1783; x_wconf 86' lang='lat' dir='ltr'><strong>Laudate</strong></span> <span class='ocrx_word' id='word_1_469' title='bbox 2711 1725 2992 1780; x_wconf 88' lang='lat' dir='ltr'><strong>Dominum</strong></span> <span class='ocrx_word' id='word_1_470' title='bbox 3014 1724 3067 1777; x_wconf 91' lang='lat' dir='ltr'><strong>in</strong></span> <span class='ocrx_word' id='word_1_471' title='bbox 3087 1732 3356 1792; x_wconf 78' lang='lat' dir='ltr'><strong>tympano,</strong></span> <span class='ocrx_word' id='word_1_472' title='bbox 3377 1725 3486 1772; x_wconf 89' lang='lat' dir='ltr'><strong>etc.</strong></span> 
     </span>
    </p>
   </div>
   <div class='ocr_carea' id='block_1_137' title="bbox 2586 1841 3341 1890">
    <p class='ocr_par' dir='ltr' id='par_1_137' title="bbox 2586 1841 3341 1890">
     <span class='ocr_line' id='line_1_137' title="bbox 2586 1841 3341 1890; baseline -0.015 0"><span class='ocrx_word' id='word_1_473' title='bbox 2586 1848 2874 1890; x_wconf 72' lang='lat' dir='ltr'><strong>CONCLUSIO</strong></span> <span class='ocrx_word' id='word_1_474' title='bbox 2910 1841 3341 1886; x_wconf 73' lang='lat' dir='ltr'><strong>SALUTATIONUI.</strong></span> 
     </span>
    </p>
   </div>
   <div class='ocr_carea' id='block_1_138' title="bbox 2523 1923 3216 1999">
    <p class='ocr_par' dir='ltr' id='par_1_138' title="bbox 2523 1923 3216 1999">
     <span class='ocr_line' id='line_1_138' title="bbox 2523 1923 3216 1999; baseline -0.01 -17"><span class='ocrx_word' id='word_1_475' title='bbox 2523 1928 2634 1983; x_wconf 87' lang='lat' dir='ltr'><strong>Ave</strong></span> <span class='ocrx_word' id='word_1_476' title='bbox 2664 1940 2875 1999; x_wconf 90' lang='lat' dir='ltr'><strong>gemma</strong></span> <span class='ocrx_word' id='word_1_477' title='bbox 2905 1923 3216 1995; x_wconf 85' lang='lat' dir='ltr'><strong>singularis,</strong></span> 
     </span>
    </p>
   </div>
   <div class='ocr_carea' id='block_1_139' title="bbox 2452 2013 3176 2088">
    <p class='ocr_par' dir='ltr' id='par_1_139' title="bbox 2452 2013 3176 2088">
     <span class='ocr_line' id='line_1_139' title="bbox 2452 2013 3176 2088; baseline -0.008 -15"><span class='ocrx_word' id='word_1_478' title='bbox 2452 2017 2667 2074; x_wconf 90' lang='lat' dir='ltr'><strong>llabeus</strong></span> <span class='ocrx_word' id='word_1_479' title='bbox 2689 2018 2888 2088; x_wconf 82' lang='lat' dir='ltr'><strong>scripta</strong></span> <span class='ocrx_word' id='word_1_480' title='bbox 2916 2013 3176 2086; x_wconf 86' lang='lat' dir='ltr'><strong>mysteria</strong></span> 
     </span>
    </p>
   </div>
   <div class='ocr_carea' id='block_1_140' title="bbox 2450 2106 3033 2166">
    <p class='ocr_par' dir='ltr' id='par_1_140' title="bbox 2450 2106 3033 2166">
     <span class='ocr_line' id='line_1_140' title="bbox 2450 2106 3033 2166; baseline -0.009 -1"><span class='ocrx_word' id='word_1_481' title='bbox 2450 2109 2507 2165; x_wconf 93' lang='lat' dir='ltr'><strong>ln</strong></span> <span class='ocrx_word' id='word_1_482' title='bbox 2537 2108 2727 2166; x_wconf 67' lang='lat' dir='ltr'><strong>aeterni</strong></span> <span class='ocrx_word' id='word_1_483' title='bbox 2753 2106 3033 2164; x_wconf 84' lang='lat' dir='ltr'><strong>Pontiﬁcis</strong></span> 
     </span>
    </p>
   </div>
   <div class='ocr_carea' id='block_1_141' title="bbox 2452 2202 2961 2273">
    <p class='ocr_par' dir='ltr' id='par_1_141' title="bbox 2452 2202 2961 2273">
     <span class='ocr_line' id='line_1_141' title="bbox 2452 2202 2961 2273; baseline -0.014 -12"><span class='ocrx_word' id='word_1_484' title='bbox 2452 2202 2726 2263; x_wconf 90' lang='lat' dir='ltr'><strong>Rationali</strong></span> <span class='ocrx_word' id='word_1_485' title='bbox 2764 2202 2961 2273; x_wconf 88' lang='lat' dir='ltr'><strong>posita.</strong></span> 
     </span>
    </p>
   </div>
   <div class='ocr_carea' id='block_1_142' title="bbox 2526 2294 3068 2357">
    <p class='ocr_par' dir='ltr' id='par_1_142' title="bbox 2526 2294 3068 2357">
     <span class='ocr_line' id='line_1_142' title="bbox 2526 2294 3068 2357; baseline -0.017 -5"><span class='ocrx_word' id='word_1_486' title='bbox 2526 2298 2636 2352; x_wconf 91' lang='lat' dir='ltr'><strong>Ave</strong></span> <span class='ocrx_word' id='word_1_487' title='bbox 2659 2294 2856 2352; x_wconf 90' lang='lat' dir='ltr'><strong>lamina</strong></span> <span class='ocrx_word' id='word_1_488' title='bbox 2884 2306 3068 2357; x_wconf 87' lang='lat' dir='ltr'><strong>aurea,</strong></span> 
     </span>
    </p>
   </div>
   <div class='ocr_carea' id='block_1_143' title="bbox 2452 2380 3196 2455">
    <p class='ocr_par' dir='ltr' id='par_1_143' title="bbox 2452 2380 3196 2455">
     <span class='ocr_line' id='line_1_143' title="bbox 2452 2380 3196 2455; baseline -0.013 -13"><span class='ocrx_word' id='word_1_489' title='bbox 2452 2387 2509 2442; x_wconf 91' lang='lat' dir='ltr'><strong>lu</strong></span> <span class='ocrx_word' id='word_1_490' title='bbox 2545 2396 2596 2442; x_wconf 92' lang='lat' dir='ltr'><strong>te</strong></span> <span class='ocrx_word' id='word_1_491' title='bbox 2625 2387 2739 2455; x_wconf 89' lang='lat' dir='ltr'><strong>ipsa</strong></span> <span class='ocrx_word' id='word_1_492' title='bbox 2766 2380 3196 2450; x_wconf 87' lang='lat' dir='ltr'><strong>circumscripta,</strong></span> 
     </span>
    </p>
   </div>
   <div class='ocr_carea' id='block_1_144' title="bbox 2453 2467 3059 2541">
    <p class='ocr_par' dir='ltr' id='par_1_144' title="bbox 2453 2467 3059 2541">
     <span class='ocr_line' id='line_1_144' title="bbox 2453 2467 3059 2541; baseline -0.015 -14"><span class='ocrx_word' id='word_1_493' title='bbox 2453 2473 2660 2527; x_wconf 84' lang='lat' dir='ltr'><strong>Nomen</strong></span> <span class='ocrx_word' id='word_1_494' title='bbox 2690 2467 3059 2541; x_wconf 85' lang='lat' dir='ltr'><strong>prOpitiabile,</strong></span> 
     </span>
    </p>
   </div>
   <div class='ocr_carea' id='block_1_145' title="bbox 2454 2556 3041 2630">
    <p class='ocr_par' dir='ltr' id='par_1_145' title="bbox 2454 2556 3041 2630">
     <span class='ocr_line' id='line_1_145' title="bbox 2454 2556 3041 2630; baseline -0.012 -15"><span class='ocrx_word' id='word_1_495' title='bbox 2454 2562 2606 2630; x_wconf 85' lang='lat' dir='ltr'><strong>Quod</strong></span> <span class='ocrx_word' id='word_1_496' title='bbox 2634 2568 2715 2615; x_wconf 87' lang='lat' dir='ltr'><strong>est</strong></span> <span class='ocrx_word' id='word_1_497' title='bbox 2745 2556 3041 2614; x_wconf 90' lang='lat' dir='ltr'><strong>indicibile.</strong></span> 
     </span>
    </p>
   </div>
   <div class='ocr_carea' id='block_1_146' title="bbox 2526 2645 3109 2716">
    <p class='ocr_par' dir='ltr' id='par_1_146' title="bbox 2526 2645 3109 2716">
     <span class='ocr_line' id='line_1_146' title="bbox 2526 2645 3109 2716; baseline -0.021 -7"><span class='ocrx_word' id='word_1_498' title='bbox 2526 2650 2637 2709; x_wconf 84' lang='lat' dir='ltr'><strong>Ave</strong></span> <span class='ocrx_word' id='word_1_499' title='bbox 2666 2649 2777 2705; x_wconf 90' lang='lat' dir='ltr'><strong>sola</strong></span> <span class='ocrx_word' id='word_1_500' title='bbox 2803 2645 3109 2716; x_wconf 83' lang='lat' dir='ltr'><strong>virginitas,</strong></span> 
     </span>
    </p>
   </div>
   <div class='ocr_carea' id='block_1_147' title="bbox 2453 2735 3135 2811">
    <p class='ocr_par' dir='ltr' id='par_1_147' title="bbox 2453 2735 3135 2811">
     <span class='ocr_line' id='line_1_147' title="bbox 2453 2735 3135 2811; baseline -0.012 -14"><span class='ocrx_word' id='word_1_501' title='bbox 2453 2740 2618 2811; x_wconf 89' lang='lat' dir='ltr'><strong>Cujus</strong></span> <span class='ocrx_word' id='word_1_502' title='bbox 2645 2741 2786 2795; x_wconf 90' lang='lat' dir='ltr'><strong>Deus</strong></span> <span class='ocrx_word' id='word_1_503' title='bbox 2805 2735 3135 2799; x_wconf 80' lang='lat' dir='ltr'><strong>fecunditas,</strong></span> 
     </span>
    </p>
   </div>
   <div class='ocr_carea' id='block_1_148' title="bbox 2455 2824 3185 2903">
    <p class='ocr_par' dir='ltr' id='par_1_148' title="bbox 2455 2824 3185 2903">
     <span class='ocr_line' id='line_1_148' title="bbox 2455 2824 3185 2903; baseline -0.01 -17"><span class='ocrx_word' id='word_1_504' title='bbox 2455 2831 2711 2887; x_wconf 80' lang='lat' dir='ltr'><strong>Nostrum</strong></span> <span class='ocrx_word' id='word_1_505' title='bbox 2740 2824 3185 2903; x_wconf 89' lang='lat' dir='ltr'><strong>superhumerale</strong></span> 
     </span>
    </p>
   </div>
   <div class='ocr_carea' id='block_1_149' title="bbox 2459 2921 3083 2979">
    <p class='ocr_par' dir='ltr' id='par_1_149' title="bbox 2459 2921 3083 2979">
     <span class='ocr_line' id='line_1_149' title="bbox 2459 2921 3083 2979; baseline -0.013 0"><span class='ocrx_word' id='word_1_506' title='bbox 2459 2923 2645 2979; x_wconf 89' lang='lat' dir='ltr'><strong>Divina</strong></span> <span class='ocrx_word' id='word_1_507' title='bbox 2678 2921 2737 2976; x_wconf 86' lang='lat' dir='ltr'><strong>ﬁt</strong></span> <span class='ocrx_word' id='word_1_508' title='bbox 2765 2936 2831 2977; x_wconf 83' lang='lat' dir='ltr'><strong>ex</strong></span> <span class='ocrx_word' id='word_1_509' title='bbox 2863 2921 3083 2973; x_wconf 90' lang='lat' dir='ltr'><strong>virtute.</strong></span> 
     </span>
    </p>
   </div>
   <div class='ocr_carea' id='block_1_150' title="bbox 2528 3004 3499 3073">
    <p class='ocr_par' dir='ltr' id='par_1_150' title="bbox 2528 3004 3499 3073">
     <span class='ocr_line' id='line_1_150' title="bbox 2528 3004 3499 3073; baseline -0.016 -5"><span class='ocrx_word' id='word_1_510' title='bbox 2528 3013 2720 3068; x_wconf 86' lang='lat' dir='ltr'><strong>Postea</strong></span> <span class='ocrx_word' id='word_1_511' title='bbox 2766 3008 2990 3064; x_wconf 81' lang='lat' dir='ltr'><strong>dicenda</strong></span> <span class='ocrx_word' id='word_1_512' title='bbox 3035 3015 3112 3061; x_wconf 88' lang='lat' dir='ltr'><strong>est</strong></span> <span class='ocrx_word' id='word_1_513' title='bbox 3160 3004 3448 3073; x_wconf 79' lang='lat' dir='ltr'><strong>antipltona</strong></span> <span class='ocrx_word' id='word_1_514' title='bbox 3480 3013 3499 3052; x_wconf 93' lang='lat'><strong><em>:</em></strong></span> 
     </span>
    </p>
   </div>
   <div class='ocr_carea' id='block_1_151' title="bbox 2524 3119 3315 3195">
    <p class='ocr_par' dir='ltr' id='par_1_151' title="bbox 2524 3119 3315 3195">
     <span class='ocr_line' id='line_1_151' title="bbox 2524 3119 3315 3195; baseline -0.014 -13"><span class='ocrx_word' id='word_1_515' title='bbox 2524 3128 2638 3182; x_wconf 85' lang='lat' dir='ltr'><strong>Ave</strong></span> <span class='ocrx_word' id='word_1_516' title='bbox 2666 3124 2869 3195; x_wconf 81' lang='lat' dir='ltr'><strong>Regina</strong></span> <span class='ocrx_word' id='word_1_517' title='bbox 2896 3119 3179 3185; x_wconf 68' lang='lat' dir='ltr'><strong>caelorum,</strong></span> <span class='ocrx_word' id='word_1_518' title='bbox 3211 3125 3315 3173; x_wconf 88' lang='lat' dir='ltr'><strong>etc.</strong></span> 
     </span>
    </p>
   </div>
   <div class='ocr_carea' id='block_1_152' title="bbox 2566 3205 3337 3283">
    <p class='ocr_par' dir='ltr' id='par_1_152' title="bbox 2566 3205 3337 3283">
     <span class='ocr_line' id='line_1_152' title="bbox 2566 3205 3337 3283; baseline -0.01 -17"><span class='ocrx_word' id='word_1_519' title='bbox 2566 3213 2691 3268; x_wconf 91' lang='lat' dir='ltr'><strong>Post</strong></span> <span class='ocrx_word' id='word_1_520' title='bbox 2724 3228 2880 3283; x_wconf 86' lang='lat' dir='ltr'><strong>quam</strong></span> <span class='ocrx_word' id='word_1_521' title='bbox 2905 3220 2978 3265; x_wconf 89' lang='lat' dir='ltr'><strong>est</strong></span> <span class='ocrx_word' id='word_1_522' title='bbox 3005 3209 3116 3263; x_wconf 74' lang='lat' dir='ltr'><strong>[uec</strong></span> <span class='ocrx_word' id='word_1_523' title='bbox 3147 3205 3337 3261; x_wconf 74' lang='lat' dir='ltr'><strong>altera;</strong></span> 
     </span>
    </p>
   </div>
   <div class='ocr_carea' id='block_1_153' title="bbox 2527 3294 3502 3372">
    <p class='ocr_par' dir='ltr' id='par_1_153' title="bbox 2527 3294 3502 3372">
     <span class='ocr_line' id='line_1_153' title="bbox 2527 3294 3502 3372; baseline -0.016 -11"><span class='ocrx_word' id='word_1_524' title='bbox 2527 3304 2713 3362; x_wconf 83' lang='lat' dir='ltr'><strong>Gaude</strong></span> <span class='ocrx_word' id='word_1_525' title='bbox 2742 3301 2834 3357; x_wconf 88' lang='lat' dir='ltr'><strong>Dei</strong></span> <span class='ocrx_word' id='word_1_526' title='bbox 2861 3299 3095 3372; x_wconf 77' lang='lat' dir='ltr'><strong>genitrix</strong></span> <span class='ocrx_word' id='word_1_527' title='bbox 3122 3296 3285 3365; x_wconf 87' lang='lat' dir='ltr'><strong>Virgo</strong></span> <span class='ocrx_word' id='word_1_528' title='bbox 3310 3294 3502 3348; x_wconf 81' lang='lat' dir='ltr'><strong>imma-</strong></span> 
     </span>
    </p>
   </div>
   <div class='ocr_carea' id='block_1_154' title="bbox 3193 3383 3428 3459">
    <p class='ocr_par' dir='ltr' id='par_1_154' title="bbox 3193 3383 3428 3459">
     <span class='ocr_line' id='line_1_154' title="bbox 3193 3383 3428 3459; baseline -0.021 -19"><span class='ocrx_word' id='word_1_529' title='bbox 3193 3383 3428 3459; x_wconf 79' lang='lat' dir='ltr'><strong>[culata;</strong></span> 
     </span>
    </p>
   </div>
   <div class='ocr_carea' id='block_1_155' title="bbox 2456 3473 3505 3553">
    <p class='ocr_par' dir='ltr' id='par_1_155' title="bbox 2456 3473 3505 3553">
     <span class='ocr_line' id='line_1_155' title="bbox 2456 3473 3505 3553; baseline -0.016 -10"><span class='ocrx_word' id='word_1_530' title='bbox 2456 3485 2665 3551; x_wconf 83' lang='lat' dir='ltr'><strong>Gaude,</strong></span> <span class='ocrx_word' id='word_1_531' title='bbox 2712 3496 2833 3553; x_wconf 75' lang='lat' dir='ltr'><strong>qua:</strong></span> <span class='ocrx_word' id='word_1_532' title='bbox 2887 3478 3142 3551; x_wconf 74' lang='lat' dir='ltr'><strong>gaudium</strong></span> <span class='ocrx_word' id='word_1_533' title='bbox 3184 3476 3253 3531; x_wconf 89' lang='lat' dir='ltr'><strong>ab</strong></span> <span class='ocrx_word' id='word_1_534' title='bbox 3301 3473 3505 3545; x_wconf 86' lang='lat' dir='ltr'><strong>Augelo</strong></span> 
     </span>
    </p>
   </div>
   <div class='ocr_carea' id='block_1_156' title="bbox 3103 3564 3433 3640">
    <p class='ocr_par' dir='ltr' id='par_1_156' title="bbox 3103 3564 3433 3640">
     <span class='ocr_line' id='line_1_156' title="bbox 3103 3564 3433 3640; baseline -0.015 -18"><span class='ocrx_word' id='word_1_535' title='bbox 3103 3564 3433 3640; x_wconf 82' lang='lat' dir='ltr'><strong>[suscepisti,</strong></span> 
     </span>
    </p>
   </div>
   <div class='ocr_carea' id='block_1_157' title="bbox 2460 3653 3506 3733">
    <p class='ocr_par' dir='ltr' id='par_1_157' title="bbox 2460 3653 3506 3733">
     <span class='ocr_line' id='line_1_157' title="bbox 2460 3653 3506 3733; baseline -0.014 -12"><span class='ocrx_word' id='word_1_536' title='bbox 2460 3665 2675 3732; x_wconf 81' lang='lat' dir='ltr'><strong>Gaude,</strong></span> <span class='ocrx_word' id='word_1_537' title='bbox 2709 3676 2829 3733; x_wconf 81' lang='lat' dir='ltr'><strong>quae</strong></span> <span class='ocrx_word' id='word_1_538' title='bbox 2862 3659 3096 3733; x_wconf 86' lang='lat' dir='ltr'><strong>genuisti</strong></span> <span class='ocrx_word' id='word_1_539' title='bbox 3121 3656 3311 3713; x_wconf 85' lang='lat' dir='ltr'><strong>aeterni</strong></span> <span class='ocrx_word' id='word_1_540' title='bbox 3348 3653 3506 3708; x_wconf 84' lang='lat' dir='ltr'><strong>lumi-</strong></span> 
     </span>
    </p>
   </div>
   <div class='ocr_carea' id='block_1_158' title="bbox 2942 3748 3426 3825">
    <p class='ocr_par' dir='ltr' id='par_1_158' title="bbox 2942 3748 3426 3825">
     <span class='ocr_line' id='line_1_158' title="bbox 2942 3748 3426 3825; baseline -0.023 -17"><span class='ocrx_word' id='word_1_541' title='bbox 2942 3751 3051 3825; x_wconf 91' lang='lat' dir='ltr'><strong>[nis</strong></span> <span class='ocrx_word' id='word_1_542' title='bbox 3078 3748 3426 3810; x_wconf 87' lang='lat' dir='ltr'><strong>charitatem,</strong></span> 
     </span>
    </p>
   </div>
   <div class='ocr_carea' id='block_1_159' title="bbox 2462 3840 3508 3918">
    <p class='ocr_par' dir='ltr' id='par_1_159' title="bbox 2462 3840 3508 3918">
     <span class='ocr_line' id='line_1_159' title="bbox 2462 3840 3508 3918; baseline -0.015 -11"><span class='ocrx_word' id='word_1_543' title='bbox 2462 3850 2668 3917; x_wconf 85' lang='lat' dir='ltr'><strong>Gaude,</strong></span> <span class='ocrx_word' id='word_1_544' title='bbox 2685 3857 2859 3904; x_wconf 89' lang='lat' dir='ltr'><strong>mater</strong></span> <span class='ocrx_word' id='word_1_545' title='bbox 2880 3845 3096 3918; x_wconf 87' lang='lat' dir='ltr'><strong>pietatis</strong></span> <span class='ocrx_word' id='word_1_546' title='bbox 3114 3852 3170 3898; x_wconf 88' lang='lat' dir='ltr'><strong>et</strong></span> <span class='ocrx_word' id='word_1_547' title='bbox 3196 3840 3508 3897; x_wconf 83' lang='lat' dir='ltr'><strong>misericor-</strong></span> 
     </span>
    </p>
   </div>
   <div class='ocr_carea' id='block_1_160' title="bbox 3274 3934 3434 4007">
    <p class='ocr_par' dir='ltr' id='par_1_160' title="bbox 3274 3934 3434 4007">
     <span class='ocr_line' id='line_1_160' title="bbox 3274 3934 3434 4007; baseline 0 -19"><span class='ocrx_word' id='word_1_548' title='bbox 3274 3934 3434 4007; x_wconf 68' lang='lat' dir='ltr'><strong>(diae;</strong></span> 
     </span>
    </p>
   </div>
   <div class='ocr_carea' id='block_1_161' title="bbox 2462 4025 3505 4098">
    <p class='ocr_par' dir='ltr' id='par_1_161' title="bbox 2462 4025 3505 4098">
     <span class='ocr_line' id='line_1_161' title="bbox 2462 4025 3505 4098; baseline -0.011 -10"><span class='ocrx_word' id='word_1_549' title='bbox 2462 4033 2669 4097; x_wconf 90' lang='lat' dir='ltr'><strong>Gaude,</strong></span> <span class='ocrx_word' id='word_1_550' title='bbox 2714 4038 2899 4086; x_wconf 90' lang='lat' dir='ltr'><strong>sancta</strong></span> <span class='ocrx_word' id='word_1_551' title='bbox 2931 4029 3027 4085; x_wconf 90' lang='lat' dir='ltr'><strong>Dei</strong></span> <span class='ocrx_word' id='word_1_552' title='bbox 3058 4026 3292 4098; x_wconf 81' lang='lat' dir='ltr'><strong>genitrix</strong></span> <span class='ocrx_word' id='word_1_553' title='bbox 3318 4025 3505 4095; x_wconf 81' lang='lat' dir='ltr'><strong>virgo;</strong></span> 
     </span>
    </p>
   </div>
   <div class='ocr_carea' id='block_1_162' title="bbox 2463 4121 3176 4189">
    <p class='ocr_par' dir='ltr' id='par_1_162' title="bbox 2463 4121 3176 4189">
     <span class='ocr_line' id='line_1_162' title="bbox 2463 4121 3176 4189; baseline -0.014 -8"><span class='ocrx_word' id='word_1_554' title='bbox 2463 4125 2543 4181; x_wconf 93' lang='lat' dir='ltr'><strong>Tu</strong></span> <span class='ocrx_word' id='word_1_555' title='bbox 2571 4123 2683 4179; x_wconf 89' lang='lat' dir='ltr'><strong>sola</strong></span> <span class='ocrx_word' id='word_1_556' title='bbox 2716 4130 2892 4176; x_wconf 90' lang='lat' dir='ltr'><strong>mater</strong></span> <span class='ocrx_word' id='word_1_557' title='bbox 2915 4121 3176 4189; x_wconf 90' lang='lat' dir='ltr'><strong>innupta;</strong></span> 
     </span>
    </p>
   </div>
   <div class='ocr_carea' id='block_1_163' title="bbox 2464 4212 3194 4274">
    <p class='ocr_par' dir='ltr' id='par_1_163' title="bbox 2464 4212 3194 4274">
     <span class='ocr_line' id='line_1_163' title="bbox 2464 4212 3194 4274; baseline -0.012 0"><span class='ocrx_word' id='word_1_558' title='bbox 2464 4218 2540 4274; x_wconf 88' lang='lat' dir='ltr'><strong>Te</strong></span> <span class='ocrx_word' id='word_1_559' title='bbox 2568 4216 2752 4271; x_wconf 91' lang='lat' dir='ltr'><strong>laudat</strong></span> <span class='ocrx_word' id='word_1_560' title='bbox 2780 4215 2955 4270; x_wconf 92' lang='lat' dir='ltr'><strong>omnis</strong></span> <span class='ocrx_word' id='word_1_561' title='bbox 2988 4212 3194 4267; x_wconf 86' lang='lat' dir='ltr'><strong>factura</strong></span> 
     </span>
    </p>
   </div>
   <div class='ocr_carea' id='block_1_164' title="bbox 2464 4301 2990 4367">
    <p class='ocr_par' dir='ltr' id='par_1_164' title="bbox 2464 4301 2990 4367">
     <span class='ocr_line' id='line_1_164' title="bbox 2464 4301 2990 4367; baseline -0.008 -6"><span class='ocrx_word' id='word_1_562' title='bbox 2464 4304 2794 4361; x_wconf 85' lang='lat' dir='ltr'><strong>Genitricem</strong></span> <span class='ocrx_word' id='word_1_563' title='bbox 2825 4301 2990 4367; x_wconf 90' lang='lat' dir='ltr'><strong>lucis;</strong></span> 
     </span>
    </p>
   </div>
   <div class='ocr_carea' id='block_1_165' title="bbox 2466 4389 3510 4468">
    <p class='ocr_par' dir='ltr' id='par_1_165' title="bbox 2466 4389 3510 4468">
     <span class='ocr_line' id='line_1_165' title="bbox 2466 4389 3510 4468; baseline -0.011 -15"><span class='ocrx_word' id='word_1_564' title='bbox 2466 4399 2554 4453; x_wconf 91' lang='lat' dir='ltr'><strong>Sis</strong></span> <span class='ocrx_word' id='word_1_565' title='bbox 2581 4411 2679 4468; x_wconf 88' lang='lat' dir='ltr'><strong>pro</strong></span> <span class='ocrx_word' id='word_1_566' title='bbox 2724 4394 2902 4461; x_wconf 91' lang='lat' dir='ltr'><strong>nobis,</strong></span> <span class='ocrx_word' id='word_1_567' title='bbox 2948 4406 3278 4463; x_wconf 64' lang='lat' dir='ltr'><strong>quaesumus,</strong></span> <span class='ocrx_word' id='word_1_568' title='bbox 3308 4389 3396 4460; x_wconf 86' lang='lat' dir='ltr'><strong>pia</strong></span> <span class='ocrx_word' id='word_1_569' title='bbox 3428 4389 3510 4443; x_wconf 87' lang='lat' dir='ltr'><strong>ln-</strong></span> 
     </span>
    </p>
   </div>
   <div class='ocr_carea' id='block_1_166' title="bbox 3090 4481 3433 4554">
    <p class='ocr_par' dir='ltr' id='par_1_166' title="bbox 3090 4481 3433 4554">
     <span class='ocr_line' id='line_1_166' title="bbox 3090 4481 3433 4554; baseline -0.006 -18"><span class='ocrx_word' id='word_1_570' title='bbox 3090 4481 3433 4554; x_wconf 76' lang='lat' dir='ltr'><strong>[terveutrix.</strong></span> 
     </span>
    </p>
   </div>
   <div class='ocr_carea' id='block_1_167' title="bbox 2467 4573 3433 4645">
    <p class='ocr_par' dir='ltr' id='par_1_167' title="bbox 2467 4573 3433 4645">
     <span class='ocr_line' id='line_1_167' title="bbox 2467 4573 3433 4645; baseline -0.009 -12"><span class='ocrx_word' id='word_1_571' title='bbox 2467 4578 2649 4634; x_wconf 85' lang='lat' dir='ltr'><strong>Oratio</strong></span> <span class='ocrx_word' id='word_1_572' title='bbox 2672 4595 2691 4634; x_wconf 89' lang='lat'><strong><em>:</em></strong></span> <span class='ocrx_word' id='word_1_573' title='bbox 2720 4577 2859 4632; x_wconf 89' lang='lat' dir='ltr'><strong>Deus</strong></span> <span class='ocrx_word' id='word_1_574' title='bbox 2886 4574 2979 4645; x_wconf 89' lang='lat' dir='ltr'><strong>qui</strong></span> <span class='ocrx_word' id='word_1_575' title='bbox 3007 4574 3075 4629; x_wconf 91' lang='lat' dir='ltr'><strong>de</strong></span> <span class='ocrx_word' id='word_1_576' title='bbox 3105 4573 3294 4637; x_wconf 84' lang='lat' dir='ltr'><strong>beatae,</strong></span> <span class='ocrx_word' id='word_1_577' title='bbox 3323 4581 3433 4626; x_wconf 91' lang='lat' dir='ltr'><strong>etc.</strong></span> 
     </span>
    </p>
   </div>
   <div class='ocr_carea' id='block_1_168' title="bbox 2504 4678 3473 4729">
    <p class='ocr_par' dir='ltr' id='par_1_168' title="bbox 2504 4678 3473 4729">
     <span class='ocr_line' id='line_1_168' title="bbox 2504 4678 3473 4729; baseline -0.01 -3"><span class='ocrx_word' id='word_1_578' title='bbox 2504 4686 2711 4729; x_wconf 74' lang='lat' dir='ltr'><strong>HVMNUS</strong></span> <span class='ocrx_word' id='word_1_579' title='bbox 2738 4687 2757 4725; x_wconf 90' lang='grc' dir='ltr'>ι</span> <span class='ocrx_word' id='word_1_580' title='bbox 2788 4685 2841 4725; x_wconf 74' lang='lat' dir='ltr'><strong>IN</strong></span> <span class='ocrx_word' id='word_1_581' title='bbox 2868 4681 3084 4725; x_wconf 70' lang='lat' dir='ltr'><strong>LAUDEI</strong></span> <span class='ocrx_word' id='word_1_582' title='bbox 3129 4682 3176 4723; x_wconf 78' lang='grc' dir='ltr'><strong>Β.</strong></span> <span class='ocrx_word' id='word_1_583' title='bbox 3207 4678 3473 4721; x_wconf 65' lang='grc' dir='ltr'><strong>ῺΕΙΡΛΒΒ.</strong></span> 
     </span>
    </p>
   </div>
   <div class='ocr_carea' id='block_1_169' title="bbox 2537 4757 3293 4825">
    <p class='ocr_par' dir='ltr' id='par_1_169' title="bbox 2537 4757 3293 4825">
     <span class='ocr_line' id='line_1_169' title="bbox 2537 4757 3293 4825; baseline -0.012 -7"><span class='ocrx_word' id='word_1_584' title='bbox 2537 4761 2580 4818; x_wconf 90' lang='lat'>0</span> <span class='ocrx_word' id='word_1_585' title='bbox 2616 4759 2803 4825; x_wconf 83' lang='lat' dir='ltr'><strong>Maria,</strong></span> <span class='ocrx_word' id='word_1_586' title='bbox 2838 4773 3031 4813; x_wconf 89' lang='lat' dir='ltr'><strong>nomen</strong></span> <span class='ocrx_word' id='word_1_587' title='bbox 3068 4757 3293 4822; x_wconf 88' lang='lat' dir='ltr'><strong>bonum,</strong></span> 
     </span>
    </p>
   </div>
   <div class='ocr_carea' id='block_1_170' title="bbox 2394 4846 3086 4906">
    <p class='ocr_par' dir='ltr' id='par_1_170' title="bbox 2394 4846 3086 4906">
     <span class='ocr_line' id='line_1_170' title="bbox 2394 4846 3086 4906; baseline -0.01 -1"><span class='ocrx_word' id='word_1_588' title='bbox 2394 4874 2399 4878; x_wconf 55' lang='grc' dir='ltr'><strong>ι</strong></span> <span class='ocrx_word' id='word_1_589' title='bbox 2470 4849 2675 4906; x_wconf 82' lang='lat' dir='ltr'><strong>Nomen</strong></span> <span class='ocrx_word' id='word_1_590' title='bbox 2698 4846 3047 4903; x_wconf 89' lang='lat' dir='ltr'><strong>memorabile</strong></span> <span class='ocrx_word' id='word_1_591' title='bbox 3072 4863 3086 4898; x_wconf 87' lang='lat'><strong>:</strong></span> 
     </span>
    </p>
   </div>
   <div class='ocr_carea' id='block_1_171' title="bbox 2468 4931 3227 5003">
    <p class='ocr_par' dir='ltr' id='par_1_171' title="bbox 2468 4931 3227 5003">
     <span class='ocr_line' id='line_1_171' title="bbox 2468 4931 3227 5003; baseline -0.011 -10"><span class='ocrx_word' id='word_1_592' title='bbox 2468 4938 2512 4991; x_wconf 87' lang='lat'><strong>0</strong></span> <span class='ocrx_word' id='word_1_593' title='bbox 2535 4950 2728 4992; x_wconf 90' lang='lat' dir='ltr'><strong>nomen</strong></span> <span class='ocrx_word' id='word_1_594' title='bbox 2754 4934 2896 5003; x_wconf 89' lang='lat' dir='ltr'><strong>quod</strong></span> <span class='ocrx_word' id='word_1_595' title='bbox 2924 4931 3117 4987; x_wconf 90' lang='lat' dir='ltr'><strong>melius</strong></span> <span class='ocrx_word' id='word_1_596' title='bbox 3142 4938 3227 4986; x_wconf 90' lang='lat' dir='ltr'><strong>est</strong></span> 
     </span>
    </p>
   </div>
   <div class='ocr_carea' id='block_1_172' title="bbox 2468 5023 3107 5097">
    <p class='ocr_par' dir='ltr' id='par_1_172' title="bbox 2468 5023 3107 5097">
     <span class='ocr_line' id='line_1_172' title="bbox 2468 5023 3107 5097; baseline -0.014 -13"><span class='ocrx_word' id='word_1_597' title='bbox 2468 5029 2639 5097; x_wconf 88' lang='lat' dir='ltr'><strong>Quam</strong></span> <span class='ocrx_word' id='word_1_598' title='bbox 2666 5026 2847 5081; x_wconf 76' lang='lat' dir='ltr'><strong>multae</strong></span> <span class='ocrx_word' id='word_1_599' title='bbox 2872 5023 3107 5079; x_wconf 67' lang='lat' dir='ltr'><strong>divitiae!</strong></span> 
     </span>
    </p>
   </div>
   <div class='ocr_carea' id='block_1_173' title="bbox 2543 5114 3247 5177">
    <p class='ocr_par' dir='ltr' id='par_1_173' title="bbox 2543 5114 3247 5177">
     <span class='ocr_line' id='line_1_173' title="bbox 2543 5114 3247 5177; baseline -0.009 -5"><span class='ocrx_word' id='word_1_600' title='bbox 2543 5117 2844 5173; x_wconf 89' lang='lat' dir='ltr'><strong>Balsamum</strong></span> <span class='ocrx_word' id='word_1_601' title='bbox 2867 5114 3247 5177; x_wconf 87' lang='lat' dir='ltr'><strong>aromatizans,</strong></span> 
     </span>
    </p>
   </div>
   <div class='ocr_carea' id='block_1_174' title="bbox 2473 5203 3159 5274">
    <p class='ocr_par' dir='ltr' id='par_1_174' title="bbox 2473 5203 3159 5274">
     <span class='ocr_line' id='line_1_174' title="bbox 2473 5203 3159 5274; baseline -0.01 -11"><span class='ocrx_word' id='word_1_602' title='bbox 2473 5207 2621 5263; x_wconf 85' lang='lat' dir='ltr'><strong>Thus</strong></span> <span class='ocrx_word' id='word_1_603' title='bbox 2648 5207 2800 5263; x_wconf 63' lang='lat' dir='ltr'><strong>mirae</strong></span> <span class='ocrx_word' id='word_1_604' title='bbox 2831 5203 3159 5274; x_wconf 60' lang='lat' dir='ltr'><strong>fragrantia,</strong></span> 
     </span>
    </p>
   </div>
   <div class='ocr_carea' id='block_1_175' title="bbox 2472 5295 3224 5364">
    <p class='ocr_par' dir='ltr' id='par_1_175' title="bbox 2472 5295 3224 5364">
     <span class='ocr_line' id='line_1_175' title="bbox 2472 5295 3224 5364; baseline -0.012 -8"><span class='ocrx_word' id='word_1_605' title='bbox 2472 5300 2599 5357; x_wconf 82' lang='lat' dir='ltr'><strong>Flos</strong></span> <span class='ocrx_word' id='word_1_606' title='bbox 2619 5309 2876 5364; x_wconf 74' lang='lat' dir='ltr'><strong>aeternus,</strong></span> <span class='ocrx_word' id='word_1_607' title='bbox 2904 5311 3027 5352; x_wconf 83' lang='lat' dir='ltr'><strong>rasa</strong></span> <span class='ocrx_word' id='word_1_608' title='bbox 3055 5295 3224 5358; x_wconf 88' lang='lat' dir='ltr'><strong>senis,</strong></span> 
     </span>
    </p>
   </div>
   <div class='ocr_carea' id='block_1_176' title="bbox 2475 5385 3152 5462">
    <p class='ocr_par' dir='ltr' id='par_1_176' title="bbox 2475 5385 3152 5462">
     <span class='ocr_line' id='line_1_176' title="bbox 2475 5385 3152 5462; baseline -0.012 -16"><span class='ocrx_word' id='word_1_609' title='bbox 2475 5390 2701 5462; x_wconf 88' lang='lat' dir='ltr'><strong>Lignum</strong></span> <span class='ocrx_word' id='word_1_610' title='bbox 2723 5401 2939 5458; x_wconf 90' lang='lat' dir='ltr'><strong>semper</strong></span> <span class='ocrx_word' id='word_1_611' title='bbox 2960 5385 3152 5440; x_wconf 88' lang='lat' dir='ltr'><strong>viride.</strong></span> 
     </span>
    </p>
   </div>
   <div class='ocr_carea' id='block_1_177' title="bbox 2547 5478 3178 5539">
    <p class='ocr_par' dir='ltr' id='par_1_177' title="bbox 2547 5478 3178 5539">
     <span class='ocr_line' id='line_1_177' title="bbox 2547 5478 3178 5539; baseline -0.013 0"><span class='ocrx_word' id='word_1_612' title='bbox 2547 5481 2713 5539; x_wconf 88' lang='lat' dir='ltr'><strong>Stella</strong></span> <span class='ocrx_word' id='word_1_613' title='bbox 2733 5480 2860 5537; x_wconf 89' lang='lat' dir='ltr'><strong>solis</strong></span> <span class='ocrx_word' id='word_1_614' title='bbox 2877 5478 3178 5536; x_wconf 83' lang='lat' dir='ltr'><strong>claritatem</strong></span> 
     </span>
    </p>
   </div>
   <div class='ocr_carea' id='block_1_178' title="bbox 2479 5570 3082 5640">
    <p class='ocr_par' dir='ltr' id='par_1_178' title="bbox 2479 5570 3082 5640">
     <span class='ocr_line' id='line_1_178' title="bbox 2479 5570 3082 5640; baseline -0.007 -9"><span class='ocrx_word' id='word_1_615' title='bbox 2479 5576 2591 5631; x_wconf 89' lang='lat' dir='ltr'><strong>Suo</strong></span> <span class='ocrx_word' id='word_1_616' title='bbox 2613 5574 2833 5629; x_wconf 88' lang='lat' dir='ltr'><strong>vincens</strong></span> <span class='ocrx_word' id='word_1_617' title='bbox 2863 5570 3082 5640; x_wconf 81' lang='lat' dir='ltr'><strong>jubare&#39;</strong></span> 
     </span>
    </p>
   </div>
   <div class='ocr_carea' id='block_1_179' title="bbox 2478 5661 3371 5737">
    <p class='ocr_par' dir='ltr' id='par_1_179' title="bbox 2478 5661 3371 5737">
     <span class='ocr_line' id='line_1_179' title="bbox 2478 5661 3371 5737; baseline -0.009 -16"><span class='ocrx_word' id='word_1_618' title='bbox 2478 5668 2703 5737; x_wconf 87' lang='lat' dir='ltr'><strong>Semper</strong></span> <span class='ocrx_word' id='word_1_619' title='bbox 2727 5671 2921 5727; x_wconf 89' lang='lat' dir='ltr'><strong>mater,</strong></span> <span class='ocrx_word' id='word_1_620' title='bbox 2949 5661 3073 5731; x_wconf 86' lang='lat' dir='ltr'><strong>quia</strong></span> <span class='ocrx_word' id='word_1_621' title='bbox 3100 5673 3371 5730; x_wconf 86' lang='lat' dir='ltr'><strong>nunquam</strong></span> 
     </span>
    </p>
   </div>
   <div class='ocr_carea' id='block_1_180' title="bbox 2481 5755 2974 5815">
    <p class='ocr_par' dir='ltr' id='par_1_180' title="bbox 2481 5755 2974 5815">
     <span class='ocr_line' id='line_1_180' title="bbox 2481 5755 2974 5815; baseline -0.012 -1"><span class='ocrx_word' id='word_1_622' title='bbox 2481 5758 2599 5815; x_wconf 84' lang='lat' dir='ltr'><strong>Eris</strong></span> <span class='ocrx_word' id='word_1_623' title='bbox 2628 5758 2745 5814; x_wconf 85' lang='lat' dir='ltr'><strong>sine</strong></span> <span class='ocrx_word' id='word_1_624' title='bbox 2774 5755 2974 5813; x_wconf 82' lang='lat' dir='ltr'><strong>sobole.</strong></span> 
     </span>
    </p>
   </div>
  </div>
