4056 6302
592 315 733 373 ωιῚ
926 318 984 375 8.
1023 319 1322 377 ANSELMI
1363 320 1711 380 CANTHAR.
1749 322 2068 386 ARCHIEP.
2106 323 2258 382 OPP.
2295 322 2476 380 PARS
2499 322 2564 379 ll.
2601 353 2670 367 —
2706 322 3075 382 PARENET.
3116 324 3209 384 ET
3240 322 3488 382 ASCE’I‘.

663 436 941 506 Speciosa,
963 444 1020 492 et
1042 437 1227 493 suavis

591 526 876 582 Canticum
908 526 1134 591 laetitiae;
1296 564 1297 567 η

594 612 967 680 Prmdicanda,
991 621 1051 668 et
1077 613 1343 668 laudanda

591 703 850 759 Privatim
878 711 932 758 et
956 702 1188 773 publice.

664 795 896 850 Nonhic
914 802 1147 860 tantum,
1177 794 1356 851 sedeiu
1388 803 1503 851 tota
1538 776 1541 779 r

592 881 773 936 Mundi
806 881 1108 947 latitudine,

591 973 661 1028 Et
689 975 739 1028 in
763 973 934 1034 caelis.
964 972 1279 1045 angelorum

590 1065 745 1122 Dulci
778 1065 1159 1120 Itiudulamine.
1320 1114 1323 1115 ν

663 1152 839 1218 Quam
867 1166 1054 1207 amare
1080 1149 1224 1212 nolle
1251 1149 1449 1211 nullus,

592 1240 775 1297 Potest
806 1243 927 1299 sine
949 1241 1213 1307 crimine;

592 1327 689 1384 Cui
720 1332 959 1401 placare,
987 1329 1095 1386 [ide
1113 1338 1286 1397 stare,

593 1422 659 1478 Et
686 1424 797 1480 Deo
821 1433 906 1480 est
931 1424 1136 1481 vivere.
1196 1484 1197 1487 η

667 1516 803 1569 Dum
833 1530 932 1571 nos
959 1515 1054 1571 tibi
1084 1513 1547 1579 commendamus,

592 1604 731 1663 Vota
753 1615 938 1663 nostra
964 1606 1177 1675 suscipe
1209 1623 1223 1636 ·

592 1697 730 1753 Dum
765 1706 816 1753 Ie
841 1698 997 1769 proni
1022 1697 1327 1753 salutamus
1420 1750 1423 1751 ν

590 1786 850 1857 Quamvis
875 1786 978 1845 hoc
1014 1787 1292 1841 rarissime

660 1878 777 1934 Ave
807 1878 903 1953 tibi
940 1893 1122 1935 coram
1152 1889 1241 1933 tua

591 1967 866 2025 Dicentem
908 1969 1165 2041 imagine,

591 2058 905 2129 lucorrupta
933 2070 987 2115 et
1012 2060 1277 2127 fecunda;

592 2148 714 2203 Noli
745 2166 829 2205 me
860 2152 1164 2222 despi’ere.

665 2243 873 2300 Caelum
904 2244 1047 2321 cali,
1082 2246 1273 2317 domus
1300 2247 1416 2312 Dei,
1524 2228 1525 2231 ‘

592 2335 703 2393 Vas
733 2336 1153 2410 misericordiae,-

591 2429 829 2487 Pronum
856 2420 1109 2496 verotibi
1142 2440 1383 2496 constat,

589 2524 660 2579 Et
680 2525 906 2581 omnino
935 2523 1115 2581 facile.
1392 2508 1395 2511 ’

665 2620 744 2674 Ad
771 2633 1129 2689 quoscunque
1151 2619 1286 2676 velis
1305 2635 1435 2676 usus

589 2711 825 2781 Angelos
856 2711 1231 2769 transmittere

592 2798 746 2865 Quod
768 2799 1015 2871 exempla
1045 2800 1210 2856 multa
1246 2800 1498 2869 probant,

595 2889 725 2957 Quae
754 2891 972 2962 longum
998 2899 1083 2948 est
1102 2906 1327 2962 ponere.

663 2984 899 3055 ideoque
915 2993 1162 3039 sanetum
1187 2983 1342 3038 nobis

595 3074 904 3147 Galiriclem
930 3075 1123 3149 dirige,

596 3161 697 3229 Qui
724 3171 777 3233 te
794 3171 1031 3237 matrem
1059 3161 1154 3219 Dei
1176 3161 1264 3217 sui
1346 3166 1351 3167 ’

598 3252 867 3327 Salutavit
888 3267 1145 3327 congrue.
1304 3312 1307 3316 _
1352 3328 1355 3329 ν

662 3345 843 3416 Atque
861 3353 1053 3402 sancto
1082 3334 1469 3416 gravidandam

595 3437 931 3501 Praeconavit
965 3435 1209 3506 ﬂamine,

594 3531 815 3601 Absque
842 3532 1192 3603 generatione

596 3621 870 3677 Naturatis
891 3622 1131 3692 copulae.

668 3710 844 3782 Ipsum
873 3727 1005 3782 ergo
1031 3712 1099 3769 ad
1130 3721 1182 3767 te
1209 3698 1371 3768 nobis

596 3801 941 3859 Causidicum
968 3802 1169 3869 tribue,

599 3891 689 3948 Uti
719 3893 815 3961 tibi
844 3909 1035 3965 preces
1056 3886 1272 3950 nostras

597 3974 863 4058 Dignatur
886 4001 1215 4060 suggerere.

665 4078 996 4151 Ctelestique
1017 4079 1180 4139 corda
1207 4087 1393 4136 nostra

597 4169 766 4228 Curet
796 4170 1176 4245 medicamine,

599 4263 864 4330 Quoniam
893 4272 1021 4320 sunt
1048 4263 1276 4320 vanitati

602 4354 769 4412 Sub.“
778 4364 827 4410 ta
858 4354 1146 4424 superﬂue.

672 4445 780 4501 Sed
803 4455 878 4509 tu,
904 4454 1078 4501 mater
1102 4445 1358 4517 gloriosa,

600 4538 812 4599 Miseri:
842 4552 1033 4609 compa
1042 4548 1179 4603 tere,
1256 4598 1261 4603 _

601 4628 853 4685 Tendens
879 4638 1087 4694 autem,
1113 4629 1160 4685 si
1186 4628 1308 4699 quis
1329 4628 1459 4698 petit

602 4724 713 4780 Sua
747 4725 962 4783 vincula
994 4725 1226 4782 solvere.

672 4819 786 4877 Nec
814 4820 1116 4893 dedignaris
1154 4819 1480 4878 miserorum

601 4909 903 4967 Erumnas
928 4910 1213 4968 attendere
1237 4929 1252 4966 :

603 5001 711 5057 Sed
736 5011 921 5073 parata
953 5003 1228 5059 invocanti

509 5146 512 5149 λ
601 5093 836 5149 Cuilibet
866 5107 1208 5150 succurrere.

675 5185 721 5241 0
751 5195 976 5255 patrona
1008 5194 1385 5256 peccatorum;

604 5274 722 5335 iiuc
747 5276 814 5330 ad
842 5289 941 5332 nos
967 5282 1285 5332 convertere
1314 5295 1327 5330 :

603 5363 877 5417 lllustrato
903 5370 1080 5419 terras
1100 5372 1332 5431 nostras,

609 5452 800 5508 Vultus
828 5453 904 5508 tui
931 5451 1131 5510 sidere.
1236 5475 1243 5478 ν

676 5546 744 5601 Et
773 5562 838 5601 ex
872 5547 959 5602 illa
990 5548 1117 5605 sede
1140 5554 1232 5603 tua

606 5637 836 5691 Domum
875 5639 1032 5707 istam
1057 5639 1288 5708 respice,

606 5723 672 5779 Et
712 5727 1026 5779 commenda
1056 5726 1324 5793 Salvatori

1698 435 1903 492 Locum
1935 438 2079 495 hunc
2114 436 2347 493 assidue.

1768 530 1843 585 Ac
1863 530 2095 602 benigne
2120 529 2294 587 nostri
2319 545 2530 587 memor

1697 620 1809 677 Nos
1834 637 1864 675 a
1890 621 2049 678 malis
2069 621 2225 691 eripe
2249 640 2263 677 :

1698 711 2096 781 Beneﬁciisque
2123 713 2232 772 tuis

1697 801 2042 859 incessanter
2070 801 2275 860 refove.

1770 897 1871 963 Qui
1905 911 2004 952 nos
2034 895 2131 952 tibi
2150 899 2597 955 commendamus

1637 1022 1640 1027 θ
1702 984 1847 1042 Salis
1872 986 2207 1053 necessarie,

1700 1078 2053 1150 lmplorantes
2074 1091 2233 1152 opem
2256 1088 2429 1148 tuam,

1701 1169 1878 1241 Super
1901 1186 1998 1227 nos
2024 1170 2354 1230 descendere
2381 1188 2397 1226 :

1770 1261 1876 1317 Pro
1903 1261 2142 1332 peccatis
2168 1261 2368 1332 quippe
2397 1261 2600 1318 nostris

1701 1355 2048 1412 Tribulamur
2076 1356 2331 1424 undique,

1700 1444 1767 1500 Et
1801 1443 2203 1515 prmvaluerunt
2232 1444 2287 1497 iu
2324 1457 2424 1499 nos

1702 1539 1948 1595 llostium
1976 1537 2205 1594 insidiae.

1771 1630 1871 1699 Qui
1903 1644 2004 1685 nos
2041 1628 2202 1684 dente
2221 1627 2460 1697 genuino

1700 1719 1816 1775 Non
1844 1726 2059 1774 cessant
2089 1718 2381 1775 corrodere
2407 1734 2423 1775 :

1700 1808 1813 1863 Heu
1842 1806 2060 1863 miseri!
2090 1800 2191 1862 cur
2214 1806 2336 1863 sum
2367 1815 2534 1864 natus

1700 1900 1871 1955 Tanta
1901 1897 2045 1954 mala
2068 1913 2331 1956 cernere.-

1766 1991 1938 2049 Mater
1961 1992 2069 2063 pia,
2095 1991 2247 2049 stella
2272 1986 2468 2055 maris,

1696 2087 1752 2141 In
1782 2087 1889 2144 hoc
1923 2086 2208 2143 consolare
2239 2099 2365 2151 me,

1696 2178 1764 2233 Et
1800 2180 1977 2236 amico
2000 2178 2097 2234 Dei
2121 2190 2317 2249 magno

1536 2316 1541 2321 .
1697 2269 1924 2325 Nicolao
1953 2266 2205 2325 condole.

1766 2359 1834 2414 Et
1860 2358 2072 2415 ancillae
2109 2357 2205 2413 Dei
2236 2357 2341 2429 pia:

1694 2447 2010 2519 Cunegundi
2041 2446 2291 2512 condole,
2352 2482 2353 2485 η

1695 2541 1860 2613 Cujus
1884 2554 2022 2612 pene
2045 2539 2158 2609 jam
2187 2536 2387 2594 defecit

1697 2633 1882 2689 Honor
1917 2628 2270 2701 Reipublicae,

1766 2719 1899 2774 Esto
1929 2716 2046 2786 ejus
2065 2716 2376 2772 interventu

1696 2809 1894 2865 Custos
1926 2805 2086 2877 hujus
2117 2807 2165 2863 vi
2174 2821 2308 2873 nem,

1698 2899 1768 2953 Et
1789 2898 2134 2955 circumdans
2152 2912 2274 2953 eam
2303 2912 2461 2952 muro

1699 2991 1998 3061 Rapientes
2021 2990 2090 3045 ab
2112 2989 2254 3061 igne.

1770 3080 2046 3147 Palmites,
2077 3096 2216 3152 quos
2244 3081 2494 3152 produxi,

1696 3173 1931 3229 Benedic
1955 3182 2009 3228 et
2034 3183 2257 3244 protege
2288 3189 2307 3227 ι

1696 3266 1815 3337 ipsa
1841 3266 2039 3336 quippe
2065 3276 2120 3321 te
2149 3265 2339 3321 dilexit

1695 3360 2176 3418 Ali‘ectuosissime.

1768 3450 1996 3521 Semper
2022 3450 2220 3505 ardens
2252 3464 2374 3505 esse
2404 3459 2510 3504 tua:

1697 3539 1991 3597 Commoda
2030 3538 2309 3594 Ecclesiae.

1700 3631 1842 3701 Ergo
1866 3639 1922 3685 et
1960 3637 2016 3683 tu
2045 3643 2232 3683 servos
2258 3626 2377 3698 ejus

1703 3722 2109 3791 Consequenter
2139 3719 2323 3791 dilige.

1773 3813 2069 3870 Consolare
2104 3813 2414 3878 destitutos,

1704 3897 1897 3971 Lapsis
1923 3915 2144 3955 manum
2177 3899 2414 3970 porrige,

1705 3994 1871 4066 308
1904 3994 1971 4052 Et
1993 3993 2130 4050 educ
2158 3994 2225 4049 de
2254 3992 2366 4049 luto
2394 3992 2548 4058 fecis,

1705 4085 1774 4140 Et
1800 4085 1919 4140 lacu
1951 4085 2202 4147 miseriae.

1777 4175 1888 4232 Nec
1915 4193 2015 4233 nos
2044 4180 2234 4233 mortis
2264 4179 2609 4248 sempiternae

1707 4267 2184 4339 Comprehendant
2215 4268 2452 4322 tenebrae
2481 4285 2496 4321 :

1710 4358 1815 4414 Sed
1854 4357 2088 4413 illustret
2116 4364 2328 4413 mentes
2356 4366 2572 4415 nostras

1708 4449 1826 4505 Lux
1859 4449 2096 4506 caelestis
2122 4450 2330 4522 gratiae.

1781 4546 1930 4602 Dom.
1959 4545 2113 4616 cujus
2131 4546 2335 4601 sordes
2366 4554 2544 4599 tantas

1707 4638 2004 4693 Possumus
2035 4636 2267 4692 evadere
2294 4651 2309 4690 :

1709 4728 1915 4797 Quibus
1952 4728 2195 4782 membra
2224 4742 2354 4782 suus
2385 4725 2615 4782 mundus

1710 4819 1903 4877 Polluit
1939 4817 2166 4875 nefarie.

1783 4908 1863 4964 Tu
1892 4925 1952 4966 es
1979 4910 2124 4966 enim
2154 4919 2327 4964 mater
2347 4907 2571 4974 Christi,

1714 5000 1909 5056 Suavis
1939 5000 2236 5066 memoriae,

1716 5093 1798 5149 οι)
1825 5110 1987 5165 quam
2024 5092 2180 5148 nobis
2195 5103 2325 5148 sunt
2354 5100 2557 5162 apertae

1717 5187 1788 5243 Pa
1798 5187 1960 5242 radisi
1984 5187 2186 5257 januze.
2379 5199 2385 5205 ·

1787 5278 1918 5347 Quae
1941 5286 2049 5333 tam
2078 5283 2271 5348 potens
2297 5292 2358 5335 es
2379 5277 2435 5332 in
2463 5276 2610 5333 omni

1626 5414 1629 5419 .
1716 5369 1907 5425 Bonita
1917 5369 1984 5426 tis
2004 5383 2187 5440 opere,

1718 5459 1789 5516 Ut
1811 5460 2031 5516 omnino
2058 5459 2130 5514 sit
2158 5459 2398 5525 beatum,
2496 5499 2504 5503 -

1719 5544 1905 5613 Qualis
1932 5547 2008 5601 sis
2032 5561 2347 5616 agnoscere.

1788 5636 2135 5691 Benedictum
2160 5635 2521 5705 nomemejus,

1720 5728 1979 5782 Sanctum
2018 5735 2072 5782 et
2102 5727 2364 5787 terribile.

2811 438 2914 507 Qui
2944 459 3044 515 per
3067 450 3256 503 orbem
3281 444 3431 497 tuum
3455 459 3643 502 nomen

2810 527 2968 585 Fecit
3003 545 3126 587 esse
3155 529 3389 587 celebre.

2882 614 2986 672 Per
3005 631 3168 687 quam
3193 626 3379 688 posset
3400 617 3508 674 reis
3540 618 3649 674 suis

2805 703 3038 762 Peccata
3070 707 3362 764 remittere.

2809 791 3038 866 Semper
3066 807 3273 864 quaeso,
3302 794 3393 866 pia
3419 794 3585 867 Virgo

2808 881 2911 938 Mei
2944 883 3315 942 reminiscere.

2882 970 3218 1044 Semperque
3237 971 3489 1038 veritatis

2808 1060 2960 1116 Dona
2991 1061 3123 1116 mihi
3151 1060 3361 1128 obtine,
3390 1088 3393 1091 -

2808 1146 2882 1203 Ut
2904 1163 2990 1204 me
3012 1164 3112 1204 suo
3142 1156 3363 1204 tueatur

2807 1236 2979 1293 Sacro
3016 1238 3409 1294 moderamine.

2877 1324 3067 1396 Sitque
3093 1339 3227 1380 mea:
3251 1338 3414 1394 prece
3449 1334 3546 1381 tua

2726 1396 2742 1463 Ῐ
2805 1412 3037 1472 Conscia
3047 1426 3128 1472 tor
3153 1417 3373 1483 animm,

2809 1511 2873 1567 Et
2900 1511 3148 1581 infundat
3172 1511 3464 1584 peccatrici

2805 1603 2996 1662 Oleum
3026 1604 3082 1659 iu
3117 1603 3389 1676 lampade.

2875 1694 2994 1764 Quo
3021 1704 3213 1766 parata
3235 1695 3423 1766 possit
3440 1708 3650 1766 sponso

2731 1804 2741 1849 ς
2805 1781 3027 1839 leesti
3060 1795 3375 1838 occurrere.

2805 1869 2926 1925 Ave
2946 1866 3114 1939 Virgo
3135 1867 3449 1940 singularis,

2807 1959 3039 2015 Sumens
3067 1957 3170 2015 hoc
3193 1958 3524 2028 benigniter,

2875 2049 2989 2103 Ave
3018 2046 3278 2118 templum
3307 2047 3619 2120 gratiarum

2807 2138 3062 2196 Omnium
3090 2138 3333 2211 capabile
3360 2156 3377 2193 :

2804 2233 2920 2288 Ave
2943 2232 3098 2302 cujus
3123 2240 3445 2303 peccatores

2806 2331 3041 2387 Pascunt
3061 2330 3440 2403 eleemosynaz.

2814 2422 2829 2428 ’
2875 2422 3064 2480 Gaude
3091 2421 3242 2487 felix,
3266 2432 3326 2477 et
3349 2437 3419 2478 ex
3449 2422 3590 2493 ipsis

2810 2517 2983 2574 Unam
3007 2516 3141 2572 mihi
3172 2516 3370 2578 tribue,

2808 2602 2879 2660 Ut
2902 2603 3113 2659 sublata
3137 2617 3237 2672 per
3256 2603 3400 2658 hanc
3435 2601 3593 2659 omni

2807 2689 3055 2749 Hostium
3083 2688 3395 2754 formidine,

2876 2781 3009 2837 Sine
3037 2780 3143 2836 nnc
3163 2779 3370 2852 possim
3396 2779 3509 2836 Deo

2713 2868 2716 2872 “
2809 2873 3028 2929 Gratias
3050 2872 3370 2944 rependere.

2808 2964 3139 3021 Benedicaut
3167 2972 3221 3019 te
3243 2978 3342 3034 per
3360 2977 3545 3019 terum

2812 3057 3050 3114 Virtutes
3080 3055 3364 3128 angelicaz.

2875 3150 2946 3206 Et
2968 3151 3037 3206 ad
3062 3150 3278 3206 laudem
3297 3146 3595 3214 Creatoris

2807 3239 2885 3295 Te
2909 3239 2966 3295 in
3003 3239 3152 3295 omni
3179 3248 3448 3310 tempore,

2807 3331 3008 3388 Omnes
3041 3330 3216 3391 sancti
3239 3328 3575 3387 benedicant

2807 3418 2877 3474 Et
2904 3427 2959 3474 tu
2992 3434 3099 3485 me,
3129 3425 3187 3473 et
3223 3431 3326 3488 ego
3352 3424 3423 3470 te.

2809 3522 3022 3565 BYINUS
3055 3522 3324 3564 SECUNDUS
3361 3520 3415 3561 IN
3454 3517 3701 3560 DIVIRSIS
3734 3517 3840 3555 ιιι-

2883 3592 2969 3634 ’ΐλιῑ
3025 3593 3118 3633 DEI
3173 3592 3481 3655 GENITRICIS
3555 3586 3839 3633 CANTAX‘DIIS

2880 3663 3181 3705 SOLEINIIS.

2879 3739 2997 3794 Avo
3020 3753 3219 3808 sponsa
3258 3736 3606 3808 insponsata,

2739 3850 2743 3854 ·
2808 3827 2917 3883 Per
2947 3843 3111 3899 quam
3133 3826 3286 3883 orbis
3303 3840 3535 3897 prorsus
3561 3825 3693 3896 lapsi

2812 3916 2978 3974 Facta
3006 3925 3089 3974 est
3123 3917 3353 3987 ereptio,

2810 4015 2927 4072 Ave
2954 4020 3053 4084 per
3084 4029 3247 4084 quam
3272 4013 3466 4083 prima:
3488 4015 3688 4068 matris

2811 4106 2911 4162 Est
2934 4107 3061 4161 Erae
3087 4103 3409 4176 redemptio,

2813 4202 3016 4257 Sancta
3044 4198 3235 4265 Maria,
3258 4213 3355 4255 ora
3376 4213 3479 4269 pro
3507 4197 3689 4254 nobis.

2958 4291 3064 4347 Ave
3091 4307 3305 4362 sponsa,
3338 4297 3448 4346 etc.
3494 4308 3499 4313 ν
3559 4360 3565 4364 ν

2886 4382 3129 4439 Altitudo
3160 4379 3438 4454 cogitandi

2814 4475 2894 4530 Tu
2923 4473 3331 4536 inaccessibilis,

2813 4563 3085 4619 Invisibile
3114 4560 3442 4631 profundum

2812 4649 3141 4721 Angelorum
3172 4647 3369 4703 oculis.

2814 4746 2973 4819 Χαῖρε
3000 4739 3376 4816 κεχαριτομὲνη

2816 4828 3040 4895 θοτόκος
3064 4832 3276 4908 πάροι-η
3294 4870 3309 4896 ,

2720 5002 2723 5005 _
2815 4923 3017 4981 Sancta
3039 4921 3133 4978 Dei
3153 4920 3408 4992 genitrix,
3438 4933 3537 4973 ora
3569 4930 3673 4988 pro
3695 4910 3847 4969 nobis.

2959 5013 3064 5069 Ave
3083 5028 3299 5084 sponsa,
3334 5019 3445 5065 etc.

2896 5099 3091 5156 Omnia
3120 5104 3424 5169 portantem
3452 5105 3704 5165 portans,

2827 5193 3035 5250 Solium
3062 5191 3276 5262 imperii

2827 5281 2908 5337 Tu
2930 5281 3086 5337 stella
3109 5280 3489 5335 demonstrans
3510 5274 3710 5340 solem,

2830 5372 2925 5430 Sol
2950 5372 3058 5429 diei
3084 5370 3330 5443 myStici;

2740 5458 2747 5463 ’
2830 5460 3138 5519 Occidentis
3161 5468 3369 5515 astrum
3401 5456 3615 5519 mundi,

2830 5556 3075 5613 Luminis
3107 5552 3409 5625 conspicui,

2738 5641 2742 5646 ⁷
2832 5653 3032 5710 Sancta
3072 5652 3236 5721 Virgo
3286 5650 3578 5724 virginum,
3603 5659 3757 5811 tor;
3779 5651 3863 5711 pro

3594 5766 3599 5769 λ
3630 5756 3705 5797 no
3745 5751 3806 5791 IS-

3594 5751 3620 5797 ‘i
3630 5751 3806 5797 thDlS.

3696 327 3820 385 1088
