4056 6302
573 358 706 415 1051

959 362 1018 418 S.
1059 360 1354 427 ANVSELMI
1383 357 1729 416 CANTUAR.
1769 354 2089 414 ARCHIEP.
2120 353 2152 413 Ο

2259 394 2270 411 .
2308 352 2487 409 PARS
2514 351 2579 408 ll.‘
2605 382 2678 394 --
2706 348 3074 407 ΡΑΒᾸΞΝΕΤ.
3112 348 3201 404 ΕΤ
3225 345 3465 404 Αδυμΐ.

3683 346 3809 403 1052

582 509 3797 559 ,_________________.______________________.

1132 679 1278 766 DE
1350 676 1782 766 VERBIS
1846 671 2654 762 VENERABILIS
2707 670 3269 759 ANSELMI.

1035 864 1235 937 (Edidit
1260 864 1489 920 Marten.
1521 864 1699 935 Ampi.
1730 863 1968 928 Collect.,
2002 870 2042 914 ι.
2067 859 2156 925 VI,
2183 875 2239 930 p.
2270 858 2396 927 987,
2423 874 2489 915 ex
2522 874 2623 915 ms.
2646 856 2840 915 codice
2863 858 3064 927 reginae
3089 858 3341 929 Suecize.)

1970 1041 2350 1058 _

651 1168 983 1223 Venerabilis
1006 1168 1167 1222 Pater
1194 1168 1501 1233 Anselmus,
1527 1167 1649 1220 dum
1679 1167 1853 1239 adhuc
1884 1175 2026 1220 esset
2048 1168 2146 1221 ab-
2178 1172 2224 1225 Α
2254 1164 2422 1219 frater
2471 1162 2735 1233 propitius
2780 1163 2857 1217 ait
2894 1180 2909 1218 :
2960 1181 2980 1215 ι
3005 1163 3228 1218 Domine
3256 1204 3271 1227 ,
3329 1163 3399 1217 sit
3452 1165 3608 1220 vobis
3653 1165 3783 1221 Deus
3806 1206 3820 1231 ,

574 1261 673 1316 bas
696 1260 878 1325 Becci,
901 1260 1131 1327 quadam
1156 1259 1239 1312 die
1264 1260 1387 1312 dum
1442 1258 1665 1312 nimium
1698 1265 1875 1310 mente
1929 1258 2153 1310 medita-

574 1349 756 1413 batur,
784 1358 838 1402 et
861 1349 1082 1402 nimium
1112 1349 1397 1417 cogitando
1426 1346 1577 1415 quasi
1602 1346 2020 1415 cogitationibus
2040 1347 2153 1401 suis

574 1440 1012 1508 perturbabatur.
1043 1438 1138 1493 Cui
1174 1440 1307 1492 dixit
1343 1439 1557 1506 quidam
1594 1438 1890 1491 monachus
1914 1437 2031 1505 ejus
2061 1439 2150 1506 qui

576 1529 716 1585 forte
747 1544 983 1598 praesens
1011 1530 1195 1583 aderat
1223 1546 1237 1583 :
1274 1548 1291 1578 ι
1312 1529 1533 1582 Domine
1560 1528 1736 1594 Pater,
1761 1543 1857 1596 pro
1873 1529 1981 1581 Deo
1999 1543 2151 1597 rogo,

576 1622 738 1676 dicite
768 1621 893 1691 quid
924 1620 1195 1689 cogitatis,
1225 1620 1349 1688 quia
1378 1620 1532 1673 video
1587 1635 1683 1674 vos
1734 1619 2151 1689 cogitationibus

573 1713 770 1767 vestris
800 1712 1325 1775 turbari.——Dicam,
1368 1711 1559 1780 inquit.
1596 1712 1734 1769 Ecce
1788 1712 1891 1765 hoc
1942 1712 2151 1781 cogita-

573 1802 724 1865 bam,
753 1801 798 1856 si
827 1810 971 1856 esset
999 1800 1198 1870 aliquis
1228 1801 1390 1855 homo
1417 1801 1568 1857 dives
1616 1802 1706 1870 qui
1753 1802 1978 1857 haberet
2031 1817 2153 1871 gre—

574 1908 695 1963 gem
725 1894 929 1956 ovium,
959 1901 1015 1946 et
1039 1901 1260 1946 vocaret
1290 1908 1513 1960 puerum
1552 1901 1659 1947 tam
1688 1892 1918 1948 debilem
1946 1902 1999 1947 et
2028 1908 2153 1962 par-

572 1998 700 2037 vum
732 1991 789 2035 ut
812 1982 965 2052 lupus
994 1984 1213 2037 veniens
1248 1983 1453 2039 facilius
1474 1994 1582 2038 tam
1613 1984 1758 2038 illum
1803 2000 1964 2053 quam
1997 2000 2152 2039 ovem

574 2073 810 2141 aliquam
841 2084 1167 2143 asportaret,
1210 2074 1358 2128 etilli
1391 2090 1519 2131 oves
1566 2091 1695 2129 suas
1749 2078 2151 2131 commendaret

574 2164 976 2226 custodiendas,
1006 2162 1078 2217 ita
1111 2172 1285 2216 tamen
1316 2173 1375 2216 ut
1404 2164 1447 2217 si
1478 2164 1773 2233 quamlibet
1803 2177 1869 2218 ex
1924 2164 2002 2218 eis
2027 2180 2152 2233 pcr-

577 2246 750 2301 deret.
777 2247 956 2300 anima
981 2247 1139 2315 hujus
1168 2262 1267 2315 pro
1292 2249 1470 2301 anima
1505 2249 1646 2303 illius
1679 2250 1801 2313 iret,
1845 2265 1950 2302 non
2000 2250 2153 2305 valde

576 2333 768 2388 timere
793 2334 1049 2388 deberet?
1075 2334 1130 2389 Si
1155 2346 1331 2390 autem
1356 2337 1444 2390 uni
1478 2338 1698 2392 cuilibet
1721 2338 1956 2406 ipsarum
1973 2339 2150 2394 ovium

579 2430 638 2477 et
673 2421 900 2477 forsitan
929 2423 1213 2479 inﬁrmiori
1240 2434 1293 2481 et
1316 2426 1580 2481 stolidiori
1628 2436 1852 2482 caeteras
1900 2429 2150 2483 commit-

2255 1270 2423 1323 quare
2450 1254 2573 1308 talia
2598 1254 2848 1323 cogitatis
2875 1264 2931 1307 et
2961 1255 3179 1309 dicitis?
3238 1245 3429 1310 Nullus
3478 1256 3584 1312 boe
3642 1258 3823 1328 cogitat

2255 1343 2396 1412 quod
2423 1342 2697 1409 cogitatis,
2751 1356 2878 1396 ecce
2925 1342 3015 1396 alii
3055 1343 3281 1397 abbates
3334 1345 3573 1413 gaudent
3626 1354 3684 1399 et
3730 1345 3823 1400 laeti

2255 1437 2514 1491 existunt.
2549 1456 2567 1487 ›
2600 1436 2895 1506 Respondit
2924 1452 2939 1490 :
2974 1437 3283 1493 «Fortassis
3330 1438 3474 1494 Deus
3528 1440 3681 1496 dedit
3730 1442 3823 1496 illis

2254 1528 2619 1592 securitatem,
2653 1528 2774 1582 ideo
2801 1527 3168 1595 jocnndantur
3190 1538 3245 1584 et
3290 1530 3656 1596 hilarescunt;
3706 1532 3823 1586 mihi

2254 1626 2430 1671 autem
2459 1632 2566 1671 non
2602 1617 2768 1678 dedit,
2797 1617 2998 1672 idcirco
3016 1617 3141 1686 jure
3168 1618 3355 1682 timeo,
3384 1619 3509 1687 quia
3541 1619 3660 1673 scio
3689 1619 3822 1674 illum

2252 1706 2537 1775 pecuniam
2565 1720 2719 1760 suam
2748 1706 2968 1776 exigere
2996 1720 3120 1761 cum
3176 1707 3361 1763 usuris
3414 1709 3483 1763 ab
3541 1708 3611 1763 iis
3646 1709 3824 1778 quibus

2253 1811 2373 1851 eam
2412 1795 2699 1851 commisit.
2721 1813 2740 1847 ο

2833 1941 2915 1981 DIC
2922 1941 2989 1980 ΤΔ
3025 1941 3269 1982 ANSELII.

2323 2064 2593 2119 Judicium
2634 2062 2805 2133 regale
2852 2072 2927 2117 est
2974 2064 3243 2132 judicium
3296 2072 3478 2132 sponte
3521 2063 3780 2132 quesitum
3808 2103 3823 2128 ,

2255 2157 2493 2211 monachi
2517 2156 2778 2225 judicium
2814 2156 3145 2225 imperatum.
3192 2155 3521 2208 Abstinentia
3568 2154 3825 2227 cujuslibet

2252 2246 2521 2300 stccularis
2541 2246 2762 2315 potentis
2791 2262 2856 2299 ea:
2882 2247 3091 2313 propria
3113 2246 3246 2300 venit
3272 2243 3829 2299 voluntatc.Abstinenl-

2254 2334 2327 2388 tia
2357 2335 2596 2387 monachi
2621 2350 2684 2388 ea:
2704 2333 2912 2403 prtrlati
2931 2335 3116 2403 pendet
3139 2333 3380 2388 arbitrio.
3408 2332 3653 2387 Tristitia
3703 2335 3823 2403 regis

2254 2424 2333 2477 vel
2367 2423 2644 2493 cujuslibet
2666 2420 2887 2491 potentis
2915 2434 2989 2477 est
3032 2425 3274 2492 superba.
3318 2421 3555 2476 Tristitia
3601 2424 3828 2476 monachi

574 2520 713 2567 teret
735 2513 920 2569 dicens
952 2532 965 2568 :
1001 2514 1127 2570 Ovis
1149 2556 1162 2577 ,
1204 2515 1400 2572 habeto
1445 2533 1627 2572 curam
1678 2519 1901 2573 istarum
1946 2520 2147 2586 ovium,
2183 2493 2229 2552 Β
2257 2516 2431 2569 suavis
2458 2524 2531 2569 est
2554 2523 2600 2573 et
2630 2515 3021 2583 compunctione
3043 2514 3217 2583 plena.
3260 2512 3385 2567 Tria
3414 2522 3538 2567 sunt
3582 2530 3699 2583 quae
3741 2514 3831 2567 Ito-t

573 2612 629 2658 et
652 2603 789 2658 scito
813 2604 939 2674 quia
961 2605 1005 2659 si
1038 2606 1340 2675 perdideris
1382 2609 1619 2678 aliquam
1667 2626 1874 2675 earum,
1935 2610 2151 2679 sangui-

573 2708 696 2748 nem
719 2693 833 2762 ejus
867 2694 933 2748 de
956 2711 1115 2750 manu
1152 2705 1238 2751 tua
1263 2700 1559 2768 requiram,
1595 2709 1650 2754 et
1689 2701 1791 2755 erit
1840 2701 2018 2755 anima
2060 2709 2147 2755 tua

575 2793 673 2848 pro
720 2781 901 2836 anima
930 2782 1072 2850 ejus,
1100 2787 1339 2855 nunquid
1388 2802 1493 2841 non
1537 2787 1726 2843 timere
1770 2788 1987 2843 deberet
2036 2789 2152 2844 ovis

576 2872 701 2927 illa?
730 2872 901 2941 Quam
928 2875 1271 2931 securitatem
1317 2878 1517 2934 habere
1569 2880 1780 2948 posset?
1827 2880 1903 2933 lta
1952 2889 2035 2935 est
2087 2882 2155 2934 de

576 2980 685 3019 me.
722 2966 853 3036 Ego,
884 2969 1077 3035 inquit,
1100 2985 1202 3039 ego
1225 2987 1343 3025 sum
1366 2988 1499 3042 puer
1523 2991 1741 3043 parvus,
1789 2991 1889 3047 ego
1938 2978 2152 3032 infirma

576 3052 694 3107 ovis
727 3061 780 3107 et
808 3054 1022 3120 debilis,
1046 3071 1146 3126 ego
1175 3057 1350 3113 facilis
1374 3061 1441 3115 ad
1486 3062 1801 3132 rapiendum
1831 3066 1983 3135 quasi
2033 3068 2154 3136 qui-

578 3138 708 3195 libet
728 3140 885 3211 alius,
911 3145 996 3198 cui
1028 3143 1170 3200 Deus
1195 3147 1426 3203 credidit
1469 3164 1655 3205 curam
1705 3154 1885 3207 ovium
1933 3170 2153 3211 suarum

576 3239 636 3285 ut
661 3246 754 3287 eas
774 3249 975 3305 regam,
1009 3236 1331 3303 custodiam,
1357 3255 1596 3308 pascam,
1626 3258 1691 3298 eo
1720 3255 1876 3313 pacto
1916 3255 1973 3298 ut
1995 3248 2038 3301 si
2062 3262 2157 3301 ne-

574 3319 829 3392 gligentia
852 3340 969 3380 mea
997 3326 1174 3398 aliqua
1205 3344 1273 3384 ex
1302 3332 1382 3387 eis
1408 3332 1650 3402 perierit,
1678 3335 1784 3389 erit
1830 3336 2009 3390 anima
2036 3353 2153 3392 mea

575 3426 673 3479 pro
700 3412 881 3468 anima
911 3413 1047 3484 ejus,
1068 3426 1123 3473 et
1147 3421 1465 3491 sanguinem
1490 3421 1606 3492 ejus
1628 3423 1694 3479 de
1722 3440 1883 3479 manu
1916 3442 2032 3481 mea
2067 3443 2153 3482 re-

575 3502 755 3571 quiret
782 3503 944 3559 Deus.
970 3507 1093 3564 ldeo
1122 3508 1307 3577 timeo,
1339 3512 1461 3568 ideo
1501 3510 1816 3579 conturbor,
1860 3516 1986 3584 quia
2039 3517 2153 3573 scio

2258 2607 2448 2660 minem
2477 2606 2679 2675 faciunt
2706 2607 2917 2660 honeste
2945 2607 3109 2661 vivere
3138 2606 3276 2661 inter
3300 2606 3536 2661 homines
3557 2623 3576 2662 :
3603 2624 3831 2661 verecun-

2258 2695 2366 2759 dia,
2400 2696 2683 2762 silentium,
2716 2695 2990 2750 modestia.

2329 2786 2557 2853 Quidam
2589 2787 2887 2842 monachus
2913 2787 3068 2842 Beeci
3097 2786 3382 2856 petebatur
3428 2786 3500 2841 ad
3560 2788 3829 2857 episcopa-

2262 2889 2373 2934 tum
2397 2878 2653 2934 Ecelesiae
2678 2878 3041 2943 Belvacensis,
3073 2893 3305 2948 cumque
3343 2877 3404 2931 S.
3438 2878 3733 2934 Anselmus
3751 2879 3833 2933 ab-

2259 2977 2354 3032 bas
2381 2976 2505 3031 huic
2534 2974 2779 3029 electioni
2805 2988 3083 3028 assensum
3106 2973 3348 3043 praabere
3375 2971 3564 3037 nollet,
3627 2981 3683 3026 et
3732 2986 3833 3025 mo—

2259 3066 2490 3120 nachum
2513 3080 2666 3119 suum
2700 3064 3007 3133 petentibus
3064 3078 3168 3118 non
3196 3061 3541 3128 concederet,
3596 3064 3835 3118 dixerunt

2260 3158 2519 3227 petitores
2543 3173 2556 3209 :
2593 3174 2611 3207 ι
2638 3155 2887 3221 Domine,
2914 3170 3014 3209 nos
3040 3153 3289 3224 eligimus
3318 3169 3464 3219 eum,
3493 3168 3605 3209 non
3637 3155 3749 3223 ipse
3777 3168 3830 3208 se

2260 3246 2495 3315 ingerit,
2545 3259 2713 3313 quare
2755 3259 2863 3299 non
2920 3243 3084 3298 vultis
3140 3244 3441 3299 concedere
3509 3245 3660 3314 quod
3715 3243 3835 3314 peti-

2261 3334 2411 3389 mus?
2437 3364 2507 3373 —-
2530 3333 2606 3397 Si,
2630 3332 2827 3403 inquit,
2861 3333 2974 3402 ipse
2996 3333 3138 3389 Deus
3158 3348 3244 3388 me
3264 3333 3512 3403 eligeret,
3550 3335 3731 3388 adhuc
3776 3333 3836 3386 ti-

2258 3441 2480 3490 merem,
2511 3426 2633 3496 quia
2667 3426 2781 3494 ipse
2810 3440 2909 3495 per
2934 3426 3249 3497 prophetam
3302 3426 3467 3496 elegit
3518 3426 3757 3490 Saulem,
3789 3436 3837 3479 et

2254 3530 2353 3585 per
2379 3516 2726 3586 semetipsum
2753 3514 2946 3573 Judam
2968 3516 3308 3583 traditorem,
3349 3516 3443 3586 qui
3470 3517 3641 3573 ambo
3666 3530 3840 3586 repro-

579 3594 905 3652 horrendum
933 3614 1052 3656 esse
1074 3602 1130 3655 in
1150 3616 1342 3660 manus
1368 3605 1463 3660 Dei
1493 3605 1722 3661 viventis
1757 3606 2013 3663 incidere.
2036 3627 2054 3661 ι
2087 3609 2151 3663 Ει
2178 3628 2220 3687 C
2254 3608 2368 3664 bati
2397 3616 2540 3663 sunt.

590 3783 3827 3817 Μ

1265 3918 1625 3991 309-310
1657 3932 2185 4039 QU/EDAM
2262 3936 2610 4028 DICTA
2688 3937 3103 4035 UTILIA

1999 4122 2317 4167 COLLECTA

1119 4239 1212 4294 EX
1241 4239 1460 4297 DICTIS
1500 4241 1896 4303 S..ANSELMI
1934 4245 2492 4305 CANTUARIENSIS
2522 4246 3046 4306 ARCHIEPISCOPI
3082 4248 3184 4320 (7).

1816 4382 1925 4455 (Ea:
1953 4384 2258 4442 bibliotheca
2290 4385 2591 4449 Vaticana.)

649 4624 696 4684 0
724 4624 904 4694 homo,
935 4627 1026 4697 qui
1050 4641 1116 4681 ex
1146 4628 1324 4683 anima
1352 4630 1602 4686 rationali
1637 4640 1691 4686 et
1723 4632 1959 4687 humana
1986 4649 2155 4690 carne

579 4717 859 4784 subsistis,
882 4719 1210 4775 conditionis
1240 4720 1472 4789 miserm,
1506 4722 1742 4791 repletus
1778 4724 1961 4779 multis
1992 4726 2156 4780 mise-

576 4809 706 4876 riis,
756 4811 921 4867 miser
964 4821 1019 4869 et
1061 4812 1419 4880 miserabilis;
1466 4809 1625 4874 bbmo
1669 4832 1892 4887 pauper,
1952 4834 2148 4886 cmcus,

2260 4634 2453 4699 nudus,
2471 4632 2719 4704 plurimis
2746 4631 3161 4687 necessitatibus
3185 4628 3459 4693 subditus,
3475 4628 3543 4684 ad
3570 4644 3677 4685 eor
3700 4637 3846 4684 tuum

2262 4735 2553 4781 revertere.
2586 4724 2724 4792 Quid
2770 4723 2903 4779 foris
2942 4722 3192 4794 vagaris?
3228 4720 3366 4788 Quid
3417 4719 3553 4777 foris
3616 4719 3849 4792 quaeris?

2262 4816 2401 4885 Quid
2440 4819 2494 4873 in
2535 4816 2844 4874 carnalibus
2878 4815 3101 4873 studes?
3128 4814 3266 4883 Quid
3306 4813 3358 4868 in
3398 4812 3763 4870 saeuiat-ibus
3804 4821 3853 4867 te

2090 4949 2325 5006 NOTE.

644 5082 721 5153 (7)
753 5081 1068 5155 Ledernier
1089 5058 1301 5155 edimur
1331 5088 1393 5141 de
1420 5085 1745 5140 S.Anselme
1768 5101 1795 5139 a
1820 5086 1998 5154 publié
2022 5088 2157 5141 dans
2192 5094 2235 5148 D
2265 5089 2593 5154 Alexandre,
2617 5088 2838 5144 d’abord
2870 5088 3048 5143 moine
3089 5088 3156 5142 du
3190 5086 3317 5144 Bee.
3350 5084 3474 5155 puis
3529 5085 3602 5140 de
3628 5085 3859 5141 Cantor-

568 5152 1003 5221 l‘appendice(p.
1035 5153 1325 5225 545-547),
1360 5172 1430 5209 un
1471 5156 1604 5225 petit
1644 5152 1848 5210 recueil
1896 5157 1962 5210 de
2004 5158 2155 5224 quel-

570 5237 705 5288 ques
734 5233 1018 5277 sentences
1078 5223 1243 5279 tirées
1284 5223 1355 5278 de
1405 5223 1491 5280 ses
1538 5225 1735 5289 écrits,
1785 5235 1840 5280 et
1882 5223 2155 5282 iutitulées

572 5291 830 5377 Qua-dam
856 5292 998 5377 dicta
1020 5292 1194 5357 utilia,
1227 5304 1333 5377 etc.
1362 5293 1525 5377 C:es_l,
1560 5296 1775 5350 suivant
1816 5304 1962 5350 toute
1992 5311 2157 5377 appa-

573 5374 762 5432 reuce,
793 5360 841 5416 le
863 5363 1049 5432 meme
1092 5365 1290 5432 recueil
1323 5364 1438 5432 qui,
1464 5366 1601 5420 dans
1644 5382 1712 5419 un
1762 5360 2157 5421 manuscrit'de

569 5428 810 5483 Thomas
858 5430 1059 5507 Digbey
1098 5431 1237 5507 (_Bib.
1267 5428 1579 5507 Anglams,
1606 5450 1732 5507 par1
1742 5505 1751 5507 Α
1777 5451 1818 5500 ι,
1857 5452 1910 5489 n.
1960 5435 2156 5507 1759),

568 5508 724 5574 porte
758 5500 1047 5574 pour_litre
1102 5500 1381 5574 Sententia}
1420 5500 1671 5574 Anselmi.
1715 5504 1753 5558 ll
1795 5514 1880 5559 est
1928 5500 2156 5574 marqué

571 5568 797 5646 dansce
824 5571 1109 5646 qu’on__en_
1136 5586 1165 5623 a
1200 5571 1449 5646 imprime
1490 5589 1602 5646 que
1624 5589 1687 5628 ce
1726 5574 1803 5646 fut
1832 5568 2153 5646 unicopi'ste

571 5636 662 5717 qui
706 5636 755 5717 le
786 5640 1049 5717 recueillit
1078 5640 1172 5717 des
1200 5636 1445 5696 dis'cours
1488 5636 1831 5717 qu‘Anselme
1862 5636 2055 5717 l‘aisai'tg
2088 5646 2154 5701 de

572 5708 694 5760 vive
715 5708 857 5761 voix.
885 5708 959 5764 Cc
993 5710 1198 5781 copiste
1232 5726 1297 5765 au
1326 5720 1465 5767 reste
1494 5708 1733 5781 pourrait
1759 5712 1866 5768 fort
1893 5714 2013 5769 bien
2036 5715 2151 5772 etre

2264 5160 2417 5231 bery,
2437 5159 2466 5212 ξι
2496 5161 2597 5231 qui,
2626 5159 2782 5231 Wion
2807 5169 2862 5213 et
2891 5158 3150 5231 Possevin
3176 5156 3478 5231 attribuent
3510 5170 3599 5231 un_
3618 5156 3859 5231 sembls-

2264 5224 2624 5284 ble'recueil.
2653 5230 2824 5297 Aprés
2879 5237 3033 5291 tont,
3072 5228 3117 5281 la
3162 5225 3411 5297 derniére
3454 5224 3643 5294 partie
3694 5228 3764 5280 de
3803 5239 3864 5279 ee

2264 5300 2425 5367 qu’on
2461 5314 2527 5353 en
2563 5295 2749 5353 trouve
2797 5299 2934 5353 dans
2969 5298 3299 5367 l‘appendice
3330 5295 3469 5367 n‘est
3499 5303 3679 5367 autre
3701 5297 3864 5367 chose

2266 5363 2378 5423 {not
2391 5385 2527 5437 pour
2541 5378 2650 5423 mot
2666 5384 2767 5436 que
2794 5368 2841 5422 la
2870 5363 3116 5423 derniére
3129 5366 3225 5422 des
3240 5363 3581 5437 homéliesde
3596 5380 3660 5416 sa
3671 5366 3750 5418 int
3768 5366 3864 5437 At}-

2265 5432 2434 5494 selnie
2466 5455 2561 5513 sur
2601 5432 2929 5513 un'endroit
2953 5439 3018 5513 de
3053 5438 3279 5513 i’Epltre
3315 5449 3425 5513 _aux
3465 5432 3764 5513 Hébreux,
3804 5434 3867 5485 de

2268 5519 2417 5563 sorte
2444 5509 2605 5577 qu‘on
2640 5510 2887 5576 pourrait
2918 5508 3101 5562 réunir
3127 5502 3188 5561 ce
3223 5504 3356 5577 petit
3382 5502 3589 5577 recueil
3625 5518 3865 5577 auson-

2265 5573 2473 5648 vrages'
2490 5573 2731 5633 sinceres
2754 5578 2821 5633 de
2843 5588 2999 5633 notre
3031 5577 3173 5634 saint
3189 5615 3205 5640 ,
3225 5573 3489 5643 ’puisqu’il
3517 5586 3587 5626 ne
3612 5574 3869 5628 cuntient

2260 5663 2365 5717 que
2391 5663 2476 5705 ses
2507 5663 2730 5719 prupres
2758 5648 2990 5718 paroles.
