4056 6302
243 348 389 407 1055

1593 344 1791 402 men
1828 343 2159 415 eumnam.

3352 339 3489 399 1054

240 457 680 531 implicas‘fouid
705 458 757 515 in
782 459 1177 517 vanitatibuste
1198 460 1817 518 involvis?lnferioribus
1842 466 1892 522 Α
1924 468 2226 531 promptus,
2257 467 2401 515 totus
2426 456 2630 525 facilis,
2665 464 2810 513 totus
2838 455 3053 527 sapiens
3093 464 3148 513 et
3176 456 3412 522 mobilis,
3435 466 3493 515 et
3524 470 3525 473 ‘

236 549 546 614 delectaris,
566 558 621 605 et
641 551 710 607 ab
723 544 977 608 omnibus
997 552 1345 608 interioribus
1366 562 1420 608 et
1445 552 1813 622 superioribus

233 636 537 709 elongaris;
552 652 651 709 per
672 652 734 694 ea
764 654 884 709 quae
905 642 1038 696 foris
1065 650 1190 696 sunt
1211 640 1549 707 diffunderis,
1570 648 1625 696 et
1653 641 1704 695 in
1729 640 1813 695 his

231 742 357 795 qua:
404 728 548 782 intra
599 734 654 783 te
686 736 813 785 sunt
856 729 1221 785 confunderis.
1266 729 1480 796 Quanto
1522 729 1693 798 magis
1745 728 1813 783 ad

229 819 495 873 mundum
515 818 748 882 accedis,
765 826 914 874 tanto
935 819 1150 891 longius
1171 834 1202 875 a
1227 820 1339 875 Deo
1358 821 1584 876 recedis.
1600 820 1813 886 Quanto

226 908 407 981 magis
428 906 563 965 foris
591 925 651 966 es
673 910 912 983 sapiens,
946 919 1097 967 tanto
1114 912 1285 982 magis
1311 912 1455 967 intus
1484 912 1680 967 stultus
1702 911 1841 989 efﬁ-f

225 998 395 1053 ceris.
437 998 654 1065 Quanto
703 1000 875 1071 magis
928 1009 1083 1056 extra
1139 1001 1401 1068 lucraris,
1435 1010 1586 1057 tanto
1636 992 1832 1073 magis’

223 1087 380 1145 intus
403 1090 610 1159 perdis.
637 1090 852 1158 Quanto
874 1094 1045 1164 magis
1076 1082 1227 1148 in’iis
1257 1108 1377 1162 qua:
1405 1092 1537 1148 foris
1563 1102 1689 1148 sunt
1713 1109 1810 1147 va-

222 1179 395 1246 garis,
422 1186 574 1233 tanto
604 1181 774 1250 magis
800 1182 946 1235 intus
972 1182 1273 1237 evacuaris.
1308 1182 1517 1249 Quanto
1551 1183 1722 1252 magis
1751 1182 1807 1237 in

224 1267 620 1337 temporalibus
643 1284 705 1324 es
737 1270 1018 1341 sollicitus,
1050 1282 1198 1329 tanto
1230 1272 1401 1342 magis
1426 1273 1480 1327 in
1509 1272 1807 1342 spirituali-

218 1355 324 1412 bus
350 1373 412 1413 es
440 1360 744 1416 mendicus.
771 1360 909 1428 Quid
934 1373 1020 1418 est
1045 1364 1188 1433 quod
1211 1364 1397 1419 omnia
1424 1363 1731 1428 ordinas,et
1754 1373 1807 1419 te

218 1448 401 1516 ipsum
427 1467 531 1507 non
554 1451 636 1507 vis
656 1452 1093 1522 ordinaret'Qtiid
1117 1456 1169 1511 in
1192 1457 1444 1512 omnibus
1464 1472 1524 1512 es
1546 1459 1801 1526 prudens,

218 1549 277 1597 et
300 1543 450 1599 circa
477 1544 823 1614 temetipsum
858 1546 1153 1616 insipiens?
1176 1548 1315 1615 Quid
1344 1556 1429 1603 est
1450 1549 1596 1619 quod
1622 1551 1805 1608 omnia

218 1648 341 1703 quae
370 1634 503 1690 foris
531 1644 660 1690 sunt
685 1634 952 1692 sollicitus
975 1652 1036 1693 es
1063 1638 1204 1695 bona
1239 1640 1441 1706 facere,
1467 1649 1523 1695 et
1549 1641 1801 1710 temetip-

216 1739 341 1778 sum
368 1724 504 1779 sinis
530 1739 745 1794 semper
770 1740 890 1782 esse
913 1728 1110 1783 malum
1132 1737 1187 1785 et
1217 1729 1489 1788 inutilem?
1504 1731 1712 1786 Dormit
1746 1731 1799 1787 in

216 1817 272 1866 te
294 1810 533 1882 Spiritus
559 1813 743 1878 Dei,et
776 1814 965 1886 vigilat
993 1817 1049 1874 in
1080 1827 1131 1874 te
1150 1819 1376 1888 spiritus
1396 1821 1618 1877 mundi?
1634 1819 1799 1875 Vacat

215 1901 272 1955 in
309 1908 364 1957 te
391 1902 551 1968 ratio,
593 1912 651 1959 et
672 1904 817 1975 viget
849 1906 902 1961 in
932 1916 983 1963 te
1014 1911 1239 1965 sensus?
1257 1911 1637 1983 Exstinguitur
1662 1913 1715 1967 in
1747 1922 1799 1969 te

217 1989 456 2061 Spiritus
476 1992 592 2058 Dei,
617 2004 674 2049 et
697 1994 1005 2051 dominatur
1034 1998 1088 2053 in
1120 2008 1173 2055 te
1199 2015 1330 2057 caro
1357 2003 1579 2057 mundi?
1603 2002 1799 2059 Fervet

214 2081 269 2137 in
297 2084 463 2140 corde
495 2093 587 2140 lllO
606 2101 761 2143 amor
782 2095 1125 2144 terrenorum
1146 2098 1201 2147 ει
1219 2094 1453 2148 moritur
1477 2094 1533 2149 in
1564 2104 1618 2148 te
1645 2109 1797 2157 amor

213 2180 543 2227 aeternorum
571 2173 871 2230 bonorum?
895 2176 1151 2234 Mundum
1177 2180 1387 2252 diligis,
1414 2190 1470 2238 et
1507 2182 1676 2238 Deum
1704 2187 1798 2240 de-

212 2262 511 2331 relinquis?
524 2263 775 2321 Omnium
800 2269 1127 2336 recordaris,
1143 2280 1198 2326 et
1225 2272 1303 2326 tui
1326 2273 1496 2344 ipsius
1513 2274 1798 2332 oblivisce-

212 2352 327 2405 ris?
364 2351 497 2418 Quae
543 2369 710 2425 super
760 2364 963 2413 terram
1010 2371 1137 2417 sunt
1184 2364 1461 2423 desideras
1493 2376 1547 2423 et
1593 2368 1795 2439 diligis,

211 2441 454 2499 coelestia
476 2458 606 2499 vero
628 2460 732 2500 non
760 2450 1373 2524 curas?Appropinquas
1399 2458 1467 2513 ad
1494 2458 1792 2525 interitum,

209 2542 264 2588 et
289 2533 451 2603 longe
482 2534 548 2589 ﬁs
574 2550 606 2589 a
636 2536 853 2594 salute?
878 2540 1067 2599 Curris
1091 2546 1158 2599 ad
1186 2547 1480 2618 diabolum,
1501 2560 1555 2607 et
1579 2553 1799 2622 prolon-

207 2631 358 2700 garis
384 2646 415 2685 a
438 2631 591 2687 Deo?
618 2634 775 2701 Redi,
804 2638 944 2703 redi,
970 2642 1350 2707 praevaricator
1376 2646 1561 2716 homo,
1585 2652 1652 2705 ad
1679 2666 1795 2718 cor,

207 2720 335 2790 quia
366 2720 608 2791 loquitur
634 2722 776 2780 Deus
806 2729 1152 2798 omnipotens
1177 2747 1363 2803 pacem
1389 2737 1439 2791 ei
1460 2739 1550 2806 qui
1573 2754 1799 2797 conver-

206 2810 347 2865 titur
376 2812 440 2865 ad
465 2826 587 2867 cor.
616 2812 807 2869 Omnia
842 2819 1027 2873 mundi
1064 2820 1223 2889 hujus
1247 2824 1342 2879 tibi
1373 2825 1520 2881 dedit
1552 2828 1714 2896 Deus,
1743 2840 1798 2888 et

205 2908 265 2955 tu
293 2909 516 2970 propter
545 2903 729 2959 omnia
760 2905 1024 2977 relinquis
1042 2908 1252 2965 Deum?
1275 2912 1715 2989 Omniapropter
1746 2932 1798 2977 te

203 2988 519 3058 fecitDeus,
538 3000 593 3047 et
617 3001 669 3047 tu
700 3004 923 3066 prapter
951 2998 1133 3053 omnia
1162 2999 1392 3060 dimittis
1417 2988 1797 3078 temetipsum?

200 3081 436 3154 Propter
462 3084 644 3139 omnia
673 3102 793 3156 qum
820 3098 1114 3146 occurrunt
1143 3092 1238 3148 tibi
1269 3093 1496 3152 dimittis
1524 3097 1716 3167 Deum,
1740 3113 1796 3158 et

201 3174 413 3230 idcirco
447 3175 629 3231 omnia
651 3176 926 3233 dimittent
956 3188 1028 3235 te.
1059 3180 1291 3252 Propter
1316 3196 1598 3244 creaturas
1629 3191 1792 3246 relin-

196 3264 328 3335 quis
358 3275 690 3329 creatorem.
722 3276 779 3324 et
822 3269 945 3325 ideo
985 3282 1172 3328 contra
1211 3284 1263 3330 te
1297 3276 1581 3350 insurgent
1604 3297 1793 3339 omnes

198 3362 505 3421 creaturas,
558 3357 684 3425 quia
741 3354 1064 3416 otl'cndendo
1116 3362 1470 3433 Creatorem,
1522 3369 1790 3427 offendisti

198 3458 423 3500 omnem
454 3455 780 3501 creaturam.
808 3447 875 3501 Et
907 3449 1030 3505 ideo
1081 3466 1273 3510 omnes
1316 3456 1582 3514 creatura:
1603 3500 1618 3523 ,
1672 3478 1792 3532 quae

196 3533 367 3590 facta;
407 3545 536 3591 sunt
563 3537 617 3591 in
654 3537 1019 3594 ministerium
1046 3551 1103 3596 et
1129 3543 1420 3600 utilitatem
1453 3556 1627 3615 tuam,
1657 3566 1789 3607 con-

194 3634 485 3681 vertentur
517 3628 584 3681 ad
610 3628 903 3685 vindictam
933 3641 989 3687 et
1008 3634 1384 3702 ptenitentiam
1416 3648 1594 3706 tuam;
1627 3651 1681 3696 et
1711 3658 1790 3699 vae

197 3715 301 3770 tibi
332 3716 439 3771 erit
480 3718 597 3775 sine
628 3718 914 3792 ﬁne,.quia
950 3723 1167 3780 noluisti
1202 3726 1405 3783 habere
1441 3728 1643 3786 bonum
1672 3732 1791 3790 sine

196 3812 327 3870 ﬁne.
884 3838 887 3841 '

272 3905 626 3975 Recognosce
656 3908 871 3981 itaque,
916 3910 1112 3979 homo,
1164 3929 1494 3985 recognosce
1542 3918 1788 3989 temetip-

197 4013 344 4053 sum.
377 3998 634 4070 Recogita
660 4002 805 4071 quod
831 4002 963 4058 nihil
986 4003 1139 4059 facis.
1166 4004 1401 4061 Attende
1430 4007 1571 4077 quod
1594 4007 1718 4063 vilis
1733 4017 1789 4064 et

196 4088 381 4145 malus
408 4104 489 4144 es.
521 4090 741 4162 Plange,
792 4095 956 4150 homo
998 4095 1185 4163 miser,
1231 4096 1455 4167 plange,
1489 4097 1790 4155 incessabi-

197 4181 329 4235 liter
352 4190 574 4250 peccata
606 4191 719 4237 tua.
751 4184 881 4241 Dele
911 4186 1165 4258 lacrymis
1190 4188 1427 4244 malitias
1452 4196 1508 4244 et
1536 4190 1787 4249 miserias

197 4279 352 4334 tuas,
376 4271 502 4341 quia
533 4271 809 4329 voluntate
832 4276 1047 4347 propria
1078 4279 1335 4347 peccasti.
1360 4279 1654 4351 Displiceat
1688 4282 1785 4338 tibi

130 4354 137 4357 ’
198 4378 374 4433 super
403 4364 609 4419 omnia.
637 4366 932 4437 Displiceat
961 4368 1054 4424 tibi
1090 4379 1203 4426 toto
1228 4372 1409 4437 corde,
1438 4380 1494 4428 et
1529 4373 1785 4432 continue

1916 561 2064 607 totus
2102 550 2367 606 sollicitus
2404 550 2471 604 ad
2510 547 2734 603 malum.
2757 547 2837 602 Ad
2866 547 3004 603 bona
3041 558 3221 603 autem
3256 556 3401 603 totus
3429 562 3490 603 es

1916 642 2106 707 durus,
2134 650 2278 696 totus
2310 640 2482 712 piger,
2518 647 2661 694 totus
2684 637 3083 704 incredulus,et
3107 637 3321 694 rebellis
3341 653 3399 694 es
3420 637 3488 693 ad

1912 731 2136 787 bonum.

1983 821 2139 878 Unde
2175 820 2269 876 tibi
2308 823 2412 877 hoc
2444 823 2545 876 nisi
2568 836 2599 876 a
2628 835 2821 887 carne,
2854 836 3017 891 quam
3058 829 3264 877 tantum
3307 822 3487 893 diligis

1912 921 1966 970 et
2001 914 2267 983 sequeris.
2295 911 2432 979 Quia
2455 926 2587 968 vero
2610 927 2831 968 carnem
2860 913 3131 982 sequeris,
3160 927 3380 967 carnem
3404 912 3488 967 di-

1909 1003 2068 1075 ligis;
2099 1012 2151 1058 et
2180 1004 2311 1073 quia
2335 1017 2552 1057 carnem
2575 1003 2841 1072 sequeris,
2858 1017 3021 1072 opera
3049 1004 3230 1057 carnis
3266 1001 3486 1069 facis,et

1909 1109 2030 1150 cum
2064 1095 2178 1163 ipsa
2224 1094 2488 1163 punieris.
2524 1093 2718 1149 Carnis
2772 1103 2876 1148 tua:
2916 1093 3126 1150 fructus
3165 1104 3247 1150 est
3300 1094 3483 1157 libido,

1908 1187 2369 1257 concupiscentia,
2400 1186 2711 1249 inﬁrmitas,
2740 1185 3007 1256 fragilitas
3044 1196 3100 1241 et
3151 1187 3323 1242 dolor.
3354 1187 3487 1241 Ver-

1905 1282 2013 1337 mis
2038 1290 2092 1335 et
2117 1280 2378 1349 putredo,
2410 1289 2605 1349 puteus
2646 1288 2699 1334 et
2739 1278 2937 1334 fetidus
2966 1279 3123 1335 fetor.
3162 1279 3241 1333 Tu
3287 1279 3399 1348 ipse
3424 1294 3485 1335 es

1912 1370 2153 1426 tenebris
2184 1369 2503 1439 ignorantia:
2541 1368 2621 1421 sic
2650 1377 2979 1433 excaecatus,
3013 1376 3073 1421 ut
3119 1368 3328 1423 nescias
3355 1368 3486 1437 quid

1905 1463 2001 1519 sis.
2017 1460 2132 1518 Non
2163 1461 2397 1515 attendis
2418 1477 2522 1531 quo
2547 1461 2719 1525 vadis,
2745 1476 2843 1516 ncc
2869 1460 3253 1515 animadvertis
3284 1458 3485 1513 factum

1907 1561 2059 1607 tuum
2081 1590 2096 1615 ,
2141 1562 2316 1618 neque
2348 1549 2571 1603 insidias
2603 1549 2807 1604 inimici
2837 1559 2889 1604 et
2917 1549 3244 1603 tentationes
3265 1548 3489 1603 fraudu-

1902 1637 2081 1692 lentas
2126 1632 2408 1702 intelligis,
2457 1641 2600 1688 totus
2650 1633 2950 1704 negligens,
2977 1647 3081 1687 nec
3130 1632 3337 1701 cogitas
3375 1646 3485 1701 quo

1904 1729 2127 1785 tendere
2153 1725 2369 1781 debeas.
2399 1725 2555 1780 Viam
2592 1725 2791 1789 nescis,
2813 1733 2868 1779 et
2896 1740 3001 1779 non
3039 1723 3290 1793 inquiris,
3318 1737 3482 1793 gran-

1901 1818 1985 1875 dis
2027 1829 2265 1884 namque
2297 1813 2390 1869 tibi
2419 1823 2589 1870 restat
2619 1815 2741 1882 via;
2791 1815 3019 1871 sollicite
3049 1815 3246 1884 qumris
3277 1813 3479 1875 cibum,

1900 1911 2155 1969 vestitum
2174 1948 2189 1974 ,
2220 1915 2277 1962 et
2302 1909 2579 1976 requiem,
2614 1916 2669 1963 et
2695 1922 2887 1963 omnes
2912 1907 3094 1963 carnis
3126 1906 3484 1965 necessitates

1899 2006 2118 2073 quando
2154 1998 2396 2069 indiges;
2427 2001 2493 2056 de
2516 2002 2626 2055 vita
2664 2015 2795 2056 vero
2836 2009 2892 2056 et
2936 1998 3112 2054 salute
3140 1998 3335 2053 anima:
3379 2006 3484 2052 tuae

1899 2110 2118 2166 semper
2146 2104 2333 2166 tepens
2363 2109 2472 2150 non
2493 2107 2675 2159 curas,
2696 2090 2825 2146 licet
2851 2103 3067 2159 semper
3092 2085 3353 2157 indigeas,
3368 2084 3482 2154 ple-

1898 2203 2000 2243 nus
2048 2187 2254 2243 malitia
2285 2196 2342 2243 et
2362 2186 2623 2257 nequitia.
2671 2183 2835 2239 Miser
2883 2183 3047 2237 homo
3098 2188 3159 2233 ut
3204 2179 3464 2234 miserum

1897 2294 2093 2348 corpus
2124 2293 2313 2347 pascas
2338 2286 2392 2333 et
2410 2278 2631 2343 vestias,
2661 2284 2715 2330 et
2735 2274 2916 2331 carnis
2946 2272 3474 2341 voluptatibus,qute

1896 2379 2020 2440 post
2048 2383 2249 2438 paucos
2274 2368 2392 2422 dies
2413 2382 2441 2421 a
2469 2366 2747 2422 vermibus
2772 2363 3140 2428 devorabitur,
3152 2357 3480 2423 satisfacias,

1900 2460 2168 2516 sollicitus
2195 2458 2446 2521 laboras,
2477 2457 2654 2511 curris
2694 2463 2751 2511 et
2777 2453 3060 2517 discurris,
3091 2451 3304 2522 vigilas,
3328 2466 3479 2507 som-

1898 2566 2028 2606 num
2069 2564 2175 2604 non
2209 2547 2359 2617 capis
2395 2545 2570 2603 oculis
2616 2553 2678 2598 ut
2722 2543 2936 2612 repleas
2988 2550 3255 2605 ventrem,
3282 2549 3337 2596 et
3381 2555 3481 2609 pro

1898 2641 2077 2695 anima
2111 2648 2200 2693 tua
2222 2679 2236 2699 .
2263 2652 2379 2707 qua:
2410 2638 2519 2692 Deo
2555 2633 2933 2705 praesentanda
2966 2641 3049 2688 est
3082 2632 3135 2686 in
3165 2630 3354 2696 caelis,
3384 2646 3483 2683 cur

1898 2746 2005 2785 non
2033 2728 2294 2785 sollicitus
2330 2725 2594 2798 fatigaris;
2627 2732 2685 2778 ut
2724 2724 2895 2793 ipsam
2936 2734 3132 2792 pascas
3158 2719 3315 2776 bonis
3350 2734 3480 2789 ope-

1901 2822 2072 2887 ribus,
2103 2829 2159 2875 et
2209 2819 2405 2875 induas
2452 2817 2769 2881 virtutibus,
2817 2829 2888 2870 ne
2933 2820 3192 2884 appareat
3232 2811 3481 2867 confusio

1899 2912 2163 2967 nuditatis
2186 2909 2337 2979 ejus?
2368 2907 2540 2965 llomo
2571 2907 2740 2964 tristis
2779 2904 2978 2976 quaaris
3017 2918 3232 2974 semper
3256 2902 3481 2973 implere

1898 3010 2167 3063 ventrem,
2197 3007 2253 3053 et
2278 3012 2378 3053 cur
2404 3011 2509 3052 non
2540 2996 2719 3066 pascis
2742 2994 2979 3049 animam
3007 2992 3371 3048 esurientem?
3400 2990 3478 3045 De

1898 3110 2027 3151 vase
2048 3102 2349 3149 stercorum
2381 3105 2598 3160 semper
2620 3104 2800 3155 curas,
2826 3088 2969 3142 etde
2994 3086 3089 3141 Dei
3124 3085 3359 3155 imagine
3380 3096 3479 3138 cur

1897 3201 2004 3240 non
2037 3184 2236 3239 curas?
2265 3181 2452 3238 Pascis
2479 3180 2744 3246 sterilem,
2775 3186 2831 3233 et
2871 3192 2990 3247 quae
3017 3191 3121 3230 non
3164 3175 3327 3245 parit,
3355 3174 3477 3228 ani-

1894 3291 2039 3330 mam
2067 3273 2394 3328 esurientem
2424 3286 2532 3325 non
2565 3269 2734 3324 satias
2763 3265 3072 3321 bonis‘fVa:
3101 3264 3193 3319 tibi
3218 3272 3320 3328 est,
3349 3264 3476 3331 quia

1895 3366 2073 3420 anima
2098 3372 2187 3417 tua
2217 3372 2442 3433 propter
2469 3360 2667 3415 famem
2696 3361 2746 3415 in
2779 3366 2831 3413 te
2854 3358 3055 3414 deﬁcit.
3069 3356 3161 3412 Va:
3184 3356 3299 3420 tibi,
3324 3364 3376 3410 et
3397 3370 3477 3409 va:

1894 3456 1988 3511 tibi
2032 3456 2158 3518 erit,
2187 3452 2327 3524 quod
2373 3451 2554 3507 reddis
2582 3467 2700 3521 qua:
2741 3458 2868 3507 sunt
2912 3446 3141 3504 Caesaris
3170 3446 3389 3507 Caesari,
3419 3454 3476 3499 et

1891 3565 1998 3603 non
2030 3547 2211 3601 reddis
2241 3561 2361 3615 quae
2392 3554 2519 3601 sunt
2542 3545 2635 3600 Dei
2666 3544 2801 3611 Deo;
2835 3551 2889 3598 et
2919 3542 3039 3598 ideo
3064 3540 3385 3596 maledictus
3414 3555 3475 3595 es

1891 3655 1921 3694 a
1954 3640 2091 3700 Deo,
2140 3646 2196 3693 ct
2252 3636 2607 3692 confunderis
2659 3636 2727 3690 ab
2774 3650 2858 3691 eo.
2894 3632 3055 3699 Vide,
3088 3634 3253 3687 miser
3288 3632 3473 3699 homo,

1894 3729 2032 3793 vide,
2068 3728 2195 3797 quia
2228 3736 2403 3782 totum
2439 3736 2523 3782 est
2544 3727 2781 3793 vanitas,
2822 3734 2991 3783 totum
3021 3723 3276 3787 stultitia,
3301 3731 3472 3777 totum

1889 3818 2184 3885 dementia,
2223 3819 2487 3889 quidquid
2517 3819 2743 3887 cogitas,
2777 3816 3037 3886 quidquid
3084 3816 3188 3879 vis,
3212 3811 3473 3882 quidquid

1890 3912 2150 3981 loqueris,
2201 3911 2464 3982 quidquid
2512 3910 2646 3965 facis
2694 3909 2749 3962 in
2784 3908 2889 3962 hoc
2941 3906 3167 3970 mundo,
3196 3914 3392 3974 prmter
3420 3902 3473 3955 id

1889 4002 2064 4058 solum
2094 4002 2237 4072 quod
2270 3994 2322 4055 i'n
2350 4001 2541 4063 Deum,
2574 4008 2628 4052 et
2650 4006 2871 4067 propter
2902 3996 3094 4059 Deum,
3123 4002 3179 4049 et
3213 3994 3278 4047 ad
3302 3993 3475 4047 hono-

1887 4109 2003 4150 rem
2051 4094 2142 4148 Dei
2171 4092 2327 4148 facis.
2379 4091 2650 4161 Quidquid
2695 4090 2813 4145 sine
2840 4090 2951 4143 Deo
2983 4086 3137 4151 facis,
3172 4095 3342 4140 totum
3387 4092 3472 4139 est

1887 4184 2094 4241 malitia
2123 4194 2179 4241 et
2202 4185 2437 4249 vanitas,
2463 4182 2589 4253 quia
2617 4181 2751 4237 nihil
2783 4188 2865 4236 est
2894 4180 3094 4234 bonum
3121 4179 3238 4234 sine
3259 4193 3472 4231 summo

1886 4277 2049 4335 bono.
2082 4277 2243 4333 Certe
2268 4275 2441 4347 magis
2470 4274 2688 4329 miseria
2714 4270 2949 4328 hominis
2978 4277 3061 4325 est
3090 4284 3211 4325 cum
3245 4268 3336 4324 illo
3363 4283 3471 4323 non

1886 4382 2033 4432 esse,
2062 4367 2181 4423 sine
2204 4381 2311 4436 quo
2335 4379 2455 4420 esse
2477 4379 2584 4419 non
2610 4369 2807 4434 potest.

197 4454 493 4525 displiceat
521 4457 645 4524 tibi,
672 4459 815 4527 quod
848 4460 1132 4516 Dominum
1162 4462 1439 4518 immensae
1460 4466 1784 4536 maiestatis,
1812 4466 1865 4527 ι)
1960 4457 2119 4523 Vide,
2150 4457 2314 4511 homo
2354 4454 2545 4520 miser,
2572 4454 2698 4524 quia
2730 4453 2796 4508 ad
2822 4450 3113 4523 imaginem
3138 4457 3193 4506 et
3219 4447 3471 4505 similitu-

197 4546 494 4601 habentem
514 4557 833 4617 potestatem
854 4551 1031 4606 omnis
1050 4552 1257 4619 carnis,
1273 4561 1327 4607 et
1354 4553 1569 4612 mittere
1590 4571 1785 4628 corpus

194 4646 255 4692 et
305 4637 544 4692 animam
598 4640 652 4693 in
699 4640 1033 4711 gehennam,
1078 4656 1243 4697 ausus
1296 4642 1445 4699 fuisti
1490 4644 1781 4704 offendere.

190 4729 525 4785 Amarescat
569 4732 666 4786 tibi
714 4732 1055 4788 amarissime
1102 4749 1199 4789 cor
1247 4743 1418 4800 tuum,
1447 4739 1589 4805 quod
1615 4737 1783 4794 Deum

192 4833 471 4873 summum
499 4820 713 4875 Patrem
741 4822 1303 4893 incomprehensibilis
1330 4824 1645 4894 majestatis,
1685 4828 1785 4882 mi-

193 4908 513 4964 sericordiaz
567 4909 852 4966 ineffabilis
876 4952 891 4977 ,
934 4912 1026 4981 qui
1077 4912 1344 4982 benignus
1379 4922 1433 4968 et
1467 4916 1783 4973 misericors

189 5006 283 5053 est
304 5013 471 5066 super
496 4999 740 5070 ingratos
767 5012 823 5057 et
853 5003 1043 5069 malos,
1073 5004 1332 5070 faciliter,
1360 5004 1681 5074 voluntarie,
1713 5008 1780 5064 li-

187 5089 391 5146 benter
430 5100 486 5147 et
523 5092 911 5149 delectabiliter
958 5093 1249 5151 offendisti.
1295 5094 1463 5152 Totus
1495 5098 1782 5169 displicens

189 5180 313 5243 tibi,
340 5189 399 5235 ut
419 5183 593 5252 possis
617 5191 758 5239 totus
787 5184 999 5253 placere
1022 5184 1145 5245 sibi,
1171 5184 1261 5253 qui
1291 5195 1376 5242 est
1395 5203 1658 5254 summus,
1691 5206 1780 5245 ve-

186 5286 292 5325 rus
320 5280 377 5326 et
396 5272 542 5328 solus
572 5273 733 5338 Deus,
756 5275 840 5330 cui
869 5290 1025 5332 nemo
1052 5278 1248 5346 placet,
1269 5278 1371 5334 nisi
1404 5280 1501 5350 qui
1533 5280 1780 5335 sibimet-

187 5358 297 5428 ipsi
330 5359 606 5429 displicet;
652 5372 706 5418 et
740 5379 899 5421 nemo
926 5366 1193 5436 diSplicet,
1221 5358 1324 5423 nisi
1352 5370 1440 5437 qui
1479 5370 1779 5440 sibimetpsi

184 5450 392 5520 placet.
412 5450 646 5521 Dissipat
675 5469 906 5524 namque
932 5456 1073 5511 Deus
1104 5472 1227 5513 ossa
1250 5472 1437 5516 eorum
1471 5459 1561 5527 qui
1596 5460 1775 5515 homi-

190 5541 367 5597 nibus
395 5542 628 5611 placent,
657 5554 709 5600 et
739 5547 881 5616 quod
923 5548 1089 5602 altum
1125 5558 1180 5604 et
1208 5549 1492 5619 pulchrum
1527 5560 1611 5605 est
1637 5551 1777 5621 apud

187 5632 468 5699 homines,
487 5637 847 5693 abominabile
871 5646 953 5693 est
985 5640 1125 5708 apud
1162 5639 1353 5695 Deum.
1381 5638 1574 5694 Mirum
1608 5643 1778 5697 estde

189 5732 273 5788 te,
293 5725 455 5781 homo
472 5726 656 5793 miser;
678 5729 743 5783 ad
760 5728 898 5785 mala
930 5728 1127 5801 quippe
1152 5738 1293 5788 totus
1315 5745 1373 5787 es
1401 5731 1609 5799 avidus,
1632 5740 1777 5789 torus

1888 4551 2068 4606 dinem
2094 4549 2185 4605 Dei
2213 4555 2434 4604 creatus
2462 4558 2612 4611 es,et
2632 4555 2857 4616 propter
2887 4545 3109 4600 nimiam
3140 4542 3469 4599 charitatem

1885 4642 2099 4697 Domini
2129 4640 2298 4696 nostri
2313 4638 2439 4695 Jesu
2460 4638 2663 4696 Christi
2704 4647 2880 4696 morte
2916 4636 3228 4708 turpissima
3264 4636 3473 4691 redem-

1885 4742 2007 4805 plus
2028 4742 2081 4786 et
2104 4732 2361 4786 liberatus
2390 4746 2471 4798 es,
2509 4740 2562 4787 et
2590 4735 2654 4786 ad
2673 4731 2957 4787 videndam
2989 4729 3290 4785 claritatem
3322 4741 3471 4781 sum-

1886 4826 1958 4879 mi
1976 4825 2067 4879 Dei
2100 4823 2215 4880 sola
2241 4822 2603 4879 inaastimahili
2630 4822 3002 4879 misericordia
3019 4836 3115 4875 sua
3144 4825 3370 4873 vocatus
3384 4832 3467 4880 es,

1883 4925 1939 4972 et
1960 4917 2205 4987 plurimis
2234 4917 2515 4972 beneﬁciis
2555 4931 2618 4971 ex
2651 4928 2761 4983 quo
2789 4924 2913 4967 esse
2950 4909 3185 4981 coepisti,
3218 4907 3286 4963 ab
3315 4908 3469 4961 altis.

1883 5010 2021 5064 simo
2065 5009 2228 5063 Patre
2271 5009 2435 5064 totius
2460 5006 2711 5063 veritatis
2741 5004 2807 5059 ad
2842 5003 3008 5058 vitam
3049 5012 3309 5057 aeternam
3341 5015 3465 5055 cum

1884 5100 2000 5168 ipso
2026 5100 2334 5154 habendam
2363 5114 2462 5170 per
2483 5097 2700 5151 unicum
2728 5093 2896 5149 ﬁlium
2919 5108 3074 5149 suum
3099 5092 3357 5146 invitatus
3382 5104 3463 5145 es.

1880 5188 2044 5245 Miser
2066 5191 2251 5256 homo,
2276 5202 2600 5259 recognosce
2629 5186 2772 5241 hunc
2800 5185 3082 5241 honorem.
3113 5181 3357 5251 lntellige
3378 5181 3463 5235 di-

1880 5284 2136 5352 gnitatcm
2166 5292 2221 5338 et
2247 5284 2506 5338 honorem
2555 5288 2736 5345 tuum,
2771 5292 2879 5348 quo
2913 5290 2943 5329 a
2984 5283 3133 5330 tanta
3178 5273 3463 5341 majestate

1881 5373 2181 5429 honoratus
2229 5385 2308 5427 es.
2347 5370 2608 5426 Eternus
2653 5369 2800 5425 enim
2851 5367 2994 5421 Deus
3050 5374 3107 5421 et
3167 5364 3463 5419 immensus

1878 5465 2087 5521 creavit
2142 5470 2213 5527 te,
2272 5461 2528 5518 formavit
2564 5469 2641 5527 te,
2686 5469 2743 5516 et
2791 5454 3041 5514 invitavit
3080 5465 3149 5512 te.
3193 5455 3462 5511 Maximus

1880 5557 2078 5619 honor,
2094 5562 2146 5608 ct
2171 5552 2534 5624 amplissimus
2561 5566 2739 5607 amor.
2767 5549 3064 5620 Cognosce,
3086 5563 3119 5603 ο
3145 5546 3325 5612 homo,
3356 5545 3452 5601 bo-

1878 5660 2066 5701 norem
2096 5654 2264 5711 tuum,
2279 5653 2335 5699 et
2361 5658 2539 5708 curre,
2557 5642 2765 5715 gratias
2787 5656 2974 5713 agens,
2996 5640 3062 5696 ad
3090 5640 3453 5699 invitatorem,

1881 5753 1946 5791 ne
1978 5735 2115 5792 forte
2160 5735 2203 5791 si
2248 5736 2492 5805 ingratus
2517 5735 2597 5793 ire
2629 5733 2886 5801 nolueris,
2916 5733 3008 5789 sed
3051 5740 3144 5788 aut
3182 5730 3325 5798 villa,
3363 5739 3454 5783 aut
