4056 6302
673 355 807 410 1065
1201 360 1255 415 5.
1297 363 1597 421 ANSELMI
1629 367 1979 427 CANTUAR.
2011 373 2327 434 Αιιοηιει).
2363 382 2513 438 ΟΡΡ.
2558 385 2736 442 PARS
2767 387 2853 442 Ill.
2884 419 2958 430 -—
2994 389 3372 448 EPISTOLIE.
3795 403 3910 460 1056

667 470 856 534 bobus,
885 470 966 525 vel
997 469 1164 526 uxore
1191 460 1248 527 te
1276 467 1601 543 impedicris,
1637 481 1804 537 iratus
1836 485 2090 544 Dominus
2124 493 2213 562 ju-
2243 494 2289 551 Α
2342 508 2444 546 non
2473 503 2525 548 te
2551 493 2722 550 facias
2759 497 3038 553 inimicum
3081 508 3136 554 et
3180 504 3513 558 contrarium
3549 509 3907 579 omnipotentis

664 561 787 614 beat
819 570 871 616 te
897 563 1168 630 succendi,
1201 569 1254 617 et
1286 564 1380 620 tibi
1414 569 1612 622 ostium
1640 572 1760 626 vitae
1785 583 2002 631 aeternae
2035 582 2086 634 in
2111 561 2240 653 per-
2348 583 2460 638 Dri.
2491 586 2717 655 Propter
2744 591 3172 660 magnitudinem
3204 603 3260 648 et
3303 595 3560 652 dilectum
3598 601 3792 660 Filium
3832 611 3906 668 Dei

661 659 883 716 petuum
911 651 1214 706 claudatur.
1243 654 1521 725 Cognosce
1550 675 1751 731 ergo,o
1781 663 1963 734 homo,
1981 651 2242 730 honorem
2343 673 2615 731 Christum
2630 677 2916 735 Dominum
2950 697 3057 736 non
3088 693 3141 737 te
3165 684 3332 740 facias
3355 688 3563 744 socium
3597 693 3900 765 daemonum,

661 744 808 765 ιιι-..η
864 747 908 765 nl
945 738 1146 765 ..ιι-ιΛ-ιι
1184 739 1491 765 ρ..,.ι.,...-.--
1553 755 1582 765 .,
1756 750 1788 765 η
1847 751 1860 765 ι
1912 755 1924 765 .
2038 760 2049 765 -
2084 760 2096 765 -
2176 764 2204 765 η

3212 738 3262 739 '7'
3283 738 3286 739 ⁷
3312 738 3328 740 “
3358 738 3408 742 "
3426 738 3563 744 "—“'
3599 738 3900 765 “'—"'VII‘IIII,

661 744 832 799 tuum,
862 747 913 790 et
944 738 1147 792 honora
1184 739 1495 797 Creatorem
1553 755 1722 803 tuum.
1756 750 1861 805 Sed
1911 755 2049 812 heu!
2083 760 2242 846 hopic
2343 772 2399 817 et
2432 767 2863 825 combustionem
2921 773 3061 842 ignis
3111 777 3333 842 interni,
3377 781 3467 848 qui
3523 784 3828 854 redemptus
3856 808 3904 848 es

661 835 809 854 nonin
837 835 1008 854 nnlnnl
1039 829 1140 854 Ᾰῖιιξ
1175 832 1235 854 ,³-
1265 840 1312 854 ΙΑ
1368 835 1486 854 I,__-
1506 853 1519 854 κ
1623 835 1664 854 I’I
1970 848 1982 854 -
2059 851 2067 854 _

2941 829 2970 842 υ
3140 829 3145 830 κ
3319 829 3333 842 ,
3384 829 3466 848 τη
3525 829 3828 854 --ν-...μνη
3857 829 3901 848 ια

661 835 810 879 reete
837 835 1012 894 potest
1035 829 1140 883 dici
1171 832 1237 885 de
1263 840 1336 896 te,
1367 835 1528 890 homo
1563 855 1576 891 :
1616 835 1785 895 Homo
1817 860 1934 898 cum
1964 848 2016 902 in
2047 829 2240 909 honera
2342 857 2738 924 pretiosissimo
2778 864 3042 931 sanguine
3078 866 3216 934 Agni
3265 869 3782 933 immaculatissimi.
3812 879 3901 938 Noli

663 925 790 938 ----ι
822 933 920 938 ---μ
948 914 1119 938 LJJIA
1153 922 1201 938 ,-.
1732 931 1742 938 .

2343 914 2358 924 Ι
2715 914 2726 916 ἡ
2781 914 3038 931 -ηηυγ----
3078 914 3216 934 --ι-,η-
3265 914 3782 933 --υν---ν-νι--υιιιυσιιιιιο
3812 914 3899 938 ιγυιι

655 925 790 969 esset
820 933 922 971 non
946 914 1234 986 intellexit;
1257 938 1593 994 comparatus
1615 939 1690 984 est
1711 931 1966 1000 jumentis
1992 941 2238 1011 iusipien-
2343 957 2550 1004 tantum
2575 952 2810 1020 pretium
2843 955 3214 1026 vilipeudere,
3243 961 3389 1030 quod
3404 979 3509 1032 pro
3541 974 3594 1020 te
3628 967 3795 1027 Filius
3827 974 3899 1031 Dei

659 1005 792 1032 οη...-
823 1016 865 1032 ,ι
889 1009 1070 1032 ..:.-..‘I:_
1103 1010 1270 1032 1--.---
1306 1029 1362 1032 4,.
1400 1014 1472 1032 on-
1543 1017 1598 1032 Α.
2039 1029 2048 1032 -

656 1005 792 1059 tibus
817 1016 865 1060 et
885 1009 1070 1063 similis
1099 1010 1271 1078 factus
1292 1029 1364 1066 est
1392 1014 1517 1071 illis.
1543 1017 1766 1088 Dignum
1793 1035 1942 1082 certe
1959 1038 2012 1082 et
2029 1005 2232 1098 justum

655 1104 739 1148 est
770 1104 826 1149 ut
855 1098 948 1165 qui
976 1099 1148 1153 noluit
1178 1116 1302 1157 esse
1343 1105 1522 1159 socius
1546 1110 1856 1180 angelorum
1879 1157 1893 1178 ,
1927 1118 2019 1172 liat
2041 1121 2234 1179 similis
2335 1135 2564 1190 cendiis.
2601 1137 2716 1191 Tun

652 1275 1015 1333 inilitu‘diaem
1049 1281 1165 1350 Dei,
1197 1284 1413 1354 dignum
1438 1297 1520 1342 est
1553 1301 1609 1343 ut
1638 1291 1814 1361 imago
1852 1307 1908 1351 et
1935 1298 2229 1360 similitudo

642 1363 1013 1432 jumentorum
1048 1373 1322 1431 adhaereat
1359 1379 1429 1433 ei.
1467 1382 1744 1452 Cognosce
1785 1401 1914 1458 ergo
1947 1399 2029 1458 te,
2061 1395 2230 1452 miser

645 1456 827 1522 homo,
860 1475 1125 1531 cognosce
1157 1475 1210 1520 te
1237 1468 1510 1524 meliorem
1543 1487 1663 1528 esse
1689 1478 1898 1544 avibus,
1926 1482 2224 1552 digniorem

642 1549 852 1604 cunctis
882 1552 1268 1610 animantibus.
1294 1557 1410 1613 Noli
1446 1561 1639 1618 similis
1666 1579 1786 1620 esse
1813 1567 2072 1635 junieutis
2095 1576 2226 1632 insi-

641 1635 934 1705 pientihus,
966 1657 1086 1712 qua:
1131 1653 1340 1702 tantum
1375 1650 1540 1705 vitam
1593 1668 1914 1724 prmseutcni
1959 1665 2218 1736 cogitant,

638 1742 759 1794 qum
786 1737 992 1784 tantum
1023 1725 1264 1790 carnalia
1294 1747 1350 1792 et
1373 1743 1676 1811 corporalia
1703 1757 1981 1816 appetunt,
2002 1762 2219 1811 terrena

636 1823 692 1869 et
719 1819 1037 1886 temporalia
1071 1823 1324 1895 diligunt,
1355 1830 1480 1897 quia
1512 1847 1612 1886 nec
1639 1835 1743 1888 alia
1773 1837 1970 1893 sciunt.

709 1903 901 1973 Homo,
953 1924 1059 1965 non
1115 1919 1169 1967 te
1211 1915 1468 1986 subjicias
1511 1922 1686 1988 carni,
1734 1939 1839 1978 non
1880 1927 1955 1982 sis
2011 1942 2220 1991 amator

634 1998 842 2052 mundi.
877 1999 988 2056 Nec
1018 2012 1070 2058 te
1097 2007 1366 2064 sustineas
1393 2025 1515 2066 esse
1542 2013 1711 2068 lilium
1742 2017 1965 2086 diaboli,
1996 2035 2219 2094 propter

633 2084 892 2142 honorem
918 2093 1702 2168 potentissimi,sapientissimi
1728 2113 1782 2159 et
1805 2105 2218 2180 incomprehen-

629 2173 808 2230 sibilis
849 2177 1027 2235 Patris
1062 2185 1134 2237 ttti
1166 2185 1417 2245 altissimi
1469 2191 1587 2247 Dei.
1619 2193 1852 2265 Propter
1899 2173 2215 2262 admirabile

629 2277 828 2320 nomen
862 2269 955 2324 Dei
977 2274 1164 2333 interni
1195 2292 1303 2333 non
1338 2287 1389 2335 te
1421 2286 1724 2342 constituas
1755 2287 2128 2350 adversarium
2160 2306 2214 2352 et

628 2352 958 2416 homicidam
999 2364 1094 2419 tui.
1135 2365 1367 2440 Propter
1409 2389 1651 2434 amorem
1701 2381 2074 2456 benignissimi
2117 2390 2210 2444 Dei

2339 1040 2593 1108 dignatus
2619 1053 2704 1099 est
2731 1047 3032 1113 exsolvere,
3072 1065 3138 1104 ne
3169 1053 3515 1121 sempiternis
3541 1056 3903 1122 involvarisin-

2723 1154 2752 1193 c
2776 1141 2921 1194 enim
2952 1142 3324 1209 paenitentiam
3355 1148 3649 1204 maximam
3682 1153 3896 1220 habebis.

2457 1223 2576 1278 sine
2620 1228 2881 1282 remedio.
2921 1229 3072 1284 Tunc
3122 1231 3364 1287 dolorem
3412 1235 3800 1306 inopinabilein
3824 1260 3900 1314 pa-

2333 1309 2507 1376 tieris,
2539 1313 2632 1366 sed
2657 1314 2776 1369 sine
2808 1317 2916 1371 line
2950 1319 3236 1374 tormentis
3264 1320 3454 1389 plenus
3482 1326 3614 1391 eris,
3644 1344 3895 1401 nunquam

2330 1409 2509 1456 tamen
2537 1403 2896 1462 alleviaberis.
2932 1408 3066 1476 Quia
3112 1411 3360 1482 quisquis
3391 1430 3494 1470 non
3546 1418 3725 1485 ﬂebit,
3763 1423 3897 1482 ﬂendi

2327 1493 2454 1547 dum
2489 1504 2699 1564 tempus
2728 1498 2969 1564 habebit,
2991 1513 3201 1559 aeterno
3235 1505 3382 1561 luctu
3420 1506 3648 1576 lugebit,
3680 1514 3775 1568 sed
3800 1517 3896 1573 sine

2327 1580 2527 1638 fructu.
2564 1584 2697 1640 Redi
2726 1603 2855 1658 ergo
2885 1590 2950 1643 ad
2976 1599 3047 1654 te,
3075 1594 3213 1659 redi,
3253 1610 3352 1651 nec
3374 1596 3554 1650 tardes
3581 1604 3821 1658 converti
3842 1607 3895 1660 ad

2324 1673 2474 1730 illum
2501 1675 2590 1744 qui
2630 1686 2686 1731 te
2717 1693 2812 1732 sua
2847 1688 3118 1748 potestate
3143 1683 3296 1752 fecit,
3328 1703 3426 1744 sua
3456 1690 3732 1760 sapientia
3766 1697 3894 1750 rede

2323 1764 2440 1828 mit,
2495 1780 2591 1820 sua
2646 1767 2996 1827 inenarrabili
3049 1776 3298 1832 bonitate
3353 1782 3420 1835 ad
3469 1797 3530 1838 se
3572 1786 3804 1849 vocavit,
3848 1797 3894 1842 et

2256 1859 2301 1916 Β
2330 1865 2610 1923 exspectat
2635 1858 2812 1915 adhuc
2835 1862 3101 1933 quotidie,
3128 1875 3184 1921 et
3208 1871 3506 1926 coronabit.
3543 1872 3690 1940 Quid
3718 1879 3891 1945 quieris

2325 1953 2480 2000 extra
2528 1947 2716 2003 illum?
2744 1951 2922 2030 Quid?
2965 1955 3104 2022 Quid
3136 1958 3414 2016 desideras
3458 1975 3664 2034 praeter
3705 1968 3890 2037 ipsum!

2325 2033 2464 2100 Quid
2488 2037 2785 2108 tibiplacet
2809 2044 2925 2098 sine
2950 2045 3105 2112 ipso?
3135 2047 3250 2115 Ipse
3277 2049 3402 2106 fecit
3427 2033 3641 2120 omnia,
3675 2033 3781 2126 ipse
3807 2059 3891 2113 lia-

2323 2123 2416 2176 bet
2437 2128 2645 2196 omnia,
2676 2130 2789 2198 ipse
2818 2141 2900 2188 est
2939 2136 3143 2190 omnia.
3177 2136 3450 2208 Quidquid
3486 2123 3710 2199 bonum-
3735 2147 3887 2216 cupis,

2322 2215 2581 2284 quidquid
2631 2221 2912 2290 pulchrum
2943 2227 3162 2295 quieris,
3193 2230 3454 2299 quidquid
3489 2234 3655 2292 dulce
3683 2247 3738 2292 et
3760 2215 3886 2293 dele-

2323 2304 2520 2360 ciabile
2571 2311 2826 2377 requiris,
2858 2322 3028 2368 totum
3066 2315 3119 2370 in
3151 2317 3268 2385 ipso
3290 2317 3557 2389 invenies,
3585 2333 3643 2379 et
3690 2326 3744 2380 in
3783 2327 3887 2398 ipso

2323 2396 2647 2466 perfrueris;
2677 2402 2720 2456 si
2752 2404 2992 2473 gaudere
3019 2407 3122 2474 vis,
3159 2409 3276 2480 ipse
3303 2413 3561 2484 gaudium
3589 2425 3698 2481 est,
3725 2396 3827 2472 etc.

2129 2530 2374 2547 Ψ

1103 2563 1107 2565 ’
1163 2589 1544 2672 Exponeute
1571 2559 1574 2562 ἢ
1598 2605 1904 2683 magistro
1932 2611 2268 2684 Anselmo.
2310 2618 2442 2680 haec
2477 2618 2738 2699 collegit
2779 2623 2854 2682 Νι
2888 2624 3351 2690 Amanuensis.

1861 2748 1969 2806 (Ea:
1990 2770 2116 2810 mss.
2141 2755 2463 2817 Corbeiensi.
2493 2780 2539 2817 s.
2572 2762 2724 2835 596.)

685 2861 830 2920 Deus
857 2863 974 2922 solo
1001 2866 1169 2926 verbo
1191 2870 1276 2926 vel
1298 2873 1580 2935 voluntate
1601 2879 1887 2950 plasmavit
1907 2885 2201 2958 hominem,

614 2967 722 3008 non
749 2969 847 3023 per
877 2958 1229 3029 angelum,ut
1251 2966 1471 3032 quidam
1501 2969 1708 3027 volunt.
1735 2973 1800 3028 Et
1827 2985 1953 3030 nota
1982 2981 2201 3048 quodin

613 3042 736 3098 aliis
757 3046 1014 3113 operibus
1033 3049 1107 3104 ait
1137 3051 1365 3111 Genesis
1395 3075 1409 3110 :
1436 3058 1582 3114 Dixit
1611 3061 1782 3132 Deus,
1810 3077 1857 3120 et
1892 3042 2034 3136 facta
2056 3083 2197 3130 sunt.

618 3130 725 3187 Sed
755 3148 876 3189 cum
903 3135 971 3192 de
1000 3141 1280 3198 creatione
1313 3147 1552 3205 hominis
1578 3130 1902 3223 loqueretur.
1922 3159 1994 3214 ait
2031 3178 2045 3214 :
2075 3160 2198 3217 Μα-

610 3237 710 3276 nus
735 3221 832 3278 Dei
865 3225 1096 3294 fecerunt
1123 3230 1383 3290 hominem
1405 3253 1426 3302 ;
1448 3238 1531 3292 vel
1567 3221 1896 3299 :Faciamus
1933 3246 2192 3306 hominem

607 3311 678 3364 ad
699 3311 980 3384 imaginem
1013 3327 1061 3372 et
1080 3319 1477 3380 similitudinem
1508 3341 1760 3398 nostram,
1793 3351 1898 3390 non
1928 3339 2073 3405 quod
2100 3349 2184 3393 ta-

609 3415 730 3455 nien
764 3405 934 3475 magis
970 3407 1144 3464 factus
1175 3412 1247 3468 sit
1275 3429 1438 3484 quam
1476 3418 1614 3488 alia;
1644 3423 1740 3477 sed
1786 3433 1841 3480 ut
1872 3429 2185 3484 ostendatur

606 3493 843 3562 dignitas
890 3497 1148 3572 hominis,
1179 3505 1270 3574 qui
1301 3508 1370 3562 ab
1409 3509 1534 3580 ipso
1579 3528 1790 3571 summo
1816 3517 1927 3574 Deo
1976 3521 2184 3579 artiﬁce

605 3600 711 3638 non
761 3589 828 3641 ab
870 3590 1155 3659 opiﬁz-ibus
1181 3594 1317 3664 ejus,
1363 3611 1418 3655 et
1465 3617 1589 3658 cum
1634 3608 1859 3663 consilio
1883 3627 2076 3682 magno
2102 3616 2183 3671 sic

603 3669 799 3728 factus.
831 3677 914 3732 Ad
939 3677 1230 3751 imaginem
1262 3685 1357 3742 Dei
1385 3688 1584 3746 dicitur
1609 3709 1750 3762 esse,
1789 3699 1914 3766 quia
1947 3669 2187 3758 rationa-

603 3763 670 3819 lis
695 3774 752 3820 et
781 3769 997 3838 sapiens
1023 3781 1081 3827 ut
1111 3774 1282 3832 Deus.
1325 3778 1407 3834 Ad
1453 3763 1863 3843 similitudinem
1919 3791 2014 3847 ita.
2048 3793 2189 3852 Deus

601 3871 743 3912 unus
777 3867 880 3926 est,
917 3875 1023 3916 non
1053 3873 1114 3919 ut
1139 3881 1236 3922 nos
1263 3869 1316 3923 in
1347 3871 1545 3941 quibus
1573 3876 1810 3945 diversa,
1841 3889 1902 3935 ut
1937 3883 2189 3940 substan-

600 3945 689 4000 tia:
716 3947 796 4002 vel
824 3952 1132 4009 accidentia
1157 3958 1421 4016 uniuntur
1467 3963 1520 4018 in
1572 3981 1760 4034 unum,
1782 3971 1881 4024 sed
1928 3972 2186 4031 ineﬂ‘abili

601 4038 762 4093 modo
789 4048 844 4094 et
872 4041 924 4097 in
955 4045 1203 4102 omnibus
1224 4058 1328 4119 est,
1352 4061 1406 4107 et
1428 4054 1610 4112 omnia
1640 4058 1894 4129 complet,
1928 4071 1983 4116 et
2007 4071 2187 4119 tamen

597 4142 696 4195 pro
751 4133 911 4188 rebus
965 4135 1305 4195 immutatur.
1334 4143 1443 4200 Illis
1495 4147 1701 4214 incisis,
1739 4165 1843 4205 non
1891 4152 2179 4223 inciditur;

599 4223 884 4288 truncatis,
917 4241 1023 4280 non
1055 4237 1362 4301 truncatur;
1382 4239 1768 4308 augmentatis,
1795 4258 1898 4298 non
1924 4261 2184 4316 augmen—

598 4309 779 4375 tatUr;
828 4314 1128 4384 diminutis,
1170 4326 1670 4398 nondiminuitur;
1706 4319 2030 4400 sordidatis,’
2073 4352 2178 4392 non

599 4400 934 4460 sordidatur.
962 4407 1114 4475 Quod
1156 4413 1200 4467 si
1232 4411 1509 4484 quaeratur
1553 4423 1824 4490 quomodo
1863 4426 1965 4482 hoc
2003 4437 2182 4499 potest

596 4488 747 4556 sciri,
789 4496 968 4551 anima
1000 4511 1085 4555 est
1114 4502 1239 4560 inde
1271 4508 1588 4581 similitudo,
1617 4514 1800 4576 anima
1853 4527 1912 4573 ut
1957 4520 2009 4574 in
2051 4537 2174 4578 cor-

2309 2909 2442 2963 pore
2470 2911 2569 2966 pro
2591 2913 2703 2970 quo
2731 2899 2922 2969 inciso,
2953 2917 3059 2959 non
3084 2903 3372 2975 inciditur;
3398 2922 3886 2982 augmentato,non

2309 2995 2720 3057 augmentatur;
2763 2989 3071 3060 imminuto,
3099 2994 3207 3051 non
3239 2997 3619 3069 imminuitur;
3653 3015 3714 3061 et
3737 3010 3811 3064 sic
3836 3021 3888 3064 ut

2307 3075 2374 3129 ad
2401 3076 2808 3135 similitudinem
2829 3081 2923 3136 Dei
2949 3084 3089 3138 istud
3119 3081 3584 3160 sciendum,un
3613 3085 3886 3168 Scriptura

2306 3179 2434 3222 raro
2459 3167 2590 3224 dicit
2616 3170 2889 3227 hominem
2913 3173 3202 3244 imaginem
3227 3178 3340 3243 Dei,
3377 3183 3524 3250 quod
3551 3183 3656 3239 soli
3698 3167 3889 3244 conre-

2304 3256 2385 3311 nit
2409 3257 2548 3314 Filio
2574 3260 2693 3326 Dei,
2721 3260 2816 3317 sed
2845 3263 2915 3317 ad
2941 3264 3262 3335 imaginem.
3299 3268 3639 3341 Augustinus
3667 3295 3681 3330 :
3715 3275 3885 3332 Omnis

2292 3347 2486 3416 Adam,
2509 3352 2635 3406 dum
2663 3353 2769 3408 uult
2803 3371 3041 3424 perverse
3062 3374 3173 3412 esse
3199 3359 3406 3427 similis,
3429 3364 3567 3418 cadit
3593 3366 3653 3419 in
3683 3367 3890 3437 captivi-

2291 3447 2472 3505 tatem,
2506 3444 2645 3497 unde
2674 3445 2863 3501 clamet
2898 3447 2968 3500 ad
2989 3465 3107 3502 eum
3137 3466 3169 3503 a
3193 3444 3296 3520 quo
3319 3453 3505 3508 cecidit
3538 3471 3556 3509 :
3582 3455 3724 3522 Quis
3749 3459 3886 3514 simi-

2291 3531 2357 3587 lis
2386 3535 2519 3590 tibi?
2538 3537 2635 3592 Est
2662 3548 2844 3595 autem
2873 3540 3036 3596 homo
3073 3543 3255 3614 justus
3283 3545 3373 3614 qui
3411 3546 3584 3618 diligit
3616 3552 3886 3634 inimicos,

2289 3629 2346 3676 et
2377 3625 2647 3682 benefacit
2676 3628 2780 3695 eis,
2804 3629 2998 3686 similis
3021 3642 3105 3687 est
3145 3632 3256 3687 Deo
3287 3635 3355 3688 ad
3384 3635 3540 3703 cujus
3587 3625 3886 3710 imaginem

2291 3715 2467 3769 lactus
2495 3723 2600 3780 est,
2629 3717 2722 3786 qui
2757 3719 2930 3775 solem
2984 3738 3139 3777 suum
3175 3725 3304 3780 facit
3327 3726 3458 3780 oriri
3518 3743 3696 3800 super
3716 3731 3888 3800 justus

2292 3813 2348 3860 et
2395 3798 2644 3875 injustos,
2678 3817 2734 3863 et
2786 3810 2924 3878 pluit
2973 3827 3136 3881 super
3171 3814 3347 3884 justos
3395 3827 3451 3871 et
3497 3798 3769 3890 iniustos;
3799 3825 3887 3880 sed

2292 3895 2410 3951 haec
2439 3897 2750 3954 obedientia
2777 3909 2882 3965 est,
2912 3917 3018 3958 non
3050 3906 3324 3974 superbia.
3364 3909 3460 3964 Est
3490 3924 3627 3981 ergo
3648 3912 3797 3972 bene
3821 3916 3890 3971 si-

2293 3987 2439 4043 milis
2465 3990 2558 4058 qui
2588 3991 2764 4046 credit
2794 3993 3258 4050 Deum'summnm
3289 4013 3431 4065 esse,
3457 4003 3606 4059 nullo
3631 4020 3888 4075 egere,se

2291 4090 2421 4131 vero
2444 4091 2550 4132 non
2582 4091 2678 4146 per
2702 4094 2785 4145 sc,
2816 4080 2911 4136 sed
2940 4084 3080 4151 apud
3111 4083 3276 4139 Deum
3303 4100 3426 4142 esse
3452 4105 3466 4142 :
3509 4091 3606 4159 qui
3635 4108 3778 4148 vero
3795 4109 3891 4164 per

2287 4183 2347 4224 se
2369 4169 2482 4226 vult
2507 4184 2630 4226 esse
2654 4179 2714 4225 ut
2736 4171 2900 4240 Deus,
2930 4189 2959 4228 a
2994 4174 3141 4230 nullo
3170 4177 3552 4237 est.Perverse
3579 4185 3705 4239 vult
3743 4187 3889 4241 simio

2284 4259 2352 4316 lis
2371 4275 2514 4327 esse,
2538 4269 2599 4317 ut
2630 4261 2876 4319 diabolus
2898 4265 2990 4336 qui
3023 4255 3194 4322 noluit
3216 4269 3316 4324 sub
3352 4285 3417 4326 eo
3447 4287 3600 4339 esse;
3621 4266 3702 4331 'et
3726 4277 3888 4332 homo

2285 4351 2473 4422 qui....
2504 4367 2696 4406 servus
2733 4353 2908 4408 noluit
2935 4357 3105 4410 teneri
3130 4363 3614 4430 praecepto,voluit
3645 4376 3712 4422 ut
3741 4367 3887 4424 nullo

2282 4441 2384 4498 sibi
2410 4442 2724 4497 dominante
2752 4453 2894 4499 esset
2921 4447 3073 4516 quasi
3100 4447 3262 4504 Deus.

587 4669 892 4771 Magister
919 4697 1267 4768 Anselmus
1294 4724 1489 4788 super
1513 4728 1770 4792 versum
1801 4716 1982 4781 illum
2021 4742 2035 4780 :
2063 4723 2321 4785 Decebat
2345 4726 2506 4786 enim
2528 4745 2662 4788 eum
2691 4745 2806 4808 per
2840 4745 3017 4810 quem
3057 4731 3264 4794 omnia
3299 4739 3357 4795 et
3383 4753 3461 4822 ea:
3487 4755 3616 4817 quo
3662 4743 3883 4803 omnia

2161 4868 2176 4885 .
2208 4842 2292 4888 ιι.
2335 4827 2457 4888 10).

2161 4868 2176 4885 .
2335 4827 2362 4884 1
2441 4870 2457 4888 .

661 4892 807 4950 Deus
830 4868 1176 4970 omnipotens
1204 4904 1250 4961 sl
1281 4905 1482 4964 nullam
1508 4910 1726 4980 penitus
1751 4821 2179 4974 creatufalfnebf;
2208 4824 2638 4994 g’por?)indidit,
2692 4928 2924 4996 qualiter
2968 4931 3108 4988 bene
3167 4934 3406 5005 regendo
3455 4935 3642 5007 ipsum
3665 4980 3688 5007 ,
3722 4943 3887 4998 simul

586 4982 776 5049 cisset,
831 4985 888 5040 in
941 4991 1122 5060 seipso
1169 4994 1327 5064 plene
1365 4999 1556 5056 beatus
1584 5016 1704 5058 esse
1749 5007 1943 5073 potuit,
1975 5009 2173 5079 quippe

590 5073 745 5130 nullo
774 5078 1044 5150 indigens,
1069 5086 1165 5140 sed
1192 5085 1409 5143 sibimet
1453 5106 1842 5164 usquequaque
1872 5073 2163 5156 sullicie'n-s.

587 5165 790 5224 Volens
827 5183 1021 5230 autem.
1047 5190 1110 5232 ea
1137 5191 1349 5237 summa
1378 5182 1620 5240 bonitate
1657 5195 1963 5242 creaturam
1995 5189 2168 5246 beati-

586 5255 760 5324 licari,
792 5261 934 5329 quod
978 5264 1147 5335 ipsius
1196 5279 1404 5330 tantum
1437 5276 1746 5346 cognitione
1781 5286 1837 5333 et
1864 5293 2052 5336 amore
2079 5281 2165 5337 lu-

585 5362 767 5405 iurum
795 5363 936 5420 erat,
954 5361 1223 5429 angelicas
1251 5375 1527 5424 creaturas
1548 5368 1676 5426 fecit
1699 5386 1726 5424 a
1755 5372 1951 5441 quibus
1977 5373 2162 5430 lauda-

585 5449 762 5510 retur,
791 5458 898 5502 non
929 5455 988 5502 ut
1003 5449 1051 5508 ei
1075 5451 1141 5506 de
1169 5453 1326 5512 laude
1357 5473 1544 5514 eorum
1573 5459 1776 5530 aliquid
1805 5475 2165 5536 accresceret,

2281 5026 2405 5067 cum
2428 5027 2655 5084 corpore
2679 5015 2733 5070 in
2758 5016 2868 5073 Deo
2889 5017 3318 5089 beatiﬁcaretur;
3347 5032 3405 5078 et
3428 5024 3503 5080 ita
3533 5025 3664 5086 laus
3696 5030 3801 5086 Dei
3823 5032 3890 5087 ab

2277 5103 2425 5160 omni
2448 5114 2698 5162 creatura
2723 5108 2879 5178 plena
2909 5121 3077 5168 esset.
3093 5113 3222 5169 lude
3250 5123 3332 5171 est
3357 5118 3502 5187 quod
3528 5122 3736 5176 omnia
3776 5123 3890 5177 lau-

2277 5194 2408 5251 dare
2434 5194 2604 5252 Deum
2647 5199 2920 5269 dicuntur,
2949 5203 3076 5259 dum
3118 5205 3415 5278 rationales
3442 5219 3756 5279 creatura,
3787 5229 3888 5270 an-

2275 5286 2380 5356 geli
2428 5286 2639 5344 scilicet
2666 5299 2722 5347 et
2757 5291 3026 5358 homines,
3071 5296 3264 5352 miram
3318 5299 3413 5355 Dei
3450 5304 3781 5371 potentiam
3836 5316 3892 5360 et

2276 5377 2572 5434 bonitatem
2608 5388 2716 5436 tam
2748 5382 2804 5439 in
2833 5400 2913 5452 se,
2944 5400 3104 5457 quam
3133 5387 3187 5442 in
3218 5390 3432 5446 caeteris
3471 5397 3771 5452 creaturis
3803 5397 3891 5451 ni-

2274 5477 2458 5524 tantur
2479 5478 2537 5526 et
2566 5471 2806 5530 laudant.
2834 5474 2928 5532 Sic
2976 5482 3106 5550 ergo
3136 5479 3427 5555 Apostolus
3475 5483 3552 5537 ait
3578 5500 3595 5537 :
3639 5483 3892 5552 Propter

585 5534 680 5588 sed
711 5535 859 5604 ipsis.
877 5537 1052 5598 Porro
1089 5546 1280 5603 eadem
1318 5549 1582 5620 bonitate,
1605 5562 1664 5607 ut
1701 5553 1818 5610 laus
1847 5534 2164 5627 imperfecta

517 5657 520 5660 ~
587 5639 698 5680 non
739 5639 910 5698 esset,
937 5645 1253 5706 corpoream
1282 5652 1589 5701 creaturam
1621 5649 1860 5704 condidit
1889 5665 1953 5707 ac
1989 5653 2162 5708 beati-

586 5713 754 5774 ﬁcare
779 5721 968 5780 voluit.
998 5726 1207 5798 Haede
1225 5747 1388 5790 causa
1417 5737 1665 5805 spiritum
1690 5741 2008 5798 rationalem
2039 5759 2163 5802 cor-

2269 5575 2389 5615 eum
2415 5563 2614 5630 omnia,
2653 5564 2864 5622 scilicet
2887 5567 3212 5625 laudandum
3254 5580 3311 5627 et
3336 5572 3810 5646 gloriﬁcandum,
3840 5588 3890 5633 et

2269 5666 2362 5718 per
2380 5666 2498 5706 eum
2519 5654 2696 5709 omnia
2719 5655 2872 5724 nihil,
2886 5657 3091 5715 scilicet
3111 5660 3403 5731 superﬂue.
3420 5661 3571 5729 Quod
3595 5664 3655 5720 si
3681 5681 3890 5724 verum

2268 5753 2370 5815 est,
2396 5744 2503 5802 imo
2533 5748 2658 5817 quia
2691 5763 2876 5808 verum
2919 5760 3027 5821 est,
3053 5754 3328 5811 hominem
3357 5755 3423 5812 ad
3465 5755 3721 5827 gloriam
3759 5759 3886 5815 duci
