4056 6302
193 302 328 360 1057

1497 311 1622 366 LIB.
1655 311 1695 367 l.
1725 341 1794 352 --
1824 311 2161 371 MONITUM.

3309 317 3448 373 i058

192 438 411 480 necesse
439 429 525 477 est
555 440 567 477 :
598 437 718 493 qum
745 438 867 480 cum
895 424 1192 481 necessitas
1220 441 1323 481 non
1348 426 1567 483 aliunde
1594 442 1753 498 quam
1785 428 1830 488 Α
1860 426 1943 480 ius
1964 427 2137 481 victus
2178 429 2341 481 etiam
2366 424 2640 480 hominem
2666 427 2960 493 amitteret,
2978 425 3118 482 ratio
3141 441 3250 481 non
3283 439 3447 484 esset.

189 530 256 571 ex
285 516 522 570 maxima
548 515 668 581 Dci,
696 532 857 596 quam
884 516 1253 586 praediximus,
1268 519 1511 574 bonitate
1534 521 1762 577 descen-

190 606 285 671 dit,
303 607 464 661 homo
484 622 513 660 a
536 617 757 677 peccato
782 623 881 663 suo
907 607 1152 679 perditus
1172 618 1275 663 est.
1292 610 1432 681 Ergo
1455 612 1520 665 ad
1538 612 1762 682 gloriam

189 713 292 753 non
339 699 572 763 ducitur,
609 714 739 770 ergo
786 700 900 771 ipse
952 715 1056 755 non
1112 700 1327 765 laudat;
1372 716 1765 773 consequenter

190 791 353 861 igitur
394 803 658 859 corporea
698 800 944 847 creatura
983 809 1090 861 non
1136 794 1345 862 laudat;
1382 797 1555 852 otiose
1606 798 1767 868 igitur

189 879 331 936 facta
353 889 458 937 est.
483 881 635 948 Quod
662 882 707 938 si
744 883 818 937 ita
845 892 947 950 est,
979 900 1110 957 ergo
1138 902 1238 942 nec
1280 888 1379 958 ipsi
1404 888 1577 958 angeli
1611 888 1768 959 plene

188 971 434 1039 laudant,
457 987 583 1043 cum
612 988 869 1049 numerus
916 990 1102 1031 eorum
1127 980 1198 1033 sit
1223 979 1543 1034 diminutus.
1574 978 1641 1034 Ut
1670 996 1768 1034 au-

192 1070 298 1116 tem
329 1062 451 1118 haec
475 1063 656 1119 omnia
706 1063 1141 1122 inconvenientia
1169 1069 1238 1124 ab
1267 1069 1384 1140 ipso
1425 1086 1533 1140 quo
1584 1087 1769 1141 proce-

188 1151 322 1208 dunt
355 1152 504 1209 fonte
524 1155 922 1226 supprimamus
944 1158 1219 1214 hominem
1246 1162 1513 1231 perditum
1546 1162 1612 1216 ad
1647 1164 1767 1233 glo-

189 1242 327 1298 riam
359 1244 483 1300 duci
525 1245 948 1319 constituamus,
978 1249 1133 1316 cujus
1175 1250 1421 1320 gloriosae
1452 1254 1769 1308 salvationis

187 1334 467 1401 ordinem,
513 1336 632 1406 ipso
687 1346 911 1393 auctore
961 1338 1272 1408 adjuvaute,
1302 1343 1601 1398 videamus.
1628 1344 1772 1399 Deus

188 1423 459 1480 hominem
486 1425 659 1494 ipsum
680 1427 759 1482 sic
784 1427 836 1481 in
865 1428 1041 1483 medio
1070 1430 1330 1496 condidit,
1347 1441 1406 1486 nt
1431 1432 1477 1487 si
1508 1435 1772 1489 obedicns

189 1514 238 1568 ei
292 1516 578 1582 existeret,
623 1527 844 1586 paracta
901 1519 1227 1586 obedientia,
1284 1522 1402 1577 sine
1453 1524 1770 1594 interposita

188 1612 368 1684 morte
415 1603 482 1672 de
530 1605 751 1665 mortali
800 1606 1123 1671 immortalis
1168 1609 1463 1684 ﬂerettsin
1496 1622 1675 1669 autem
1704 1613 1773 1670 de

189 1682 409 1749 mortali
436 1695 491 1749 in
516 1708 745 1752 mortem
780 1699 1229 1770 praecipitaretur.
1264 1682 1563 1762 Persuasus
1584 1722 1713 1777 ergo
1740 1722 1769 1762 a

185 1785 438 1851 diabolo,
488 1785 642 1855 juxta
694 1791 987 1846 terribilem
1040 1794 1131 1848 Dei
1183 1797 1657 1854 comminationem
1704 1801 1773 1856 de

184 1876 403 1932 mortali
438 1887 682 1935 mortuus
706 1879 887 1936 factus
914 1892 1019 1947 est,
1051 1893 1107 1939 et
1143 1885 1290 1956 juste
1334 1902 1365 1942 a
1395 1888 1607 1945 diabolo
1648 1905 1774 1960 pos-

183 1980 372 2048 sessus
424 1967 508 2021 cui
553 1977 747 2037 sponte
783 1965 1153 2029 consenserat.
1189 1973 1371 2032 Voluit
1419 1987 1599 2033 tamen
1644 1994 1769 2036 cum

180 2052 331 2110 Deus
362 2058 667 2127 requirere,
700 2061 826 2128 quia
875 2061 998 2118 licet
1025 2074 1238 2135 sponte,
1262 2066 1436 2123 aliena
1470 2077 1648 2125 tamen
1680 2085 1771 2127 ce-

178 2141 322 2199 cidit
346 2148 721 2216 persuasione.
753 2150 1007 2207 Diabolus
1042 2169 1170 2211 vero
1210 2159 1412 2227 requiri
1436 2176 1540 2214 non
1565 2161 1768 2229 debuit,

174 2234 310 2304 quia
371 2236 424 2292 in
469 2247 677 2294 natura:
721 2256 832 2296 sua:
873 2242 1128 2300 ﬁrmitate
1179 2261 1276 2315 per
1303 2263 1361 2302 se
1395 2250 1588 2319 ipsum,
1625 2251 1770 2306 nulla

172 2326 529 2385 extrinsecus
573 2334 926 2401 persuasione
971 2337 1186 2392 cecidit.
1243 2337 1497 2409 Oportuit
1541 2358 1672 2415 ergo
1711 2354 1772 2399 ut

173 2428 464 2475 auctorem
492 2421 685 2479 salutis
713 2425 953 2487 haberet,
990 2445 1088 2498 per
1106 2446 1265 2500 quem
1296 2433 1442 2501 justa
1468 2436 1674 2493 ratione
1701 2438 1768 2493 ad

177 2510 360 2564 Deum
388 2512 610 2569 rediret.
646 2515 936 2573 Videamus
962 2535 1094 2591 ergo
1132 2522 1254 2592 quis
1297 2524 1385 2580 ille
1430 2536 1621 2583 auctor
1650 2543 1771 2585 esse

169 2601 447 2670 potuerit.
482 2603 546 2658 Si
584 2606 726 2661 Deus
765 2609 1086 2680 simpliciter
1111 2623 1277 2682 esset,
1306 2627 1517 2686 poterat
1552 2620 1767 2689 quidem

172 2693 461 2750 diabolum
504 2695 744 2765 vincere,
793 2702 1067 2760 hominem
1118 2708 1359 2778 eripere;
1389 2712 1481 2766 sed
1505 2712 1624 2769 haec
1652 2713 1767 2770 sola

160 2784 287 2855 jam
317 2795 463 2842 esset
485 2790 748 2858 potentia,
781 2807 884 2847 non
914 2795 1050 2850 ratio
1065 2795 1313 2867 justitiaa,
1349 2801 1394 2856 si
1417 2801 1655 2870 diabolo,
1674 2805 1769 2875 qui

166 2878 376 2934 mortis
396 2878 630 2935 habebat
655 2881 962 2952 imperium,
991 2888 1131 2943 sicut
1157 2890 1234 2946 ait
1258 2892 1564 2963 Apostolus,
1577 2910 1768 2966 qnam-

166 2966 264 3022 vis
312 2981 428 3023 rem
484 2969 715 3028 alienam
761 2975 956 3047 injuste
1002 2978 1311 3050 invasisset,
1342 2994 1523 3043 tamen
1577 3002 1767 3061 sponte

1870 515 1976 568 Sed
2000 529 2119 570 ‘nec
2169 515 2392 586 angelus
2415 515 2468 569 in
2507 515 2725 570 homine
2769 516 2871 572 hoc
2902 523 3134 587 poterat,
3162 516 3288 585 quia
3316 517 3360 572 si
3393 518 3449 572 in

1865 622 1959 660 sua
2009 607 2247 675 simplici
2296 616 2352 661 et
2380 607 2503 661 forti
2561 615 2753 661 natura
2802 607 3322 662 iniirmnsinventns
3346 616 3449 672 est,

1864 696 2034 750 multo
2062 696 2232 766 magis
2261 697 2488 751 infirmae
2509 684 2634 752 huic
2662 692 2890 764 naturae,
2908 699 3162 753 humana:
3180 697 3451 763 videlicet,

1866 788 2130 842 admistus
2156 789 2348 842 debilis
2379 789 2731 847 inveniretur.
2759 788 2985 860 Oportet
3028 804 3158 858 ergo
3185 799 3458 845 utanctor

1868 877 1957 931 ille
1977 876 2165 931 salutis
2189 878 2328 933 Deus
2353 879 2404 932 in
2433 880 2652 933 homine
2684 881 2773 941 sit.
2800 882 2891 952 qui
2917 896 2982 935 ex
3012 882 3112 936 hoc
3143 881 3287 950 quod
3312 881 3458 936 Deus

1867 976 1974 1032 est,
2004 969 2207 1038 possit;
2234 984 2295 1022 ex
2325 971 2427 1024 hoc
2457 972 2598 1039 quod
2622 972 2814 1037 homo,
2842 971 3035 1026 debeat
3059 988 3297 1043 congruo
3322 972 3458 1027 mul-

1871 1068 1980 1114 tum
2012 1061 2235 1124 ordine;
2265 1069 2323 1115 ut
2358 1061 2499 1116 sicut
2527 1062 2773 1125 diabolus
2819 1063 2955 1118 mala
2990 1063 3181 1119 fraude
3218 1064 3455 1136 primum

1873 1165 1990 1211 rem
2018 1152 2216 1206 invasit
2242 1151 2501 1218 alienam,
2541 1152 2612 1206 ita
2642 1152 2783 1208 lteus
2811 1154 2973 1220 bona,
3000 1165 3059 1208 ut
3090 1155 3162 1209 ita
3189 1154 3455 1217 dicamus,

1872 1242 2058 1297 fraude
2086 1260 2198 1299 rem
2222 1260 2375 1300 suam
2402 1244 2630 1299 efﬁceret
2654 1262 2748 1317 per
2769 1249 3029 1317 gratiam:
3052 1259 3105 1304 et
3128 1250 3269 1305 sicut
3298 1250 3463 1305 homo

1871 1333 1959 1388 ille
2009 1335 2229 1403 propria
2285 1336 2537 1391 libertate
2568 1339 2874 1403 succubuit,
2929 1340 3000 1393 ita
3047 1341 3209 1396 homo
3261 1340 3365 1396 iste
3391 1355 3457 1396 ex

1872 1424 2088 1478 arbitrii
2141 1425 2394 1480 libertate
2440 1426 2655 1482 diabolo
2691 1429 2973 1485 resisteret
3016 1444 3220 1500 :qncm
3262 1440 3317 1485 et
3349 1432 3458 1500 pati

1871 1517 2135 1584 oportuit,
2166 1526 2225 1570 ut
2259 1517 2507 1572 diabolus
2541 1518 2593 1572 in
2620 1533 2686 1574 eo
2715 1529 2967 1599 peccaret
2995 1520 3047 1574 in
3097 1536 3202 1590 quo
3248 1520 3461 1592 culpam

1873 1619 1979 1659 non
2011 1607 2215 1675 reperit
2245 1607 2393 1665 illum
2425 1610 2715 1679 puniendo.
2765 1610 2921 1666 iiunc
2964 1612 3179 1681 quippe,
3220 1611 3362 1667 sicut
3403 1620 3462 1667 et

1872 1701 2280 1763 caeteros,omni
2303 1716 2501 1772 genere
2532 1703 2846 1758 teutationis
2876 1719 3162 1773 aggressus
3188 1714 3290 1767 est,
3310 1703 3465 1758 blan-

1875 1790 1960 1845 dis
1986 1792 2244 1860 primum,
2278 1801 2336 1848 ut
2385 1793 2572 1859 draco,
2627 1795 2824 1851 deinde
2868 1797 3099 1866 asperis,
3127 1806 3186 1852 ut
3235 1797 3463 1857 ieo:.ad

1875 1880 2120 1936 ultimum
2142 1884 2373 1947 occidit;
2402 1883 2559 1939 ct'sic
2591 1884 2892 1952 jnstissime
2918 1888 2983 1943 υἷι
3011 1903 3075 1941 ne
3101 1904 3256 1941 suum
3291 1889 3342 1943 in
3365 1888 3465 1944 bo-

1873 1971 2051 2027 mines
2103 1973 2397 2033 dominium
2445 1974 2720 2043 perdidit,
2773 1977 2899 2031 dum
2944 1992 3001 2031 se
3062 1978 3202 2031 ultra
3259 1977 3464 2033 licitum

1872 2061 2135 2115 extendit.
2168 2059 2320 2116 Unde
2353 2062 2530 2117 adhuc
2570 2060 2655 2116 lex
2682 2064 2988 2118 communis
3023 2064 3204 2129 habet,
3234 2072 3295 2119 ut
3314 2064 3464 2120 debi-

1876 2160 1989 2204 tum
2014 2152 2206 2221 perdat
2237 2152 2326 2221 qui
2350 2150 2469 2223 plus
2493 2169 2654 2224 quam
2686 2152 2924 2209 debitum
2950 2154 3136 2227 exigit.
3155 2153 3310 2210 Sicut
3335 2170 3465 2225 ergo

1873 2241 1927 2296 in
1986 2243 2159 2313 ipsum
2201 2244 2295 2313 qui
2342 2244 2391 2298 ei
2444 2260 2547 2298 non
2579 2246 2875 2310 consensit,
2908 2243 2999 2313 jus
3034 2247 3239 2313 amisit,
3286 2247 3357 2301 ita
3414 2248 3468 2301 in

1872 2342 2065 2386 onmes
2114 2331 2251 2388 filios
2300 2328 2415 2400 ejus
2453 2335 2544 2402 qui
2592 2333 2711 2403 ejus
2756 2332 3117 2390 innocentiam
3168 2335 3466 2391 imitantur.

1873 2421 2026 2477 Nunc
2051 2437 2183 2478 vero
2222 2423 2323 2477 iste
2354 2424 2408 2477 in
2440 2434 2614 2479 morte
2658 2439 2943 2479 remanere
2968 2440 3071 2480 non
3105 2425 3311 2488 debuit,
3341 2427 3467 2493 quia

1874 2496 1980 2570 hoc
2017 2513 2178 2570 modo
2205 2528 2308 2569 nec
2333 2515 2434 2569 sibi
2463 2530 2561 2571 nec
2590 2515 2746 2570 alteri
2783 2515 3094 2587 profuisset.
3123 2515 3228 2573 Per
3254 2516 3466 2586 passio-

1872 2620 1996 2661 nem
2026 2618 2157 2676 ergo
2185 2608 2647 2662 consummandus
2673 2614 2812 2673 crat,
2841 2615 2902 2661 ut
2934 2608 3007 2661 ita
3031 2622 3160 2662 suos
3206 2618 3468 2677 sequaces

1874 2696 2309 2763 consummaret;
2339 2707 2391 2752 et
2422 2696 2525 2752 hoc
2552 2705 2635 2752 est
2660 2698 2802 2767 quod
2829 2697 3117 2767 Apostolus
3147 2697 3225 2752 ait
3257 2714 3270 2750 :
3304 2697 3467 2750 Dece-

1872 2784 1985 2854 bat,
2013 2794 2125 2842 etc.
2158 2784 2411 2859 Singulos
2443 2801 2636 2857 passus
2677 2796 2823 2841 uota.
2846 2785 3072 2841 Decebat
3102 2784 3294 2840 mullos
3325 2784 3467 2855 ﬁlios

1870 2879 1928 2934 in
1975 2879 2201 2950 gloriam
2256 2878 2518 2933 adducere
2560 2896 2702 2944 eum,
2749 2878 2957 2937 scilicet
2986 2878 3223 2944 Patrem,
3258 2887 3503 2947 propter

1868 2985 2043 3039 quem,
2074 2969 2281 3025 scilicet
2303 2969 2629 3025 laudandum
2659 2979 2709 3024 et
2732 2968 3168 3040 gloriﬁcandum,
3186 2967 3326 3036 facta
3346 2974 3468 3020 sunt

165 3059 565 3117 assentientem
592 3061 739 3133 juste
766 3067 1030 3137 obtinenti
1065 3072 1341 3131 hominem
1387 3078 1475 3134 sic.
1494 3056 1767 3139 subditum

1874 3062 2095 3128 omnia;
2144 3068 2199 3118 et
2254 3059 2356 3116 hoc
2403 3060 2584 3115 dando
2635 3071 2911 3115 auctorem
2983 3057 3201 3124 salutis,
3261 3056 3469 3111 scilicet

160 3147 439 3206 auferret.
475 3151 531 3207 Si
555 3154 717 3213 homo
742 3158 967 3229 simplex
995 3169 1461 3235 esset,‘quomodo
1493 3173 1546 3225 in
1569 3182 1766 3229 natura

163 3250 443 3333 corrupta
488 3246 787 3313 resisteret,
821 3252 912 3319 qui
973 3251 1029 3307 in
1084 3255 1296 3311 meliori
1346 3268 1490 3315 statu
1534 3264 1761 3333 positus,

163 3337 290 3383 tam
321 3328 481 3387 facile
508 3336 830 3392 succubuit?
864 3338 962 3397 Hic
994 3345 1286 3402 notandum
1313 3358 1397 3403 est
1435 3328 1560 3419 quia
1588 3328 1767 3423 gratia

162 3417 267 3474 Dei
305 3418 418 3476 vim
469 3438 575 3481 non
607 3425 771 3482 infert
807 3426 980 3485 libero
1006 3431 1252 3490 arbitrio.
1288 3417 1523 3505 Rursus,
1549 3417 1762 3499 si'bane

154 3525 413 3581 pugnam
449 3517 671 3588 angelus
700 3519 1019 3594 insumeret,
1050 3542 1221 3598 quare
1248 3539 1529 3601 propterea
1579 3533 1766 3590 diabo-

169 3737 534 3755 ————-——

539 3745 2303 3778 Μ

1871 3156 2183 3223 Christum,
2208 3156 2439 3212 ethunc
2482 3153 2662 3211 dando
2710 3153 2969 3224 passioni,
3002 3161 3060 3207 ct
3108 3151 3191 3207 sic
3215 3164 3469 3207 consum-

1870 3249 2092 3302 mando.
2117 3249 2288 3315 Quem
2314 3248 2564 3302 ordinem
2594 3246 2639 3300 si
2663 3245 2952 3315 diligenter
2973 3242 3230 3307 attendis,
3259 3239 3468 3296 videbis

1872 3337 2147 3393 hominem
2208 3338 2462 3394 debuisse
2509 3336 2728 3403 salvari,
2758 3337 2972 3394 etiamsi
3025 3334 3205 3390 nullus
3243 3333 3467 3404 angelus

1870 3427 2175 3486 cecidisset.

1004 3914 1690 4030 εΔΝοτι
1809 3921 2644 4037 ANSELMI

1234 4195 1807 4260 CANTHAR‘IENSIS
1844 4201 2379 4260 ARCHIEPISCOPI

473 4420 1394 4577 OPERUM
1518 4440 2111 4599 PARS
2234 4439 3120 4580 TERTIA

836 4742 1655 4909 numnum
1768 4759 2093 4914 LIBRI
2203 4756 2771 4937 QUM‘UOR.

1440 5074 2170 5223 311M0NlTUM.

202 5272 475 5352 Sanctus
509 5269 794 5359 Anselmus
814 5275 988 5359 egisse
1009 5291 1067 5332 se
1094 5280 1419 5359 monachum
1465 5294 1564 5349 per
1605 5294 1779 5334 annos
1810 5279 2028 5359 triginta
2058 5276 2829 5359 tres_cttm_Daldricopriori
2873 5275 3124 5359 Decceiisi
3166 5276 3281 5359 ipse
3324 5274 3445 5359 jam.

109 5339 576 5421 Cantuarieusis
614 5339 1056 5421 archiepiscopus
1076 5350 1361 5421 scriberet,
1394 5339 1621 5421 ipsemet
1669 5339 1911 5421 testaturw
1928 5349 1979 5403 in
2011 5350 2238 5419 cpistola
2277 5348 2309 5421 ’ζ
2349 5349 2470 5421 libri
2503 5363 2607 5421 m,_
2634 5339 2814 5421 tribus
2836 5345 3087 5421 videlicet
3115 5339 3270 5421 annis
3313 5339 3441 5400 abs-

155 5430 259 5498 ne.
308 5411 663 5503 prmlatiorie,
691 5411 1002 5501 quindecim
1026 5418 1078 5472 in
1099 5411 1374 5503 _prioratu,
1405 5411 1743 5503 ιόιξᾴεξιηηίη⁸
1766 5420 2001 5501 abbatis,
2034 5411 2065 5475 ὁ
2092 5435 2197 5503 qua
2244 5419 2311 5503 ad
2351 5418 2772 5503 Cantuarienfes
2802 5415 2999 5503 infulas
3032 5417 3300 5503 abductus
3329 5425 3434 5503 est.

155 5432 240 5470 ne
308 5432 663 5483 pr:l‘latl0ne,
691 5432 997 5485 quindecim
1026 5434 1078 5472 ιη
1112 5432 1374 5488 prioratn,
1405 5432 1626 5475 totidem
1673 5436 1725 5473 in
1766 5432 2001 5501 abbatis,
2034 5434 2065 5475 e
2093 5435 2197 5503 quia
2244 5432 2311 5500 ad
2351 5432 2772 5498 uantnarienses
2802 5432 2999 5499 mltttas
3032 5432 3300 5499 abductus
3329 5432 3434 5469 ρει.

104 5432 203 5543 ἓ.)
242 5485 457 5564 itaque
487 5484 681 5564 ordine
713 5486 885 5570 ipsius
901 5488 1177 5570 ‘epistolas
1219 5500 1450 5570 quatuor
1482 5491 1566 5545 his
1597 5488 1775 5570 _lib.ris
1809 5504 2035 5570 seorsum
2075 5490 2365 5570 dispositas
2429 5489 2613 5570 habes.
2665 5486 2851 5570 Primo
2889 5484 3439 5570 .bbroeonttuentnr

149 5572 277 5611 nas
312 5552 545 5637 scripsit
583 5552 820 5609 nondum
868 5552 1063 5637 abbas;
1108 5552 1366 5637 secundo,
1396 5575 1537 5637 quas
1582 5558 1731 5637 dedit
1789 5558 1986 5637 abbas;
2022 5552 2182 5637 tertio
2236 5567 2291 5615 et
2342 5568 2557 5637 quarto,
2589 5572 2725 5637 (ptas
2779 5555 3435 5637 misitAarchiepiscopns.

149 5574 277 5611 nas
312 5574 545 5620 SCI‘IpSIl
583 5574 820 5609 nonnum
868 5574 1063 5624 auuas;
1108 5574 1366 5622 secnnuo,
1402 5575 1537 5626 quas
1582 5574 1729 5613 uenit
1789 5574 1986 5621 atinas;
2022 5574 2182 5614 terno
2236 5574 2291 5615 et
2342 5574 2557 5629 quarto,
2589 5574 2725 5628 quas
2779 5574 2931 5612 nnsu
2980 5574 3435 5627 arcmepiscopns.

97 5574 615 5701 auat-lumbum,
637 5640 799 5701 quem
827 5627 1144 5695 adjecimus,
1171 5629 1363 5684 librum
1395 5625 1889 5700 implent‘epistolae
1911 5644 2031 5699 qua:
2066 5630 2327 5687 hactenus
2369 5630 2583 5701 inedita:
2622 5628 2870 5696 fuerunt,
2910 5634 2963 5681 et
2993 5642 3125 5697 quas
3167 5643 3234 5684 ex
3258 5627 3441 5683 diver-

98 5692 192 5755 sis
225 5707 398 5750 mss.
422 5692 871 5765 deprompsimus.
