4056 6302
603 298 740 356 1039

1098 296 1157 352 S.
1197 278 1493 353 ANSELMI
1529 291 1882 350 CANTUAR.
1922 288 2245 346 ABClllEP.
2276 288 2423 347 OPP.
2464 284 2645 343 PARS
2686 285 2772 341 Ill.
2808 317 2879 329 —
2902 284 3277 343 EPISTOLAS.

3730 286 3865 340 i060

618 402 3865 445 MM

1780 492 2145 580 LIBER
2200 485 2654 576 PRIMUS

1043 665 1418 723 EPISTOLAS
1454 661 1845 721 CONTINENS
1880 659 2063 729 QUAS
2112 653 2419 713 SCRIPSIT
2461 652 2833 711 ANSELMUS
2881 650 3173 711 NONDUM
3216 652 3459 710 ABBAS.

2102 747 2494 768 __-__——__

1077 822 1409 879 EPISTOLA
1449 820 1662 874 PRIMA
1687 821 1724 875 ⁸.

1148 931 1215 968 ΑΙ)
1247 928 1614 967 LANFRANCUI.

600 1009 675 1063 De
702 1009 864 1078 ipsius
897 1009 948 1060 iu
1002 1006 1449 1078 archiepiscopum
1479 1004 1725 1078 electione
1761 1000 2079 1078 gratulatur.
2109 999 2178 1053 Et

757 1080 804 1131 ei
834 1078 1082 1147 scyphum
1110 1072 1273 1129 amice
1302 1076 1554 1127 donatum
1584 1074 1749 1125 amice
1787 1072 2020 1125 remittit.

671 1170 781 1222 Sno
820 1166 1037 1221 domino
1066 1175 1120 1220 et
1152 1179 1249 1218 suo
1276 1163 1444 1227 Patri,
1474 1162 1698 1217 multum
1726 1177 1845 1216 cum
1871 1176 2053 1215 amore
2089 1176 2181 1215 ca-

598 1259 813 1313 tholicis
858 1256 1180 1319 reverendo,
1218 1268 1272 1310 et
1304 1270 1427 1310 cum
1474 1252 1777 1308 reverentia
1815 1253 2045 1307 amando
2095 1268 2182 1307 ar-

596 1348 941 1417 chiepiscopo
962 1345 1303 1410 LANFRANCO,
1333 1344 1500 1397 frater
1537 1342 1818 1396 Ausewus
1856 1357 1987 1396 suus
2019 1351 2181 1396 totus.

667 1440 849 1497 Gloria
880 1440 935 1493 in
985 1438 1217 1493 excelsis
1256 1437 1387 1502 Deo,
1429 1435 1518 1505 qui
1554 1433 1632 1505 (l)
1664 1434 1787 1489 ﬁdei
1814 1442 1869 1488 et
1900 1434 2181 1504 sapientia:

2222 816 2489 872 Avestra:
2551 808 2825 864 lucernam
2890 809 2943 863 in
3004 808 3261 863 eminenti
3306 806 3585 862 constituit
3626 809 3870 864 candela'

2296 902 2416 965 bro,
2448 909 2506 953 ut
2534 900 2709 956 luceat
2732 900 3005 966 omnibus,
3037 899 3130 969 qui
3159 899 3214 953 in
3243 898 3402 953 domo
3422 898 3538 966 ejus
3562 908 3711 953 sunt.
3741 899 3867 955 Ora-

2284 1006 2405 1046 mus
2435 990 2617 1060 itaque
2639 992 3065 1061 omnipotentem
3096 990 3281 1053 Deum,
3316 999 3378 1044 ut
3416 989 3506 1044 illa
3559 990 3641 1045 sic
3669 990 3867 1054 ardeat,

2285 1090 2345 1135 ut
2377 1097 2481 1136 non
2510 1091 2862 1137 consumatur
2891 1084 2911 1114 ³
2941 1099 2955 1147 ;
2986 1082 3065 1137 sic
3099 1081 3279 1136 luceat
3323 1080 3464 1146 aliis,
3494 1090 3555 1135 ut
3600 1080 3707 1135 sibi
3737 1096 3870 1134 nun-

2287 1187 2449 1240 quam
2497 1173 2916 1241 exstinguatur;
2964 1180 3025 1225 ut
3071 1179 3197 1240 post
3224 1186 3333 1226 suae
3377 1171 3514 1226 lucis
3562 1170 3871 1225 diuturnam

2288 1261 2477 1332 Anglis
2509 1264 2955 1333 impartitionem,
3000 1262 3364 1317 transferatur
3408 1266 3477 1317 ad
3517 1261 3718 1315 divinae
3748 1262 3873 1316 lucis

2285 1362 2545 1409 aeternam
2576 1370 2698 1409 cum
2743 1355 2981 1425 angelis'
3012 1355 3505 1424 participationem.
3538 1353 3696 1409 Sicut
3734 1352 3873 1407 enim

2285 1448 2424 1500 bona
2475 1455 2684 1512 nostra,
2726 1448 2770 1502 si
2799 1462 2905 1517 qua
2944 1456 3089 1511 stmt,
3124 1460 3245 1500 esse
3276 1454 3458 1500 vestra
3489 1454 3777 1516 optamus;
3804 1442 3873 1499 ita

1882 1549 2119 1606 VARl/E
2158 1553 2558 1614 LECTIONES.

649 1646 663 1676 ¹
691 1642 1172 1717 C_ollata__cunims.
1218 1640 1349 1717 Vict:
1500 1640 1589 1695 20.
1627 1650 1679 1717 ei
1703 1639 1901 1717 Lovau.
1926 1644 2017 1709 qui
2041 1661 2161 1717 pran
2180 1649 2381 1702 caveris
2416 1649 2662 1702 tredecim
2684 1649 2835 1703 habet
2867 1648 3099 1703 Auselmi
3128 1648 3404 1717 epistolas,
3440 1647 3489 1710 l,
3510 1648 3567 1708 5,
3594 1647 3650 1709 8,
3668 1646 3705 1717 Al
3723 1646 3770 1707 ι,
3790 1645 3871 1717 29ε

594 1716 688 1778 35,
712 1714 779 1768 37
809 1714 973 1787 etM-756
1004 1714 1094 1767 lib.
1126 1728 1142 1766 ι
1174 1723 1219 1787 et
1254 1713 1376 1779 104,
1407 1712 1495 1765 lib.
1528 1727 1599 1787 tv:
1632 1711 1716 1787 Ea:
1745 1711 1924 1764 eodem
1959 1729 2058 1787 ms.
2088 1716 2249 1787 etiam
2274 1729 2632 1787 trunsumptus
2666 1730 2739 1773 est
2771 1718 2975 1772 libellus
3000 1720 3063 1771 de
3091 1711 3216 1785 pace
3243 1728 3289 1771 et
3318 1719 3619 1771 concordia.
3656 1715 3785 1769 thc
3814 1716 3873 1767 ad

603 1800 697 1839 nos
741 1784 1011 1839 nobilitate
1039 1793 1086 1837 et
1116 1784 1336 1837 scientia
1380 1782 1793 1849 spectatissimus
1828 1784 2118 1836 transmisit
2165 1786 2411 1841 dominus
2454 1782 2523 1840 de
2566 1788 2930 1842 Nonaucourt.
3005 1789 3026 1819 ⁸
3056 1782 3124 1842 Ut
3163 1802 3269 1841 non
3315 1794 3750 1841 consummatur.
3785 1801 3872 1839 ms.

603 1853 927 1908 Victorinum
968 1863 1015 1907 et
1065 1853 1199 1923 Aug.
1246 1850 1464 1905 Picardi
1506 1861 1563 1905 ut
1597 1866 1707 1906 non
1737 1860 2085 1907 consumatur
2156 1855 2177 1886 ³
2207 1856 2341 1913 Cum
2380 1857 2570 1927 Anglia
2601 1875 2699 1912 ms.
2740 1856 2871 1912 Vict.
2896 1872 3019 1913 cum
3063 1857 3245 1928 Anglis
3271 1873 3370 1911 ms.
3396 1855 3524 1912 Loo.
3550 1868 3680 1911 cum
3711 1854 3874 1924 angeli

1838 1964 1907 2020 R.
1943 1965 2005 2021 P.
2048 1967 2333 2027 JOANNIS
2370 1971 2640 2027 PICARDI

1376 2081 1628 2137 Ecclesia:
1667 2079 1728 2138 S.
1789 2078 2007 2137 Victoris
2044 2082 2362 2140 Parisiensis
2400 2087 2773 2158 Augustiniani
2814 2087 3091 2143 Canonici.

2123 2198 2355 2256 NOTAE.

668 2313 746 2384 (ἱ)
788 2313 891 2378 Qui
910 2311 1245 2384 ﬁdeioestrar
1262 2309 1561 2384 lucernam:
1584 2306 1788 2384 Allusio
1821 2307 1997 2384 θεέ-δᾶ
2025 2322 2186 2378 para-
2218 2312 2261 2371 Β
2287 2309 2547 2384 vinarum‘
2565 2309 2866 2366 litterarum
2896 2310 3241 2384 bibliotheca,
3298 2311 3488 2384 nodos;
3520 2311 3872 2384 quaestionum

598 2377 781 2439 bolain
806 2377 1173 2452 evangelicam
1200 2379 1387 2433 Matth.
1422 2394 1472 2441 ν,
1500 2378 1562 2432 15
1578 2377 1968 2452 etLuc._n_,1’_>5,
1988 2377 2184 2449 nempe

596 2453 872 2509 lucernam
933 2448 1217 2507 accensam
1280 2464 1400 2504 esse
1456 2462 1619 2571 super
1661 2448 2045 2503 candelabrum
2093 2464 2188 2517 po-

596 2524 848 2571 nendam.
876 2521 1163 2571 Anselmus
1190 2534 1320 2571 vero
1345 2534 1441 2571 uer
1467 2518 1519 2571 ῡι
1540 2518 1589 2571 ei
1630 2517 1903 2571 lucernam
1935 2518 2187 2571 intelligit

596 2524 848 2578 nendam.
875 2521 1163 2578 Anselmus
1190 2534 1441 2589 veroper
1467 2517 1589 2572 ﬁdei
1630 2517 1903 2572 lucernam
1935 2518 2187 2589 intelligit

595 2593 772 2662 ipsum
803 2590 1190 2662 Lanfrancum,
1221 2588 1433 2662 ﬁdelem
1480 2589 2019 2662 et_prudentcmADei
2073 2588 2189 2662 ser-

597 2657 749 2739 vum,
772 2677 882 2718 sua:
903 2661 1163 2739 doctrinae
1190 2659 1513 2739 pietatisque
1537 2657 1739 2739 lumine
1782 2657 2034 2739 undique
2076 2658 2187 2739 col-

594 2726 865 2787 lucentem
898 2771 912 2795 ,
974 2731 1065 2802 qui
1106 2726 1703 2802 iri—archiepiscopatus
1778 2726 2187 2802 cantuariensls

593 2811 813 2856 evectus
832 2798 1027 2857 coelum
1060 2799 1211 2870 stella
1233 2800 1439 2870 Anglia:
1459 2798 1702 2870 emicuit,
1754 2807 1813 2851 ut
1841 2798 2015 2870 inquit
2038 2798 2188 2853 Guil-

594 2872 787 2927 lelmus
816 2868 1453 2935 Malmesberiensis,'lib.
1502 2882 1564 2924 ιιι
1634 2868 1711 2922 De
1769 2868 1938 2938 gestis
1998 2884 2187 2938 regum

593 2941 885 3012 Anglorum
913 2959 926 2995 :

817 3010 1003 3075 Qualis
1025 3007 1306 3063 discutiens
1340 3007 1593 3077 fugientia
1630 3005 1819 3074 luci/er
1841 3018 2009 3075 astra,

881 3077 1013 3133 Cum
1037 3094 1181 3132 roseo
1212 3076 1414 3131 clarum
1444 3076 1673 3145 provehit
1708 3092 1796 3129 ore
1815 3077 1973 3131 diem.

595 3151 731 3207 Cum
760 3157 939 3204 autem
985 3150 1037 3203 in
1075 3150 1191 3219 ipso
1232 3147 1417 3219 limine
1446 3144 1849 3219 ’oll‘enderimus
1888 3148 2036 3219 illum
2074 3147 2186 3217 jam

596 3220 891 3291 pontiﬁciis
923 3215 1245 3291 adornatum
1270 3216 1476 3279 infulis,
1510 3228 1568 3270 ut
1595 3215 1829 3291 sciretur
1858 3218 2035 3291 qualis
2076 3215 2185 3274 Van-

598 3285 682 3346 tea
713 3289 893 3353 fuerit,
927 3289 1098 3343 lubuit
1131 3302 1355 3341 narrare
1382 3302 1447 3342 ex
1485 3285 1852 3341 notationibus
1877 3285 1951 3342 ad
1979 3298 2189 3345 veteres

596 3360 1070 3416 C:mtnariensium
1122 3357 1655 3427 archiepiscoporum
1708 3358 1921 3413 tabulas
1970 3375 2072 3413 ms.
2132 3360 2187 3414 in

597 3431 926 3485 bibliotheca
953 3436 1154 3485 nostra.
1182 3428 1264 3481 bis
1293 3426 1471 3482 verbis
1500 3444 1513 3480 :
1553 3444 1571 3477 ι
1610 3426 1949 3482 Lanfrancus
1998 3430 2187 3483 erudi-

600 3509 687 3554 tus
719 3501 883 3555 [iebat
904 3500 970 3551 ab
1002 3498 1163 3553 annis
1194 3497 1432 3551 infantia:
1459 3497 1511 3551 in
1542 3495 1740 3551 scholis
1766 3498 1963 3552 artium
1993 3499 2187 3553 libera-

598 3569 732 3623 lium
764 3578 819 3624 et
847 3569 1021 3638 legum
1044 3567 1407 3633 saecularium,
1454 3566 1744 3638 adpatrize
1793 3583 1908 3638 suze
1958 3579 2187 3623 mortem

599 3634 914 3711 intentione
928 3638 1081 3711 laica,
1105 3646 1256 3711 ortus
1287 3652 1353 3711 ex
1379 3634 1844 3711 nobilliparentela
1888 3637 2067 3705 Papia:
2098 3655 2184 3691 ur-
2214 3650 2257 3711 ρ

600 3709 686 3764 bis
715 3709 877 3762 Italiae
905 3707 1135 3771 civibus,
1186 3705 1615 3761 adolescentulus
1658 3715 1845 3759 orator
1896 3718 2183 3763 veteranos

603 3780 956 3833 adversantes
985 3778 1038 3831 in
1069 3777 1373 3846 actionibus
1398 3790 1684 3846 causarum
1712 3775 2022 3843 frequenter
2049 3793 2185 3846 pra:-

600 3849 845 3919 cipitavit
871 3855 1108 3919 torrente
1132 3844 1418 3919 facundim,
1442 3845 1683 3919 appOsite
1714 3846 1961 3900 dicendo.
1988 3844 2183 3914 ln'ipsa

600 3916 766 3974 actate
792 3918 1089 3973 sententias
1142 3917 1461 3986 depromere
1483 3916 1681 3983 sapuit,
1731 3931 1867 3986 quas
1909 3924 2186 3985 gratanter

597 3988 926 4066 iurisperiti,
961 3996 1055 4066 aut
1077 3985 1311 4066 judices,
1339 3995 1433 4066 aut
1466 3995 1725 4066 praetores
1750 3985 1984 4066 civitatis
2028 4001 2186 4066 acce-

602 4056 845 4129 ptaibant.
876 4058 1115 4129 Meminit
1140 4058 1329 4129 borum
1360 4056 1544 4129 Papia.
1598 4056 1831 4129 Aleum
1877 4056 1928 4109 in
1971 4057 2181 4129 exsilio,

601 4124 663 4182 iit
686 4128 836 4183 Plato
861 4128 1129 4196 quondam
1178 4126 1528 4196 philosophus
1569 4124 2059 4196 philosopharetur,
2105 4128 2189 4180 in-

602 4199 785 4253 cendit
817 4194 1050 4252 mentem
1083 4194 1200 4264 ejus
1223 4194 1460 4249 aeternus
1505 4194 1666 4263 ignis,
1711 4204 1766 4248 et
1814 4195 1987 4249 illuxit
2033 4197 2183 4251 cordi

601 4267 721 4337 ejus
750 4283 903 4321 amor
933 4282 1075 4321 vene
1102 4266 1400 4337 sapientiae.
1421 4265 1912 4337 A‘nitnadvertebatl
1930 4281 2052 4320 cum
2078 4267 2183 4321 Ec-

601 4334 858 4394 clesiaste
911 4338 1053 4406 quod
1078 4334 1313 4391 nondum
1362 4334 1745 4406 ecclesiastica:
1774 4335 2042 4406 lectionis
2077 4351 2182 4406 usu

601 4409 809 4471 didicit,
835 4403 959 4476 quia
993 4407 1175 4462 mundi
1204 4408 1342 4461 bona
1386 4406 1596 4459 vanitas
1634 4403 1829 4476 (Eccle.
1874 4422 1912 4470 ι,
1946 4406 2024 4476 9).
2075 4404 2184 4476 Re-

604 4479 829 4548 pentino
856 4475 1041 4547 itaque
1071 4477 1252 4530 mundi
1301 4485 1613 4548 contemptu
1655 4475 1871 4548 jactans
1925 4475 2184 4548 mundum

603 4544 669 4602 ac
719 4562 796 4609 se,
858 4544 1227 4616 arripiensque
1274 4544 1549 4616 religionis
1604 4544 2018 4616 professionem,
2055 4544 2184 4615 jugo

605 4617 836 4687 regulari
870 4615 1103 4672 subdidit
1145 4615 1235 4672 se.
1286 4615 1625 4687 Cmnobium
1656 4617 1711 4670 in
1765 4615 2183 4687 Nortltmannia,

603 4685 705 4742 loci
765 4688 869 4742 situ
920 4697 974 4741 et
1006 4696 1322 4756 paupertate
1394 4685 1721 4741 horrendum
1779 4685 1990 4756 elegit;_
2040 4685 2184 4756 quod

602 4758 889 4828 prudentia
913 4753 1082 4827 ipsius
1107 4753 1625 4828 vigilantissimaque
1650 4771 1799 4828 cura
1817 4753 2184 4828 locupletavit,

600 4825 657 4882 et
698 4829 748 4882 in
771 4825 968 4883 statum
1019 4827 1267 4897 provexit
1295 4826 1659 4897 pulcherrimi
1685 4825 1912 4897 ordinis,
1949 4825 2076 4880 dum
2098 4838 2185 4897 re-

602 4907 755 4968 geret
779 4894 1062 4968 collegium
1092 4894 1389 4968 fraternum
1417 4910 1608 4968 severa
1632 4896 1916 4968 disciplina
1937 4910 2009 4968 ac
2041 4894 2179 4968 miti;

600 4964 847 5022 Sanctum
885 4964 1133 5022 abbatem
1165 4966 1350 5022 humili
1406 4976 1462 5022 et
1514 4966 1631 5021 utili
1673 4964 1921 5021 consilio.
1970 4964 2182 5020 Etenim

601 5054 724 5092 cum
756 5040 983 5107 propria:
1008 5047 1213 5091 tantum
1272 5036 1677 5093 mortiﬁcationi
1704 5050 1925 5104 operam
1962 5035 2178 5107 impen-

602 5109 732 5162 dere
754 5104 1106 5171 desideraret,
1133 5107 1487 5177 deprehendit
1514 5123 1638 5161 eum
1686 5114 1848 5175 atque
1886 5104 2182 5177 publicavit

603 5180 991 5248 cogitationum
1021 5174 1293 5246 inspector
1324 5178 1485 5243 Deus,
1515 5187 1574 5230 ut
1609 5176 1825 5248 lucerna
1857 5174 1998 5248 sese!
2035 5174 2184 5248 colli-

601 5244 740 5323 gens
765 5248 817 5303 in
850 5244 1453 5323 vallemdill'underetnr
1494 5246 1802 5323 etcxcelsa.
1866 5244 2077 5299 Ellulsit
2119 5261 2184 5323 eo

602 5316 861 5383 magistro
894 5319 1213 5373 obedientia:
1263 5329 1451 5372 coactu
1479 5317 1971 5385 philosophicarum
2000 5331 2063 5369 ac
2107 5316 2185 5367 di-

665 5460 737 5515 ta)
772 5453 948 5504 lsthaic
969 5455 1131 5502 eidem
1158 5455 1458 5516 Berengario
1486 5453 1775 5516 Lanlraucus
1798 5453 1861 5501 ob
1897 5450 2067 5516 oculos
2094 5463 2183 5512 po-

606 5513 752 5587 una.
800 5516 1002 5577 epistola
1049 5518 1256 5566 liminari
1294 5513 1368 5566 sui
1396 5524 1629 5566 tractatus
1672 5513 1744 5563 De
1774 5528 1910 5563 sacra
1954 5515 2183 5565 euchari-

605 5585 743 5702 ωδ)
782 5637 918 5692 idem
936 5640 1103 5689 scribit
1129 5637 1306 5690 Guilel.
1333 5638 1582 5689 Mallnesb.
1599 5638 1635 5689 1.
1662 5650 1708 5686 ιιι
1736 5636 1809 5687 De
1831 5649 1943 5700 reg.
1970 5636 2181 5707 Anglia,

2213 5003 2261 5062 D

2290 2380 2499 2434 solvere
2534 2380 2588 2434 in
2639 2391 2865 2449 utroque
2909 2382 3304 2449 potentissimo.
3330 2381 3732 2435 Admirandum
3783 2385 3880 2437 sibi

2289 2460 2677 2519 cognoscerent
2714 2451 2984 2521 ingenium
3015 2453 3249 2504 studium
3299 2450 3583 2521 Lanfranci
3616 2449 3877 2521 Herodia-

2290 2536 2391 2573 nus
2421 2522 2472 2573 in
2508 2520 2882 2589 grammatica,
2914 2521 3229 2575 Aristotcles
3251 2522 3303 2575 in
3332 2520 3641 2581 dialectica,
3675 2520 3879 2576 Tullius

2290 2589 2344 2643 in
2378 2590 2671 2660 rhetorica,
2699 2590 2830 2660 legis
2853 2606 2918 2645 ac
2940 2590 3233 2659 Scriptura:
3264 2592 3620 2660 expositores
3647 2591 3701 2644 in
3728 2607 3880 2645 sacra

2289 2660 2508 2728 pagina.
2535 2658 3007 2715 Cunctm‘Atbc'nze
3035 2658 3252 2729 quando
3280 2658 3579 2715 incolumes
3601 2659 3879 2724 ﬂorebant,

2288 2739 2344 2801 et
2369 2730 2832 2801 excellentissima:
2868 2730 3126 2801 sedebant
3149 2732 3215 2784 ad
3262 2730 3708 2801 praecipiendum.
3742 2730 3884 2785 Lau-

2290 2796 2479 2853 franco
2508 2800 2559 2853 in
2590 2803 2738 2853 omni
2764 2814 2959 2863 genere
2979 2796 3301 2868 eloquentife
3334 2796 3441 2855 aut.
3472 2801 3883 2868 disciplinarum

2291 2880 2670 2940 assurgerent.
2693 2871 2782 2940 Sic
2807 2869 3047 2923 llilarion
3090 2870 3429 2933 Palwstinus,
3459 2878 3515 2924 et
3550 2871 3642 2924 alii
3699 2870 3878 2940 plures

2291 2938 2603 3012 temporalis
2624 2938 2809 3008 gloria:
2855 2949 3275 3012 cotitemptores,
3307 2956 3621 3012 quanquam
3672 2938 3884 3012 assidue

2291 3008 2556 3079 fugerent,
2590 3025 2864 3078 nunquam
2893 3009 3185 3063 latuerunt.
3222 3008 3686 3079 Sic-Augustinus
3708 3010 3881 3063 omni-

2289 3078 2525 3159 potentis
2584 3087 2639 3133 et
2678 3079 2981 3159 _i_ndividuaa
3024 3079 3305 3159 Trlnilatis
3381 3078 3883 3159 perspicuis-simus

2290 3149 2616 3219 indagator;
2676 3149 3038 3220 Hieronymus
3081 3149 3647 3220 lli-braicze’veritatis
3694 3151 3883 3202 littissio

2291 3234 2411 3273 mus
2432 3218 2727 3287 interpres,
2760 3218 3052 3286 Gregorius
3080 3218 3377 3284 Romanus,
3410 3229 3575 3289 atque
3590 3219 3883 3273 Nazianze-

2291 3303 2413 3353 nus,
2456 3289 2583 3343 item
2624 3289 2712 3342 alii
2736 3289 3080 3358 quamplures
3107 3290 3231 3343 almi
3257 3292 3511 3345 doctores
3540 3293 3690 3358 prius
3712 3290 3874 3357 philo-

2292 3359 2513 3427 sophiae,
2556 3360 2747 3413 deinde
2788 3358 3043 3414 Ecclesia:
3073 3358 3125 3413 in
3165 3359 3320 3414 libris
3355 3361 3626 3415 enitucre.
3664 3358 3881 3414 Studio-

2291 3443 2383 3483 sus
2419 3428 2529 3499 fuit
2547 3429 2686 3483 idem
2713 3428 2982 3484 emnobita
3009 3430 3155 3484 verbi
3185 3431 3363 3498 gladio
3390 3430 3663 3499 perimere
3685 3441 3881 3488 sectas,

2292 3499 2478 3567 siqua:
2510 3498 2667 3553 tidem
2703 3498 3029 3553 lacesserent
3079 3498 3424 3554 catholicam.
3480 3499 3735 3555 Profecto
3788 3499 3884 3553 Be-

2294 3572 2600 3636 rcngariutn
2635 3569 3005 3623 Turonensem
3055 3569 3494 3631 hmrcsiarcham,
3535 3570 3651 3624 sive
3700 3572 3877 3623 Ande-

2291 3653 2601 3706 gavensein,
2630 3639 2784 3707 cujus
2832 3642 3024 3707 dogma
3074 3639 3192 3694 telis
3240 3641 3520 3693 venenatis
3576 3640 3876 3699 nocentius,

2290 3707 2357 3779 de
2384 3708 2770 3779 hostiasalntis
2797 3718 3024 3762 mortem
3048 3709 3335 3764 animabus
3361 3708 3714 3779 propinabat,
3768 3711 3875 3778 spi-

2290 3777 2500 3850 ritna_l_is
2528 3778 2744 3850 eloquii
2765 3792 3022 3850 mucrone
3045 3779 3287 3850 confodit
3319 3777 3375 3833 in
3401 3777 3610 3850 synodo
3640 3777 3879 3850 llonrana

2291 3862 2352 3899 ac
2421 3846 2745 3900 Verecllensi
2801 3848 3147 3918 sanctissime
3206 3846 3486 3918 exponens
3534 3849 3881 3903 veracissimc

2288 3919 2645 3985 comprobans
2674 3933 2864 3985 panem
2891 3928 2945 3971 et
2965 3916 3170 3985 vinum,
3212 3916 3332 3987 quae
3360 3934 3561 3973 mensa:
3587 3920 3881 3972 Dominica:

2288 3996 2742 4054 superponuntur,
2767 3997 2887 4051 post
2912 3990 3376 4042 consecrationem
3397 4004 3521 4043 esse
3550 4003 3733 4042 veram
3754 4004 3882 4042 αις-ω

2290 4071 2411 4126 nem
2440 4067 2493 4111 et
2528 4072 2711 4110 verum
2763 4058 3078 4124 sanguinem
3128 4057 3337 4112 Domini
3377 4058 3753 4126 Redemptoris
3777 4060 3875 4119 (al.

2289 4123 2506 4196 Evictus
2582 4123 2937 4196 lter-engarius
2996 4127 3061 4180 ad
3130 4126 3531 4181 ob5crvantiam
3587 4123 3880 4182 sententia:

2287 4194 2446 4264 hujus
2477 4196 2641 4250 semel
2692 4194 2893 4259 llonue,
2949 4197 3122 4251 denuo
3160 4197 3367 4265 juravit
3420 4198 3676 4261 Turonis,
3721 4198 3875 4251 simul

2288 4270 2643 4338 pronuntians
2665 4268 3227 4338 excomntnnicalione
3255 4268 3557 4322 feriendum
3585 4282 3881 4338 quetncuuo

2287 4350 2391 4403 que
2420 4335 2613 4407 aliter,
2644 4336 2987 4390 SBIllit'nlt‘lll.
3064 4335 3291 4391 Omnem
3348 4335 3877 4407 namqne'btercsim

2287 4405 2785 4468 anathematizavit,
2814 4413 3082 4474 praecipue
3109 4408 3175 4460 de
3195 4423 3319 4475 qua,
3351 4422 3475 4461 cum
3496 4405 3657 4463 vana:
3705 4407 3877 4461 laudis

2286 4476 2604 4543 quzeritaret
2660 4475 2928 4537 nitorem,
2974 4476 3261 4532 sorduerat
3307 4475 3623 4532 infamatus.
3681 4479 3875 4531 \‘erum

2287 4544 2885 4598 seductissimushomo
2934 4556 3095 4613 atque
3130 4547 3607 4613 pervicacissimus
3654 4549 3717 4600 ad
3747 4549 3875 4598 sub-

2286 4616 2603 4684 vertendnm
2634 4613 2686 4667 in
2718 4615 2921 4669 salubri
2953 4616 3230 4684 proposito
3266 4617 3497 4671 lidcliter
3542 4634 3655 4672 non
3705 4616 3875 4676 stetit,

2286 4683 2597 4755 schismatis
2623 4683 2830 4739 crimen
2856 4683 3030 4738 iterati
3055 4685 3408 4755 jurisjnrandi
3442 4687 3735 4742 violatione
3771 4701 3877 4739 cu-

2287 4754 2520 4825 mulans.
2556 4754 2621 4808 Et
2650 4756 2774 4823 quia
2810 4756 2970 4825 timor
3004 4770 3174 4824 poena:
3196 4754 3470 4809 retinebat
3535 4774 3605 4811 ne
3661 4755 3871 4825 publice

2285 4823 2607 4893 prmdicaret
2631 4826 2773 4892 quod
2806 4824 3017 4893 publice
3038 4826 3411 4888 datnnaverat,
3442 4823 3672 4881 secretis
3696 4828 3879 4891 dispu-

2289 4894 2579 4949 tationibus
2599 4893 2743 4948 donli
2782 4894 3158 4947 insusurrabat
3194 4894 3549 4963 idem,‘atque
3583 4911 3682 4964 per
3709 4895 3879 4947 disci—

2287 4964 2694 5034 pulospecunia
2729 4974 3014 5034 corruptos
3046 4965 3249 5034 pariter
3295 4980 3359 5019 ac
3388 4964 3599 5019 fallacia
3656 4977 3882 5034 peregit

2292 5032 2659 5104 translegebat
2685 5034 2781 5104 (b).
2825 5032 3087 5104 Ptenituit
3132 5032 3505 5102 blaspbcmum
3560 5046 3619 5089 et
3658 5032 3882 5089 Sacrate-

2288 5103 2723 5175 giumgamisisse
2740 5103 2954 5158 libellos
2981 5104 3219 5172 perversi
3253 5105 3538 5173 dogmatis,
3563 5105 3741 5175 Itonia:
3754 5104 3883 5155 suis

2293 5174 2563 5243 inanibus,
2601 5190 2667 5228 ne
2695 5175 2810 5243 ipse
2831 5181 3185 5243 cremaretur,
3232 5175 3283 5226 in
3343 5178 3520 5241 ignem
3580 5174 3879 5240 conjectns.

2290 5242 2523 5314 Proinde
2554 5241 2813 5312 scriptum
2850 5241 3090 5297 condidit
3141 5258 3383 5314 recensp
3415 5255 3473 5296 ut
3525 5244 3887 5314 approbat‘gus

2294 5313 2574 5369 t'ulciretur
2603 5311 2752 5368 vetus
2789 5328 2966 5377 error,
2994 5322 3049 5367 ct
3082 5312 3475 5381 perdurabilior
3507 5311 3573 5368 in
3593 5311 3753 5367 annos
3775 5311 3889 5363 fu-

2291 5462 2399 5512 pagﬁ.
2425 5450 2507 5511 65,
2532 5448 2649 5500 edit.
2676 5447 3023 5512 Londinensis.
3044 5446 3209 5512 ldem_
3236 5446 3405 5495 dicunt
3451 5444 3706 5512 Lanfrane.
3747 5454 3885 5512 sup.

2292 5503 2690 5585 ethuitmundus
2715 5511 2954 5562 Aversau.
3006 5508 3092 5559 lib.
3128 5523 3144 5559 ι
3177 5508 3376 5572 Corpor.
3403 5515 3456 5559 et
3500 5509 3724 5570 Sanguin.
3761 5503 3887 5551 Uu-

2292 5586 2425 5624 ωιιιι.
