4056 6302
247 323 381 382 ιοθι

1555 325 1677 383 LIB.
1711 324 1752 391 Ι,
1786 321 2000 380 EPIST.
2042 322 2081 377 1.

3357 321 3499 379 ιοω

246 448 789 512 vestra,qu:ccunque
812 447 960 508 sunt,
991 455 1111 497 esse
1131 455 1236 496 non
1266 448 1449 495 nostra
1482 449 1818 508 nequaquam

1923 451 2022 506 stis
2055 448 2240 519 fugere
2267 468 2278 502 :
2311 451 2497 520 utique
2538 451 2703 516 enim,
2736 451 2825 521 qui
2872 465 2966 506 vos
2997 463 3322 520 quocunque
3360 451 3500 505 catis

244 539 517 600 putamus.
539 531 797 598 Quamvis
819 547 1048 602 namque
1077 541 1156 588 tot
1179 548 1357 586 rerum
1387 530 1676 600 inopinatae
1703 542 1820 580 mu-

246 621 481 676 tationes
525 637 666 691 saape
700 637 794 678 vos
825 623 954 678 mihi
985 630 1248 678 conentur
1267 621 1616 685 Tsuhtrahere,
1646 617 1820 674 nulla-

247 719 407 766 tenus
462 720 641 767 tamen
689 722 943 784 poterunt
1000 723 1059 769 ut
1101 729 1205 767 non
1255 714 1430 768 dicam
1486 713 1820 766 cohaerentes

244 802 456 858 animas
486 811 703 859 nostras
738 804 806 859 ab
838 805 1066 859 invicem
1107 805 1426 866 distrahere,
1458 811 1607 857 certe
1635 801 1819 854 adhae~

246 903 455 948 rentem
485 894 719 949 animam
755 910 930 950 meam
973 910 1001 948 a
1027 894 1178 950 vobis
1211 895 1544 949 abstrahere.
1574 892 1820 959 Quapro-

243 990 386 1050 pter,
418 992 478 1038 ut
507 992 713 1040 taceam
743 986 886 1055 quod
924 1001 1022 1040 vos
1064 986 1237 1050 scitis,
1263 995 1316 1039 et
1353 1000 1452 1055 ego
1480 1000 1584 1038 non
1613 982 1818 1045 dubito,

244 1073 371 1143 quia
402 1089 560 1144 quem
591 1076 904 1132 interiorem
935 1076 980 1132 si
1011 1092 1118 1132 non
1165 1076 1373 1148 geritis,
1403 1075 1622 1130 minime
1667 1084 1819 1145 pote-

1922 548 2286 612 prosequitur,
2312 549 2366 595 et
2397 539 2702 609 ubicunque
2740 549 2954 596 maneat
3000 539 3370 609 amplectitur,
3394 555 3501 592 non

1921 630 2135 699 penitus
2179 631 2371 684 valetis
2414 629 2684 684 deserere.
2736 629 3009 700 Scyphum
3053 629 3299 691 charum,
3339 642 3503 697 quem

1923 719 2156 773 chariori
2201 718 2506 774 charissimi
2561 718 2822 783 dedistis,
2878 719 3017 773 sicut
3065 718 3315 773 dominus
3368 716 3504 771 Her-

1923 819 2113 863 nostus
2150 810 2280 862 mihi
2312 810 2514 874 retulit,
2557 808 2694 863 velle
2724 823 2818 862 vos
2858 808 3016 862 hilari
3066 808 3400 878 benignitate
3448 815 3504 862 et

1922 901 2094 954 amica
2146 899 2470 953 conﬁdentia
2515 899 2747 954 dixistis.
2793 899 3000 952 Donum
3049 899 3213 969 igitur
3258 906 3502 953 vestrum

1924 1003 2262 1058 nequaquam
2309 988 2458 1042 vobis
2500 989 2685 1052 reddo,
2729 1004 2796 1043 ne
2833 989 3100 1058 quomodo
3147 989 3325 1042 minus
3350 988 3504 1042 vobis

1930 1077 2127 1130 reddar
2153 1075 2446 1141 obnoxius;
2481 1077 2574 1130 sed
2611 1076 2965 1131 libentissime
2997 1075 3148 1130 vobis
3172 1075 3333 1142 dono,
3358 1076 3502 1146 quod

1446 1187 1565 1245 JOA
1575 1186 1730 1242 NNIS
1768 1187 2039 1243 PICARDI
2078 1187 2306 1243 NOTAE.

243 1313 397 1357 turos
425 1302 820 1374 porrigeretur;
853 1303 918 1358 ad
946 1305 1087 1374 quod
1120 1302 1503 1374 destruendum
1536 1301 1821 1374 prmttenti-
1857 1306 1897 1363 Β
1928 1299 2321 1374 ἀοιθπιιιεηεθιι
2376 1316 2439 1353 ex
2496 1300 2691 1374 fructu,
2717 1315 2876 1368 quem
2898 1299 3177 1374 Ecclesiae
3216 1299 3274 1374 in
3331 1315 3498 1374 regno

243 1381 403 1442 natus
426 1370 670 1442 veritatis
689 1372 939 1428 defensor
957 1370 1238 1442 epistolam
1261 1373 1428 1427 edidit
1450 1374 1562 1442 sive
1576 1370 1813 1425 libellum

244 1441 480 1512 dilucido
506 1442 646 1512 stylo
668 1441 1003 1512 venustoque
1027 1443 1198 1496 sacris
1227 1441 1649 1512 auctoritatibus
1679 1455 1815 1512 pon-

244 1510 858 1578 derosum,‘rationum
916 1510 1318 1580 consequentiis
1377 1510 1819 1565 indissolubilitcr

237 1588 607 1650 constantem.
662 1581 888 1650 Opimus
943 1581 1086 1650 enim
1132 1580 1480 1650 plenitudine
1539 1580 1819 1650 charitatis

243 1649 575 1720 resuscitare
597 1648 875 1720 satagebat
899 1665 996 1719 per
1019 1648 1559 1720 ﬁdei’irectitudiuem
1600 1649 1653 1702 itt
1709 1648 1819 1702 lue-

243 1718 643 1789 resiinortnns,
670 1718 1006 1789 etiilihet’per
1026 1719 1350 1789 baptismum
1377 1718 1526 1772 fratri
1554 1733 1653 1789 suo
1677 1733 1818 1773 verte

240 1787 617 1858 intelligentia:
651 1788 718 1858 de
745 1787 1071 1858 eucha'ristia
1096 1789 1485 1858 astructionem
1516 1787 1819 1858 relinquere

243 1855 631 1927 sufﬁcientem,
653 1857 1004 1922 luculentam,
1037 1873 1139 1912 nec
1161 1857 1433 1913 taediosam
1487 1855 1815 1927 prolixitate.

243 1926 532 1998 Sapientes
560 1926 902 1998 religiosiquc
947 1927 1192 1988 abbates,
1230 1942 1346 1998 inec
1387 1926 1523 1998 non;
1538 1928 1818 1998 pontiﬁces

241 1995 747 2066 metropolitanifet
777 1995 1071 2052 timuerunt
1127 1997 1445 2064 sapientiam
1502 1995 1815 2066 Lanfranci,

243 2074 409 2134 atque
428 2065 868 2134 ’religiositatem,
895 2075 952 2121 et
974 2066 1279 2120 auctoritati
1308 2075 1468 2134 atque
1490 2065 1817 2134 correptioni

243 2135 452 2206 habere
477 2135 644 2206 gavisi
672 2146 817 2206 sunt.
849 2136 1267 2206 Ipsumiquantae
1293 2135 1545 2206 Ecclesiae
1570 2134 1817 2206 abbatem

239 2203 328 2284 vel
361 2204 805 2284 pontiﬁcemsibi
843 2203 1146 2284 incredibili
1190 2205 1467 2284 desiderio
1480 2204 1819 2284 petierunt?

237 2270 546 2344 Christiani
575 2274 722 2328 orbis
770 2282 932 2344 caput
963 2273 1132 2329 Roma
1185 2270 1509 2329 sollicitavit
1540 2289 1662 2344 eum
1702 2274 1819 2342 epi-

241 2341 421 2404 stolis,
461 2351 680 2412 precatu
713 2341 951 2414 retinere
993 2354 1187 2414 conata
1238 2354 1344 2408 est,
1397 2353 1452 2398 et
1501 2344 1573 2397 vi.
1614 2341 1822 2414 Quippe

240 2423 615 2480 cognoverant
645 2427 768 2483 eum
797 2413 1182 2482 peritissimum
1224 2414 1449 2468 honesta
1488 2413 1740 2483 quaelibet
1767 2423 1823 2469 et

239 2495 434 2535 eorum
474 2482 744 2554 contraria
780 2497 1080 2554 secernere,
1117 2482 1579 2554 diligentissimum
1629 2483 1822 2554 cuique

240 2565 402 2622 suum
419 2550 656 2622 tribuere
669 2553 1048 2622 perpendiculo
1063 2550 1516 2615 rationabilitatis,
1531 2550 1821 2622 promptis-

240 2618 447 2692 sim_u_m
489 2618 935 2692 ardua'duraque
974 2622 1251 2691 suscipere
1289 2618 1606 2691 perpetiqite
1655 2618 1817 2676 causa

239 2689 359 2762 veri
388 2687 543 2753 boni;
585 2687 1230 2762 similitercautissimum
1284 2687 1582 2762 gubernare
1605 2707 1821 2745 manum

237 2767 299 2831 et
324 2758 560 2831 linguam
591 2759 1022 2816 consideratione
1049 2769 1104 2815 et
1124 2758 1396 2831 comitate.
1449 2763 1823 2831 Cognoverant

240 2830 330 2898 (ut
359 2826 595 2899 breviter
617 2837 671 2882 et
698 2839 884 2898 aperte
933 2830 1139 2899 loquar)
1167 2831 1306 2886 hanc
1340 2831 1456 2898 ejus
1474 2826 1662 2896 viiam,
1703 2845 1823 2899 quae

241 2896 444 2950 merito
463 2896 684 2967 dicatur
703 2896 949 2967 quaedam
980 2896 1337 2954 direc'tissitna
1364 2896 1428 2953 ac
1453 2896 1735 2953 tutissima
1752 2900 1820 2952 ad

240 2966 504 3037 perennis
534 2967 655 3021 vitae
681 2966 892 3037 portum
920 2969 1026 3023 via.
1056 2967 1147 3023 llle
1167 2984 1295 3024 vero
1326 2969 1487 3023 nimis
1517 2969 1681 3022 altum
1719 2968 1823 3023 sibi

241 3035 404 3089 dnxit
429 3035 968 3105 praeesse'fratribus
997 3037 1114 3094 loco
1167 3039 1426 3102 secundo,
1459 3039 1699 3093 inﬁmam
1729 3053 1824 3092 ex-

241 3105 577 3161 tremitatem
630 3107 793 3162 corde
829 3122 936 3162 non
987 3109 1262 3163 deserens.
1321 3109 1603 3163 Abbatiam
1652 3108 1824 3163 Cado—

240 3190 511 3248 mensem,
536 3192 696 3246 quam
716 3187 937 3233 coactus
959 3188 1258 3248 acceperat,
1281 3179 1453 3234 libens
1475 3178 1820 3243 deseruisset,

241 3246 315 3317 ad
340 3246 704 3317 anachoretas
734 3249 816 3302 vel
853 3247 1039 3317 procul
1087 3246 1326 3303 remotos
1357 3250 1655 3302 coenohitas
1694 3263 1824 3303 con-

243 3315 482 3388 fugiens,
513 3316 615 3388 nisi
669 3315 868 3373 ntultae'
895 3318 1232 3388 obstitissent
1272 3316 1631 3384 difﬁcultates,
1688 3333 1824 3388 quas

242 3385 396 3457 nulla
417 3385 611 3457 potuit_
634 3388 842 3444 ratione
898 3387 1124 3444 eluctari
1170 3397 1324 3443 extra
1360 3389 1551 3442 animae
1605 3385 1822 3457 gravem

241 3455 544 3526 laesionem.
573 3455 697 3511 Fuit
733 3468 910 3512 autem
957 3458 1254 3515 consolatio
1287 3473 1474 3514 sancte
1495 3455 1691 3512 dolenti
1727 3473 1824 3526 pro

241 3524 336 3580 illa
365 3525 679 3595 praelatione
705 3527 1032 3584 laboriosum
1061 3544 1225 3594 onus;
1258 3544 1382 3582 nam
1409 3527 1694 3584 aediﬁcatio
1719 3524 1822 3583 loci

247 3605 364 3669 tum
395 3596 626 3669 primum
657 3601 1037 3669 consurgebat.
1079 3599 1330 3654 Scientiae
1352 3609 1520 3669 atque
1565 3598 1820 3652 virtutem

238 3663 411 3738 hujus
431 3665 612 3738 Patris
638 3663 950 3738 tnemoriale
974 3669 1095 3725 istic
1140 3663 1450 3724 inserimus}
1484 3667 1824 3738 Quapropter

243 3735 440 3790 eadem
469 3737 784 3808 productius
829 3753 933 3794 non
963 3749 1291 3808 repetamus.
1329 3735 1680 3794 Invitatusad
1707 3735 1824 3793 cnl-

240 3819 372 3860 men
403 3806 874 3876 archipraasulatus
905 3806 1128 3863 moestus
1159 3819 1309 3864 trans
1333 3823 1482 3863 mare
1508 3818 1821 3864 excusatum

239 3889 308 3929 se
339 3876 504 3943 vadit,
540 3891 763 3946 sperans
804 3878 1193 3947 iucunditatem
1237 3879 1289 3932 in
1348 3880 1685 3943 reversione;
1727 3894 1822 3932 rex

245 3955 432 3998 tamen
448 3961 569 4018 eum
591 3948 791 4018 gaudio
817 3949 1018 4018 recepit
1044 3947 1343 4017 adjutorem
1364 3947 1681 4004 Christianae
1711 3947 1824 4001 cul-

241 4025 409 4078 tum,
432 4015 630 4072 devicit
660 4015 1012 4072 reluctantem
1040 4015 1457 4081 recusationem.
1481 4019 1822 4074 adducuntur

1926 1380 2103 1425 vestro
2141 1370 2346 1433 tribuit,
2398 1370 2819 1424 consolationem
2863 1369 2980 1436 ejus
3023 1370 3280 1423 absentiae
3331 1369 3500 1425 suini-

1921 1455 2060 1494 mus.
2099 1459 2118 1492 ι
2149 1439 2418 1494 Hactenus
2438 1440 2763 1494 Alexander.
2794 1438 3033 1492 Alterum
3058 1453 3269 1507 quoque
3289 1439 3497 1496 scilicet

1919 1509 2100 1578 plures
2127 1510 2393 1564 Ecclesias
2417 1525 2537 1564 cum
2570 1509 2875 1577 pontiﬁcem
2928 1509 3242 1577 expetiissc,
3293 1511 3494 1564 confir-

1920 1588 2031 1632 mat
2070 1579 2199 1632 illud
2231 1581 2480 1634 Beccens.
2507 1580 2708 1633 Chron.
2750 1578 2802 1631 in
2862 1578 2977 1644 ejus
3034 1579 3172 1633 Vita.
3204 1597 3222 1629 ι
3260 1579 3330 1632 Ea
3357 1589 3497 1634 tent-

1921 1657 2125 1716 pestate
2180 1650 2292 1719 (an.
2330 1649 2490 1717 1066)
2530 1649 2736 1719 civitas
2767 1647 3497 1719 Bothomagensisviduata

1921 1725 2005 1772 est
2030 1716 2219 1773 sancto
2239 1716 2597 1774 etvenerabili
2629 1717 3010 1786 archipraesnle
3053 1716 3320 1772 Maurilio.
3348 1719 3500 1775 'l‘unc

1921 1786 2097 1858 clerus
2148 1787 2322 1858 omnis
2356 1797 2411 1842 et
2433 1788 2616 1858 populi
2671 1788 2981 1858 congregati
3024 1787 3274 1842 volebant
3296 1789 3499 1842 substi-

1923 1857 2177 1927 tuendum
2209 1857 2406 1927 eligere
2429 1857 2812 1927 Lanfrancum.
2851 1858 3046 1912 Verum
3079 1868 3190 1912 toto
3217 1862 3502 1914 conamine

1921 1926 2012 1981 ille
2033 1927 2135 1981 tale
2165 1926 2300 1981 onus
2327 1926 2531 1980 vitabat
2553 1927 2756 1997 subire,
2790 1926 3064 1982 humiliter
3086 1928 3255 1997 magis
3279 1929 3504 1996 cup'ens

1922 1997 2148 2066 subesse
2176 2011 2620 2066 quamiprazesse.
2684 1996 2835 2062 Quod
2871 2012 2960 2051 rex
3002 1996 3292 2052 advertens
3324 1999 3506 2065 provi-

1921 2065 2000 2120 dit
2025 2063 2317 2135 subrogare
2341 2063 2626 2136 JOannem,
2658 2081 2818 2136 quem
2853 2066 3286 2121 Abricatensium
3303 2063 3504 2122 consti-

1923 2143 2100 2190 tuerat
2121 2135 2453 2205 pontiﬁcem.
2494 2135 2598 2190 Sed
2647 2135 2707 2191 nt
2735 2137 2837 2190 hoc
2866 2138 3125 2191 canonice
3149 2137 3303 2191 ﬁeret
3331 2136 3498 2191 licen-

1924 2205 2052 2258 tiam
2084 2206 2294 2272 petendi
2319 2206 2487 2273 gratia
2516 2206 2738 2259 Romam
2763 2205 2959 2258 direxit
2979 2207 3224 2260 eumdem
3252 2205 3502 2261 abbatetn

1923 2273 2310 2346 Cadotnensem
2337 2275 2729 2339 Lanfrancum;
2762 2276 2852 2343 qtti
2881 2291 3017 2329 onus
3075 2277 3297 2346 hujusce
3352 2276 3500 2346 lcga-

1925 2343 2085 2414 tionis
2111 2344 2389 2414 perferens
2425 2345 2589 2413 (sicut
2623 2345 2878 2399 Eeclesiis
2930 2343 3180 2414 cupiebat
3224 2361 3348 2399 esse
3370 2343 3504 2400 cou-

1924 2412 2148 2484 suitum)
2177 2429 2207 2467 a
2229 2428 2367 2482 papa
2393 2412 2700 2484 Alexandro
2733 2412 3012 2483 impetrat,
3055 2430 3268 2470 sacrum
3291 2430 3506 2484 quoque

1924 2482 2143 2551 pallium
2171 2499 2293 2537 cttm
2343 2484 2557 2537 licenzia
2591 2483 2750 2550 hujus
2783 2482 3137 2551 prontotiunis
3168 2482 3501 2552 deportavit;

1926 2553 2135 2606 undeet
2163 2553 2262 2621 ipsi
2292 2554 2386 2605 leti
2440 2552 2701 2604 Nettslrize
2727 2553 2980 2621 gaudium
3020 2553 3139 2606 fuit.
3176 2573 3194 2604 ι
3237 2553 3506 2610 Fcttassis

1927 2621 2356 2698 insimulaborii‘
2377 2623 2687 2698 ὀρφολργίας,
2706 2637 2804 2674 nec
2819 2621 2959 2674 abre
2975 2623 3114 2690 quod
3135 2624 3507 2698 exscripturus

1924 2691 2489 2759 hypomnematum'de
2521 2691 2820 2744 Laul'ranco
2843 2705 2906 2744 ex
2955 2693 3220 2744 monacho
3253 2692 3503 2747 Beccensi

1849 2743 1891 2801 δ
1925 2743 2231 2815 Οἶιῖιιιιεὶίω
2287 2743 2698 2830 ειιέοΙιίρ-ιηωευιθ,
2726 2743 2805 2813 '5'
2843 2743 3214 2814 tnonachistno
3255 2743 3502 2816 nun'sini

1925 2844 2180 2894 exorsus;
2201 2840 2255 2884 at
2273 2829 2674 2884 tntnnltauriutn
2697 2829 3002 2898 quempiam
3026 2840 3146 2884 texo
3169 2841 3505 2885 commenta-

1926 2900 2099 2969 rium;
2158 2900 2250 2954 sed
2300 2915 2396 2953 nec
2435 2901 2631 2969 serius,
2660 2901 2702 2952 si
2739 2902 2902 2953 serio.
2950 2898 3285 2969 Lanfraneus
3345 2901 3508 2969 igitur

1926 2968 2120 3037 Ticini,
2152 2969 2310 3038 vulgo
2338 2969 2534 3038 Papiae,
2564 2967 3070 3038 lnsubrinmioppidi
3097 2970 3148 3022 in
3177 2967 3351 3023 Gallia
3370 2967 3506 3025 ‘Cis-

1926 3039 2129 3110 alpina,
2167 3037 2380 3110 genitus
2403 3037 2486 3092 est
2510 3038 2833 3110 parentibus
2877 3037 3256 3093 Ticiuensihus
3286 3054 3503 3110 quoque

1925 3107 2195 3178 indigenis
2215 3116 2271 3162 et
2297 3107 2646 3177 primoribus.
2679 3107 2890 3162 Etenim
2921 3117 3074 3176 pater
3106 3109 3192 3161 vir
3221 3107 3340 3163 erat
3361 3107 3504 3178 juris

1924 3177 2305 3248 peritissimus,
2367 3178 2734 3248 senatoriique
2785 3177 3015 3248 ordinis,
3063 3193 3223 3246 quem
3282 3177 3505 3247 quidem

1925 3245 2070 3302 inors
2098 3263 2239 3304 czeca
2268 3245 2575 3302 Lanfranco
2623 3245 2787 3301 etiam
2830 3245 3154 3301 adolescenti
3179 3245 3377 3315 eripu’t
3408 3249 3509 3302 ini-

1924 3319 2100 3386 quius.
2135 3319 2184 3373 ls
2217 3327 2395 3372 autem
2450 3332 2573 3371 cum
2635 3317 2688 3370 in
2747 3317 3010 3370 demortui
3075 3321 3313 3386 parentis
3363 3328 3508 3372 esset

1924 3385 2406 3443 simcenturiandus
2455 3387 2633 3456 locum
2661 3425 2674 3449 ,
2706 3386 2883 3439 natale
2918 3385 3134 3456 reliquit
3162 3386 3335 3441 solum
3364 3426 3378 3452 ,
3398 3389 3506 3443 alio

1923 3456 2178 3526 abreptus
2201 3458 2392 3512 insano
2415 3455 2656 3526 discendi
2681 3471 2888 3510 amore.

1992 3525 2123 3582 Post
2149 3542 2285 3598 qum,
2327 3535 2564 3598 tempore
2588 3525 2803 3581 llenrici
2835 3525 3127 3598 [Francite
3151 3527 3314 3598 regis.
3340 3527 3508 3598 hujus

1923 3613 2071 3653 nom.
2139 3595 2193 3652 et
2247 3595 2535 3652 Guilhelmi
2570 3612 2818 3668 cognom.
2851 3595 3270 3668 Corttjttmstot-is,
3306 3595 3507 3653 North—

1924 3683 2246 3723 mannorum
2280 3668 2454 3733 ducis,
2497 3665 2943 3723 venit'Abrincas
2983 3665 3358 3737 Lugdunensis
3418 3685 3507 3723 se-

1923 3741 2130 3805 cundtu,
2171 3737 2327 3807 vulgo
2371 3737 2777 3793 Northmannia:
2799 3737 3096 3803 civitatem,
3123 3737 3209 3791 ttbi
3235 3739 3359 3806 quid
3388 3755 3509 3808 ges-

1923 3811 2076 3880 serit,
2142 3809 2372 3880 ltiucque
2429 3825 2646 3880 egresso
2700 3807 3196 3880 quid__contigcrit,
3249 3807 3506 3876 quoniam

1924 3879 2170 3933 Vincent.
2201 3876 2404 3932 Bellon.
2431 3876 2620 3931 lfxxw
2654 3876 2800 3947 spec.
2835 3876 3011 3947 illisu,
3042 3876 3090 3930 c.
3124 3878 3211 3940 56,
3249 3894 3331 3932 tne
3356 3889 3511 3932 antc-

1923 3950 2106 4012 vertit,
2131 3963 2234 4002 non
2263 3962 2483 4011 revoco,
2537 3957 2647 3999 ttnn
2687 3946 2959 4008 'ntaxituc,
2991 3962 3109 3999 cum
3135 3961 3425 4014 agnoscam
3453 3955 3508 4001 et

1926 4018 2172 4087 paucula,
2205 4018 2347 4086 quod
2365 4018 2534 4087 habet
2562 4017 2675 4085 ipse
2689 4017 3010 4087 deprompta
3043 4029 3106 4068 ex
3141 4017 3311 4087 gestis
3360 4015 3510 4086 ejus-

239 4084 408 4138 Itilari
440 4083 736 4158 festivoque
759 4087 911 4158 jussu
954 4087 1360 4158 Cantuariensis
1403 4087 1656 4158 Ecclesia:
1679 4089 1822 4158 prio-
1853 4088 1899 4146 D
1927 4083 2048 4142 dent
2076 4083 2239 4141 latius
2259 4084 2559 4158 explanatis
2586 4083 2638 4139 in
2663 4083 2867 4158 Chren.
2896 4084 3050 4139 Becc.
3095 4083 3195 4158 IIIS:
3234 4083 3507 4139 canna..-

239 4169 358 4220 res,
385 4162 443 4228 ei
467 4155 630 4228 multa
662 4155 810 4228 regni
837 4157 1111 4213 saecularis
1135 4166 1297 4227 atque
1347 4157 1620 4228 religionis
1651 4155 1824 4228 digni-

241 4233 353 4297 tas.
392 4224 676 4297 _Pra:fatus
725 4224 894 4282 abbas
927 4242 992 4284 ac
1043 4224 1394 4297 archipraesul
1442 4224 1820 4285 honestissima

237 4293 513 4364 electione
565 4297 1136 4364 intbronlzatur,cum
1195 4293 1415 4352 honoris
1477 4299 1823 4354 adornandns

237 4363 432 4445 pailio,
454 4377 609 4445 aliter}
638 4368 902 4445 spirituaii
931 4363 1038 4445 tam
1070 4368 1232 4439 pallio
1248 4383 1407 4445 quam
1428 4368 1674 4445 rationali
1694 4368 1821 4445 insi-

237 4435 451 4558 gnitus.
473 4434 807 4520 Ordiita'tioni
863 4434 1158 4521 interfuere
1184 4434 1336 4493 multi
1353 4439 1622 4519 praesules
1649 4447 1701 4492 et
1726 4439 1821 4492 ab-

283 4513 440 4558 ales:
477 4521 711 4558 maxuma
747 4507 954 4558 eleuet.
982 4510 1160 4558 nonult
1214 4509 1500 4558 multitudo
1539 4509 1821 4558 celebrata:

283 4509 443 4579 ales;
477 4509 711 4579 maxima
747 4507 875 4565 cleri
899 4519 954 4565 et
982 4510 1160 4579 populi
1214 4509 1500 4564 multitudo
1539 4509 1823 4564 celebratae

239 4589 301 4628 IV
324 4573 614 4651 .Kelendas
630 4578 886 4651 Decemb.
925 4598 943 4630 ι
983 4573 1279 4651 'Hucusque
1305 4589 1514 4635 veteres
1542 4579 1732 4651 tabula:
1755 4595 1822 4633 ex

240 4643 445 4720 quibus
475 4648 588 4704 haec
611 4648 899 4720 decerpere
929 4650 1104 4720 coegit
1129 4643 1215 4704 me
1236 4650 1521 4720 character
1540 4649 1823 4720 _obscurns

240 4713 604 4789 palliatusque
669 4713 974 4789 proximum
1021 4713 1344 4774 denuntians
1396 4718 1710 4782 interitum,
1765 4717 1821 4771 ni

242 4787 613 4855 typographitc
632 4787 905 4843 salutifera
933 4799 1307 4854 succurrerent
1335 4789 1748 4843 medicamenta.

318 4853 641 4911 Fuitautem
669 4857 1006 4912 Lanfranctts
1056 4853 1109 4912 in
1147 4858 1592 4914 Cantuariensem
1629 4867 1824 4913 unctus

235 4923 618 4993 pontiﬁcema
647 4927 845 4984 Gisone
891 4927 1150 4983 Willense
1179 4935 1235 4982 et
1275 4926 1518 4982 Waltero
1570 4927 1824 4984 Herefor-

238 4993 400 5065 densi
428 4996 763 5063 prarsulibus,
812 5013 955 5054 anno
1007 4999 1164 5065 1070,
1224 4996 1475 5054 decollati
1503 4997 1566 5051 D.
1597 4995 1824 5052 Joannis

235 5062 502 5132 Baptistae
534 5081 687 5122 sacra
715 5062 852 5124 luce.

314 5135 389 5186 At
409 5149 477 5189 ne
502 5136 625 5205 quis
670 5139 1084 5208 exaggeratione
1119 5140 1386 5196 rhetorica
1442 5136 1692 5209 superius
1740 5137 1823 5209 di-

233 5213 400 5284 cium.
415 5214 594 5284 putet,
617 5209 760 5284 qued
785 5207 956 5284 Roma
985 5211 1226 5284 epistolis
1279 5207 1823 5284 Lanfrancum_solli-

234 5274 448 5351 gitarit,
480 5274 1098 5351 legat'Alexaudrutn'll,
1137 5296 1330 5351 papam
1361 5285 1426 5336 ad
1459 5281 1820 5336 Guilheltnntn

233 5342 492 5426 pluuium.
514 5342 694 5417 regem
721 5349 1013 5426 Anglorum
1036 5342 1114 5426 sic
1137 5342 1467 5426 scribentem
1496 5371 1509 5406 :
1551 5373 1567 5403 ι
1605 5352 1700 5426 Ad_
1716 5353 1823 5405 vir-

237 5421 422 5490 tutum
454 5420 813 5490 incrementa
854 5421 1217 5490 percipienda,
1253 5420 1438 5478 fratris
1482 5424 1648 5477 nostri
1679 5422 1818 5476 Lan-

233 5485 420 5539 franci
445 5485 867 5544 Cantuariensis
889 5485 1279 5560 archiepiscopi
1322 5492 1561 5557 monitis,
1629 5493 1817 5546 loriam

233 5564 480 5610 vestram
531 5558 812 5614 hortamur
873 5561 1236 5614 acauiescere.
1282 5561 1451 5614 Ouem
1486 5570 1543 5614 nt
1567 5509 1817 5614 citarissi-

232 5564 480 5610 vestram
531 5558 812 5614 hortamur
873 5558 1242 5630 acquiescere.
1282 5561 1451 5628 Quem
1486 5558 1817 5615 ntcharissi-

235 5631 747 5707 muniiuembrum,
770 5639 826 5686 et
851 5647 1015 5686 unum
1042 5649 1108 5707 ex
1131 5632 1320 5702 primis
1349 5630 1602 5707 Romanae
1633 5630 1818 5684 Eccle-

233 5696 339 5750 sia:
368 5696 490 5753 ﬁliis
528 5697 681 5755 lateri
734 5712 918 5758 nostro
966 5696 1178 5759 assidue
1225 5718 1331 5756 non
1363 5701 1668 5770 adjunctutn
1699 5715 1817 5754 esse

1928 4173 2023 4211 cus
2050 4160 2260 4211 tandem
2299 4154 2556 4227 periculo,
2579 4157 2722 4227 quod
2755 4156 2904 4210 Viue.
2931 4170 3080 4226 supr.
3109 4154 3297 4221 refert,
3318 4170 3506 4211 excm-

1925 4228 2219 4298 ptusivenit
2245 4226 2499 4298 Buceutu,
2555 4226 2736 4298 hujus
2769 4228 3026 4298 temporis
3074 4233 3128 4298 et
3169 4227 3344 4296 gentis
3370 4237 3506 4298 itum

1926 4294 2212 4367 ignobilius
2257 4296 2562 4352 coenobium
2615 4294 2774 4367 quale
2828 4294 2891 4367 ai
2915 4294 3211 4367 viatoribus
3273 4297 3510 4367 petierat

1925 4365 2254 4437 eiloclusqne
2282 4367 2651 4437 fuerat._'l‘unc
2686 4365 2822 4419 forte
2867 4365 2965 4434 (ait
3018 4365 3285 4420 Beccens.
3313 4366 3507 4437 codex)

1925 4437 2089 4492 abbas
2123 4435 2448 4506 exstruendo
2471 4435 2674 4491 forn.ci
2717 4446 3013 4506 occupatus
3062 4435 3507 4506 ipsetnctOpera4

1925 4506 2081 4561 batur
2103 4507 2372 4561 manibus.
2404 4505 2468 4558 Et
2497 4507 2761 4560 accedens
2805 4505 2871 4558 ad
2900 4521 3021 4560 enm
3057 4506 3194 4560 dixit
3223 4522 3237 4558 :
3284 4505 3424 4561 Deus
3451 4515 3504 4560 te

1925 4577 2127 4643 salvet;
2164 4589 2218 4632 et
2243 4577 2428 4638 abbas,
2458 4577 2596 4630 Deus
2612 4585 2665 4629 te
2693 4575 2998 4641 bcned'cat,
3027 4576 3218 4644 inquit.
3247 4576 3317 4631 Es
3350 4577 3508 4630 Lom-

1924 4649 2156 4704 bardus"
2178 4645 2373 4711 Atille,
2397 4648 2526 4702 Sum
2552 4663 2566 4698 :
2593 4644 2729 4712 Quid
2759 4645 2876 4700 vis?
2897 4644 3193 4702 Monachus
3215 4647 3330 4701 ﬁeri
3363 4647 3504 4701 volo.

1926 4716 2076 4772 Tunc
2103 4719 2268 4773 abbas
2298 4716 2552 4786 praecepit
2580 4716 2794 4786 cuidam
2834 4718 3120 4786 monacho,
3146 4719 3377 4786 nomine
3397 4716 3500 4768 lto-

1924 4789 2094 4856 gerio,
2129 4799 2187 4843 ut
2216 4784 2630 4842 illi'ostendcrct
2660 4784 2852 4856 librum
2882 4785 3078 4856 regula:
3103 4802 3114 4836 :
3142 4801 3245 4853 qua
3270 4785 3506 4856 perlecta

1925 4854 2203 4928 respondit
2224 4858 2403 4913 omnia
2454 4869 2514 4910 se
2562 4855 2910 4928 Dcojuvante
2952 4854 3324 4928 ‘set'vututuiiu
3379 4854 3506 4910 Haec

1925 4923 2153 4984 audiens
2209 4928 2398 4991 abbas,
2425 4936 2480 4981 et
2505 4923 2830 4993 sciens'quis
2861 4934 3004 4978 esset
3033 4923 3115 4977 vel
3160 4924 3324 4988 unde,
3373 4939 3505 4979 cou-

1925 5000 2087 5052 cessit
2117 4999 2164 5052 ei
2221 4998 2362 5068 quod
2401 4998 2615 5066 petebat
2653 4996 2929 5068 gaud_ens._
2952 4994 3020 5047 At
3051 4994 3256 5068 ille,‘in
3309 4994 3503 5068 facient

1925 5063 2530 5144 ptjoeidetts,:oscuiatus
2576 5063 2682 5144 est:
2697 5065 2858 5133 pedes
2885 5063 3504 5144 ejusiLanfrancushu-

1926 5137 2206 5193 utilitatem
2236 5134 2400 5192 animi
2448 5134 2822 5203 sermonisque
2881 5135 3196 5204 dtgttilatent
3225 5134 3278 5188 in
3309 5136 3506 5188 abbate

1925 5209 2210 5278 plurimum
2241 5217 2525 5278 veneratus
2550 5215 2634 5278 et;
2657 5220 2846 5258 amans
2912 5205 3208 5278 monachus
3241 5205 3308 5260 ibi
3339 5203 3502 5278 ellici-

1929 5275 2042 5344 iur;
2076 5288 2194 5330 erat
2222 5278 2265 5330 is
2297 5291 2470 5330 annus
2507 5275 2666 5340 1042,
2684 5285 2740 5329 ιιι
2763 5285 2914 5328 notat
2937 5275 3094 5343 epist.
3120 5275 3498 5329 Chron.Becc.

1926 5347 2218 5416 Postquam
2273 5361 2398 5399 vero
2440 5345 2702 5399 cucullatn
2735 5346 2931 5416 induit,
2981 5345 3270 5413 luduntque
3300 5345 3503 5398 littera-

1928 5414 2219 5474 rium'licet
2239 5425 2455 5485 gravate
2483 5417 2712 5483 aperuit,
2733 5414 2844 5484 j.t.n
2889 5415 3005 5485 ejus
3039 5430 3231 5469 nomen
3288 5430 3381 5483 per
3403 5429 3499 5485 ora

1926 5491 2206 5543 doctorum
2239 5483 2521 5540 celerrime
2556 5483 2780 5540 volitare
2809 5483 2992 5554 cmpit,
3031 5495 3088 5537 ut
3133 5485 3199 5536 ad
3235 5485 3393 5552 epist.
3437 5483 3505 5554 {6

1925 5557 2086 5625 hujus
2113 5558 2205 5612 lib.
2229 5553 2549 5626 patefaciant
2601 5553 2922 5610 testimoniis
2953 5568 3313 5624 mquatvorum
3361 5553 3501 5608 scri-

1965 5638 2158 5681 ΙΟΙῚΙΙΙῘ.

1923 5643 2362 5752 ΡιᾝιΐίΓάιιηιιω
2425 5695 2590 5761 1065,
2632 5695 2971 5752 Gnilhelmus
3023 5691 3230 5751 Nothus
3281 5691 3505 5752 Cadonti
