4056 6302
604 306 743 364 1087

1131 418 1457 475 EPISTULA
1495 419 1558 474 lll
1573 420 1640 475 ν’.

1010 549 1079 588 ΑΒ
1118 548 1400 587 ROBERTUI
1444 548 1749 589 HONACHUM.

516 614 537 661 τ’
626 622 764 696 Ejus
811 640 1016 694 preces,
1064 635 1110 679 et
1158 623 1426 705 Anastasii
1448 625 1822 705 commonuclii
1860 623 2147 678 amicitiam

1267 707 1501 763 requirit.

662 784 891 840 Domino
906 784 1253 839 dilectissimo
1295 785 1865 841 revoremlomonacho
1889 784 2173 852 Romam,

589 876 759 931 frater
786 875 1071 933 Ansuuus
1102 876 1415 943 Beccensis,
1451 877 1591 931 inter
1630 887 1817 932 sancte
1848 892 2177 933 conversan-

588 977 669 1023 tes
692 977 902 1023 tantum
933 969 1208 1032 minimus,
1236 968 1313 1023 sic
1340 970 1393 1022 in
1434 968 1818 1039 temporalibus
1848 969 1986 1026 velle
2012 980 2172 1025 teter-

586 1060 835 1125 nitatem,
862 1069 919 1113 ut
942 1058 993 1113 in
1031 1060 1250 1115 aeternis
1279 1058 1413 1113 nolit
1441 1059 1917 1128 temporalitatem.

654 1151 789 1207 Cum
823 1152 1128 1216 considero,
1153 1162 1373 1208 strenue
1401 1154 1557 1209 miles
1594 1154 1709 1221 Dei,
1732 1164 1789 1210 et
1810 1156 1941 1211 mihi
1964 1157 2172 1212 charis-

586 1241 748 1307 sime,
769 1257 893 1297 eum
924 1242 1207 1297 considero
1239 1250 1342 1297 tua:
1368 1252 1655 1313 provectus
1685 1244 2023 1300 strenuitatis
2054 1245 2096 1277 ⁸⁸
2117 1256 2172 1302 et

582 1350 717 1390 mere
741 1334 1084 1390 sterilitatem
1109 1336 1340 1402 inertiae,
1355 1337 1441 1391 vix
1458 1351 1749 1408 suggerere
1768 1340 2041 1393 sanctitati
2068 1350 2170 1395 tua:

579 1442 848 1497 praesumo
878 1437 1075 1482 mutua:
1124 1437 1326 1483 nostra:
1358 1430 1687 1483 mentionem
1724 1432 1996 1487 amicitiae.
2030 1434 2167 1499 Quia

578 1518 723 1573 enim
754 1519 806 1572 in
853 1520 1062 1575 cunctis
1117 1519 1307 1590 tepidae
1352 1522 1474 1576 vita:
1511 1536 1645 1577 mea:
1688 1524 1994 1579 actionibus
2035 1526 2167 1580 nihil

576 1620 661 1664 est
687 1609 830 1679 quod
864 1611 1139 1668 beneﬁciis
1164 1621 1267 1667 tua:
1292 1612 1597 1668 dilectionis
1618 1614 2162 1684 possiteompensari,
2196 1644 2202 1649 ο

574 1704 736 1775 313
765 1706 1026 1760 erubesco
1058 1705 1140 1761 vel
1186 1722 1215 1761 a
1248 1714 1300 1761 te
1329 1704 1567 1761 debitum
1600 1707 1760 1761 amici
1804 1708 2054 1777 exigere,
2082 1708 2163 1763 vel

1139 305 1196 361 S.
1238 304 1538 361 ANSELMI
1579 304 1925 362 CANTUAR.
1962 302 2154 359 ARCll

2255 315 2278 361 '.
2321 301 2467 358 OPP.
2512 300 2687 359 PARS
2730 302 2807 359 lll.
2850 335 2921 345 --
2954 306 3330 363 El‘lSTOLzE.

3727 310 3867 370 l068

2206 420 2252 476 A
2279 416 2528 474 ctabilius
2548 418 2742 473 anima:
2765 431 2898 472 mea:
2929 417 3163 489 fragrat;
3195 428 3338 473 tanlc
3362 420 3476 489 ipsa
3499 422 3564 475 ad
3586 421 3704 489 ejus
3725 428 3871 482 ami-

2279 512 2463 567 citiam
2496 521 2546 567 et
2584 512 2832 567 notitiam
2868 512 3152 566 ardentius
3194 512 3401 582 ﬂagrat.
3452 513 3599 581 Quas
3620 515 3756 584 jam,
3798 535 3868 574 ex

2278 620 2386 676 quo
2413 606 2574 662 vitam
2602 605 2717 675 ejus
2741 605 2947 670 audivi,
2976 605 3150 659 habeo
3169 615 3224 659 et
3250 605 3569 674 amplector,
3599 618 3868 676 quantum

2276 710 2515 764 possum;
2532 703 2587 749 et
2607 701 2909 749 orooretet
2930 694 3295 761 ipsemecum,
3313 705 3370 749 ut
3391 703 3541 750 tanto
3568 697 3726 751 nobis
3749 713 3869 753 cre-

2276 796 2717 857 scant,quantum
2732 786 2783 840 in
2802 786 2911 841 Deo
2928 800 3178 841 crescere
3190 796 3432 856 possunt.
3446 788 3644 853 Ambo,
3659 790 3868 843 charis-

2275 875 2423 943 simi,
2444 876 2637 932 valete.
2664 875 2923 942 Obsecro,
2972 877 3026 932 in
3060 877 3351 948 Babylonia
3383 878 3582 933 sentite
3609 880 3863 947 idipsum,

2276 979 2333 1024 ut
2357 970 2409 1023 in
2432 968 2766 1026 Hierusalem
2783 969 3121 1040 participetis
3142 970 3194 1024 in
3223 969 3476 1040 idipsum.
3492 969 3610 1027 Non
3623 973 3729 1025 hoc
3745 974 3866 1027 dico

2273 1061 2428 1131 quasi
2460 1063 2656 1117 timens
2684 1060 2838 1117 vobis
2861 1061 3151 1132 aliquando
3172 1062 3500 1117 discordiam
3527 1064 3742 1129 venire,
3771 1062 3868 1117 sed

2274 1169 2402 1210 vere
2437 1154 2660 1226 cupiens
2700 1169 2732 1209 a
2774 1155 2924 1210 vobis
2955 1170 3232 1224 nunquam
3284 1155 3633 1211 concordiam
3688 1158 3862 1211 abire.

2836 1262 3171 1320 EPISTOLA
3209 1263 3300 1320 IV.

2766 1371 2840 1410 AD
2880 1370 3357 1411 GONDULPHUI.

2270 1445 2385 1500 Etsi
2416 1445 2793 1515 infrequentius
2836 1444 3051 1516 scribat,
3102 1462 3205 1499 non
3245 1455 3418 1498 tamen
3459 1444 3699 1500 oblivisci
3726 1446 3857 1516 ejus,

2479 1518 2548 1570 ad
2576 1532 2727 1586 quem
2766 1525 2894 1569 esset
2927 1515 3252 1585 frequentius
3281 1516 3640 1569 scribendum.

2339 1607 2544 1663 Domoo
2574 1607 2890 1675 reverendo,
2937 1605 3097 1662 fratri
3142 1607 3485 1671 charissima,
3522 1607 3709 1662 amico
3748 1623 3857 1661 cer-

2269 1702 2499 1767 tissimo,
2531 1702 2731 1756 domno
2760 1699 3074 1767 Gonoesro,
3105 1700 3274 1755 frater
3293 1701 3578 1755 Ansauus
3602 1702 3854 1755 salutem.

574 1795 768 1849 saltem
798 1798 1032 1850 amicum
1064 1806 1213 1850 tuum
1246 1796 1536 1851 nominari.
1578 1796 1682 1852 Sed
1716 1812 1924 1863 rursus,
1965 1814 2084 1852 cum
2110 1800 2162 1854 in
2198 1794 2239 1851 ιι
2335 1792 2469 1849 Cum
2525 1795 2619 1848 tibi
2663 1810 2905 1865 propono
2959 1794 3219 1857 scribere,
3266 1793 3447 1846 anima
3494 1794 3851 1848 dilectissima

573 1885 807 1940 reditum
837 1886 1026 1956 patriae
1047 1900 1295 1955 superna:
1317 1886 1452 1942 alios
1476 1886 1632 1941 facile
1655 1902 1899 1952 currere,
1928 1903 2013 1942 me
2032 1904 2162 1944 vero

570 1976 811 2045 peccatis
845 1985 901 2031 et
926 1984 1112 2046 tepore
1140 1985 1422 2047 gravatum
1452 1978 1495 2008 ¹⁹
1524 1978 1575 2032 in
1607 1978 1794 2033 eadem
1820 1978 1901 2031 via
1930 1979 2017 2032 vix
2050 1993 2166 2033 mo-

572 2067 688 2123 veri
730 2068 978 2134 intueor,
1028 2082 1221 2137 magna
1268 2069 1595 2124 necessitate
1639 2079 1887 2140 cogente,
1920 2071 1985 2124 ad
2025 2086 2164 2139 prac-

572 2168 859 2213 currentes
886 2174 972 2214 me
1008 2174 1075 2214 ex
1125 2161 1316 2215 intimo
1361 2162 1523 2217 corde
1559 2162 1795 2216 clamare
1836 2161 2158 2231 compellor;

571 2265 678 2304 non
712 2258 771 2305 ut
800 2248 1060 2306 velocitas
1089 2265 1276 2306 eorum
1307 2253 1610 2322 praestolata
1645 2254 1869 2319 lentum,
1904 2256 2162 2310 reddatur

570 2342 809 2408 tardior;
856 2342 949 2398 sed
990 2353 1048 2398 ut
1096 2344 1322 2399 tarditas
1368 2360 1484 2400 mea
1518 2361 1547 2399 a
1595 2346 1938 2402 currentibus
1980 2358 2156 2418 rapta,

570 2430 665 2486 tiat
708 2432 962 2488 velocior.
998 2432 1337 2506 Quapropter
1376 2451 1496 2491 cum
1541 2438 1815 2493 orationes
1845 2453 1984 2493 meae
2025 2439 2159 2496 tales

567 2521 699 2587 sint,
738 2531 795 2575 ut
823 2523 903 2577 vel
937 2523 1067 2577 nihil
1097 2523 1178 2577 vel
1204 2540 1394 2594 parum
1434 2527 1645 2597 prosint
1677 2527 1830 2593 mihi,
1869 2543 2006 2598 quas
2038 2540 2158 2587 tuas

567 2626 691 2668 esse
712 2614 966 2683 proposui
999 2612 1194 2669 offerre
1223 2632 1326 2669 non
1359 2630 1627 2685 praesumo
1655 2617 1780 2682 tibi;
1813 2620 1906 2672 sed
1941 2635 2153 2689 precor,

565 2712 623 2756 nt
652 2703 865 2759 fervore
894 2714 1104 2759 tuarum
1139 2708 1531 2771 accendantur,
1563 2717 1833 2777 quatenus
1861 2711 2157 2769 ellicaciter

562 2792 695 2849 mihi
724 2795 939 2863 prosint
958 2795 1003 2825 ’°
1026 2806 1080 2851 et
1116 2796 1230 2851 tibi.
1265 2796 1356 2852 Sic
1379 2798 1524 2853 enim
1549 2814 1735 2854 coram
1778 2800 1888 2856 Deo
1920 2803 2035 2858 vult
2059 2821 2156 2859 cor

564 2901 767 2953 nienm,
791 2895 842 2940 et
872 2887 950 2941 sic
982 2887 1049 2941 ad
1094 2887 1261 2943 Deum
1296 2899 1417 2943 orat
1447 2906 1509 2945 os
1540 2906 1717 2947 meum
1746 2910 1760 2947 :
1804 2904 1863 2948 ut
1890 2898 2153 2969 quidquid

562 2979 608 3009 "
639 2980 900 3049 prodesse
927 2981 1088 3037 debet
1120 2984 1273 3051 mihi,
1315 2999 1419 3038 non
1446 2986 1629 3043 minus
1662 2991 1831 3059 prosit
1863 2992 1956 3047 tibi
1988 3009 2149 3063 quam

565 3070 715 3123 mihi.
749 3072 859 3141 Age
908 3087 1061 3142 ergo,
1094 3074 1177 3128 vir
1218 3076 1600 3132 venerabiliter
1630 3080 1879 3136 amabilis
1912 3096 1962 3138 et
2002 3099 2151 3139 ama-

2267 1886 2459 1940 animaa
2506 1901 2673 1952 mean,
2715 1903 2837 1943 cum
2878 1887 2972 1943 tibi
3020 1901 3262 1957 propono
3301 1886 3577 1949 scribere,
3617 1887 3853 1941 incertus

2264 1991 2382 2029 sum
2415 1977 2557 2030 unde
2584 1966 2926 2047 potissimum
2957 1978 3218 2034 exordiar
3240 1976 3621 2031 allocutionem
3649 1992 3847 2032 meam.

2263 2068 2533 2139 Quidquid
2558 2070 2702 2124 enim
2750 2072 2817 2125 de
2850 2080 2900 2125 te
2926 2070 3125 2131 sentio,
3166 2069 3323 2123 dulce
3352 2078 3408 2123 et
3439 2069 3743 2139 jucundum
3771 2078 3851 2123 est

2262 2158 2407 2214 cordi
2439 2174 2558 2213 meo
2584 2177 2597 2213 :
2627 2160 2887 2229 quidquid
2922 2160 3013 2214 tibi
3040 2170 3188 2229 Opto,
3223 2160 3274 2212 id
3302 2167 3385 2213 est
3408 2160 3555 2229 quod
3584 2160 3851 2229 optimum

2261 2252 2532 2322 excogitat
2573 2269 2725 2307 mens
2751 2269 2892 2308 mea.
2927 2253 3112 2307 Talem
3149 2252 3292 2308 enim
3329 2264 3381 2305 te
3420 2252 3565 2318 vidi,
3613 2263 3673 2306 ut
3717 2267 3848 2322 quo-

2261 2344 2419 2399 modo
2473 2354 2527 2398 tu
2559 2345 2665 2399 scis
2696 2353 2747 2399 te
2776 2346 3073 2415 diligerem;
3111 2345 3272 2398 talem
3324 2352 3374 2397 te
3409 2346 3600 2411 audio,
3632 2355 3685 2397 ut
3715 2360 3849 2415 quo-

2261 2435 2419 2489 modo
2447 2436 2549 2490 scit
2596 2437 2736 2491 Deus
2764 2447 2815 2492 te
2840 2437 3171 2491 desiderem:
3193 2435 3333 2489 unde
3362 2433 3423 2487 ﬁt
3446 2446 3503 2489 ut
3525 2450 3847 2506 quocunque

2263 2534 2317 2577 tu
2350 2526 2534 2593 vadas,
2564 2542 2717 2580 amor
2747 2543 2898 2582 meus
2930 2537 2981 2581 te
3011 2537 3400 2596 prosequatur;
3442 2538 3495 2582 et
3539 2529 3848 2597 ubicunque

2258 2630 2357 2683 ego
2388 2629 2719 2680 remaneam,
2752 2616 3079 2671 desiderium
3115 2632 3293 2670 meum
3337 2626 3388 2670 te
3432 2616 3842 2684 complectatur.

2256 2703 2472 2758 Etcum
2505 2704 2709 2772 rogitas
2740 2718 2826 2757 tne
2874 2703 2980 2758 tuis
3016 2704 3255 2768 nuntiis,
3311 2704 3551 2759 hortaris
3607 2720 3693 2760 me
3741 2708 3848 2759 tuis

2256 2796 2483 2860 litteris,
2527 2794 2711 2865 pulsas
2740 2810 2827 2849 me
2870 2795 2976 2850 tuis
3016 2796 3205 2861 donis,
3238 2804 3297 2850 ut
3341 2811 3555 2850 memor
3584 2796 3689 2851 sim
3734 2799 3842 2850 tui:

2254 2882 2533 2937 Adliwreat
2572 2883 2752 2952 lingua
2795 2899 2910 2938 mea
2966 2884 3210 2953 faucibus
3256 2884 3381 2937 meis
3434 2886 3480 2937 si
3527 2901 3634 2938 non
3674 2887 3847 2938 memi-

2255 2990 2379 3029 nero
2403 2975 2479 3026 tui
2509 2970 2684 3045 (Psal.
2712 2988 2928 3036 cxxxvt,
2959 2972 3053 3044 6).:
3094 2975 3141 3029 si
3174 2990 3278 3030 non
3308 2976 3565 3044 proposui
3602 2973 3844 3029 Gondul-

2254 3062 2366 3119 l‘um
2393 3064 2445 3118 in
2478 3064 2767 3135 praecipuis
2792 3065 3049 3120 amicitia:
3080 3081 3232 3121 meae.
3272 3067 3390 3120 Non
3420 3067 3510 3121 hic
3541 3068 3666 3121 dico
3698 3067 3843 3121 Goli-

562 3159 742 3214 Μηίων
762 3162 1155 3229 venerabilior;
1188 3173 1371 3221 ρεισιυε
1413 3176 1556 3235 es“),
1585 3170 1711 3224 dum
1742 3171 1865 3227 νενο
1888 3213 1904 3239 ν
1952 3174 2018 3228 de
2050 3177 2149 3231 hac
2178 3167 2221 3228 C
2256 3153 2460 3208 dulfum
2497 3155 2693 3208 laicum
2719 3169 2894 3209 incum
2926 3166 3154 3226 patrem,
3174 3157 3266 3210 sed
3294 3157 3627 3212 Gondullnm
3659 3174 3846 3211 mona-

557 3261 745 3306 nostra
781 3252 1085 3321 voluntate,
1108 3263 1163 3310 et
1189 3256 1454 3313 sollicitus
1480 3268 1597 3315 esto
1635 3261 1702 3315 de
1735 3262 2063 3332 perficienda
2092 3267 2146 3321 in

559 3358 665 3407 me,
696 3358 815 3413 qua:
844 3353 935 3399 tua
980 3346 1108 3413 erit,
1148 3347 1437 3405 charitate.
1489 3350 1545 3405 Si
1585 3352 1732 3408 enim
1769 3356 2013 3411 oraveris
2048 3372 2148 3429 pro

555 3428 827 3503 proximo,
858 3437 972 3493 scio
1002 3454 1189 3495 verum
1229 3456 1350 3497 esse
1388 3444 1532 3513 quod
1568 3444 1663 3501 tibi
1704 3446 2060 3516 retribuetur;
2092 3461 2149 3507 et

554 3526 598 3578 si
629 3526 1025 3597 impetraveris,
1056 3531 1194 3586 scito
1218 3540 1365 3587 tuum
1395 3549 1515 3590 esse
1552 3538 1814 3609 quidquid
1858 3541 1991 3596 mihi
2042 3543 2143 3598 tri-

558 3614 774 3670 buetur.
824 3616 977 3684 Quod
1009 3629 1067 3674 ut
1097 3619 1369 3679 eﬂicacius
1399 3624 1633 3692 ellicias,
1672 3644 1884 3700 precor,
1917 3632 2144 3691 obsecro

502 3720 505 3723 λ
555 3714 614 3759 ιιι
650 3705 721 3761 illi
768 3719 956 3763 sancto
999 3711 1117 3767 viro
1144 3713 1454 3782 Anastasio,
1491 3717 1645 3786 cujus
1679 3720 2020 3778 desiderabili
2055 3740 2144 3781 so-

550 3797 749 3853 cietate
774 3796 991 3865 frueris,
1016 3817 1100 3858 me
1122 3807 1549 3862 commendando
1573 3819 1834 3879 quantum
1864 3813 2142 3871 absentem

552 3897 733 3957 potes,
778 3900 967 3945 notum
995 3893 1041 3924 "
1083 3892 1268 3958 facias,
1318 3905 1377 3950 ut
1417 3905 1473 3953 et
1524 3898 1674 3955 illum
1715 3900 1949 3957 amicum
1989 3912 2139 3960 tuum

552 3993 763 4034 mecum
794 3982 1185 4051 communices,
1218 3993 1271 4040 et
1302 4002 1388 4041 me
1433 4002 1649 4044 servum
1694 4000 1843 4045 tuum
1889 4008 2011 4048 cum
2052 3994 2141 4051 illo

548 4071 861 4142 participes.
887 4073 1169 4141 Quatenus
1192 4092 1259 4131 ex
1286 4079 1388 4133 hac
1418 4080 1506 4134 die
1542 4079 1669 4135 dum
1700 4082 1934 4139 vivimus
1963 4099 2063 4154 per
2088 4094 2141 4142 te

548 4169 605 4213 et
647 4169 846 4228 tecum,
897 4174 946 4219 et
993 4180 1092 4237 ego
1138 4167 1289 4222 illum
1339 4183 1565 4225 venerer
1620 4172 1853 4228 amicum
1908 4173 2139 4230 alterum

552 4248 889 4316 Bobertum;
916 4265 970 4309 et
995 4256 1084 4310 ille
1113 4259 1386 4328 possideat
1420 4276 1635 4317 servum
1668 4263 1919 4318 eumdem
1948 4264 2141 4321 Ansel-

550 4357 717 4396 mum.
743 4343 879 4411 Quia
903 4347 1045 4402 enim
1077 4363 1183 4404 non
1210 4365 1329 4405 sum
1359 4352 1574 4423 dignus,
1601 4368 1709 4410 non
1736 4355 1909 4410 audeo
1931 4366 2135 4427 petere,
2178 4400 2179 4403 η

548 4433 693 4502 quod
735 4444 913 4493 tamen
940 4439 1077 4496 velle
1124 4456 1414 4510 praesumo,
1449 4456 1509 4499 ut
1541 4459 1641 4516 ego
1670 4446 1820 4502 velut
1861 4449 1999 4504 alter
2028 4449 2137 4505 Ro-

2250 3245 2436 3311 chum,
2464 3255 2707 3301 nostrum
2741 3246 2989 3302 fratrem.
3023 3248 3267 3315 Qualiter
3292 3265 3530 3318 namque
3551 3249 3844 3303 oblivisear

2250 3332 2363 3393 tui?
2412 3337 2461 3393 ls
2506 3338 2651 3393 enim
2696 3339 2787 3408 qui
2862 3341 3011 3394 cordi
3062 3354 3182 3395 meo
3228 3340 3375 3395 velut
3426 3341 3664 3411 sigillum
3703 3356 3842 3395 cera:

2247 3429 2596 3499 imprimitur,
2631 3430 2901 3501 quomodo
2948 3432 3223 3486 memorias
3270 3447 3406 3487 mete
3454 3433 3842 3487 subtrahetur?

2246 3524 2517 3579 Praiterea
2552 3538 2680 3588 cur,
2710 3522 2852 3578 sicut
2876 3523 3088 3604 .audio,
3135 3533 3283 3579 tanto
3328 3536 3566 3579 mmrore
3596 3524 3843 3594 quereris

2244 3616 2388 3685 quod
2422 3629 2699 3684 nunquam
2730 3614 2937 3669 litteras
2967 3630 3119 3670 meas
3147 3615 3352 3681 videas,
3385 3625 3438 3671 et
3478 3626 3630 3671 tanto
3654 3632 3841 3670 amore

2245 3708 2447 3779 quzeris
2476 3717 2535 3762 ut
2564 3722 2659 3763 eas
2688 3720 2833 3777 saepe
2859 3708 3092 3777 accipias
3112 3748 3127 3772 ,
3170 3723 3294 3762 cum
3341 3722 3517 3764 meam
3556 3710 3842 3764 conscien-

2247 3803 2376 3856 tiam
2411 3810 2589 3855 tccum
2620 3815 2837 3869 semper
2878 3799 3113 3854 habeas?
3152 3800 3226 3854 Te
3253 3800 3455 3871 quippe
3489 3801 3707 3866 silente,
3737 3816 3841 3871 ego

2244 3893 2369 3946 novi
2399 3891 2524 3961 quia
2548 3890 2727 3959 diligis
2757 3906 2872 3956 me;
2898 3898 2956 3945 et
2986 3905 3071 3946 me
3099 3899 3331 3956 tacente,
3361 3901 3417 3944 tu
3441 3893 3545 3946 scis
3564 3899 3692 3961 quia
3718 3908 3840 3944 amo

2242 3992 2291 4035 te
2312 3981 2493 4053 (Joan.
2520 3994 2636 4049 χιιι,
2668 3980 2775 4049 16).
2816 3980 2895 4035 Τιι
2927 3981 3059 4036 mihi
3090 3982 3343 4037 conscius
3368 3998 3429 4038 es
3452 3983 3581 4053 quia
3607 3998 3709 4055 ego
3729 4000 3838 4036 non

2243 4072 2429 4128 dubito
2449 4072 2517 4128 de
2542 4081 2627 4138 te;
2658 4081 2713 4126 et
2740 4087 2840 4143 ego
2863 4072 2959 4127 tibi
2989 4074 3145 4128 testis
3166 4066 3285 4129 sum
3313 4076 3439 4145 quia
3476 4086 3530 4131 tu
3560 4087 3747 4133 certus
3778 4094 3842 4129 cs

2241 4163 2309 4219 de
2361 4178 2467 4219 me.
2519 4162 2785 4229 Quoniam
2836 4164 3003 4233 igitur
3048 4165 3207 4221 nobis
3254 4176 3569 4222 nostrarum
3629 4171 3839 4225 conscii

2240 4269 2437 4317 sumus,
2476 4254 2953 4310 conscientiarium
3012 4255 3080 4311 de
3132 4256 3399 4323 invicem,
3462 4259 3567 4314 hoc
3626 4269 3839 4314 tantum

2240 4354 2411 4402 restat
2442 4354 2500 4400 ut
2527 4359 2588 4399 ea
2616 4360 2738 4414 qua:
2765 4359 2892 4415 erga
2936 4360 3034 4399 nos
3081 4354 3208 4400 sunt
3237 4348 3560 4402 mandemus
3596 4352 3664 4403 ad
3699 4350 3841 4403 invi-

2239 4453 2379 4501 cem,
2407 4445 2466 4491 ut
2504 4437 2713 4506 pariter
2754 4435 2838 4491 vel
2878 4434 3240 4507 gaudeamus,
3278 4438 3363 4492 vel
3411 4439 3633 4496 solliciti
3664 4441 3841 4496 simus

546 4522 736 4579 hertus
769 4536 892 4581 utar
938 4530 1128 4584 eodem
1169 4532 1487 4598 Anastasio,
1537 4547 1592 4590 et
1636 4536 1749 4606 ipse
1795 4552 1881 4593 me
1922 4538 2135 4598 fruatur

2255 4545 2335 4585 πο
2362 4528 2610 4584 invicem.
2641 4528 2771 4596 Qua:
2791 4537 2974 4584 autem
3001 4543 3126 4600 erga
3158 4544 3245 4585 me
3268 4532 3401 4595 sint,
3428 4540 3488 4586 et
3515 4548 3618 4601 pro
3639 4534 3842 4603 quibus

547 4615 703 4684 quasi
757 4616 931 4672 altero
980 4617 1258 4675 Boberto:
1301 4623 1456 4692 cujus
1501 4624 1675 4680 bonus
1719 4614 1856 4682 odor
1877 4628 1989 4697 jam
2035 4645 2132 4699 per

548 4708 748 4763 inultos
790 4709 947 4783 hujus
969 4710 1161 4780 patria:
1189 4712 1428 4767 suaviter
1455 4714 1711 4785 dill‘usus,
1739 4730 1942 4790 quanto
1983 4721 2130 4777 dele-

2240 4633 2293 4678 te
2321 4620 2479 4678 velim
2528 4635 2739 4675 mecum
2781 4619 3048 4691 gaudere,
3084 4621 3167 4675 vel
3194 4636 3315 4677 esse
3360 4623 3682 4691 sollicitum,
3716 4639 3839 4679 me—

2237 4718 2343 4774 lius
2382 4715 2559 4772 disces
2599 4728 2694 4784 per
2730 4711 2890 4783 hujus
2926 4714 3199 4770 schedula:
3233 4714 3489 4784 latorem,
3526 4733 3691 4787 quam
3734 4733 3839 4787 per

1828 4830 2060 4888 VARl/E
2096 4829 2497 4888 LECTIONES.

620 4911 660 4943 ¹⁷
710 4912 927 4997 Collata‘
971 4934 1087 4972 cum
1139 4936 1259 4997 una
1292 4937 1392 4997 ius.
1437 4925 1721 4992 exemplari
1768 4925 1899 4981 Cod.
1978 4927 2111 4989 Vict.
2160 4926 2252 4997 EI.
2301 4927 2393 4980 20.
2446 4937 2490 4979 et
2543 4924 2761 4997 Lavau._
2879 4923 2921 4955 "
2966 4922 3297 4997 Charissime
3328 4964 3343 4989 ,
3391 4932 3497 4980 tute
3540 4927 3840 4996 provtetns

549 4987 936 5039 strenuitatem
968 5004 1068 5042 ms.
1108 4991 1461 5069 charissime,
1506 4987 1627 5047 cum
1666 4997 1953 5051 considero
1986 4987 2090 5053 tua:
2129 4987 2416 5069 provectus
2458 4993 2922 5069 strenuitatisunts.
2969 4991 3093 5069 Lov.
3175 4995 3224 5069 ξ’.
3256 4987 3501 5069 tempore
3542 4987 3838 5069 'grat'atum

544 5068 644 5135 ms.
674 5068 1208 5138 corporgglsvatum
1234 5078 1332 5115 ms.
1367 5063 1493 5118 Lov.
1527 5074 1768 5134 tempore
1791 5078 2077 5137 gravatum
2130 5063 2199 5099 ’³⁸
2224 5066 2354 5121 Mihi
2384 5066 2584 5138 prosint
2610 5081 2709 5119 ms.
2737 5064 2868 5119 mihi
2903 5064 3113 5133 prosint
3186 5065 3230 5096 “
3264 5065 3332 5120 Et
3356 5063 3619 5135 quicquid
3641 5082 3744 5117 ius.
3778 5075 3843 5118 ιιι

542 5126 800 5195 quicquid
875 5126 1149 5185 “Postea
1191 5142 1377 5187 notum
1414 5150 1511 5189 ms.
1540 5126 1715 5205 potes,
1758 5126 1968 5203 notum,
2013 5149 2120 5195 etc.

1737 5247 2021 5305 JOANNIS
2059 5247 2332 5306 PlCARDl
2360 5245 2595 5303 NOTAE.

540 5322 679 5411 nisi.
702 5326 1042 5411 Splendidam
1089 5335 1204 5391 suis
1249 5346 1487 5411 ostentat
1538 5342 1894 5411 amatoribus,
1929 5343 2021 5398 sed
2053 5344 2107 5399 in
2218 5340 2518 5398 conversis.
2541 5338 2634 5395 llle
2660 5338 2845 5395 enimn
2878 5338 3022 5407 Sat,
3048 5349 3153 5397 sat.
3187 5340 3244 5409 4,
3272 5354 3419 5397 vers.
3452 5342 3526 5396 34
3546 5382 3562 5406 ,
3588 5342 3708 5397 ait:

538 5392 1015 5487 gaude-"alligatum
1039 5414 1214 5486 gestat
1240 5392 1467 5487 .fenum,
1492 5392 2113 5487 qudd“id"h1iji.§i€iu£
2224 5392 2318 5398 "——
2338 5392 2345 5395 .
2367 5392 2408 5396 ν

540 5466 650 5520 line
683 5482 781 5537 per
804 5466 1306 5555 caudam'animalis
1352 5466 1678 5547 postremam
1707 5466 2111 5554 parte-Insigni:-
2240 5526 2283 5553 _.
2428 5466 2637 5485 unum
2661 5466 2811 5486 mw"
2943 5466 3127 5487 ww".
3246 5526 3257 5537 .
3309 5543 3323 5556 .

540 5543 686 5595 σξιο.
713 5540 975 5595 0800111181.
997 5546 1267 5595 sordidam
1306 5556 1361 5595 et
1417 5549 1614 5595 llllmnn
1664 5552 1937 5595 hominum
1961 5555 2113 5595 mmi.
2220 5524 2318 5580 "lc
2348 5533 2551 5589 “luem!
2594 5522 2792 5595 E01083
2818 5540 2895 5592 ut
2918 5539 3061 5582 Ἶβτδ·
3087 5525 3181 5590 249
3208 5536 3285 5580 an
3310 5566 3324 5579 -

539 5540 1267 5623 gallo-adeoqquasordidam
1306 5540 1367 5601 et'
1417 5549 1614 5623 luteam
1661 5540 1938 5623 horninum
1961 5540 2113 5623 cupi-

541 5605 789 5693 dilatetur.
816 5605 1003 5693 Alium?
1053 5614 1139 5693 hic
1196 5630 1411 5693 γεγεμςῂ
1432 5618 1674 5693 anguina
1731 5605 1938 5693 urg.ﬁ€
1963 5605 2112 5678 ᾆδῖιί.
2399 5610 2692 5670 Occursare
2718 5628 2911 5684 capro,
2943 5629 3105 5669 cornu
3138 5614 3261 5685 [erit
3285 5614 3396 5683 ille,
3435 5627 3633 5671 careto.

539 5681 733 5747 pactus
752 5688 927 5737 estex
960 5684 1168 5739 duobus
1198 5686 1554 5751 hemistichiis
1578 5681 1862 5749 lloratii'et
1900 5692 2109 5765 Virgilii
