4056 6302
215 323 346 385 1069

1561 310 1689 369 un.
1741 308 2033 384 l,_EPlS1‘.
2078 308 2162 363 Vl.

3333 306 3470 361 10:0

212 434 448 511 epistolae
492 431 830 502 scriptorem.
873 428 1053 483 Saluta
1096 426 1372 481 dominum
1415 424 1776 481 Lanfrancum
1810 434 1855 487 Α
1883 429 2261 492 obtemperare
2294 421 2360 477 ".
2397 420 2656 492 Denique
2701 417 2957 491 quoniam
3018 419 3235 489 utrique
3286 419 3468 490 plures

212 536 451 607 iuvenem
491 536 740 597 nepotem
773 521 1056 579 reverendi
1093 520 1295 577 domini
1333 530 1388 574 et
1410 518 1590 573 Patris
1617 517 1785 572 nostri

212 606 496 678 Lanfranci
537 614 965 685 archiepiscopi,
1013 621 1069 668 et
1116 609 1251 666 offer
1283 609 1364 665 eis
1405 606 1578 664 fidelis
1617 607 1786 662 nosari

212 714 417 769 servitii
444 694 803 764 voluntatem.
834 707 1100 773 Quoniam
1133 704 1278 759 enim
1312 710 1421 756 tam
1453 701 1788 772 propinquus

210 816 262 860 et
303 803 533 857 dilectus
574 810 657 855 est.
687 800 803 869 ejus
847 810 1005 866 quem
1049 794 1128 849 sic
1174 792 1405 847 amando
1446 804 1702 856 veneror,
1734 799 1788 844 et

208 893 515 949 venerando
541 906 684 949 amo.
716 897 774 944 ut
802 902 976 942 atnem
1001 884 1145 954 quod
1171 893 1319 937 amat
1344 924 1359 949 ,
1389 892 1442 938 et
1464 882 1586 951 quia
1612 896 1788 934 mores

205 987 323 1056 ejus
352 982 610 1037 amabiles
655 980 814 1034 audio
862 996 875 1032 :
925 978 967 1031 si
1017 976 1267 1046 dignatur
1298 984 1353 1028 et
1389 975 1435 1026 ci
1472 973 1782 1027 fidelitatem

208 1086 450 1132 nostram
480 1072 677 1138 offero,
718 1080 770 1127 et
799 1070 914 1142 ejus
936 1068 1230 1123 amicitiam
1255 1065 1560 1135 expostulo.
1596 1064 1783 1119 Saluta

208 1168 460 1221 domuum
485 1164 783 1221 Osbernum
809 1163 897 1233 qui
923 1162 1196 1216 vobiscum
1224 1169 1327 1224 est,
1361 1160 1502 1215 sicut
1530 1158 1783 1214 dilectum

205 1257 427 1312 fratrem
457 1265 696 1310 nostrum
730 1271 825 1325 pro
864 1254 1108 1310 Osberno
1144 1254 1397 1308 defuncto
1424 1251 1778 1307 dilectissimo

206 1366 347 1413 meo,
377 1358 435 1402 ut
462 1362 645 1418 rogem
679 1356 730 1400 te
764 1355 818 1401 et
840 1361 1030 1402 omnes
1053 1345 1260 1400 amicos
1287 1359 1459 1409 meos,
1486 1359 1645 1413 quam
1673 1344 1786 1398 scio

200 1453 454 1494 sermone
492 1438 717 1502 minori,
758 1448 812 1491 et
854 1452 1015 1506 quam
1063 1449 1285 1504 possum
1335 1433 1527 1488 all'cctu
1570 1432 1782 1501 majori,

202 1533 511 1600 ubicunque
539 1527 810 1583 Osbernus
840 1536 939 1590 est,
971 1526 1149 1580 anima
1174 1525 1290 1595 ejus
1318 1525 1497 1578 anima
1532 1538 1650 1578 mea
1679 1533 1782 1577 est.

202 1620 479 1690 Accipiam
510 1618 672 1689 igitur
716 1618 767 1671 in
813 1616 904 1669 illo
945 1616 1099 1671 vivus
1141 1615 1400 1685 quidquid
1433 1615 1500 1667 ab
1547 1613 1783 1668 amicitia

201 1724 446 1780 poteram
498 1722 715 1778 sperare
762 1708 1075 1772 defunctus,
1114 1715 1177 1760 ut
1217 1707 1325 1760 sint
1364 1705 1521 1759 otiosi
1567 1720 1652 1759 me
1689 1705 1783 1759 de-

1893 524 2210 587 przesentes,
2232 530 2368 586 quos
2387 513 2457 569 ab
2479 514 2547 570 iis
2569 512 2748 569 dilecti
2761 515 2969 584 pariter
2991 508 3155 585 315.
3178 512 3470 583 diligimus,

1894 605 2188 670 habemus;
2218 604 2350 675 ipsis
2384 618 2506 658 cum
2546 600 2858 657 rationabili
2893 600 3249 656 delectatione
3289 601 3474 655 fruen-

1893 705 1996 761 tes,
2038 696 2239 751 eisdem
2279 711 2384 750 non
2431 710 2555 750 cum
2600 692 2905 749 delectabili
2956 692 3167 747 ratione
3216 685 3477 747 fruendos

1891 797 2142 858 aptemus
2186 803 2203 841 :
2259 796 2314 842 et
2364 794 2423 840 ut
2469 787 2791 861 quandoque
2837 800 2960 841 cum
3006 783 3359 853 pmsentibus
3415 794 3471 836 et

1891 877 2208 933 absentibus
2231 878 2422 933 amicis
2448 877 2608 933 simul
2638 885 2932 948 praesentes
2967 876 3085 945 ipso
3112 874 3219 931 Deo
3255 874 3466 930 coafrui

1888 967 2192 1037 possimus,
2245 967 2509 1022 instanter
2557 982 2794 1023 oremus.
2841 966 2975 1023 Cum
3034 966 3178 1021 enim
3234 978 3467 1035 superna

1890 1057 2121 1112 ducente
2143 1057 2426 1112 clementia
2456 1058 2522 1111 ad
2552 1058 2805 1128 patriam,
2835 1056 2901 1111 ad
2933 1073 3094 1128 quam
3126 1056 3468 1119 anhelamus,

1889 1147 2054 1203 veluti
2089 1164 2193 1202 non
2229 1148 2416 1203 eodem
2452 1149 2665 1203 tramite
2690 1146 3092 1217 perveniemus,
3131 1164 3194 1203 eo
3242 1148 3472 1201 lattiorcs

1889 1256 1996 1309 quo
2022 1241 2176 1310 quasi
2204 1256 2269 1294 ex
2300 1240 2529 1296 diversis
2557 1240 2765 1296 exsiliis
2794 1241 3033 1296 revocati
3060 1240 3468 1295 conveniemus.

1888 1330 2004 1386 Non
2036 1331 2113 1385 sic
2165 1330 2352 1385 hortor
2397 1331 2747 1387 serenitatem
2798 1340 2965 1396 tuam,
3018 1331 3375 1394 charissime,
3408 1331 3474 1384 ti-

1888 1423 2085 1477 mendo
2115 1422 2257 1492 quod
2286 1422 2358 1476 ita
2395 1438 2497 1476 non
2529 1422 2727 1489 facias,
2772 1422 2864 1476 sed
2899 1421 3167 1491 cupiendo
3208 1432 3474 1491 quatenus

1887 1517 1954 1569 ad
1986 1515 2036 1568 id
2067 1514 2212 1585 quod
2242 1515 2379 1571 bene
2401 1516 2557 1580 facis,
2593 1515 2966 1571 indelicicnter
2993 1515 3266 1586 proficias.
3317 1515 3475 1571 Com-

1892 1606 2087 1661 mendo
2121 1607 2215 1662 tibi
2244 1607 2499 1662 domnum
2531 1606 2842 1662 llerluiuunt
2880 1606 3136 1661 dilectum
3167 1598 3218 1661 et
3249 1607 3473 1663 dilecto-

1890 1712 2004 1750 rem
2034 1704 2299 1760 nostrttm,
2327 1696 2468 1751 sicut
2493 1712 2556 1751 ex
2583 1695 2697 1765 ejus
2721 1697 3134 1751 conversatione
3157 1710 3471 1767 cognosces,

200 1775 409 1857 functo.
444 1775 593 1865 Vale,
626 1801 771 1862 vale,
818 1800 889 1853 mi
919 1799 1269 1865 charissime,
1311 1805 1450 1850 etut
1487 1775 1861 1851 secundumB
1889 1781 1982 1859 qui
2031 1789 2227 1845 melius
2279 1788 2372 1844 tibi
2404 1805 2525 1859 qua)
2563 1790 2672 1844 sint
2718 1804 2842 1859 erga
2886 1803 2994 1854 me,
3030 1798 3083 1843 et
3132 1804 3228 1858 pro
3279 1789 3475 1858 quibus

198 1891 666 1961 importunitatem
702 1899 844 1943 tuam
878 1888 1172 1943 retribuam
1201 1886 1321 1950 tibi,
1353 1900 1542 1956 precor
1585 1896 1639 1939 et
1666 1901 1784 1955 pre-

196 1997 317 2047 Cor,
371 1993 426 2037 et
478 1997 691 2052 precor,
737 1988 1007 2035 memento
1062 1979 1196 2043 mei,
1235 1988 1396 2032 etne
1451 1976 1789 2032 obliviscaris

196 2075 396 2128 anima:
419 2074 648 2129 Osberni
683 2074 862 2129 dilecti
896 2072 1021 2127 mei.
1070 2071 1223 2137 Quod
1258 2068 1302 2123 si
1333 2079 1382 2123 te
1421 2069 1582 2123 nimis
1606 2069 1790 2124 videor

191 2181 453 2231 onerare,
484 2167 588 2221 mei
617 2166 959 2231 obliviscere,
985 2174 1040 2220 et
1065 2164 1209 2220 illius
1237 2177 1555 2220 memorare.
1584 2162 1790 2217 Domno

192 2260 438 2314 lletirico
484 2261 604 2314 misi
652 2259 877 2314 alteram
923 2256 1245 2326 epistolam;
1297 2256 1390 2311 sed
1444 2253 1791 2309 commutatis

192 2352 403 2406 vestris
434 2351 743 2405 nominibus
772 2364 869 2419 per
898 2349 1099 2411 omnia,
1143 2359 1197 2403 et
1230 2356 1317 2402 tua
1344 2347 1418 2403 sit
1451 2363 1570 2413 sua,
1603 2356 1658 2400 et
1688 2359 1786 2399 sua

184 2446 261 2497 sit
292 2454 412 2497 tua.

746 2529 1077 2586 EPISTOLA
1120 2528 1160 2585 V
1188 2530 1254 2583 ’³.

798 2658 867 2696 AD
891 2658 1184 2699 IlENBICUI.

185 2753 261 2809 Se
300 2754 588 2807 Henricum
630 2754 910 2820 impensius
945 2771 1125 2807 amare
1169 2764 1380 2822 propter
1416 2753 1579 2807 bonos
1609 2768 1784 2806 mores

261 2835 317 2879 et
356 2827 651 2893 religiosam
680 2825 1154 2877 conversatimtem:
1174 2834 1222 2875 et
1251 2823 1391 2893 quod
1422 2824 1577 2876 amici
1605 2823 1803 2887 absens

260 2898 350 2949 tia
376 2911 467 2964 per
488 2894 832 2947 obedientiam
863 2893 1168 2946 sustinenda
1195 2903 1291 2946 est.

268 2988 504 3040 Domino
532 2996 585 3040 et
630 2987 784 3042 fratri
808 2986 1132 3043 charissimo
1173 2984 1436 3050 list-Inice,
1474 2985 1645 3040 frater
1672 2984 1784 3039 AN-

184 3092 405 3133 sunus
432 3078 684 3132 salutem.

262 3172 522 3238 Quanto,
556 3168 940 3233 dilectissime,
969 3167 1438 3222 conversationem
1480 3175 1626 3220 tuam
1657 3181 1783 3235 erga

179 3273 429 3318 etiiictos
459 3263 503 3293 “
526 3262 591 3315 ad
622 3276 829 3315 morum
859 3261 1198 3315 honestatem
1224 3275 1345 3314 cum
1371 3258 1630 3329 religione
1658 3272 1787 3312 san-
1844 3284 1851 3291 -

180 3356 411 3411 ctitatis
451 3355 503 3409 in
536 3355 650 3410 dies
692 3366 939 3408 crescere
986 3352 1117 3407 mihi
1151 3351 1293 3405 fama
1321 3359 1554 3404 testatur
1588 3367 1601 3403 :
1638 3358 1787 3403 tanto

179 3450 392 3518 utique
420 3461 514 3501 cor
537 3445 697 3500 amici
739 3445 811 3499 tui
842 3443 1112 3499 desiderio
1143 3441 1354 3497 videndi
1388 3442 1529 3512 quod
1558 3441 1788 3495 amando

178 3540 374 3602 audit,
403 3545 458 3591 et
488 3536 695 3591 fruendi
723 3536 767 3566 "
796 3535 939 3605 quod
978 3533 1248 3588 audiendo
1286 3541 1455 3599 amat,
1487 3531 1788 3586 inllanuua-

177 3640 305 3687 tur.
342 3630 607 3698 Quoniam
643 3638 823 3684 autem
873 3642 970 3683 nos
1013 3628 1081 3683 ad
1131 3626 1362 3682 invicem
1403 3639 1507 3680 non
1547 3623 1785 3679 dissimi-

176 3723 321 3778 liter
358 3721 529 3775 amari
565 3736 672 3775 non
697 3720 941 3791 ambigo,
981 3727 1193 3775 nosmet
1216 3732 1430 3789 quoque
1459 3717 1526 3771 ab
1558 3717 1786 3771 invicem

180 3813 457 3869 similiter
483 3811 780 3865 desiderari
810 3825 915 3864 non
947 3809 1151 3864 dubito.
1196 3808 1431 3875 Quorum
1460 3806 1604 3861 enim
1634 3820 1786 3859 mcu-

179 3916 273 3961 tes
301 3906 365 3959 in
397 3917 559 3956 unam
610 3901 747 3971 ignis
777 3900 1079 3955 dilectionis
1101 3899 1147 3930 "
1170 3897 1388 3964 confiat,
1424 3896 1507 3952 his
1544 3912 1647 3950 non
1690 3895 1789 3949 im-

180 3998 399 4051 merito
427 3993 712 4049 molestum
736 4003 839 4057 cst,
862 3992 903 4046 si
928 4007 1113 4047 eorum
1138 4006 1365 4061 corpora
1393 3990 1543 4045 locus
1568 4003 1791 4044 convero

176 4088 433 4143 sationis
463 4085 755 4155 disjungat.
814 4084 916 4137 Sed
967 4084 1222 4152 quoniam
1266 4084 1371 4138 sive
1400 4083 1639 4147 vivimus,
1685 4081 1789 4134 sire

174 4180 481 4241 morimur,
502 4192 607 4230 non
628 4176 821 4241 nostri,
836 4178 928 4229 sed
959 4176 1167 4229 Domini
1185 4191 1365 4228 sumus
1384 4173 1563 4243 (Rom.
1580 4188 1690 4238 x1v,
1708 4172 1785 4241 8),

174 4271 319 4341 plus
371 4277 455 4324 est
500 4268 883 4322 attendendum
937 4266 1124 4329 nobis,
1166 4266 1307 4336 quod
1350 4265 1481 4319 facit
1522 4266 1587 4319 de
1634 4262 1787 4318 nobis

174 4360 467 4415 Dominus
500 4362 650 4427 cujus
679 4374 887 4425 smnus,
919 4373 1078 4428 quam
1107 4358 1248 4428 quod
1277 4374 1374 4412 nos
1404 4356 1671 4424 volumus,
1697 4357 1784 4426 qui

1889 1888 2037 1933 tuam
2069 1893 2251 1956 rogem
2289 1879 2663 1945 dilectionem,
2697 1889 2897 1949 poterit
2939 1879 3149 1946 dicere,
3182 1896 3343 1950 quam
3375 1896 3476 1950 ego

1887 1968 2161 2040 cpistolari
2190 1970 2472 2026 brevitate.
2503 1968 2758 2035 Litteras,
2787 1986 2923 2042 quas
2979 1973 3177 2025 donum
3207 1971 3476 2027 Gondulfo

1890 2061 2037 2128 misi,
2069 2070 2279 2116 mutato
2304 2062 2544 2127 nomine,
2579 2069 2700 2117 tuas
2728 2072 2782 2117 et
2812 2072 2930 2117 tuas
2959 2062 3103 2116 illius
3132 2072 3280 2131 puta.
3311 2060 3475 2128 Quid-

1892 2154 2022 2224 quid
2055 2154 2199 2208 enim
2231 2153 2452 2210 dilectio
2483 2163 2670 2209 nostra
2711 2165 2804 2209 aut
2851 2167 2972 2210 sese
3016 2154 3340 2216 intimando,
3384 2165 3478 2206 aut

1893 2247 2097 2317 aliquid
2133 2248 2371 2317 rogando
2399 2247 2589 2303 scribit
2628 2254 2722 2302 aut
2751 2248 2875 2313 tibi,
2902 2257 2997 2301 aut
3032 2246 3129 2312 illi,
3167 2246 3269 2301 hoc
3300 2245 3474 2315 ipsum

1891 2338 2022 2393 dicit
2063 2345 2118 2392 et
2167 2337 2260 2391 tibi
2308 2346 2363 2392 et
2404 2337 2509 2403 illi;
2557 2338 2650 2393 sed
2690 2339 2945 2406 quoniam
2988 2353 3087 2408 pro
3126 2335 3475 2393 dilectissitna

1889 2429 2023 2484 mihi
2069 2428 2250 2483 anima
2310 2426 2541 2484 Osberni
2588 2429 2826 2484 defuncti
2878 2427 3069 2484 fratris
3117 2429 3321 2495 nostri,
3375 2444 3476 2484 ncc

1890 2520 2061 2576 Deum
2089 2534 2272 2586 orare,
2307 2534 2405 2575 nec
2433 2519 2683 2575 homines
2711 2535 2902 2590 rogare
2929 2536 3147 2591 possum
3177 2521 3321 2590 quod
3345 2521 3475 2575 mihi

1889 2606 2151 2674 sufficiat;
2198 2608 2393 2663 iterum
2424 2606 2637 2664 inculco
2673 2609 2769 2663 tibi
2819 2609 2943 2678 quia
2982 2610 3243 2679 quidquid
3277 2610 3478 2667 domno

1888 2699 2160 2756 Gondulfo
2209 2714 2309 2769 pro
2355 2713 2417 2754 ea
2465 2699 2677 2767 scribo,
2734 2699 2830 2754 tibi
2882 2700 3022 2754 dico.
3068 2700 3283 2755 Salutat
3318 2708 3368 2753 te
3421 2707 3475 2753 et

1888 2790 2146 2847 domuum
2178 2788 2507 2846 Gondulfum
2540 2786 2772 2844 domnus
2809 2789 2977 2844 abbas
3004 2799 3058 2844 ct
3098 2800 3207 2844 tota
3246 2790 3476 2844 fratrum

1887 2891 2201 2936 nostrorum
2233 2880 2606 2951 congregatio,
2633 2880 2838 2948 gratias
2862 2895 3086 2951 magnas
3113 2889 3338 2952 agentes
3380 2896 3477 2949 pro

1888 2973 2087 3027 vestris
2112 2972 2290 3039 donis,
2319 2971 2412 3026 sed
2443 2970 2613 3025 multo
2639 2969 2876 3038 majores
2898 2986 2996 3041 pro
3017 2971 3260 3026 moribus
3283 2973 3477 3026 vestris

1891 3071 1947 3118 et
1977 3063 2170 3120 studiis
2197 3062 2374 3119 bonis.
2405 3060 2558 3128 Vale,
2591 3070 2646 3117 et
2689 3063 2929 3117 animam
2979 3061 3211 3118 Osberni
3252 3063 3477 3119 alteram

1892 3170 2095 3222 meam,
2122 3170 2231 3213 non
2261 3162 2320 3212 ut
2348 3152 2487 3225 ejus,
2518 3155 2613 3211 sed
2654 3163 2714 3209 ut
2744 3168 2920 3211 meam
2958 3154 3119 3210 habe.

2413 3268 2751 3325 EPlSTOLA
2786 3267 2854 3325 Vl
2886 3269 2955 3324 ⁸⁸.

2468 3377 2537 3416 AD
2572 3375 2845 3416 HUGONEH.

1892 3452 2119 3508 Instruit
2163 3438 2786 3524 Hugonemrut'pra’lati
2826 3452 2909 3506 sui
2946 3450 3062 3524 licet
3100 3450 3478 3524 indiscipiinatj

2166 3522 2298 3577 onus
2332 3523 2613 3585 sustineat,
2645 3538 2738 3577 nec
2759 3524 2822 3576 ab
2854 3538 2914 3576 eo
2944 3522 3197 3575 discedat.

1964 3629 2189 3687 Domino
2227 3630 2423 3687 merito
2474 3630 2781 3688 sanctitatis
2837 3630 3172 3698 reverendo,
3219 3638 3275 3685 et
3323 3614 3491 3685 fratri

1891 3719 2075 3776 debito
2107 3718 2394 3776 charitatis
2431 3721 2705 3791 diligendo
2741 3718 2949 3777 "UGONI
3001 3719 3171 3776 frater
3197 3719 3480 3775 ANSELMUS

1890 3810 1943 3864 in
1976 3808 2077 3864 hac
2104 3811 2210 3863 vita
2238 3818 2425 3865 sancte
2454 3811 2634 3864 vivere
2660 3825 2782 3865 eum
2809 3813 3191 3882 prosperitate,
3222 3811 3274 3867 iu
3295 3810 3476 3867 futura

1893 3899 2124 3954 feliciter
2154 3914 2277 3953 cum
2306 3900 2631 3953 aeternitate.

1960 3990 2185 4046 Litteris
2235 4000 2428 4045 vestra:
2473 3990 2825 4045 beatitudinis
2860 3991 3102 4047 breviter
3148 3993 3475 4061 respondeo,

1890 4084 2018 4154 quia
2050 4084 2102 4137 in
2135 4082 2385 4152 praesenti
2416 4084 2871 4153 opportunitatem
2906 4083 3069 4137 multa
3102 4081 3335 4139 dictandi
3369 4101 3474 4139 non

1892 4178 2087 4232 habeo.
2123 4174 2180 4230 Si
2217 4192 2339 4231 cum
2370 4191 2437 4231 eo
2478 4192 2599 4230 cum
2629 4191 2736 4245 quo
2768 4176 2920 4231 vobis
2950 4192 3038 4232 res
3065 4185 3149 4233 est
3174 4191 3310 4230 onus
3348 4193 3475 4231 con-

1892 4267 2133 4322 corditer
2162 4265 2306 4320 ferre
2336 4282 2440 4320 non
2469 4267 2728 4337 potestis,
2759 4266 3028 4322 salubrius
3065 4267 3330 4322 ambobus
3370 4278 3472 4330 est,

1893 4370 1953 4413 ut
1981 4375 2074 4414 vos
2104 4358 2378 4412 humiliter
2398 4357 2466 4411 ab
2495 4373 2560 4412 eo
2591 4354 2856 4427 postulata
2882 4365 2937 4411 et
2957 4372 3215 4413 concessa
3247 4355 3471 4413 licentia

172 4452 381 4509 nostri
430 4466 536 4506 non
586 4467 793 4506 sumus.
848 4450 938 4506 Sic
982 4466 1112 4521 ergo
1157 4465 1435 4506 servemus
1458 4449 1785 4505 desiderium
1821 4471 1866 4530 υ
1894 4452 1962 4506 ab
1988 4451 2155 4522 ipsius
2185 4450 2370 4504 oneris
2418 4447 2782 4503 sollicitudine
2816 4448 3131 4518 quiescatis,
3167 4462 3328 4518 quam
3374 4450 3476 4503 sub

172 4547 465 4600 fraterna:
502 4542 821 4608 charitatis,
857 4552 915 4596 ut
945 4543 1246 4597 serviamus
1288 4542 1513 4613 imperio
1542 4556 1787 4611 superine

171 4634 538 4698 voluntatis,
587 4644 643 4688 et
673 4635 752 4688 sic
791 4633 1149 4688 exbibeamus
1199 4633 1559 4688 obedientiam
1606 4631 1787 4701 subje.

171 4725 427 4791 ctionis,
450 4739 610 4793 quam
642 4725 813 4795 exigit
840 4725 1184 4794 omnipotens
1211 4724 1492 4795 dispositio
1512 4765 1527 4791 ,
1559 4732 1616 4779 ut
1657 4724 1789 4778 reti-

170 4830 437 4874 neamus
467 4813 716 4869 affectum
747 4816 1084 4880 dilectionis,
1127 4831 1287 4884 quam
1338 4815 1565 4885 largitur
1606 4813 1784 4869 divina

167 4907 540 4965 distributio.
568 4907 682 4963 Non
715 4909 859 4987 enim
900 4908 1095 4963 melius
1127 4908 1219 4964 Dei
1255 4909 1649 4965 ordinationem
1695 4925 1787 4963 no-

168 5011 331 5059 stra:
366 4999 584 5053 utilitati
615 5002 658 5032 ’⁷
686 5000 984 5056 valebimus
1008 5010 1438 5072 contemperare,
1467 5017 1628 5073 quam
1654 5003 1697 5058 si
1732 5002 1783 5055 in

165 5104 394 5151 nostra
461 5092 815 5162 dispositione
862 5093 907 5123 "
958 5094 1075 5164 ejus
1129 5092 1388 5149 voluntati
1451 5093 1787 5148 voluerimus

1894 4545 2011 4615 ipso
2059 4543 2296 4613 pondere
2345 4541 2722 4596 discordantes
2766 4540 3036 4605 invicem,
3096 4556 3190 4595 vos
3239 4539 3477 4612 graviter

1893 4637 2120 4691 laedatis.
2160 4635 2311 4702 Quod
2345 4634 2389 4689 si
2418 4632 2531 4702 ipse
2557 4633 2709 4688 vobis
2747 4648 2853 4688 non
2898 4634 3251 4698 concesserit,
3285 4632 3474 4688 melius

1894 4737 1978 4784 est
2018 4728 2170 4783 vobis
2207 4742 2343 4783 onus
2389 4725 2551 4781 etiam
2603 4724 2868 4780 inutiliter
2917 4727 3183 4781 sustinere
3213 4741 3311 4795 per
3347 4725 3470 4780 obe-

1894 4821 2186 4885 dientiam,
2224 4834 2385 4888 quam
2441 4817 2707 4889 projicere
2761 4819 3107 4889 impatienter
3155 4832 3252 4887 per
3287 4816 3473 4871 inube-

1894 4911 2174 4967 dientiam.
2228 4908 2292 4964 Et
2339 4911 2383 4966 si
2429 4911 2635 4981 experti
2680 4910 2812 4965 estis
2842 4908 2970 4977 quia
3022 4908 3253 4963 consilio
3290 4916 3474 4964 vcstro

1894 5019 2000 5060 non
2031 5001 2340 5073 corrigitur,
2380 5000 2472 5058 sed
2512 5001 2752 5064 lteditur,
2787 4999 2978 5055 melius
3008 5001 3170 5054 etiam
3203 5009 3257 5051 ut
3286 4998 3475 5051 obum-

1893 5096 2151 5152 tescendo
2182 5104 2236 5150 et
2287 5094 2496 5148 silendo
2542 5108 2572 5145 a
2621 5091 2776 5145 bonis
2822 5106 2943 5145 cum
2980 5089 3253 5160 Propheta
3297 5086 3468 5160 μιεαι.

1523 5247 1757 5305 VARIE
1796 5247 2197 5307 LECTIONES.

257 5368 321 5400 ⁸³
354 5365 560 5423 Collina
602 5386 719 5423 cum
749 5370 950 5423 duobus
980 5384 1079 5423 ms.
1124 5369 1506 5439 exemplaribus
1552 5371 1708 5425 unius
1755 5370 1965 5426 Codicis
2016 5371 2145 5425 Vict.
2175 5385 2336 5439 supra
2368 5368 2583 5424 notatis.

1596 5441 1643 5473 “
1687 5441 1829 5505 Ignis
1883 5441 2189 5497 dilectionis
2223 5431 2323 5493 ius.
2375 5440 2465 5494 20.
2499 5440 2551 5493 in
2588 5454 2691 5491 uno
2720 5431 3001 5505 exemplar.
3044 5433 3128 5489 vis
3162 5431 3471 5505 dilectionis

160 5446 439 5497 cunctos
545 5440 590 5472 "
620 5440 686 5494 Et
735 5439 952 5494 ﬁniendi
1001 5455 1131 5493 mss,
1183 5447 1239 5491 et
1278 5438 1486 5493 fruendi

2684 5366 2732 5400 ’δ
2762 5367 2899 5437 Erga
2930 5373 3157 5437 cunctas
3182 5378 3310 5437 mss.
3332 5374 3469 5437 erga

162 5512 220 5545 ³³
254 5508 494 5564 Nostra:
519 5510 747 5579 utilitati
764 5525 860 5563 ms.
889 5510 978 5562 20.
1008 5510 1060 5561 in
1088 5510 1136 5563 Ι.
1172 5509 1392 5577 exempt.
1418 5518 1613 5579 vestrae
1634 5503 1853 5566 utilitati
1928 5511 1974 5543 ’⁸
1998 5510 2194 5567 Nostra
2225 5508 2578 5579 dispositione
2615 5524 2713 5562 ms.
2744 5503 2915 5579 20:3):
2957 5508 3004 5560 ι.
3033 5503 3256 5579 exempt.
3285 5510 3466 5556 vestra

162 5584 564 5650 dispositione
636 5584 679 5613 ”
712 5584 1047 5633 Voluerimus
1076 5584 1469 5648 obtemperare.
1506 5584 1607 5633 llic
1636 5584 1695 5635 de

159 5650 617 5775 péfgsfczjasdem
642 5649 838 5704 codicis
861 5665 956 5703 ms.
981 5658 1055 5703 est
1082 5650 1281 5719 integra
1302 5688 1317 5712 ,
1362 5658 1413 5702 ut
1443 5648 1498 5703 in
1524 5644 1695 5705 editis.

222 5736 427 5774 οαιαι.

401 5580 564 5636 itione
636 5581 679 5613 ”
711 5578 1047 5633 Voluerimus
1076 5573 1469 5648 obtemperare.
1506 5576 1607 5633 llic
1636 5578 1825 5635 desinit
1869 5579 2106 5647 Epistula
2131 5573 2328 5646 inpio"
2354 5595 2496 5634 exem
2535 5578 2635 5632 lari
2678 5594 2777 5633 ms.
2804 5576 2897 5641 20,
2931 5586 2985 5629 ut
3019 5579 3075 5628 in
3104 5573 3269 5629 altera
3294 5587 3466 5626 exem-

401 5650 617 5705 iiasdem
642 5649 838 5704 codicis
861 5665 956 5703 ms.
981 5658 1055 5703 est
1082 5650 1281 5705 iuteara
1302 5688 1317 5705 .
1362 5658 1413 5702 ut
1443 5648 1498 5703 in
1524 5644 1695 5705 editis.
1773 5650 1818 5681 ³ο
1845 5647 2055 5704 Collata
2076 5662 2193 5705 cum
2226 5648 2430 5705 duobus
2466 5597 2598 5702 ilict.
2632 5664 2735 5705 mss
2784 5643 3165 5705 exemnlaribus
3207 5644 3262 5699 iu
3286 5645 3464 5698 eodem

1891 5664 2055 5704 artata
2076 5664 2193 5713 cum
2226 5664 2430 5705 ααοοαε

2512 5650 2598 5702 ict.
2632 5664 2735 5705 mss
2784 5643 3165 5715 exemplaribus
3207 5644 3262 5699 in
3286 5645 3464 5698 eodem
