4056 6302
577 311 707 402 ton

1093 344 1151 400 S.
1191 343 1490 412 ANSELMI
1513 342 1883 413 .CASTUAIL
1909 341 2161 422 .ARClllE

2269 338 2420 400 ora.
2463 342 2642 411 mus,
2668 343 2752 400 ιιι.
2794 341 3270 414 eammeam.

3667 299 3834 436 ,ξοὴι

576 474 766 524 xxvut,
795 456 904 528 10),
932 456 1222 512 secundum
1249 456 1581 526 Apostolum,
1606 450 1746 525 quod
1773 472 1834 509 ex
1865 457 2017 511 vobis
2047 467 2152 520 est,
2199 458 2223 516 ι
2260 458 2502 528 quaedam
2526 458 2790 513 laudanda
2821 458 3148 525 exhibendo,
3172 470 3432 529 quantum
3457 447 3838 534 admirantium

573 549 691 624 cum
711 549 946 605 omnibus
962 547 1254 602 hominibus
1275 558 1455 618 pacem
1479 549 1723 604 habenis
1741 547 1916 617 (Rom.
1938 547 2152 616 ωδε),

573 634 739 717 (λιιιιηὶ
768 641 904 696 bona
931 634 1195 701 inutiliter
1227 641 1496 710 loquendo
1533 625 1883 694 occasionem
1924 641 2155 710 maligno

573 722 879 806 praebcatis.
907 729 1040 784 Nam
1073 723 1330 802 quoniam
1360 747 1466 786 non
1497 732 1683 795 vobis,
1715 731 1808 786 sed
1844 731 1916 785 illi
1947 733 2154 802 princi-

572 811 731 894 patus
759 839 904 878 curae
925 822 1248 878 couunissus
1275 830 1395 887 est,
1431 837 1534 877 non
1562 837 1592 875 a
1619 822 1771 877 vobis
1800 813 2054 894 exigitur,
2085 823 2154 890 si,

572 915 818 988 neglecto
847 925 1028 970 vestro
1068 915 1324 985 consilio,
1367 915 1600 985 pastoris
1643 913 1810 984 culpa.
1839 930 1970 985 grex
2021 915 2157 972 bene

572 1030 680 1070 non
735 1012 959 1082 regitur.
1012 1007 1122 1064 Nec
1156 997 1310 1062 vobis
1366 1015 1546 1074 tamen
1597 1005 1988 1061 consulendum
2039 1014 2164 1084 est,

571 1091 808 1180 quandiu
829 1094 955 1174 ipse
983 1115 1079 1156 vos
1107 1113 1212 1154 non
1258 1098 1404 1167 cogit
1433 1112 1463 1151 a
1495 1096 1638 1152 bono
1671 1097 1722 1150 in
1753 1096 1952 1150 malum
1980 1096 2156 1181 diver-

574 1209 710 1261 tere,
741 1203 799 1248 ut
824 1191 1209 1260 subjectionem
1237 1187 1716 1253 stabilitatemque,
1743 1199 1904 1254 quam
1926 1183 2154 1254 professi

571 1288 730 1352 estis,
757 1284 1024 1347 audeatis,
1056 1280 1158 1336 nisi
1201 1295 1266 1338 eo
1310 1278 1668 1343 concedente,
1711 1271 1990 1346 migrando
2028 1291 2156 1331 con-

571 1388 852 1443 temnere;
881 1376 924 1431 si
956 1375 1058 1430 sub
1088 1389 1154 1430 eo
1202 1372 1622 1442 unumquodque
1659 1369 1942 1425 consilium
1987 1369 2157 1425 facul-

573 1445 846 1538 tatemque
874 1469 1012 1524 bene
1034 1465 1245 1520 vivendi
1276 1463 1428 1517 vobis
1449 1460 1642 1516 videtis
1667 1469 1974 1530 suppetere.
2003 1459 2155 1528 Quod

573 1562 620 1617 si
649 1561 701 1615 in
731 1548 912 1628 aliquo
941 1555 1136 1612 vestris
1154 1554 1348 1610 studiis
1377 1563 1431 1606 ct
1462 1551 1847 1621 impedimento
1877 1551 1994 1622 ejus
2021 1566 2158 1620 prac-

572 1630 724 1718 latio,
771 1660 831 1705 ut
863 1658 1042 1704 tamen
1067 1647 1217 1708 viam
1268 1645 1461 1722 salutis
1491 1658 1597 1698 non
1645 1643 1935 1708 obstruat,
1984 1644 2156 1698 satius

570 1730 655 1802 est
681 1751 739 1796 ut
788 1739 1011 1808 occulto:
1041 1736 1133 1791 Dei
1175 1735 1405 1806 judicio,
1439 1733 1746 1803 vestrisque
1789 1735 2028 1804 peccatis
2060 1751 2154 1791 vos

2261 565 2311 608 te
2340 567 2501 609 voces
2535 553 2773 632 lasset,“
2799 569 2858 609 se
2897 541 3062 614 simul
3101 543 3282 632 totam
3325 539 3657 624 probabilem
3702 557 3842 632 iuges

2258 641 2446 694 rendo.
2480 628 2567 706 Et,
2598 642 2726 696 dum
2753 626 2849 696 ora
2894 626 3232 724 laudaniitttu
3262 631 3544 713 inquirunt
3579 626 3838 716 partes—iu

2257 743 2488 800 quarum
2534 731 2919 802 praedicatione
2946 733 3282 802 aperiantur,
3317 733 3603 787 incurrant
3653 744 3837 802 totum,

2257 834 2286 872 a
2339 820 2493 891 cujus
2542 821 2874 890 plenitmliue
2927 813 3312 890 obstruantur;
3368 823 3556 894 sicque
3612 806 3844 894 mentem:

2259 918 2408 964 tuam
2439 911 2723 968 familiaris
2753 914 3012 969 virtutum
3059 916 3392 979 consuetudo
3413 957 3428 980 ,
3457 927 3511 970 et
3553 926 3844 994 consuetus

2257 1016 2412 1056 amor
2436 1003 2592 1072 ‘quasi
2623 993 2944 1059 inebriando
2974 1001 3206 1076 alliciat,
3251 1014 3308 1059 ut
3342 1021 3447 1060 non
3479 1005 3657 1060 solum
3689 1008 3839 1076 quil-

2255 1087 2383 1164 quid
2418 1094 2470 1148 in
2501 1096 2771 1150 actionem
2813 1075 3238 1168 deprompseri's,
3279 1098 3554 1152 internum
3595 1075 3838 1154 allectum

2257 1185 2452 1256 Sapiat,
2485 1187 2578 1241 sed
2607 1187 2690 1242 vel
2720 1204 2877 1258 posse
2901 1199 3230 1261 quemquam
3254 1193 3500 1246 eamdem
3524 1188 3840 1247 cbarituta-nt

2260 1293 2362 1330 non
2391 1277 2595 1332 sentire
2625 1277 2675 1332 in
2708 1294 2766 1333 se
2787 1281 3000 1333 animus
3027 1280 3078 1333 in
3113 1290 3164 1335 te
3184 1291 3418 1352 stupeat.
3447 1283 3546 1339 Cui
3576 1287 3727 1341 enim
3751 1289 3842 1343 tale

2259 1369 2468 1424 vivendi
2495 1382 2708 1426 constat
2730 1387 2850 1427 esse
2872 1373 3232 1442 propositum,
3255 1367 3362 1444 quo
3384 1377 3630 1450 amplius,
3654 1378 3707 1434 in
3732 1393 3842 1448 pro-

2259 1461 2436 1529 posito
2467 1461 2710 1514 succedit
2754 1460 3065 1531 profectus,
3096 1477 3162 1517 eo
3213 1463 3466 1520 libentius
3497 1483 3607 1520 non
3642 1478 3838 1522 tantum

2257 1550 2642 1604 admirantium
2677 1549 2916 1605 favorem
2940 1561 3200 1618 sectatur,
3227 1565 3489 1623 quantum
3525 1557 3840 1629 sectantium

2255 1655 2498 1704 errorem
2531 1644 2780 1697 miratur.
2816 1642 2885 1698 Ut
2929 1643 3094 1713 igitur
3125 1645 3343 1699 tandem
3392 1658 3672 1711 nostram,
3712 1659 3764 1703 et
3791 1659 3840 1702 ut

2258 1733 2440 1796 credo,
2476 1742 2622 1787 tuam
2648 1735 2974 1790 sententiam
2995 1731 3168 1806 Super
3197 1747 3415 1792 tuorum
3447 1751 3668 1794 actuum
3696 1756 3843 1796 accc--

571 1815 820 1901 indignos
857 1831 900 1861 ³¹
947 1827 1136 1900 majori
1170 1827 1342 1896 gratia
1381 1824 1721 1893 judicantcs,
1764 1825 1814 1878 in
1857 1826 2157 1881 minoribus
2193 1842 2234 1896 Β
2260 1824 2444 1893 ptione
2478 1821 2862 1895 propalemus,
2914 1827 3174 1897 quidquid
3215 1843 3346 1899 erga
3387 1845 3484 1884 nos
3540 1830 3621 1884 vel
3657 1847 3835 1900 quem-

570 1927 734 1998 bonis
768 1923 1044 1980 humiliter
1071 1922 1188 1975 sine
1235 1927 1457 1991 peceato
1498 1919 1715 1983 vivatis,
1746 1935 1909 1989 quam
1949 1921 2015 1974 ad
2045 1937 2175 1990 mas

568 2017 687 2088 jora
717 2030 813 2086 per
839 2022 1125 2084 peccatum
1173 1999 1364 2066 mortis
1396 2010 1651 2064 tendatis.
1706 2009 1822 2064 Non
1854 2011 1999 2065 enim
2037 2012 2171 2080 quis.

571 2087 767 2176 sponte
813 2113 1041 2158 mortem
1089 2103 1250 2158 debet
1298 2102 1622 2163 incurrere,
1676 2100 1777 2154 nisi
1827 2116 1950 2154 cum
2001 2087 2168 2157 aliter.

573 2194 812 2265 pejorem
860 2203 1086 2247 mortem
1128 2208 1233 2246 non
1281 2199 1461 2260 potest
1502 2192 1756 2248 evadere.
1804 2191 2160 2261 Omnipotens

575 2281 740 2350 Deus,
776 2293 832 2340 et
865 2283 1120 2339 Dominus
1149 2291 1332 2337 noster
1356 2279 1515 2338 Jcsus
1555 2282 1802 2337 Christus
1833 2282 2160 2336 admirabilis

572 2375 909 2443 consiliarius
951 2367 1108 2445 (ls'ai.
1140 2390 1216 2441 tx,
1251 2373 1339 2445 6),
1370 2383 1427 2429 et
1467 2377 1645 2444 magni
1692 2373 1904 2430 consilii
1940 2373 2160 2445 angelus

571 2465 654 2521 sic
694 2462 884 2519 do'eeat
933 2481 1029 2520 vos
1077 2463 1256 2520 facere
1300 2464 1636 2520 voluntatem
1684 2480 1870 2532 suam,
1912 2459 2160 2520 ut'donet

570 2557 728 2612 vobis
749 2557 930 2612 videro
971 2556 1196 2629 gloriam
1230 2572 1407 2623 suam,
1436 2555 1656 2613 domine
1685 2566 1871 2613 sancte
1905 2567 1959 2614 et
1991 2555 2176 2626 frater,

569 2651 910 2707 charissime.

1087 2737 1419 2798 EPISTOLA
1447 2737 1535 2795 Vll
1572 2740 1638 2794 ³⁸.

1156 2871 1223 2909 ΑΒ
1243 2868 1582 2916 αοιωυιι-ὐιι.

573 2944 787 3004 Gratias
820 2946 927 3016 agit
955 2944 1223 3016 Condalfo
1263 2943 1763 3016 propterubeneﬁcia
1793 2944 1858 2999 ab
1888 2945 2070 3000 eodem
2102 2944 2176 3000 iu-

1104 3012 1384 3069 Bécce'itses
1416 3012 1646 3068 collata.
2014 3066 2017 3068 ,
2134 3061 2136 3064 ,

641 3107 931 3164 (ΞοΝυιιιπο
963 3107 1269 3163 Aasscuus.

2264 1915 2393 1970 libet
2419 1915 2583 1970 alium
2611 1916 2956 1972 laudabiliter
2984 1920 3122 1988 agis,
3153 1921 3522 1990 gratiSsitnum
3549 1921 3845 1994 habemus;

2260 1999 2354 2072 Sed
2401 2003 2586 2063 laudes
2634 2008 2751 2079 ejus
2791 2008 2844 2063 in
2891 2009 3041 2064 illum
3089 2011 3269 2076 diem,
3320 2026 3445 2065 cum
3491 2011 3838 2065 laudabuntur

2259 2117 2436 2155 omnes
2467 2102 2594 2155 recti
2615 2102 2769 2155 corde
2794 2101 2966 2172 (Psal.
2995 2118 3147 2165 um,
3197 2104 3310 2168 ll),
3341 2113 3395 2156 ct
3427 2119 3552 2158 cum
3597 2105 3717 2158 laus
3745 2106 3840 2158 erit

2262 2195 2554 2266 unicuique
2578 2210 2606 2248 a
2641 2195 2770 2259 Deo,
2800 2192 3094 2248 servandas
3126 2209 3434 2250 censemus.
3473 2195 3838 2251 lictereudutu

2260 2295 2315 2339 ct
2341 2286 2672 2357 diligendum
2704 2284 3009 2351 dominum,
3033 2295 3088 2340 et
3127 2285 3343 2341 Patrem
3390 2297 3637 2340 nostrmu
3670 2290 3848 2348 archi:

2260 2371 2571 2448 epiSCOpum
2601 2377 2990 2443 Laufrancum,
3018 2388 3072 2433 et
3095 2389 3347 2449 nepotem
3371 2377 3511 2447 ejus,
3546 2390 3600 2434 et
3628 2381 3843 2437 dilectos

2262 2470 2460 2526 fratres
2493 2483 2731 2533 nostros,
2776 2471 2872 2540 qui
2906 2486 3028 2525 cunt
3055 2484 3121 2526 eo
3151 2481 3400 2546 sunt,_ex
3432 2480 3621 2526 nostra
3662 2454 3834 2542 parte,

2261 2564 2403 2618 sicut
2433 2564 2528 2619 tibi
2560 2565 2796 2628 videtur,
2823 2557 3029 2615 isaluta.
3072 2561 3343 2615 Pmterea
3375 2565 3635 2634 quoniam
3665 2579 3845 2618 omnes

2261 2659 2600 2712 adhmrentes
2627 2657 2673 2689 ³⁸
2700 2655 2829 2710 mihi
2865 2654 3143 2708 adhzcrent
3173 2651 3269 2709 tibi
3305 2658 3394 2710 cui
3419 2656 3695 2721 adhzereo,
3721 2671 3846 2726 quos

2264 2749 2358 2803 tibi
2388 2747 3096 2819 per’domnumllerluinum
3126 2762 3250 2802 man
3275 2749 3378 2803 lavi
3405 2757 3609 2802 nostra
3637 2749 3858 2818 penitus-

2264 2841 2490 2913 as‘tringi
2530 2839 2669 2896 velle
2713 2839 3104 2905 familiaritati;
3157 2855 3253 2896 eos
3306 2840 3553 2896 interiori
3605 2841 3845 2896 cubiculo

2265 2934 2538 2988 memoria:
2576 2941 2678 2988 tute
2703 2931 2797 2999 ibi,
2837 2932 2927 2987 ubi
2953 2946 3052 3002 ego
3080 2913 3336 2986 assiduus
3364 2930 3601 2994 assideo,
3635 2934 3779 3000 quod
3798 2941 3847 2984 ct

2271 3027 2374 3098 ipsi
2396 3042 2606 3082 mecum
2636 3023 2950 3098 precantur,
2991 3025 3197 3080 colloca
3247 3039 3459 3079 mecum
3511 3024 3565 3078 in
3623 3025 3858 3100 circuitu:

2264 3132 2418 3184 meo;
2473 3118 2567 3190 sed
2618 3117 2858 3171 animam
2891 3115 3120 3172 Osberni
3173 3115 3299 3182 mei,
3347 3130 3508 3185 rogo,
3549 3113 3722 3170 chare
3765 3114 3846 3175 mi,

644 3200 770 3257 Ideo
799 3209 906 3254 tam
949 3199 1156 3255 amicus
1188 3209 1294 3261 tam
1338 3199 1514 3254 amico
1555 3186 1937 3255 salutationem
1984 3214 2156 3254 meam
2188 3201 2230 3264 C
2264 3209 2408 3264 illam
2448 3187 2665 3266 nennisi
2710 3211 2762 3264 in
2789 3210 2912 3265 sinu
2963 3225 3104 3265 meo.
3138 3206 3291 3271 Vale,
3335 3205 3476 3266 va-le,
3526 3206 3707 3260 amice
3738 3205 3847 3258 idm

575 3301 687 3348 tam
733 3292 972 3348 breviter
996 3301 1298 3364 praenotare
1331 3294 1496 3359 volui,
1530 3283 1656 3362 quia
1687 3292 1766 3347 sic
1792 3291 1990 3346 dilecto
2029 3291 2160 3347 atre-

575 3392 721 3453 clum
755 3397 932 3450 meum
960 3382 1266 3453 opulentius
1303 3383 1556 3438 intimare
1583 3393 1686 3437 non
1711 3381 2160 3452 potui.,Q.iisquis

572 3475 718 3528 enim
743 3475 882 3529 bene
907 3477 1055 3530 novit
1074 3475 1399 3531 Gondulfum
1426 3485 1480 3530 ct
1500 3463 1840 3539 Anselmum,
1864 3485 1984 3529 cum
2010 3475 2158 3546 legit,

575 3564 844 3637 Gondulfo
880 3565 1174 3632 Anselmus,
1221 3583 1329 3622 non
1352 3568 1567 3638 ignorat
1611 3569 1741 3639 quid
1782 3557 2158 3635 subaudiatur,

575 3659 661 3714 vel
692 3663 928 3728 quantus
969 3642 1406 3729 subintelligatur
1439 3657 1683 3712 affectus.
1718 3657 1888 3725 Quod
1934 3667 1992 3712 ut
2033 3663 2160 3728 quo-

581 3748 741 3803 modo
769 3747 903 3801 velis
932 3746 1202 3818 intelligas
1233 3746 1352 3813 tibi,
1387 3747 1529 3818 quod
1560 3757 1642 3801 est
1673 3748 1828 3802 alteri
1866 3741 2020 3811 mihi,
2047 3748 2161 3802 exi-

576 3838 738 3894 stimo
767 3836 1226 3906 ‘relinquendum,
1258 3845 1328 3892 et
1372 3837 1438 3891 ad
1470 3839 1874 3893 exsecutionem
1916 3838 2160 3908 epistola:

576 3929 775 4002 stylum
825 3928 1271 3983 convertendum.
1314 3927 1484 3984 lusta't
1532 3929 1762 3984 domnus
1807 3927 2076 3988 Robertus
2107 3930 2180 3987 et'

574 4021 721 4091 cogit
751 4020 1006 4074 domuum
1048 4020 1298 4075 abbatem
1323 4020 1368 4052 ³³
1406 4029 1462 4075 et
1491 4036 1608 4089 me,
1639 4030 1693 4076 et
1729 4029 1892 4077 totam
1933 4039 2161 4094 congre-

574 4113 844 4183 gatiouem
892 4120 1168 4177 nostram,
1199 4121 1258 4167 ut
1304 4113 1592 4167 multorum
1638 4112 2022 4170 beneficiorum
2056 4106 2185 4173 tua}

575 4201 859 4260 charitatis
883 4204 1086 4275 gratias
1118 4205 1212 4260 tibi
1242 4204 1580 4260 referamus:
1607 4205 1702 4258 sed
1730 4221 1827 4260 nos
1862 4205 2016 4261 inviti
2057 4207 2160 4263 hoc

575 4298 831 4362 facimus,
861 4298 989 4368 quia
1019 4295 1185 4351 totius
1211 4286 1339 4351 vitae
1379 4301 1484 4351 tua:
1513 4299 1717 4368 gratias
1749 4298 1804 4352 in
1843 4313 1937 4352 ore
1963 4299 2159 4355 mentis

574 4388 794 4444 assidue
827 4377 923 4443 tibi
953 4399 1008 4444 et
1037 4388 1393 4464 libentissime
1426 4404 1791 4445 susurramus.
1816 4387 1874 4444 In
1903 4389 2156 4459 injuriam

573 4482 772 4558 quippe
798 4490 944 4536 tuam
982 4481 1097 4536 fieri
1127 4481 1351 4543 videtur,
1375 4482 1416 4536 si
1449 4481 1588 4536 inter
1616 4492 1692 4534 tot
1713 4490 1800 4536 tua
1827 4481 1965 4536 bona
1990 4499 2156 4538 uman

2263 3299 2594 3367 dulcissime,
2625 3301 2751 3371 quia
2776 3301 3091 3365 verissime;
3127 3298 3266 3362 vale,
3289 3305 3344 3351 ct
3376 3296 3480 3350 mei
3507 3305 3656 3350 certe
3693 3295 3848 3367 315

2261 3378 2404 3445 servi
2428 3391 2526 3454 tui,
2553 3399 2702 3448 certe
2734 3391 2892 3461 amici
2925 3391 3025 3456 tui,
3051 3397 3198 3445 certe
3219 3387 3400 3442 dilecti
3433 3385 3510 3438 tui
3537 3385 3582 3438 si
3613 3387 3858 3464 Oblivisci

2262 3495 2370 3534 non
2401 3489 2585 3550 potes,
2614 3481 2985 3556 reminiscere.
3011 3481 3146 3536 Cum
3179 3481 3274 3535 tibi
3305 3468 3539 3550 loquor,
3569 3481 3860 3558 Dominum

2264 3570 2558 3627 lleuricum
2587 3571 2854 3642 alloquor.
2881 3573 3055 3626 Ambo
3081 3561 3245 3642 igitur
3269 3573 3467 3629 valete.

2757 3653 3092 3719 EPISTULA
3135 3663 3242 3718 vttt
3274 3665 3339 3720 ιε.
3474 3651 3478 3656 ’

2303 3818 2306 3819 ν
2607 3743 2612 3748 ’
2719 3763 2724 3765 ’
2827 3770 2897 3809 an
2948 3739 3277 3810 ltERLUlNUM.

2289 3846 2614 3916 Exhortatio
2638 3847 2707 3902 ad
2729 3846 2912 3902 swculi
2937 3848 3117 3901 odium
3147 3852 3476 3901 vehementer
3503 3848 3812 3901 accendens.
3857 3913 3862 3921 Ι

2334 3937 2563 3994 Domino
2582 3947 2638 3994 et
2656 3937 2814 3993 fratri
2837 3937 3036 3994 dilecto
3059 3937 3361 4004 "ERLUINO,
3376 3925 3553 3993 frater
3573 3940 3850 3992 Axssucs

2260 4017 2508 4084 salutem.
2929 4020 2931 4022 ’

2333 4109 2628 4191 lncmpisti,
2665 4120 2737 4175 mi
2769 4121 3116 4189 charissime,
3148 4131 3370 4194 gustare
3393 4121 3657 4192 quoniam
3683 4120 3850 4175 dulcis

2260 4222 2332 4266 est
2361 4211 2619 4267 Dominus
2651 4210 2828 4284 (Psal.
2867 4229 3037 4269 χχχιιι
3059 4255 3075 4280 ,
3107 4213 3184 4281 9).
3210 4214 3356 4270 Cave
3384 4229 3520 4286 ergo
3547 4230 3620 4269 ne
3648 4215 3729 4268 sic
3759 4214 3852 4266 im-

2260 4305 2452 4375 pleatis
2492 4321 2685 4377 sapore
2721 4307 2922 4373 seculi,
2965 4308 3057 4379 qui
3094 4308 3188 4364 tibi
3228 4294 3519 4378 opulentet-
3568 4307 3767 4371 amuit,
3798 4313 3853 4356 ut

2261 4387 2541 4454 evacueris
2570 4415 2764 4472 sapore
2793 4400 2907 4467 Dei,
2929 4397 3018 4471 qui
3049 4400 3159 4456 cito
3180 4409 3233 4454 ct
3267 4399 3454 4453 furtim
3488 4399 3729 4452 incautis
3760 4402 3850 4449 de-

2262 4488 2398 4548 lluit.
2433 4489 2628 4555 Pensa,
2658 4493 2730 4547 mi
2760 4492 2950 4556 frater,
2978 4491 3276 4562 saepissime
3301 4497 3356 4545 et
3379 4491 3520 4544 scito
3543 4489 3856 4544 certissime

573 4573 680 4628 hoc
734 4570 916 4626 tacitis
978 4571 1276 4639 majoribus
1327 4586 1448 4626 cum
1503 4572 1802 4642 gratiarum
1853 4571 2154 4628 redditione
2183 4575 2232 4634 D
2257 4583 2381 4652 quia
2411 4597 2546 4653 quos
2569 4583 2735 4639 attici;
2769 4583 2999 4640 dulcedo
3028 4583 3230 4645 εαιευιῑ,
3258 4598 3353 4637 eos
3372 4591 3614 4652 occupat
3652 4590 3854 4636 (eterna

570 4664 720 4720 velut
769 4661 1041 4734 singulare
1077 4662 1432 4732 prmdicetur,
1489 4661 1571 4718 Vel
1615 4663 1661 4718 si
1710 4671 1814 4719 tua:
1871 4663 2156 4722 charitatis

570 4755 902 4835 propositum
935 4754 1174 4810 fomento
1201 4753 1412 4810 laudum
1454 4761 1508 4811 et
1532 4755 1941 4812 inclinationum
1981 4758 2158 4815 adhuc

573 4842 814 4918 indigere
828 4845 1123 4914 iudicetur.
1141 4845 1382 4916 Denique
1396 4846 1473 4902 sic
1495 4855 1545 4901 te
1569 4863 1666 4918 per
1678 4853 1963 4919 supernam
1977 4849 2182 4904 vivere

572 4931 802 5008 gratiam
835 4940 1068 4992 amando
1093 4943 1371 5008 optamus,
1419 4941 1657 5010 Optando
1687 4943 1925 5008 oramus,
1952 4943 2157 4997 orando

571 5043 874 5100 speramus,
907 5037 966 5083 ut
993 5043 1116 5083 eum
1145 5028 1346 5099 aliquid
1379 5030 1432 5084 in
1461 5031 1716 5102 eperibus
1743 5039 1846 5088 tua:
1868 5033 2155 5090 charitatis

571 5121 765 5189 gratiis
805 5119 1160 5189 investigatur
1204 5119 1456 5190 dignum,
1503 5119 1641 5175 nihil
1690 5121 1744 5177 in
1789 5123 2004 5180 actibus
2049 5119 2181 5182 tuze‘

571 5207 863 5263 voluntatis
905 5209 1155 5265 laudibus
1195 5210 1504 5265 inveniatur
1536 5212 1838 5282 indignum.
1875 5214 2155 5284 Quatenus

569 5301 682 5357 vita
741 5310 830 5357 tua
859 5317 999 5379 .non
1029 5311 1238 5357 tantum
1272 5303 1572 5386 amantium
1621 5315 1674 5363 te
1720 5306 1928 5382 linguas
1960 5310 2152 5378 laxet,

2261 4676 2591 4742 amaritudo;
2626 4685 2680 4732 et
2709 4692 2848 4747 quos
2881 4677 3107 4732 attrahit
3137 4676 3378 4731 suavitas
3408 4675 3527 4740 Dei,
3566 4690 3666 4730 eos
3697 4673 3859 4728 satiat

2259 4777 2516 4838 perpetua
2544 4769 2840 4826 beatitudo.
2864 4769 3024 4824 Certe
3044 4783 3228 4823 verum
3251 4776 3359 4836 est,
3382 4782 3491 4821 non
3517 4776 3608 4821 est
3638 4763 3856 4826 falsam,

2261 4877 2474 4925 verum,
2509 4861 2757 4931 inquam,
2784 4871 2887 4926 cst,
2921 4860 3066 4931 quod
3108 4861 3238 4916 dicit
3269 4859 3511 4928 Spiritus
3554 4857 3653 4913 Dei
3687 4857 3736 4890 ⁸⁸
3766 4871 3862 4926 per

2259 4966 2320 5005 os
2357 4937 2514 5004 amici
2550 4951 2678 5018 Dei;
2714 4935 2841 5020 quia
2871 4952 3074 5004 amicus
3097 4949 3280 5003 διεσαιὶ
3313 4949 3498 5017 hujus,
3529 4948 3860 5002 comtiuitnr

2261 5041 2302 5074 "
2336 5042 2580 5097 inimicus
2604 5043 2702 5098 Dei
2727 5029 2870 5114 (lac.
2897 5060 2969 5108 tv,
2999 5043 3087 5114 4);
3130 5045 3318 5113 utique
3350 5042 3427 5098 sic
3451 5050 3538 5097 est.
3583 5059 3599 5095 :
3632 5039 3861 5096 omnino

2262 5134 2308 5167 ³⁸
2337 5115 2802 5192 θειῖιιιιιιιιιιιιιίιθ.
2829 5135 2946 5191 Νοη
2972 5135 3097 5192 sunt
3120 5136 3286 5190 verba
3317 5143 3531 5188 tantum
3559 5132 3857 5190 audienda.

2259 5227 2356 5284 sed
2391 5237 2476 5284 est
2509 5235 2597 5284 res
2627 5229 2864 5284 terrifice
2911 5229 3222 5284 metuenda.
3258 5225 3316 5282 Si
3359 5226 3527 5304 igitur
3555 5240 3664 5280 non
3701 5238 3864 5277 antas

2259 5317 2524 5376 constitui.
2542 5319 2794 5395 inimicus
2811 5319 2928 5394 Dei,
2951 5321 3116 5400 [torre
3137 5318 3473 5376 exsecranda
3497 5331 3624 5374 esse
3642 5317 3863 5381 anticus

1864 5417 1946 5474 VA
1956 5419 2095 5476 RlIE
2155 5423 2558 5484 LECTIONES.

715 5501 1051 5593 Judjcigjvos
1079 5503 1331 5593 iﬂd'i‘gnos
1354 5515 1490 5593 tu”;
1508 5507 1737 5593 judicio,
1771 5511 2072 5593 vestrisque
2100 5517 2335 5593 peccatis
2368 5533 2462 5575 vos
2487 5518 2733 5591 indignos
2825 5509 2872 5555 δ’
2891 5522 3106 5593 Cottam
3141 5539 3259 5578 cum
3293 5540 3397 5578 uno
3433 5522 3733 5593 exemplari
3760 5539 3860 5573 ms-

572 5569 1417 5674 xmiifflhi‘miyﬁminus
1437 5569 2146 5674 Billertus'LL‘DPHii‘nunt
2179 5569 2861 5674 a‘bbaten'tlnist-omnus

631 5643 1410 5734 puppiumgadbgargutes‘uu'.‘
1434 5649 1694 5734 quoniam
1736 5659 1925 5734 omnes
1949 5655 2328 5734 adhaerentes_
2365 5659 2410 5734 ξ’
2442 5643 3864 5734 cernuaInsaniam;immanius?agnita};

572 5714 1012 5801 ὺιι-ε-ςιιιρυᾳιιτῌ
1045 5717 1089 5748 ³⁸
1115 5714 1552 5801 Dicitscriptura
1584 5719 1829 5801 Deinmss.
1860 5721 1991 5777 dicit
2031 5727 2264 5797 Spiritus
2295 5729 2391 5787 Dei
2467 5730 2511 5764 ³⁷
2542 5714 3024 5790 Constituitur—nis.
3052 5714 3102 5791 l.
3123 5714 3496 5792 constituetur
3529 5714 3614 5764 νδδ
3650 5714 3863 5801 [hique

572 5785 651 5851 ἡ
673 5794 764 5850 ωὶ
802 5785 1022 5850 (Nimiast
1048 5797 1171 5838 mas.
1204 5787 1387 5853 utique
1414 5787 1491 5840 sic
1529 5798 1631 5841 est.
1675 5788 1908 5842 Omnino
