4056 6302
219 317 378 404 -ιοῖδ

1574 323 1699 377 LIB.
1740 320 1794 386 Ι.’
1820 323 2040 382 EPIST.
2079 326 2144 381 X.

3312 384 3322 394 .
3368 333 3503 402 1034-

227 419 401 500 Ἰιιιίιςε
429 426 633 482 saeculi.
687 426 908 483 Amicus
935 438 1115 484 autem
1149 429 1329 485 saeculi
1363 430 1519 502 hujus
1548 443 1650 502 est,
1692 435 1812 502 qui-
1846 439 1892 498 Α
1923 437 2064 492 nihil
2097 439 2394 495 retiibucrc
2425 441 2624 512 potest)
2662 441 2954 510 quidquam
2985 459 3083 498 sua
3110 443 3500 512 intercessione

241 535 457 591 cunque
507 519 783 598 saecularis
833 520 1211 598 delectationis
1256 524 1464 578 amicus
1515 533 1616 578 cst.
1666 524 1815 595 Rogo

236 625 364 678 ergo
395 619 470 676 te,
519 609 718 677 amice,
769 626 838 666 ne
871 626 1023 666 ames
1063 612 1348 667 saecularia
1397 612 1812 670 oblectamenta.

233 702 368 757 Cum
390 702 609 769 absunt,
639 702 746 756 noli
778 705 842 758 ad
870 719 932 759 ea
962 719 1060 760 cor
1080 707 1408 772 extendere;
1441 721 1562 762 cum
1595 707 1814 773 adsunt,

231 793 340 848 noli
399 792 504 849 illis
547 809 641 847 cor
685 811 944 864 apponere
987 795 1164 865 (Psal.
1215 812 1325 863 ut,
1379 798 1467 867 Η)
1501 815 1512 851 :
1547 797 1639 854 sed
1689 813 1813 853 cum

207 888 452 952 absunt,
491 895 550 942 et
574 903 694 942 eum
724 889 944 958 adsunt,
981 905 1197 962 semper
1220 901 1272 947 te
1309 891 1445 947 velis
1474 893 1542 947 ab
1578 892 1685 948 illis
1715 893 1816 948 ab-

203 977 516 1032 scondere.
549 975 608 1032 Si
650 980 908 1043 mundus,
956 980 1040 1034 vel
1087 980 1290 1051 aliquid
1318 997 1507 1038 eorum
1535 997 1656 1054 quae
1689 975 1816 1039 sunt

227 1067 441 1134 mundi,
468 1067 613 1123 ridet
659 1067 790 1136 tibi;
823 1069 930 1125 noli
969 1069 1216 1126 arridere
1247 1071 1343 1126 illi.
1386 1061 1568 1138 Certe,
1624 1073 1812 1142 frater,

202 1175 334 1215 ‘uon
359 1155 500 1216 ridet
528 1160 651 1226 tibi,
682 1161 814 1216 utin
839 1162 944 1218 fine
967 1161 1110 1218 risus
1142 1173 1194 1217 tu
1226 1162 1434 1229 rideas;
1469 1164 1560 1218 sed
1595 1163 1819 1220 simulat

203 1251 426 1314 'rTsum,
451 1259 510 1304 ut
543 1260 594 1305 te
617 1251 862 1306 irrideat.
893 1253 1024 1308 Esto
1053 1254 1235 1325 igitur,
1271 1254 1644 1321 dilectissime,
1673 1270 1816 1310 sein-

211 1339 326 1410 ”per
351 1335 564 1418 cautus,
594 1348 652 1394 ut
674 1342 938 1412 anticipes
965 1359 1112 1408 eum,
1141 1353 1196 1398 et
1220 1343 1538 1415 retorquens
1571 1344 1816 1400 fraudem

196 1429 346 1500 'ejus
374 1430 437 1486 in
473 1447 628 1497 eum;
656 1442 712 1488 et
740 1447 862 1488 cum
893 1433 980 1489 ille
999 1432 1095 1490 tibi
1121 1433 1389 1491 fallaciter
1421 1437 1577 1500 ridet,
1623 1437 1677 1492 tu
1715 1452 1813 1491 vce

199 1522 434 1578 ‘raciter
476 1523 645 1578 irride
709 1540 853 1580 eum.
906 1520 980 1581 Et
1030 1535 1178 1583 certe
1231 1511 1503 1604 nunquam
1565 1527 1816 1584 veraeius

227 1613 482 1670 irridebis
507 1614 679 1681 illum,
710 1631 874 1686 quam
906 1617 973 1686 si,
1003 1616 1270 1690 cum'ipse
1299 1619 1480 1674 riserit
1517 1627 1706 1676 contra
1739 1626 1810 1684 te,

224 1715 281 1763 tu
327 1705 538 1762 fleveris
585 1717 776 1761 contra
821 1706 995 1760 illum.
1031 1708 1111 1762 Ad
1153 1709 1249 1764 has
1277 1709 1495 1779 quidem
1544 1709 1813 1780 lacrymas

1920 528 2144 583 concedi
2179 525 2406 598 quierat.
2437 528 2494 584 Si
2528 529 2665 585 adeo
2704 541 2908 586 mutuae
2933 531 3237 589 dilectionis
3275 535 3499 591 itumeno

1918 618 2053 673 sitas
2073 631 2180 684 me,
2197 628 2250 674 et
2272 619 2588 690 praedictum
2612 620 2834 675 fratrem
2858 620 3025 677 lilium
3051 621 3288 692 ejusdem
3301 625 3497 689 viduae,

1916 707 2029 762 vita
2059 709 2176 779 ejus
2202 710 2305 765 hoc
2333 710 2608 780 exigente,
2633 712 2768 767 duos
2793 712 3046 768 videlicet
3074 716 3497 788 conglutinavit,

1917 809 1978 851 ιιι
2001 811 2068 852 eo
2098 798 2377 864 defuncto,
2433 797 2594 853 matri
2625 799 2740 872 ejus
2779 815 2868 856 me
2898 801 3060 856 velim
3099 801 3267 858 filium
3310 820 3408 874 pro
3433 818 3500 859 eo

1917 888 2283 955 substituere;
2329 899 2599 960 quatenus
2630 886 2730 962 pro
2782 901 2958 948 matre
2985 906 3106 948 mea
3135 893 3245 965 jam
3275 910 3362 951 me
3389 909 3497 951 non

1914 982 2134 1053 pudeat,
2163 982 2247 1039 vel
2278 982 2586 1056 importune
2627 983 2914 1039 sollicitum
2955 998 3099 1041 esse.
3140 987 3342 1043 Verum
3379 999 3499 1044 esto

1913 1088 1976 1148 ut
2013 1079 2129 1134 haec
2172 1076 2604 1150 importunitatis
2657 1091 2792 1133 meae
2848 1077 3177 1150 impudentia
3204 1094 3233 1134 a
3258 1069 3500 1150 quolibet

1909 1167 2188 1240 judicetur
2214 1188 2228 1226 :
2260 1171 2392 1225 dum
2422 1178 2618 1224 vestra:
2655 1168 3010 1241 benignitatis
3049 1169 3332 1230 clementia
3358 1187 3388 1228 a
3419 1155 3500 1227 vi-

1916 1261 2037 1317 duis
2065 1269 2122 1316 et
2170 1259 2430 1331 orpbauis
2482 1257 2846 1329 prtedieetur,
2877 1267 2932 1314 et
2961 1274 2990 1314 a
3021 1260 3257 1334 Christo,
3308 1261 3403 1332 qui
3439 1260 3498 1320 in

1917 1354 2025 1410 illis
2053 1353 2295 1432 recipiet
2315 1361 2366 1408 et
2392 1367 2490 1423 pro
2515 1352 2620 1408 illis
2651 1353 2942 1418 retribuet,
2969 1353 3299 1423 approbetur
3321 1355 3390 1410 “.

2447 1465 2776 1522 EPISTOLA
2824 1464 2872 1520 x
2903 1463 2968 1520 ευ.
3049 1541 3054 1548 ἰ

2496 1573 2564 1626 an
2605 1571 2905 1612 RODULFUI.

1886 1712 1888 1714 τ
1915 1647 1982 1704 Se
2012 1663 2268 1718 nusquam
2292 1645 2488 1703 dixisse
2515 1646 2654 1718 quod
2701 1662 2803 1718 non
2847 1645 3073 1718 amplius
3103 1644 3156 1718 ei»
3179 1661 3302 1718 suos
3339 1644 3519 1701 libros"

1985 1715 2292 1790 praetereat
2326 1731 2343 1768 :
2372 1718 2476 1770 imo
2506 1715 2574 1769 ad
2612 1716 2787 1770 omnia
2817 1716 2864 1771 ei
2891 1716 3192 1786 pra’standa
3219 1715 3418 1770 sincere
3443 1732 3502 1770 se

201 1807 384 1855 -t:tuto
425 1799 722 1855 studiosius
765 1809 818 1854 te
854 1799 1019 1855 debes
1067 1815 1347 1865 exercere,
1386 1810 1592 1872 quanto
1618 1803 1813 1858 melius
1845 1794 1890 1850 Β
1985 1806 2096 1844 ⁸³³⁸
2117 1797 2383 1859 Puram”-

224 1900 312 1944 cst
334 1901 527 1947 contra
577 1891 772 1947 falsum
817 1893 984 1949 risum
1018 1893 1085 1949 ad
1132 1894 1404 1949 modicum
1435 1910 1501 1970 ex
1533 1894 1812 1951 voluntate

197 1981 382 2048 silere,
435 1996 598 2053 quam
629 1983 728 2040 sub
769 1999 895 2040 vera
943 1985 1198 2060 irrisione
1233 1986 1288 2041 in
1327 1996 1588 2040 arternum
1619 1995 1680 2041 et
1718 2000 1813 2040 ne-

197 2074 483 2127 ‘t-essitate
505 2073 787 2146 n’lugere.
837 2073 1008 2146 Legat
1053 2075 1195 2132 hanc
1249 2075 1535 2147 epistolam
1582 2073 1812 2130 domnus

197 2165 532 2242 Continuus
569 2168 651 2234 ’⁵ος
687 2167 794 2223 non
827 2168 889 2224 ut
919 2169 1086 2224 faciat
1114 2169 1256 2241 quod
1276 2169 1427 2240 legit,
1463 2168 1556 2224 sed
1585 2175 1643 2223 ut
1667 2167 1811 2238 legat

216 2256 368 2325 quod
419 2255 569 2312 facit.
619 2255 774 2326 Quod
825 2258 868 2314 si
896 2258 1081 2314 fervor
1145 2258 1263 2330 cjus
1309 2257 1615 2314 devotionis
1668 2259 1812 2336 hanc

216 2350 507 2418 epistolam
559 2351 677 2406 vult
715 2367 835 2407 esse
883 2367 1068 2417 suam,
1113 2367 1210 2422 pro
1259 2360 1353 2408 tuo
1380 2351 1600 2407 nomine
1646 2361 1813 2422 ponat

215 2455 406 2506 suum,
433 2449 490 2496 et
519 2441 593 2496 sit
623 2456 742 2495 sua.
768 2441 943 2497 Ambo
971 2441 1170 2496 valete.

741 2553 1072 2609 EPISTOLA
1115 2554 1182 2608 IX
1223 2554 1287 2608 “.

653 2660 719 2698 AD
760 2660 1080 2701 GERBERTUH
1121 2663 1248 2701 ABBA
1259 2663 1364 2701 TEM

196 2803 200 2806 η
285 2731 610 2791 Gratulatur
637 2735 812 2790 abbati
840 2737 979 2806 quod
1006 2754 1100 2791 suo
1129 2749 1312 2818 rogatu
1345 2739 1513 2794 vidua:
1538 2738 1741 2808 afflicta:

855 2819 1195 2862 succurrerit.

291 2896 524 2954 Domino
541 2908 593 2953 et
614 2898 759 2953 Patri
773 2897 1069 2953 venerabili
1095 2899 1275 2953 abbati
1301 2899 1617 2964 Cenaeum,
1645 2898 1813 2956 frater

215 2991 510 3044 Axsuuus
536 3007 685 3044 suus.

289 3083 449 3138 Sicut
505 3083 658 3137 nobis
708 3083 1040 3137 credendum
1085 3091 1170 3138 est
1215 3084 1342 3154 quia
1406 3085 1494 3138 ubi
1525 3085 1810 3140 abundarit

1988 1877 2198 1932 Meritis
2226 1885 2284 1932 et
2327 1875 2572 1933 moribus
2611 1873 2911 1935 reverenda
2957 1875 3200 1944 domino,
3232 1874 3500 1933 cbaritate

1912 1979 1969 2025 et
1998 1966 2618 2040 propositodulcissimo
2649 1965 2824 2033 fratri,
2863 1965 3072 2022 domno
3091 1966 3366 2033 Bonane,
3389 1964 3499 2021 frao

1914 2067 1999 2117 ter
2025 2059 2333 2114 ANSELMUB.
2591 2068 2633 2073 ·
2863 2092 2866 2095 -
2978 2093 2982 2096 -
3391 2091 3393 2093 ι
3463 2070 3468 2074 ·

1983 2149 2216 2206 Litteras
2227 2147 2955 2218 vestras,litteras,inquam,
2968 2161 3098 2205 vcre
3109 2146 3290 2202 dilecti
3306 2153 3500 2202 etvere

1912 2243 2190 2299 dilectoris
2214 2242 2320 2298 mei
2348 2241 2475 2298 olim
2491 2241 2697 2312 accepi,
2722 2253 2843 2311 quae
2869 2254 2936 2295 ex
2967 2238 3050 2294 liis
3066 2237 3201 2309 quae
3220 2237 3446 2292 interius
3466 2248 3498 2289 a

1912 2336 2054 2390 facie
2081 2333 2354 2398 ferebant,
2383 2333 2470 2403 pia
2493 2331 2873 2402 compassione
2915 2345 3002 2386 me
3027 2335 3498 2400 compunxerunt;

1911 2426 2008 2482 sed
2031 2439 2098 2480 ex
2125 2424 2233 2491 his,
2258 2437 2379 2494 quae
2412 2422 2654 2478 exterius
2673 2436 2705 2476 a
2734 2428 2895 2492 tergo
2927 2421 3210 2491 gerebant,
3238 2418 3498 2474 intolera-

1901 2515 2008 2570 bili
2034 2529 2271 2572 maerore
2295 2527 2381 2570 me
2401 2511 2843 2568 vulneraverunt.
2869 2509 3034 2579 Cujus
3049 2509 3234 2564 livoris
3254 2509 3498 2566 dolorem

1914 2606 2018 2663 nisi
2071 2606 2226 2677 prius
2272 2619 2368 2676 per
2411 2602 2842 2659 satisfactionem
2881 2603 3177 2664 detersero,
3221 2610 3276 2655 et
3314 2610 3503 2657 noster

1912 2697 2130 2752 animus
2157 2697 2224 2751 ad
2251 2711 2342 2760 ea,
2373 2711 2491 2765 qua:
2516 2696 2690 2750 amica
2713 2695 2989 2757 desiderat
3007 2695 3335 2764 eompassio,
3361 2707 3501 2752 mte-

1901 2801 2040 2842 ,τοι-θ
2065 2786 2352 2858 languidus
2397 2794 2454 2840 et
2497 2785 2707 2856 pudore
2749 2794 2935 2842 mutus
2963 2787 3196 2850 dellciet,
3223 2795 3280 2842 et
3316 2797 3504 2842 nostra

1903 2893 2075 2934 mens
2125 2877 2464 2935 sinceritatis
2510 2877 2678 2943 dicta,
2727 2875 2879 2934 velut
2934 2877 3297 2934 simulationis
3353 2877 3502 2944 fleta,

1903 2971 2074 3042 .quasi
2096 2971 2225 3042 jure
2270 2970 2553 3042 despiciet.
2583 2968 2820 3026 Omnino
2865 2967 3010 3024 enim
3050 2969 3159 3039 pati
3191 2984 3298 3024 non
3322 2978 3505 3040 potest

1917 3078 2072 3119 mens
2100 3063 2275 3131 vobis,
2297 3071 2353 3118 et
2381 3060 2594 3117 caeteris
2625 3059 2861 3116 dominis
2888 3060 3092 3116 nostris
3113 3060 3503 3126 dilectissimis,

211 3183 515 3240 peccatum,
551 3173 993 3241 superabundavit
1037 3174 1211 3244 gratia
1233 3135 1438 3244 '(Ront.
1494 3189 1543 3238 v,
1582 3173 1706 3247 ΞΟ),
1739 3175 1810 3230 ita

1919 3163 2112 3208 vestrae
2134 3152 2267 3220 imo,
2292 3151 2445 3223 quod
2463 3151 2720 3208 libentius
2741 3151 2864 3208 dico
2892 3151 2937 3208 si
2957 3151 3276 3224 .dignamini,
3301 3161 3504 3208 nostra:

211 3263 382 3319 nobis
413 3262 714 3320 faciendum
743 3273 847 3329 est,
872 3273 931 3319 ut
950 3265 1040 3319 ubi
1072 3265 1310 3320 abundat
1338 3265 1555 3319 miseria
1578 3263 1625 3298 ⁴⁶
1655 3281 1813 3340 supe—

200 3351 495 3411 rabundet
525 3356 919 3412 misericordia.
955 3356 1010 3412 Si
1040 3357 1186 3412 enim
1218 3357 1288 3412 ibi
1327 3357 1590 3413 dilatatur
1611 3360 1810 3430 gratia,

195 3449 311 3503 ’ubi
353 3448 527 3519 major
549 3457 630 3503 est
670 3447 924 3513 offensio,
947 3448 1219 3517 quomodo
1235 3449 1814 3504 contraheturmiseri=

196 3541 537 3606 'eordia,ubi
563 3539 734 3609 major
750 3541 979 3596 debetur
1007 3540 1355 3611 compassio?
1387 3539 1647 3608 Quoniam
1678 3541 1812 3594 enim

209 3634 682 3704 qute‘seminaverit
707 3631 861 3687 homo
888 3633 998 3688 ha’c
1024 3643 1070 3686 et
1097 3643 1246 3689 metet
1263 3633 1407 3705 (Gal.
1438 3649 1516 3698 vt,
1541 3634 1634 3701 7):
1663 3631 1813 3686 Beati

197 3725 612 3791 misericordes,
645 3725 892 3792 quoniam
921 3725 1022 3795 ipsi
1046 3723 1464 3779 misericordiam
1499 3738 1815 3792 consequen-

208 3814 544 3887 tur(Matth.
566 3831 620 3878 v,
652 3816 726 3885 7).
752 3815 863 3869 liae
885 3816 1070 3885 itaque
1091 3812 1614 3872 consideratione-de
1635 3822 1814 3867 vestra

193 3907 568 3978 benignitate
591 3906 871 3961 conlidens
901 3907 967 3961 ad
999 3907 1304 3962 sanctitatis
1329 3917 1525 3961 vestrm
1551 3920 1637 3960 me
1659 3904 1818 3958 vesti-

207 4002 304 4072 εἰει
353 4009 536 4055 mente
582 4006 882 4069 prosterno
926 3999 1272 4055 intereedens
1299 4012 1398 4068 pro
1429 3995 1621 4052 eadem
1651 3995 1813 4050 vidua

205 4091 576 4164 paupercula,
605 4090 758 4160 cujus
798 4091 1037 4144 animam
1075 4091 1132 4145 in
1165 4089 1520 4145 tribulatione
1540 4085 1818 4142 viduitatis

199 4190 271 4235 ‘ct
307 4180 656 4252 paupertatis
685 4179 1114 4236 misericorditer
1135 4186 1360 4250 propter
1390 4177 1558 4232 Deum
1592 4175 1820 4248 refrige-

1914 3243 2361 3315 congregationis
2386 3241 2651 3310 fiatribus
2673 3241 3029 3299 devotissima
3049 3242 3117 3308 “,
3145 3243 3388 3307 omnino,
3420 3243 3502 3297 in-

1905 3351 2104 3412 quam,
2146 3336 2262 3408 pati
2304 3351 2411 3394 non
2441 3345 2644 3408 potest,
2674 3344 2734 3391 ut
2776 3335 2863 3392 vel
2907 3335 3259 3406 suspicemini
3306 3350 3374 3391 ex
3405 3350 3503 3412 ore

1906 3444 2042 3494 tneo
2060 3417 2290 3497 exiisse,
2317 3427 2461 3498 quod
2499 3443 2608 3483 non
2639 3426 2872 3496 amplius
2910 3425 3063 3481 vobis
3091 3424 3258 3480 libros
3286 3435 3503 3481 nostros

1916 3523 2294 3593 [mestabimus
2319 3539 2334 3578 :
2362 3522 2466 3577 hoc
2508 3534 2742 3591 namque
2771 3520 2816 3577 si
2840 3535 3081 3590 unquam
3109 3520 3291 3576 dicere
3317 3521 3501 3591 potui,

1916 3623 1968 3669 et
1997 3628 2092 3670 vos
2118 3613 2346 3680 credite,
2372 3619 2428 3667 et
2453 3626 2558 3683 ego
2595 3611 2896 3668 confitebor
2927 3627 3014 3668 tne
3039 3626 3316 3682 nunquam
3345 3611 3503 3667 vobis

1917 3701 2150 3766 amicum
2178 3705 2346 3762 fuisse
2378 3719 2656 3772 veracem,
2682 3703 2778 3760 sed
2817 3705 3188 3761 simulatorem
3227 3703 3500 3760 fallacem.

1917 3799 2198 3866 Quomodo
2221 3799 2394 3864 enim,
2421 3807 2688 3868 quantum
2712 3797 2779 3852 ad
2804 3811 2892 3852 me
2920 3798 3138 3863 attinet,
3169 3795 3371 3864 aliquid
3399 3793 3506 3852 illis

1919 3907 2140 3961 possum
2168 3905 2391 3961 negare,
2453 3903 2554 3959 pro
2592 3888 2792 3959 quibus
2840 3889 3078 3944 animam
3125 3903 3231 3942 non
3263 3886 3502 3942 dubitem

1921 3985 2088 4040 dare?
2111 3983 2266 4052 Quod
2296 3993 2477 4039 tamen
2513 3983 2559 4039 si
2587 3999 2690 4054 qua
2722 3999 2841 4040 mea
2869 3997 2978 4038 non
3002 3979 3247 4036 cruditas
3269 3979 3500 4038 ventris,

1920 4077 2015 4131 sed
2039 4074 2337 4131 crudelitas
2361 4074 2566 4130 mentis
2588 4074 2952 4138 evomuisset,
2979 4079 3086 4126 tam
3118 4067 3335 4125 sublimi
3368 4065 3503 4121 illud

1922 4164 2252 4231 humilitate,
2280 4174 2390 4220 tam
2426 4162 2735 4218 admirabili
2773 4161 3058 4234 patientia,
3089 4168 3200 4214 tam
3233 4155 3504 4213 submissa

194 4247 577 4339 'ras—tis;_cum
607 4272 657 4328 ei
699 4271 830 4328 illud
896 4271 943 4304 ”
998 4247 1264 4327 tantillum
1310 4269 1539 4337 servitii,
1587 4247 1745 4341 quod
1785 4283 1826 4324 ει.
1913 4256 2299 4314 satisfactione
2347 4264 2404 4314 et
2435 4255 2799 4314 satisfacienti
2827 4247 3502 4314 submissioneretulistis,

207 4363 566 4434 paupercula
589 4371 783 4419 vestrae
811 4363 1169 4436 magnitudini
1184 4362 1514 4429 solvebatur,
1537 4376 1624 4418 me
1645 4362 1811 4418 inter-

1915 4363 1981 4409 ω
2006 4369 2095 4410 me
2126 4352 2263 4409 nihil
2279 4367 2530 4424 unquam
2559 4349 2740 4406 simile
2765 4347 2972 4404 dixisse
2997 4341 3317 4416 profundius
3336 4345 3504 4436 pude-

199 4454 506 4519 renieute,
524 4435 1223 4525 relaxastis.Prccorigitur
1241 4452 1428 4523 quanti
1447 4452 1600 4529 valeo
1613 4451 1818 4524 suppli-
1844 4479 1894 4538 ι)
1925 4457 2028 4516 ret,
2054 4446 2136 4502 vel
2164 4446 2333 4535 altius
2349 4445 2656 4516 pmniteret.
2679 4441 2914 4498 Litteras
2941 4453 3177 4538 quoque,
3205 4435 3518 4538 quaavob-is.

205 4545 558 4610 rationibus,
584 4552 645 4600 ut
673 4560 893 4599 manum
935 4546 1344 4611 consolationis,
1390 4559 1553 4616 quam
1593 4545 1641 4601 ei
1687 4559 1811 4616 por-
1845 4528 1884 4538 ⁷
1921 4553 2020 4608 pro
2046 4528 2394 4593 remittendis
2418 4535 2572 4591 libris
2597 4535 2778 4590 missae
2805 4543 2950 4600 sunt,
2980 4548 3080 4588 nec
3099 4533 3172 4588 ita
3201 4528 3504 4600 fierijussi;

206 4633 452 4690 thiSliS
473 4648 594 4688 cum
623 4643 831 4690 tantum
850 4635 1111 4692 viduitate
1131 4646 1514 4708 etpaupertale
1543 4652 1816 4708 prcmcre-
1921 4644 2020 4684 uec
2051 4636 2180 4684 ante
2213 4625 2604 4683 recitationem
2627 4639 2842 4690 eertum,
2868 4621 2958 4694 qui
2984 4621 3154 4678 libros
3180 4618 3504 4682 attulerunt,

207 4737 341 4790 tur,
375 4741 520 4780 nunc
550 4741 619 4780 ne
641 4728 964 4794 rctrabatis;
997 4745 1118 4785 cum
1142 4729 1511 4800 multiplicatis
1536 4729 1811 4793 aerumnis,

1913 4719 1994 4773 ita
2036 4719 2206 4773 factas
2230 4731 2355 4772 esse
2397 4717 2552 4772 scivi.
2591 4715 2826 4770 Domino
2853 4713 3018 4785 igitur
3068 4711 3266 4767 abbate
3312 4721 3507 4763 conce-

202 4816 396 4871 etiam
423 4815 872 4873 doloredefuucti
902 4817 1020 4887 filii,
1052 4819 1233 4874 anima
1289 4818 1406 4889 ejus
1433 4819 1811 4875 miserabiliter

1916 4809 2102 4874 dente,
2128 4824 2214 4864 me
2241 4808 2484 4876 volente,
2511 4808 2656 4864 nullo
2686 4807 2911 4863 fratrum
2956 4804 3272 4867 resistente,
3292 4806 3504 4862 nostro,

194 4905 540 4976 torquetur.
571 4905 639 4960 Et
664 4906 880 4976 quidem
901 4907 1016 4964 seio
1035 4909 1161 4980 quia
1179 4909 1614 4978 praasump’lionis
1633 4909 1819 4963 existi-
1920 4901 2130 4972 pariter
2182 4908 2239 4956 et
2286 4909 2471 4957 vestro
2524 4907 2876 4971 compensate
2913 4894 3217 4956 commodo,
3267 4892 3520 4948 libenter-

203 4996 370 5053 ψει-ἰ
394 5003 584 5067 queat,
599 4998 746 5068 quod
775 4999 1070 5057 itemuncio
1091 5000 1199 5071 (cui
1227 4999 1369 5055 nihil.
1381 4998 1629 5063 debetur,
1655 4996 1817 5068 atqui
1918 4995 2077 5052 vobis
2101 4994 2456 5066 quoscunque
2483 4994 2668 5057 libros,
2700 4990 2785 5046 vel
2820 4990 2997 5061 potius
3018 4999 3355 5060 quascunque
3402 4984 3518 5040 ba‘»

1541 5130 1772 5214 VARle
1808 5131 2214 5192 LECTIONES.

288 5269 643 5344 "irrisione
671 5269 724 5324 in
762 5277 1026 5344 aeternum
1049 5285 1114 5326 ex
1129 5271 1459 5327 necessitate
1491 5287 1619 5327 mss.
1647 5269 1899 5344 irrisione
1919 5269 2353 5344 exiliteeessttate
2396 5264 2470 5344 ,Ψ
2509 5255 3507 5344 pontinusﬁuudtIIPPM#381993“

195 5340 712 5412 nusﬁoudttlpbus
765 5340 826 5401 ,⁵³
851 5339 1198 5406 Coltatacum
1237 5343 1502 5411 praedictis
1539 5345 1743 5396 duobus
1783 5340 1921 5412 Vict.
1994 5340 2038 5380 lt’
2056 5328 2318 5412 Abundet
2340 5334 2558 5406 miseria
2583 5347 2708 5386 ntss.
2743 5328 3225 5412 abun_tlat_ntiseria
3283 5328 3504 5412 ιδ’,ίξιιω

195 5401 256 5471 Ei
313 5411 453 5494 illud
481 5401 588 5494 ms:
701 5401 830 5494 cuni
864 5401 1019 5494 illud
1131 5411 1178 5494 ξι
1202 5401 1704 5494 Ᾰρρτοϋριυιιίηιε.
1740 5413 1789 5466 1.
1844 5403 1955 5494 Iure
2168 5421 2200 5494 ῖς
2229 5401 3254 5494 απξφ-ὲξιηξ-ητξςξξεὶξι.-λζ-ρξ’ἰξίἓις
3287 5401 3508 5494 tamn-au:

196 5469 477 5554 instram
500 5489 557 5536 et
581 5490 638 5554 ut
663 5482 829 5554 credo
855 5490 1008 5554 tuam
1035 5469 1363 5554 sententiam
1387 5497 1550 5554 super
1573 5489 1790 5554 tuorum
1813 5491 2030 5545 actuum
2057 5469 2376 5554 acceptione
2401 5469 2747 5554 propaletnus
2780 5471 3081 5554 :_quiequid
3118 5469 3269 5554 erga-
3297 5485 3394 5554 nos
3422 5469 3523 5554 velt

197 5539 529 5624 quemlibet
559 5551 722 5624 alium
737 5549 1091 5624 laudabiliter
1119 5553 1262 5622 agis,
1292 5539 1661 5624 gratissimum
1707 5539 1988 5624 habemus,
2020 5548 2125 5624 se.l_
2151 5539 2341 5602 laudes
2369 5539 2484 5615 ejus
2504 5539 2573 5597 'in
2602 5539 2952 5624 illurn-dicm,
2973 5539 3103 5622 cum
3148 5539 3527 5624 laudabuntur-

191 5611 593 5691 o'mncsrecti
620 5621 805 5688 corde,
834 5630 892 5676 et
918 5637 1043 5676 cum
1073 5611 1188 5676 an;
1224 5611 1330 5676 erit
1361 5620 1652 5691 unicuique
1677 5635 1708 5676 a
1734 5621 1863 5680 Deo.
1895 5611 2193 5677 servandas
2215 5611 2502 5675 censemus
2601 5613 2646 5646 ⁸⁸
2675 5611 3028 5668 Goliam-rum
3053 5619 3167 5666 uno
3197 5614 3528 5678 matrem-—

193 5690 541 5754 alaril’ia.
615 5689 1579 5748 “Devotissimisms.devotissitna'
1935 5739 1974 5746 ί.
2036 5741 2060 5748 ,ν
2147 5745 2149 5747 ,
2215 5743 2218 5746 .
2293 5742 2302 5747 -
2611 5711 2621 5720 ι
2877 5733 2883 5740 -
2974 5735 2978 5738 -
3063 5729 3069 5738 ι
3128 5735 3190 5753 μ,
3284 5730 3302 5736 κ
3431 5699 3487 5727 ’δ
