4056 6302
604 359 743 416 1075

1100 360 1158 417 S.
1189 363 1487 420 ANSELMI
1525 368 1875 425 CANTUAR.
1910 364 2227 420 ARClllEP.
2266 362 2410 420 Ol‘l‘,
2457 361 2634 417 PARS
2669 362 2757 418 Ill.
2789 361 3255 421 —EPiSTOLIE.

3622 434 3625 437 _
3719 364 3860 421 uno

600 472 813 536 bemus,
851 481 1127 530 mittemus
1182 478 1399 546 quando
1452 481 1713 551 exigetis;
1759 495 1896 551 quos
1937 492 2065 533 vero
2109 477 2176 531 de
2206 481 2248 537 Α
2280 474 2449 545 possit
2477 490 2615 529 esse.
2649 474 2750 541 Qui
2782 474 2823 529 si
2858 489 2959 531 nos
2990 473 3180 528 audire
3223 471 3531 541 dignabitur
3553 515 3567 538 ,
3610 472 3733 528 talis
3768 478 3865 544 sit,

600 562 802 617 nostris
855 577 950 617 vos
1000 562 1229 632 habetis,
1264 567 1597 623 dimittemus
1625 570 1861 639 quandiu
1904 568 2172 639 indigetis.

601 651 978 708 Delectabilius
998 655 1334 724 scripsissem
1354 659 1675 714 charissimo
1703 676 1822 714 meo
1847 660 1897 713 in
1915 658 2176 730 spirituali

599 745 897 800 certamine
950 747 1247 815 anhelanti,
1281 759 1337 802 et
1383 751 1545 805 amici
1582 752 2013 822 compassiouem
2076 750 2180 821 piis

598 837 889 906 gemitibus
919 841 1265 907 provocanti,
1292 840 1541 909 licetinon
1565 843 1846 912 indigenti,
1874 844 1969 898 sed
1998 854 2177 897 tamen

599 928 832 997 cupienti
863 930 1075 999 qualem
1108 946 1320 1002 possem
1376 934 1864 1000 eonfortationem,
1894 948 2080 1004 quam,
2112 948 2179 987 ne

597 1018 727 1087 quid
755 1019 821 1074 de
857 1036 944 1076 me
991 1023 1272 1077 inimicum
1325 1025 1534 1081 amicus
1564 1028 1831 1093 crederet,
1874 1027 1975 1081 mei
2013 1041 2176 1080 excu-

594 1107 878 1167 sationem.
916 1108 1022 1166 Sed
1076 1114 1331 1181 quouiam
1385 1124 1440 1170 et
1469 1115 1598 1171 illud
1628 1117 1734 1171 erit
1784 1116 2175 1186 recuperabile,

593 1206 648 1249 et
684 1198 786 1253 hoc
817 1200 926 1268 pati
959 1201 1135 1257 amico
1162 1213 1281 1258 erat
1330 1204 1692 1271 intolerabile,
1724 1221 1824 1261 nec
1872 1205 2177 1276 epistolaris

592 1289 637 1319 ⁸⁷
666 1292 915 1362 angustia
940 1301 1153 1360 poterat
1193 1295 1244 1349 in
1277 1304 1506 1364 utroque
1531 1296 1755 1353 affectus
1781 1313 1972 1368 capere
2000 1298 2178 1351 latitu-

590 1381 795 1447 dinem,
813 1382 983 1453 316
1015 1384 1198 1440 distuli
1226 1388 1368 1455 quod
1392 1387 1716 1453 delectabat,
1742 1396 1800 1441 ut
1828 1388 2172 1443 excluderem

589 1474 736 1541 quod
767 1473 1014 1531 lzedebat.
1041 1477 1190 1531 Adeo
1213 1477 1377 1543 enim,
1404 1476 1573 1533 frater
1595 1479 1960 1545 dilectissime,
1986 1480 2052 1534 de
2073 1488 2176 1534 tuae

588 1563 831 1632 puritate
861 1566 1146 1621 charitatis
1176 1568 1324 1621 onmi
1379 1568 1539 1625 modo
1568 1585 1687 1625 sum
1713 1580 1916 1637 certus,
1944 1580 2004 1626 ut
2034 1571 2077 1626 si
2108 1573 2173 1626 de

586 1668 709 1709 mea
735 1670 860 1725 erga
900 1666 951 1711 te
990 1657 1283 1727 quidquam
1306 1659 1607 1716 credideris
1638 1662 2002 1724 imminutum,
2036 1661 2089 1716 id
2124 1671 2174 1716 te

584 1748 705 1801 sine
732 1747 951 1803 tristitia
984 1749 1067 1804 vel
1093 1750 1333 1821 cogitare
1360 1768 1465 1806 non
1494 1768 1652 1823 posse
1692 1753 1838 1809 nullo
1877 1754 2037 1809 modo
2066 1753 2172 1807 sim

583 1846 787 1894 certus.
856 1840 1138 1907 Quomodo
1189 1844 1354 1912 igitur
1396 1860 1615 1915 possum
1669 1861 1775 1900 non
1807 1845 2173 1900 transferre“

584 1928 735 1983 illum
755 1918 995 1997 dolorem
1018 1933 1073 1987 in
1095 1934 1337 1990 animum
1359 1951 1569 2003 meum;
1604 1937 1685 1991 vel
1708 1938 1887 2007 potius
1901 1939 2171 2008 quomodo

583 2038 691 2077 non
720 2023 896 2078 dicam
934 2024 1084 2080 illum
1116 2027 1390 2084 dolentem
1419 2029 1662 2083 animum
1689 2044 1810 2085 esse
1842 2043 2042 2094 meum,
2076 2032 2168 2100 qui

585 2116 669 2170 sic
694 2115 839 2172 dolet
859 2127 1084 2188 propter
1110 2135 1351 2177 amorem
1383 2122 1598 2177 meum?
1630 2122 1782 2193 Rogo
1820 2122 2009 2193 igitur,
2036 2124 2169 2178 cha-

584 2207 828 2274 rissime,
863 2220 922 2264 nt
952 2212 995 2266 si
1025 2212 1153 2282 quid
1199 2215 1453 2285 deinceps
1494 2216 1734 2271 audieris
1764 2216 1831 2272 de
1881 2231 1990 2285 me,
2024 2219 2167 2288 quod

580 2312 712 2369 erga
740 2308 793 2355 te
819 2309 977 2356 extra
1008 2302 1244 2374 regulam
1280 2306 1529 2361 videatur
1553 2306 1864 2373 cbaritatis,
1901 2323 2008 2363 non
2041 2323 2163 2364 cre-

581 2390 676 2445 dat
713 2391 816 2446 hoc
868 2392 1231 2450 indiscussum
1282 2396 1497 2452 animus
1550 2406 1672 2452 tuus
1725 2397 1863 2453 alter
1888 2414 2061 2467 meus,
2100 2415 2167 2454 ne

579 2480 809 2537 laedatur
835 2484 1051 2540 animus
1084 2502 1237 2542 meus
1286 2488 1425 2544 alter
1480 2496 1625 2545 tuus.
1656 2488 1843 2545 Saluta
1873 2503 2165 2549 exnostra

578 2582 736 2642 parte
756 2589 954 2630 omnes
974 2576 1227 2634 dominos
1254 2594 1405 2636 meos
1429 2580 1631 2637 fratres
1671 2593 1793 2641 tuos
1817 2601 1831 2639 :
1865 2585 2007 2639 inter
2029 2599 2166 2653 quos

576 2664 722 2719 enim
754 2666 961 2721 nullum
993 2669 1239 2726 invenire
1267 2686 1490 2741 possum
1523 2689 1631 2729 non
1654 2675 1936 2741 dilectum,
1968 2690 2036 2730 ex
2060 2675 2165 2731 illis

564 2751 793 2819 nullum
844 2755 1050 2827 eligere
1102 2775 1322 2830 possum
1377 2773 1435 2817 ut
1480 2764 1759 2820 dilectum.
1810 2766 1913 2833 Qui
1983 2775 2162 2821 tamen

566 2843 905 2913 Vdiuturuiori
940 2852 1275 2919 experientia
1301 2854 1422 2920 plus
1452 2865 1629 2911 tecum
1652 2857 1720 2911 de
1746 2872 1865 2911 mea
1890 2857 2162 2913 confidant

578 2935 865 3002 fidelitate,
893 2954 993 2994 nec
1027 2951 1196 3009 tuam,
1228 2960 1327 2999 nec
1349 2945 1565 3002 illorum
1595 2947 1731 3003 latet
1768 2948 2161 3004 sinceritatem.

568 3020 713 3095 '\'ale
742 3038 815 3092 tu,
844 3040 900 3085 et
922 3030 1138 3087 valeant
1171 3033 1267 3088 illi.

1099 3143 1432 3204 EPISTOLA
1468 3148 1540 3204 XI
1576 3148 1644 3205 ”.

1194 3255 1263 3293 AD
1303 3255 1544 3297 EUIDEM.

572 3340 1097 3430 Rodanum-erigit,
1138 3367 1289 3430 quem
1335 3356 1694 3430 praepositum
1739 3357 1946 3426 negotia
1976 3355 2162 3430 αγγε-

643 3422 1214 3494 quentioris__tectionia
1243 3432 1291 3475 et
1331 3426 1586 3494 orationis
1634 3422 2158 3494 opere'rwocabam,

568 3552 573 3557 .
646 3500 691 3541 et
720 3490 809 3555 qui
835 3506 889 3543 se
918 3489 1023 3543 illis
1052 3494 1301 3561 imparem
1322 3493 1623 3562 judicabat.

647 3582 925 3644 ltoourru,
955 3580 1106 3635 fratri
1138 3598 1264 3637 vere
1296 3584 1515 3651 dilecto,
1547 3586 1716 3641 frater
1741 3587 2045 3645 ANSELIIUS.

653 3674 721 3726 Ut
748 3685 847 3725 nec
875 3678 1085 3725 taceam
1116 3673 1284 3727 animi
1315 3672 1510 3729 affectu
1545 3676 1879 3747 admonitus,
1912 3679 2055 3749 quod
2079 3680 2163 3735 di-

576 3778 703 3818 cere
753 3778 859 3817 non
904 3764 1079 3817 audeo
1126 3765 1321 3819 vestris
1368 3765 1565 3823 litteris
1605 3769 1943 3837 prohibitus,
1997 3786 2157 3841 quem

577 3853 729 3908 timui
759 3853 1036 3909 dominum
1068 3870 1245 3910 meum
1276 3870 1466 3912 vocare
1501 3857 1552 3911 in
1576 3858 1924 3924 salutatione,
1948 3861 2159 3917 audebo

575 3945 766 4001 saltem
795 3945 1081 4001 ostendere
1129 3962 1217 4002 me
1266 3963 1483 4002 servum
1517 3947 1633 4017 ejus
1662 3950 1716 4004 in
1756 3952 1997 4018 epistolae
2036 3969 2160 4023 pro-

571 4038 869 4093 secutioue.
910 4037 964 4092 In
994 4055 1157 4108 quam
1195 4040 1340 4094 enim
1372 4041 1640 4095 charitate
1684 4043 1847 4113 diligo
1881 4044 2159 4099 dominum

572 4126 865 4182 Rodulfum
897 4138 953 4182 ut
980 4128 1203 4183 fratrem
1239 4145 1371 4184 meae
1403 4147 1505 4184 non
1552 4133 1753 4197 carnis,
1797 4135 1893 4188 sed
1924 4136 2118 4191 anima:
2140 4178 2155 4202 ,

568 4219 625 4285 iu
674 4219 790 4288 ipsa
859 4219 1035 4274 eidem
1112 4223 1320 4275 servire
1366 4234 1589 4292 paratus
1655 4239 1799 4290 sum,
1852 4235 1910 4281 ut
1942 4241 2154 4283 servus.

572 4309 913 4381 Quapmpter
934 4312 981 4366 si
1022 4312 1125 4368 hoc
1157 4328 1244 4368 me
1282 4313 1487 4382 jubetis
1523 4325 1725 4382 tacere,
1758 4318 1901 4387 quod
1946 4320 2153 4389 utique,

574 4412 635 4455 ut
659 4418 727 4455 ex
751 4405 1082 4459 conscientia
1109 4405 1321 4475 loquar,
1350 4407 1479 4460 mihi
1512 4408 1644 4463 estis
1673 4423 1741 4463 ex
1788 4426 1997 4464 mormn
2024 4428 2154 4481 qua-

2282 582 2348 621 en
2370 565 2614 634 juvaute,
2650 576 2832 620 nostra
2855 564 3208 628 cohabitatio,
3232 574 3293 618 ut
3318 573 3428 619 tota
3458 565 3516 618 in
3542 566 3651 619 vita
3680 579 3864 623 nostra

2282 659 2354 713 sit
2385 658 2456 711 illi
2501 657 2804 728 gratiarum
2854 657 3016 710 actio.
3067 655 3337 722 Quoniam
3385 664 3569 710 autem
3618 671 3861 727 necego,

2282 763 2383 803 uec
2417 756 2471 801 tu
2504 746 2673 802 nostri
2706 762 2914 807 sumus,
2961 746 3069 800 sive
3108 747 3245 800 enim
3282 746 3523 809 vivimus,
3564 748 3673 802 sive
3709 749 3864 801 mari-

2281 856 2419 904 mur,
2458 838 2671 893 Domini
2694 856 2873 893 sumus
2908 837 3087 907 (Rom.
3129 853 3241 903 xlv,
3268 838 3355 908 8);
3382 838 3427 891 si
3472 837 3658 903 aliter,
3702 854 3863 907 quam

2281 932 2531 997 velimus,
2587 932 2917 1004 disposuerit
2956 946 3075 995 nos,
3126 930 3219 1000 qui
3266 931 3413 985 novit
3442 930 3640 985 melius
3689 932 3860 998 nobis,

2280 1020 2406 1091 quid
2441 1021 2650 1088 placeat
2682 1021 2806 1085 sibi,
2845 1021 2929 1075 vel
2959 1017 3207 1091 expediat
3261 1019 3413 1074 nobis
3434 1062 3447 1081 .
3483 1020 3755 1089 patienter
3788 1030 3862 1075 to-

2282 1111 2518 1165 leremus
2539 1110 2803 1180 quidquid
2844 1109 2919 1163 illi
2950 1111 3015 1165 de
3046 1109 3202 1164 nobis
3244 1108 3584 1164 senserimus
3621 1107 3861 1177 placere,

2280 1204 2323 1258 si
2360 1201 2630 1256 noluimus
2657 1202 2755 1272 ipsi
2807 1218 2905 1257 nos
2943 1200 3256 1269 displicere.
3289 1197 3459 1264 Quam
3495 1198 3641 1271 enim
3683 1198 3865 1253 brevis

2278 1308 2360 1352 est
2387 1300 2493 1352 vita
2530 1306 2740 1363 nostra,
2767 1305 2875 1349 tam
2904 1294 3068 1364 prope
3087 1303 3189 1353 est.
3221 1278 3278 1345 ut
3309 1294 3374 1347 de
3407 1292 3574 1361 ipsius
3594 1302 3651 1346 et
3679 1300 3863 1345 nostra

2280 1399 2463 1444 mutua
2502 1389 2789 1461 praesentia
2813 1387 2925 1458 jam
2976 1402 3083 1440 non
3112 1385 3343 1454 amplius
3386 1382 3687 1438 divellenda
3735 1398 3865 1438 con-

2276 1483 2643 1552 gratulentur;
2678 1483 2746 1549 si,
2775 1481 2893 1550 ipso
2934 1480 3114 1541 dante,
3149 1478 3202 1530 in
3243 1478 3495 1531 omnibus
3537 1475 3610 1530 illi
3646 1476 3863 1543 acquie-

2276 1573 2476 1627 sceudo
2505 1572 2648 1627 hanc
2673 1572 2843 1642 ipsam
2868 1562 3207 1623 brevitatem
3224 1576 3603 1621 transcurrere
3630 1565 3863 1619 Vilaacu-

2278 1681 2487 1720 remus.
2519 1665 2741 1720 Interim
2769 1672 2951 1717 tamen
2980 1673 3317 1729 quaecunque
3344 1673 3443 1714 nos
3474 1657 3750 1721 locorum,
3781 1658 3861 1712 vel

2279 1759 2650 1829 pr0pinquitas
2702 1758 3001 1821 contineat,
3032 1755 3114 1809 vel
3159 1750 3526 1821 longinquitas
3574 1750 3859 1822 distineat,

2278 1848 2521 1903 charitas
2561 1864 2781 1919 semper
2830 1831 2996 1902 unum
3050 1845 3115 1899 de
3173 1841 3384 1896 duobus
3431 1841 3589 1895 nobis
3619 1842 3859 1895 animum

2274 1940 2545 1995 conficiat.
2582 1940 2665 1996 Ad
2703 1941 2830 1995 illud
2862 1955 2989 1993 vero
3016 1937 3157 2008 quod
3183 1948 3268 1988 me
3300 1944 3407 1987 tam
3444 1935 3676 1990 sollicite
3703 1950 3860 2003 regas

2274 2031 2567 2101 impetrare
2591 2032 2660 2085 ab
2688 2030 3099 2101 archiepiscopo
3130 2029 3457 2092 Lanfranco,
3492 2043 3617 2081 cum
3650 2026 3716 2080 de
3745 2026 3858 2079 Au-

2271 2123 2376 2193 glia
2408 2124 2619 2178 venerit
2643 2123 2687 2178 si
2726 2137 2936 2177 mecum
2972 2137 3093 2177 esse
3116 2136 3219 2175 non
3263 2119 3468 2190 poteris
3492 2160 3509 2185 ,
3556 2117 3859 2187 respondeo

2270 2216 2398 2286 quia
2452 2216 2595 2271 sicut
2624 2216 2691 2270 de
2729 2224 2779 2270 te
2804 2214 2948 2284 quod
3001 2214 3111 2268 Deo
3153 2212 3364 2283 gratius
3390 2218 3445 2264 et
3491 2208 3585 2264 tibi
3618 2208 3859 2277 intelligo

2271 2306 2456 2361 utilius
2487 2306 2765 2371 desidero,
2811 2305 2884 2359 ita
2930 2302 3175 2359 conabor
3208 2311 3268 2357 ut
3295 2303 3410 2366 fiat,
3446 2301 3496 2356 si
3526 2311 3741 2370 potero.
3776 2300 3859 2352 ln-

2270 2396 2427 2449 terim
2452 2394 2719 2463 hilariter,
2742 2395 2885 2465 quod
2914 2394 3051 2465 agis,
3079 2407 3216 2465 age:
3247 2394 3391 2464 quod
3418 2391 3691 2462 operaris,
3723 2403 3859 2459 ope-

2271 2501 2428 2542 rare:
2459 2487 2678 2541 hilarem
2708 2489 2842 2540 enim
2873 2486 3110 2541 datorem
3138 2486 3308 2555 diligit
3337 2485 3475 2537 Deus
3500 2482 3582 2552 (II
3609 2484 3733 2535 Cor.
3757 2484 3855 2549 ix).

2267 2579 2421 2646 Quod
2451 2593 2581 2633 vero
2612 2594 2712 2651 per
2740 2579 2842 2634 hoc
2862 2578 3003 2647 quod
3029 2578 3167 2649 agis,
3200 2576 3555 2647 conquereris
3584 2590 3613 2628 a
3645 2574 3861 2653 legendi

2266 2670 2351 2725 vel
2378 2670 2568 2725 orandi
2621 2679 2671 2725 te
2702 2669 2985 2739 przepediri
3039 2669 3297 2723 instantia
3326 2710 3341 2734 ,
3378 2668 3449 2721 sit
3488 2666 3586 2721 tibi
3618 2666 3721 2720 hoc
3755 2682 3859 2719 non

2266 2762 2477 2817 modica
2508 2761 2833 2824 consolatio,
2863 2761 2988 2830 quia
3014 2760 3246 2814 charitas
3275 2757 3438 2828 operit
3463 2756 3861 2809 multitudinem

2264 2864 2597 2925 peccatorum
2619 2852 2671 2926 (ι
2732 2851 2876 2907 Petr.
2903 2869 2974 2917 tv,
3009 2851 3086 2922 8).
3113 2850 3169 2905 lu
3196 2866 3305 2921 quo
3343 2848 3491 2905 enim
3524 2857 3579 2904 tu
3610 2848 3859 2903 retrahe-

2267 2946 2361 3007 ris,
2393 2943 2531 2998 alius
2568 2942 2888 3007 attrahitur;
2925 2942 2979 2996 in
3010 2956 3119 3011 quo
3151 2949 3203 2995 tu
3234 2940 3511 3003 curvaris,
3566 2939 3708 2992 alius
3748 2938 3858 2993 eri-

2265 3036 2444 3107 gitur;
2510 3036 2562 3089 in
2620 3048 2729 3104 quo
2809 3044 2863 3088 tu
2926 3032 3210 3104 gravaris,
3262 3030 3400 3085 alius
3485 3039 3760 3101 portatur.
3799 3028 3863 3083 Et

2187 3158 2235 3220 ο
2267 3138 2544 3185 memento
2572 3129 2700 3199 quia
2746 3139 2960 3191 servus,
2989 3126 3078 3196 qui
3112 3139 3312 3180 vacuus
3340 3126 3559 3179 domum
3587 3123 3863 3188 redit,ve-

2264 3221 2435 3277 lucius
2452 3220 2654 3285 currit;
2682 3219 2778 3276 sed
2808 3226 3035 3273 onerato
3063 3217 3254 3271 domus
3284 3223 3394 3271 tota
3447 3214 3623 3269 laetior
3665 3228 3863 3269 occur.

2265 3313 2354 3367 rit.
2392 3311 2503 3366 Nec
2531 3310 2654 3381 quia
2684 3309 2892 3364 tardius
2918 3308 3141 3370 venit“,
3161 3323 3189 3361 a
3219 3321 3493 3377 quoquam
3520 3306 3858 3375 corripitur;

2262 3402 2359 3458 sed
2433 3402 2558 3471 quia
2607 3399 2812 3455 utiliter
2864 3406 2947 3453 est
3005 3397 3279 3467 fatigatus,
3323 3396 3611 3466 quiescere
3659 3396 3859 3464 praeci-

2262 3495 2428 3565 pitur.
2480 3494 2536 3548 Si
2570 3507 2701 3548 vero
2732 3492 2868 3547 dicis
2906 3491 3029 3561 quia
3067 3491 3311 3561 injuncto
3342 3489 3437 3543 tibi
3494 3486 3670 3542 ofﬁcio
3712 3496 3859 3541 stre-

2262 3588 2465 3653 nuitas,
2520 3585 2605 3640 vel
2658 3584 3063 3653 industria_tua
3108 3598 3214 3636 non
3240 3579 3440 3635 sullicit
3477 3620 3493 3645 ,
3551 3580 3860 3648 respondeo

2262 3683 2559 3739 secundum
2592 3689 2739 3736 tuam
2763 3679 2828 3735 de
2855 3688 2904 3732 te
2927 3677 3405 3737 existimationem,
3425 3691 3530 3730 non
3555 3675 3857 3728 secundum

2262 3790 2459 3837 meam,
2496 3774 2623 3841 quia
2654 3786 2753 3825 nec
2779 3770 2972 3825 oculus
2997 3769 3175 3838 lippus
3215 3778 3268 3821 et
3308 3766 3463 3821 solus
3489 3766 3543 3820 iu
3571 3767 3861 3834 capitevi-

2262 3867 2421 3923 dendi
2444 3865 2677 3921 olIicium
2712 3863 2930 3933 explere
2954 3861 3151 3918 sutIicit
3172 3902 3187 3926 ,
3221 3868 3275 3915 et
3307 3868 3488 3915 tamen
3516 3858 3587 3913 ab
3614 3874 3679 3913 eo
3710 3858 3860 3927 quod

2263 3966 2487 4028 postest,
2514 3957 2640 4026 quia
2672 3954 2817 4010 solus
2842 3955 2892 4007 id
2917 3955 2971 4008 in
2995 3968 3093 4008 suo
3108 3967 3335 4022 corpore
3364 3960 3568 4021 potest,
3589 3967 3697 4004 non
3722 3951 3861 4004 deti-

2261 4049 2362 4101 cit.‘
2380 4046 2645 4113 Quoniam
2676 4059 2804 4098 vero
2827 4044 2944 4114 jam
2981 4044 3196 4098 modum
3237 4041 3453 4097 excedit
3481 4041 3747 4109 epistola,
3790 4050 3854 4094 et

2260 4139 2364 4192 alia
2387 4153 2507 4207 quae
2533 4137 2821 4207 scripsisti,
2847 4135 2965 4205 plus
2987 4143 3149 4204 egent
3169 4133 3463 4203 colloquio,
3515 4149 3682 4200 quam
3710 4134 3857 4186 serio

2260 4229 2851 4300 ptura,quaabundaut
2874 4227 3013 4282 sacri
3038 4226 3160 4281 libri
3187 4240 3202 4279 :
3226 4240 3288 4279 ea
3314 4224 3532 4278 interim
3556 4224 3669 4277 Deo
3684 4222 3860 4276 fiden-

2262 4331 2343 4377 ter
2364 4321 2791 4383 committentes,
2820 4328 2875 4374 et
2899 4317 3131 4373 assiduis
3159 4315 3501 4373 orationibus
3516 4330 3860 4385 prosequar

2262 4423 2363 4479 tes,
2392 4411 2720 4481 colloquium
2753 4404 2869 4481 pari
2899 4418 3026 4464 voto
3053 4418 3453 4479 exspectemus,
3480 4418 3538 4462 et
3565 4406 3858 4478 epistolam

572 4491 753 4556 litate,
785 4494 868 4547 vel
889 4494 991 4549 hoc
1018 4496 1149 4550 mihi
1189 4496 1353 4573 liceat
1376 4500 1648 4568 confiteri,
1680 4504 1823 4573 qno‘d
1853 4504 2002 4559 vobis
2032 4521 2152 4561 sum
2184 4500 2231 4558 Ι)
2259 4502 2535 4559 communi
2568 4515 2833 4557 consensu
2863 4499 3239 4555 terminemus.
3298 4560 3301 4561 ν

568 4598 640 4649 ex
664 4582 841 4651 prima
881 4584 1183 4641 voluntate.
1214 4569 1417 4642 Taceat
1459 4591 1627 4659 igitur
1668 4569 1839 4648 frater
1868 4596 2155 4652 Anselmus

571 4672 793 4729 domino
817 4690 916 4731 suo
937 4675 1189 4743 Rodulfo,
1218 4687 1274 4732 et
1303 4677 1492 4749 loquar
1517 4680 1676 4738 fratri
1706 4685 1938 4741 Rodulfo
1966 4703 2155 4745 servus

572 4780 705 4823 suus
729 4768 1017 4827 Anselmus
1047 4770 1113 4825 δυ.
1146 4770 1406 4836 Litteras,
1448 4774 1622 4832 frater
1665 4778 2007 4845 charissime,
2048 4790 2151 4836 tua:

569 4858 860 4917 charitatis
888 4863 1096 4934 accepi,
1146 4878 1203 4918 et
1226 4865 1279 4919 in
1308 4864 1414 4919 illis
1443 4866 1769 4924 desiderium
1800 4887 1979 4926 meum
2025 4871 2146 4943 legi.

572 4957 727 5024 Quod
749 4960 899 5016 enim
924 4970 977 5015 te
1009 4962 1253 5021 charitas
1286 4974 1439 5023 tanto
1464 4967 1735 5023 desiderio
1761 4972 2062 5037 succendit,
2095 4980 2155 5025 ut

570 5050 882 5123 ubicunque
920 5069 1193 5123 maneam,
1224 5067 1280 5114 tu
1317 5060 1393 5115 sis
1434 5076 1680 5127 mecum;
1721 5061 1860 5116 idem
1900 5071 1984 5118 est
2011 5064 2154 5133 quod

569 5155 669 5197 cor
695 5158 875 5199 meum
910 5145 1128 5218 ﬂagrat,
1174 5158 1234 5204 ut
1288 5151 1598 5225 ubicunque
1647 5154 1748 5208 sim
1796 5169 1919 5224 ego,
1976 5152 2152 5208 vivam

560 5240 775 5289 .teeum.
807 5234 877 5291 Et
902 5246 963 5291 ut
986 5246 1047 5293 tu
1080 5240 1225 5311 petis
1253 5257 1282 5295 a
1317 5256 1403 5298 me
1439 5242 1758 5309 consilium,
1788 5252 1848 5298 ut
1879 5244 1955 5298 ita
1981 5244 2154 5313 possit

570 5336 713 5390 €566.
740 5324 819 5382 Sic
847 5341 950 5400 ego
994 5345 1024 5384 a
1074 5332 1187 5388 Deo
1228 5348 1424 5404 precor
1464 5336 1747 5403 auxilium,
1774 5346 1834 5393 ut
1859 5337 2016 5396 aliter
2043 5352 2152 5392 non

2807 4592 3141 4649 EPISTOLA
3178 4591 3289 4644 XII.

2818 4702 2882 4738 AD
2922 4698 3289 4738 LANFBANCU“.

2649 4777 2862 4832 Cratius
2889 4779 2993 4848 agit
3032 4785 3095 4830 de
3129 4777 3450 4829 muneribus.

2330 4872 2557 4930 Domino
2604 4871 2924 4937 reverenda,
2977 4869 3128 4924 Patri
3191 4866 3491 4937 diligendo,
3550 4866 3862 4923 venerabili

2260 4968 2691 5038 archiepiscopo,
2724 4966 3063 5030 LANl-‘BANCO,
3120 4961 3290 5017 frater
3315 4961 3605 5015 ANSBLIUS
3624 4974 3781 5016 suus.

2330 5060 2550 5117 Gratias
2590 5076 2815 5132 magnas
2849 5058 2985 5114 dicit
3034 5057 3185 5112 vobis
3238 5056 3466 5126 epistola
3519 5064 3709 5111 nostra
3748 5068 3866 5125 pro

2262 5153 2472 5223 magnis
2502 5152 2818 5207 muneribus
2844 5163 2965 5219 qua:
3013 5147 3353 5216 suscepimus
3386 5147 3454 5201 de
3507 5156 3691 5200 vestra
3729 5143 3863 5197 lar-

2257 5243 2457 5313 gitate;
2498 5242 2594 5298 sed
2624 5240 2782 5297 valde
2811 5237 3047 5308 majores
3082 5238 3134 5292 iu
3167 5236 3354 5292 cordis
3380 5251 3508 5291 arca
3530 5236 3687 5292 vobis
3724 5249 3865 5291 ser-

2260 5351 2584 5407 vamus,pro
2607 5331 2905 5403 majoribus
2929 5346 3049 5401 quae
3076 5338 3324 5401 prompta
3354 5329 3563 5385 scimus
3581 5329 3636 5383 in
3659 5339 3864 5383 vestra

1874 5473 2109 5532 VARIIE
2138 5471 2431 5529 LECTION
2442 5471 2544 5527 ES.

646 5594 688 5681 ξ
718 5594 1129 5681 ῌργθρίξιομτὶε
1148 5616 1369 5681 ms._pec
1381 5604 1686 5681 epistolaris
1758 5607 1803 5681 ξε
1824 5606 1992 5681 Igitur
2013 5620 2119 5662 non
2147 5606 2442 5662 transferre
2459 5622 2556 5660 ms.
2575 5605 2741 5681 igitur
2753 5618 2984 5681 possunt
2995 5618 3113 5681 non
3142 5603 3445 5681 transferre
3520 5603 3577 5637 δ’
3597 5602 3730 5657 Cm
3754 5621 3863 5681 ςσ-

574 5659 696 5736 dent
725 5659 1011 5736 exemplari
1050 5686 1145 5727 ms.
1177 5671 1369 5726 collata
1415 5659 1488 5706 ’⁵⁸
1517 5659 1719 5734 Servus
1757 5659 2185 5735 Αιὶὲειὴίιιῖἦιιζ
2203 5659 2401 5734 servus
2423 5659 2562 5733 suus
2596 5659 2890 5731 Ἁιιεείιιιιιε
2966 5676 3008 5705 ⁸¹
3052 5674 3279 5729 Tardius
3323 5674 3469 5729 venit
3501 5690 3601 5729 ius.
3654 5678 3866 5729 tardus

574 5729 724 5787 venit
