4056 6302
232 384 235 387 _
267 302 399 391 ιρι-ι

265 506 620 577 benignitatis
649 508 1000 571 cxundantia,
1038 518 1187 565 tanta
1206 525 1365 566 servo
1401 520 1584 567 vestro
1604 509 1853 576 alliuant‘;

267 602 397 657 satis
427 599 601 655 claret
625 610 832 669 quanta
858 601 1134 671 opulentia
1174 617 1234 657 se
1266 601 1533 674 benignus
1562 619 1627 659 ex
1664 603 1856 659 intimo

266 702 446 747 vester
470 692 694 748 allectus
724 691 1044 758 cﬁ‘underet,
1069 694 1113 749 si
1145 708 1250 764 qua
1281 694 1463 751 dilecti
1493 697 1682 762 vestri,
1712 696 1855 767 quod

226 792 237 853 ῖ
267 799 371 839 non
400 785 747 855 impudenter
773 801 875 841 nec
901 786 1218 855 inexpertus
1240 786 1383 853 dico,
1411 788 1708 844 necessitas
1738 788 1855 843 exi-

266 885 437 944 geret.
474 874 583 930 Nec
616 876 718 931 hoc
748 876 890 937 dico,
933 876 1087 946 quasi
1129 893 1356 933 munera
1394 878 1618 948 praefata
1666 887 1858 934 vestra:

269 966 620 1037 puternitatis
652 965 907 1022 allectum
938 982 1063 1039 erga
1094 982 1180 1022 me
1211 984 1356 1025 nunc
1382 969 1614 1039 primum
1647 985 1732 1025 me
1763 969 1858 1025 do-

230 1120 235 1125 _
264 1066 426 1115 ceant
449 1058 783 1131 intelligere;
817 1061 911 1116 sed
945 1062 1204 1131 quoniam
1235 1061 1551 1132 ignoranter
1588 1070 1850 1132 quantum

266 1149 332 1204 de
370 1164 433 1205 ea
464 1149 738 1205 conﬁdere
766 1150 1013 1218 debeam,
1046 1152 1173 1207 hinc
1202 1152 1405 1222 possim
1429 1166 1495 1207 ex
1522 1165 1677 1224 parze
1701 1154 1853 1210 colli-

265 1253 415 1307 gere.
442 1237 796 1309 Nequaquam
847 1240 995 1299 enim
1040 1242 1110 1297 ad
1158 1241 1379 1313 plenum
1426 1242 1855 1301 benevolentiam

266 1339 502 1384 vestram
531 1328 817 1386 ostenditis
840 1345 935 1399 per
960 1331 1185 1402 pallium
1207 1342 1262 1390 et
1283 1349 1496 1399 aurum,
1518 1335 1582 1389 de
1604 1349 1670 1390 eo
1695 1350 1854 1406 quem

266 1431 421 1478 arcte
451 1420 681 1491 diligitis
710 1437 871 1492 super
917 1423 1137 1493 pallium
1171 1434 1227 1482 et
1260 1442 1476 1482 aurum.
1502 1425 1655 1493 Quod
1684 1442 1856 1495 quan-

266 1526 430 1579 quam
464 1526 560 1566 vos
599 1526 705 1566 non
762 1511 979 1584 ingrato
1030 1515 1217 1572 facere
1247 1518 1385 1573 bene
1428 1517 1638 1581 sciatis,
1672 1528 1855 1573 tamen

266 1616 376 1655 nun
406 1600 554 1669 piget
596 1615 682 1654 me
704 1601 975 1668 scribere,
1001 1604 1127 1674 quia
1154 1606 1255 1660 hoc
1295 1613 1442 1675 opto,
1470 1604 1709 1675 optando
1734 1620 1851 1668 oro,

265 1695 473 1746 orando
494 1707 761 1762 propono,
807 1703 869 1748 ut
914 1710 1193 1764 nunquam
1242 1696 1293 1750 id
1319 1695 1597 1751 immerito
1618 1695 1853 1760 faciatis.

1582 304 1709 379 LIB.
1758 305 1799 371 ι,
1839 303 2055 363 εριδτ.
2103 308 2234 364 χιιι.

266 419 408 473 bona
440 414 740 479 voluntate.
773 415 909 474 Cum
931 414 1076 474 enim
1104 433 1169 473 ex
1200 415 1315 474 sola
1338 426 1636 488 spontanea
1661 428 1856 475 vestrm
1884 421 1931 477 A

3404 312 3541 372 l0'78

2462 419 2794 478 EPISTOLA
2840 423 2949 480 Xlll
2988 426 3054 480 ⁸⁸.

2542 530 2611 568 AD
2662 530 2953 569 GlBARDUU.

2542 530 2611 568 AD
2720 530 2765 569 ιι.
2790 530 2857 568 ιιι)
2939 553 2953 569 .

1960 599 2159 654 Sa'culi
2185 529 2783 676 relinquendicupigmi
2802 524 2972 676 ηιὲιῖει
2994 606 3142 658 adire
3168 606 3546 676 Lanfranctmt,

2170 688 2202 726 α
2234 689 2336 742 quo
2363 673 2597 743 accipiet,
2624 690 2726 743 quo
2748 690 2819 729 te:
2839 674 3068 730 alienum
3096 673 3365 732 dissoluat.

2029 781 2277 839 GIRABDO
2307 784 2613 841 monetario
2641 786 2730 840 de.
2759 785 3069 850 Attrebato.
3103 787 3259 844 fratri
3313 789 3545 854 Ainerti,

1958 874 2159 931 fratrer
2185 877 2470 934 ANSELIUS
2500 878 2755 936 salutem.

2033 968 2372 1025 Venerabilis
2474 971 2918 1044 archiepiscopus
3016 974 3317 1046 Anglorum
3405 973 3547 1030 Lan-

1959 1060 2183 1118 ltancus
2212 1063 2330 1133 (qui
2384 1062 2490 1119 fuit.
2544 1066 2696 1135 prior
2749 1066 2804 1121 in
2856 1077 3044 1124 nostro
3096 1066 3448 1134 monasterio,
3491 1077 3551 1124 et

1957 1151 2129 1206 abbas
2154 1151 2234 1223 (4)
2266 1151 2347 1209 de
2383 1151 2645 1223 Cadomo,
2683 1170 2845 1226 quem
2873 1166 2929 1212 tu
2956 1158 3075 1228 ipse
3095 1168 3156 1214 ut
3183 1166 3315 1229 puto
3332 1152 3547 1224 vidisti)

1955 1244 2125 1315 317A
2157 1258 2330 1315 nuper
2372 1246 2580 1303 audivit
2620 1249 2952 1305 voluntatem
2993 1260 3167 1315 tuam,
3214 1262 3269 1309 et
3315 1251 3547 1323 impedi.

1958 1346 2198 1392 mentum
2234 1347 2405 1393 tuum.
2438 1338 2627 1411 Itaque
2659 1343 2920 1398 sanctitas
2949 1343 3067 1414 ejus
3093 1350 3360 1400 cOmmota
3385 1344 3561 1400 mise-

1957 1426 2167 1481 ratione
2205 1426 2311 1493 tui,
2354 1428 2629 1483 mandavit
2663 1432 2819 1487 nobis
2857 1432 2981 1502 quia
3020 1433 3063 1487 si
3101 1443 3283 1488 certus
3323 1442 3467 1489 esset
3497 1444 3552 1489 te

1956 1525 2244 1571 venturum
2290 1517 2357 1572 ad
2408 1526 2644 1574 nostram
2699 1517 3199 1588 cenversationem,
3249 1522 3404 1578 daret
3454 1523 3569 1578 tibi:

1920 1638 1923 1643 ν
1956 1617 2178 1679 prepter
2207 1610 2372 1665 Deum
2404 1621 2619 1666 centum
2653 1612 2855 1668 solidos
2885 1613 2946 1645 "’
2965 1613 3031 1669 de
3058 1612 3283 1684 Anglica
3312 1604 3550 1680 moneta,

1958 1698 2289 1768 adjutorium
2319 1701 2387 1757 ad
2424 1702 2683 1759 solvenda
2724 1703 2902 1761 debita
2938 1710 3049 1760 tua.
3081 1705 3303 1761 Addidit
3337 1721 3555 1777 quoque

268 1784 346 1838 De
367 1783 621 1848 Girardo,
645 1784 773 1854 quia
806 1794 1031 1855 propter
1052 1787 1221 1841 multa
1254 1788 1433 1843 debita
1465 1802 1497 1842 a
1525 1803 1710 1843 nostca
1731 1804 1858 1843 con-
1890 1777 1932 1836 Β
1960 1793 2109 1862 quia,
2140 1793 2184 1848 si
2224 1808 2448 1850 necesse
2475 1805 2641 1862 esset,
2679 1796 2856 1852 adhuc
2884 1796 3277 1867 aliquantulum
3307 1797 3550 1853 adderet.

264 1877 578 1931 versatione
606 1877 926 1944 retrahitur,
981 1886 1037 1934 et
1063 1880 1128 1934 de
1167 1879 1359 1949 quoid
1396 1880 1539 1949 quod
1585 1879 1640 1933 in
1680 1888 1857 1934 vestra

264 1975 581 2038 promptum
627 1978 747 2025 erat
792 1969 1206 2036 misericordia,
1250 1971 1576 2037 mandastis,
1629 1970 1859 2026 domnus

264 2060 541 2116 Robertus
569 2061 723 2118 vobis
746 2050 894 2119 dicet
916 2064 1045 2133 quid
1069 2064 1199 2119 tuihi
1225 2064 1564 2127 videatur,et
1591 2064 1721 2133 quid
1759 2079 1858 2133 pro

260 2152 629 2222 possibilitate
662 2161 842 2209 vestra
893 2153 1116 2209 fecerim
1170 2162 1228 2209 ut
1290 2154 1639 2226 eleemosyna
1674 2163 1854 2209 vestra

259 2246 607 2316 perﬁciatur.
640 2245 740 2313 Qui
791 2246 834 2302 si
886 2246 955 2301 ad
994 2262 1092 2303 vos
1116 2247 1345 2312 venerit,
1377 2256 1434 2302 et
1481 2247 1623 2303 inter
1667 2262 1765 2302 vos
1802 2254 1859 2301 et

262 2337 449 2406 ipsum
481 2353 651 2407 usque
684 2338 751 2393 ad
781 2353 1053 2392 summum
1086 2338 1212 2393 teris
1240 2338 1491 2395 eﬁ'ectum
1527 2352 1634 2393 non
1660 2354 1860 2395 conve-

262 2430 413 2485 nerit
433 2471 449 2495 ,
484 2431 589 2485 hoc
615 2431 830 2499 postulo
875 2447 977 2503 ego
1026 2447 1219 2488 servus
1246 2441 1423 2487 vester
1446 2431 1859 2487 misericordem

255 2529 507 2575 vestram
540 2520 955 2592 benignitatem,
998 2532 1056 2578 ut
1085 2533 1311 2594 propter
1347 2524 1452 2578 iter
1509 2524 1653 2593 quod
1694 2522 1864 2578 faciat

257 2620 451 2666 vestra
501 2610 696 2668 ﬁducia
742 2623 799 2669 et
836 2624 1023 2671 nostro
1079 2616 1327 2681 consilio,
1368 2615 1489 2685 ejus
1540 2630 1641 2670 nec
1676 2613 1861 2669 debita

260 2713 555 2770 crescant,
621 2720 721 2760 nec
773 2706 960 2763 habita
1008 2707 1359 2776 decrescant,
1408 2722 1508 2763 nec
1562 2722 1630 2763 ex
1678 2707 1863 2763 labore

262 2794 427 2852 dolor
453 2805 508 2852 et
530 2812 733 2855 maeror
773 2807 1112 2857 accrescant.

1962 1886 2301 1956 Quapropter
2341 1888 2533 1946 damus
2572 1888 2667 1944 tibi
2711 1889 2994 1945 consilium
3023 1931 3039 1957 ,
3077 1899 3147 1945 ut-
3182 1904 3344 1961 quam
3392 1889 3553 1944 citius

1960 1978 2163 2050 poteris
2192 1979 2256 2043 ",
2285 1995 2479 2051 pergas
2500 1980 2571 2036 ad
2610 1996 2733 2035 eum
2766 1998 2780 2035 :
2813 1990 2870 2036 et
2896 1982 3266 2051 siquamlibet
3292 1981 3556 2036 securita-

1962 2079 2071 2125 tem
2107 2070 2384 2141 quzcsierit
2411 2086 2441 2125 a
2479 2078 2552 2139 te,
2591 2078 2687 2125 aut
2717 2070 2876 2126 ﬁdem
2917 2079 3085 2139 tuam,
3124 2081 3219 2127 aut
3249 2086 3556 2127 sacramen-

1963 2168 2074 2215 tum
2094 2202 2110 2226 ,
2144 2177 2242 2231 per
2268 2161 2516 2217 eamdem
2547 2160 2917 2223 securitatem,
2951 2160 3033 2216 vel
3063 2160 3554 2231 quomodocumque

1962 2252 2188 2322 jusserit
2225 2267 2432 2322 expone
2472 2252 2520 2307 ei
2555 2260 2818 2322 quantum
2851 2252 3077 2317 debeas;
3122 2261 3176 2307 et
3212 2259 3471 2321 quantum
3503 2261 3557 2304 te

1968 2344 2037 2398 de
2080 2352 2170 2399 tuo
2210 2344 2408 2399 habere
2446 2343 2688 2398 conﬁdas
2712 2383 2726 2409 ,
2762 2352 2817 2399 et
2856 2345 3127 2399 constitue
3165 2344 3213 2398 ei
3264 2342 3554 2398 terminum

1969 2448 2130 2503 quem
2163 2434 2300 2489 bene
2335 2433 2511 2503 possis
2540 2448 2788 2497 servare;
2838 2433 2979 2488 intra
3007 2448 3167 2504 quem
3210 2434 3277 2489 ad
3309 2444 3555 2488 nostrum

1971 2526 2358 2581 monasterium
2399 2523 2585 2580 venias
2619 2539 2683 2579 ea
2730 2524 3030 2581 intentione
3072 2536 3135 2579 ut-
3174 2525 3472 2581 monachus
3510 2525 3575 2557 ⁸⁸·

1973 2618 2071 2671 ﬁas
2100 2618 2171 2673 ibi
2200 2657 2215 2683 ,
2245 2617 2289 2671 si
2328 2625 2535 2672 tantum
2576 2617 2829 2672 misertus
2863 2616 3026 2671 fuerit
3056 2616 3132 2670 tui
3177 2627 3235 2670 ut
3272 2616 3556 2685 pecuniam

1969 2725 2132 2778 quam
2176 2708 2342 2763 debes
2381 2709 2605 2763 reddere
2635 2708 2825 2777 possis.
2860 2707 2937 2762 Ne
2966 2708 3179 2763 dubites
3207 2707 3384 2762 facere
3412 2708 3553 2775 quod

1973 2800 2333 2864 consulimus;
2363 2798 2488 2868 quia
2521 2797 2596 2868 (5)
2629 2797 3166 2854 misericordissimus
3199 2808 3282 2853 est
3310 2797 3448 2853 idcnt
3475 2813 3559 2852 re-

1579 2914 1813 2970 VARIIE
1857 2913 2150 2971 LECTION
2158 2912 2262 2967 ES.

345 3026 393 3099 δέ
441 3026 573 3081 Cum
636 3028 816 3083 eodem
863 3030 1151 3099 exemplari
1202 3046 1301 3085 ms.
1353 3028 1550 3085 collata

1683 3029 1730 3061 ⁵⁸
1789 3028 2008 3084 Certum
2070 3026 2272 3083 solidos
2328 3043 2428 3080 ms.

2523 3035 2739 3081 centum
2792 3025 2993 3080 solidos
3119 3028 3164 3058 5‘
3216 3026 3387 3080 Citius
3445 3039 3539 3094 pu-

266 3097 409 3152 teris
440 3108 539 3153 etc.
576 3115 675 3153 ms.
719 3100 881 3156 citius
928 3096 1162 3172 unquam
1190 3100 1395 3171 poteris
1419 3111 1519 3155 etc.
1594 3101 1640 3132 "
1674 3098 1746 3155 Ut
1781 3100 2075 3155 monachus
2117 3107 2215 3152 etc.
2259 3112 2358 3152 ms.
2411 3105 2463 3151 ut
2508 3096 2576 3151 ibi
2628 3096 2933 3152 monachus
2961 3106 3061 3152 etc.

1493 3252 1781 3311 JOANNIS
1818 3253 1969 3309 PICA
1982 3254 2096 3310 RDI
2135 3254 2365 3313 NOTE.

345 3371 426 3441 (4)
452 3371 526 3425 De
579 3371 833 3426 Cadomo.
864 3369 1232 3441 iEmrendatius
1280 3369 1717 3441 expressiusque
1752 3368 1856 3441 dici
1887 3372 1934 3434 ο
1963 3366 2108 3441 mine
2129 3368 2462 3441 Berenttarii.
2510 3371 2599 3440 qui
2638 3372 2705 3423 de
2756 3371 3110 3425 sacramentis
3156 3368 3343 3441 altaris
3399 3368 3557 3422 aliter

260 3439 684 3511 (luin'pidonum
713 3440 929 3511 Cerialis
956 3439 1050 3494 lib.
1078 3456 1115 3494 ιι
1146 3439 1221 3496 De
1251 3455 1310 3495 re
1338 3439 1573 3506 Gallica,
1605 3439 1861 3511 perioehe

259 3526 379 3583 qua
412 3519 463 3568 ti
491 3513 847 3583 demonstrat.
878 3510 1020 3567 Usus
1068 3519 1248 3565 tamen
1290 3511 1560 3583 potentior
1606 3510 1859 3576 obtinuit,

259 3582 484 3640 liecnon
505 3582 670 3653 vulgi.

303 3653 478 3719 Quem
521 3650 674 3723 penes
702 3653 980 3708 arbitrium
1005 3662 1080 3707 est
1108 3662 1154 3707 et
1172 3652 1265 3722 jus
1288 3662 1341 3723 et
1372 3668 1555 3706 norma
1582 3650 1827 3723 loquendi

971 3721 1234 3793 (House,
1266 3722 1339 3776 De
1361 3734 1470 3776 arte
1490 3733 1651 3793 poet.,
1678 3721 1792 3793 72.)

259 3793 573 3864 auctoritas
604 3792 849 3864 gravior,
887 3802 949 3846 ut
991 3792 1266 3864 congcis_ius
1308 3793 1517 3864 diceres
1542 3792 1862 3864 ACadoutum

258 3880 381 3919 non
403 3860 704 3925 Cadentim,
754 3862 891 3916 utin
919 3862 1103 3929 excusi
1154 3860 1585 3915 Gemnetirensis
1634 3861 1723 3915 lib.
1765 3878 1859 3925 vtt,

257 3936 475 3989 Hister.
511 3930 834 3987 Northman.
880 3931 1077 3985 ducum
1118 3945 1236 4000 cap.
1285 3929 1338 3984 2.
1388 3930 1485 4000 Est
1530 3944 1655 4000 vero
1684 3930 1861 3986 Cado-

257 4019 423 4060 mum
456 4001 866 4059 Northmannia:
901 4000 1155 4070 oppidum
1185 3998 1437 4069 episcopo
1465 3998 1744 4070 Bajocensi
1768 4003 1863 4055 ob-

255 4074 519 4135 noxium,
585 4071 972 4141 academiaque
1028 4086 1132 4141 non
1191 4072 1584 4141 contemnenda
1629 4070 1862 4135 celebre,

257 4145 436 4215 vulgo
465 4142 745 4215 Caen._At_
779 4139 900 4215 hoc
940 4141 993 4215 i_n
1042 4139 1160 4196 loco
1209 4140 1498 4215 Anselmus
1542 4141 1720 4215 posuit
1767 4155 1866 4208 pro

256 4211 607 4269 monasterio
624 4212 683 4268 S.
714 4211 971 4281 Stephani
994 4211 1417 4282 protomartyris
1449 4211 1727 4282 memoria),
1755 4219 1863 4263 sta-

260 4296 393 4339 tuto
420 4323 434 4345 .
484 4299 513 4337 a
562 4280 928 4339 Benedictinis
970 4280 1245 4337 sodalibus
1296 4280 1563 4350 hodieque
1603 4281 1864 4337 babitato.

256 4354 428 4421 Quod
455 4354 672 4424 quidem
710 4351 995 4424 magniﬁce
1017 4352 1226 4407 curavit
1252 4351 1615 4408 condendum.

384 4467 593 4539 Nobilis
616 4467 705 4539 ille
729 4468 918 4522 nothus
945 4468 1116 4539 (quem
1140 4467 1341 4539 pridem
1372 4467 1485 4535 fata
1516 4465 1704 4539 tulere)

385 4538 497 4593 Par
519 4546 629 4592 erat
657 4537 925 4608 Augusto;
956 4536 1206 4608 ‘majestas
1236 4536 1329 4590 illa
1355 4537 1556 4608 subegit

381 4608 599 4679 Anglos,
626 4610 704 4663 sic
731 4606 901 4679 regem
930 4609 1040 4661 dua:
1061 4607 1254 4671 induit,
1283 4606 1440 4662 arbor
1454 4608 1507 4661 in
1538 4606 1700 4662 altum

386 4677 547 4733 Fudit
579 4677 874 4733 radices....

253 4771 447 4842 Elogii
470 4785 565 4825 seu
595 4769 1004 4842 epigrammatis
1029 4768 1136 4842 400
1165 4768 1364 4842 abhinc
1388 4783 1560 4842 annos
1589 4782 1618 4822 a
1648 4766 1864 4842 Rienal-
1898 4747 1949 4810 Ῐ)

256 4837 413 4898 ιειιέἱ
472 4837 739 4910 monacho
787 4838 960 4910 Anglu
1008 4841 1236 4910 scripti,
1261 4849 1318 4894 et
1366 4839 1505 4907 apud
1537 4853 1635 4894 nos
1666 4853 1769 4893 ms.
1798 4837 1866 4892 de

255 4911 571 4967 \Vilhelmo
595 4909 982 4980 Conquzestore
1006 4910 1169 4965 dicto.
1211 4909 1591 4965 Suburbanum
1623 4923 1752 4980 vero
1777 4924 1865 4962 so-

255 4983 410 5045 lum,
438 4981 527 5037 ubi
556 4981 608 5035 id
633 4978 865 5036 abbatize
919 4988 1026 5039 stat
1068 4987 1428 5046 exstructum,
1464 4994 1584 5034 eam
1638 4978 1707 5033 ob
1748 4995 1861 5032 rem

254 5060 506 5107 vocatur
530 5050 758 5107 Abbatis
786 5052 1011 5107 Buraus.
1035 5050 1205 5107 Porro
1232 5052 1374 5107 sacri
1400 5048 1612 5105 aediﬁcii
1641 5063 1860 5104 causam

256 5123 609 5192 liiograplnts
636 5117 929 5178 Lanl‘ranci
956 5123 1161 5177 hancce
1206 5121 1475 5192 producit.
1524 5117 1861 5192 Lanfrancus

258 5208 381 5249 con
412 5190 686 5247 ridicebat
714 5191 915 5261 nupt'is
965 5192 1086 5247 ﬁliae
1111 5190 1328 5247 comitis
1373 5190 1640 5247 Flandrize
1675 5192 1859 5261 (quam

262 5267 398 5333 ipse
418 5262 523 5344 sibi
549 5266 653 5317 dux
685 5259 1034 5344 cepit-laverat
1063 5262 1431 5344 matrimonio)
1460 5263 1586 5344 qu'a
1622 5259 1864 5344 proxima

260 5331 462 5388 carnis
477 5331 1341 5404 cansanguinitutejiungebantur.
1375 5331 1527 5388 Unde
1548 5331 1868 5404 auctoritate

262 5402 513 5459 Romani
542 5400 709 5472 papae'
747 5410 855 5457 tota
911 5400 1159 5457 Neustria
1215 5401 1396 5472 fuerat
1415 5404 1481 5456 ab
1509 5400 1684 5457 ollicio
1712 5400 1869 5472 Chri-

260 5471 574 5529 stianitatis
602 5471 861 5542 Suspensa
895 5481 953 5529 et
1002 5472 1306 5529 interdicta.
1332 5471 1672 5542 Quapropter
1722 5471 1865 5542 Lan-

263 5544 506 5600 francus
542 5540 738 5600 iterum
792 5544 1091 5599 Romanum
1136 5557 1327 5614 papam
1385 5541 1534 5614 adiit,
1553 5540 1670 5614 jam
1707 5540 1867 5614 enim

262 5624 443 5671 antea
475 5616 699 5671 Romam
756 5617 988 5685 patient
1022 5610 1509 5681 causa—cujusdam
1537 5610 1739 5679 clerici,
1773 5626 1870 5665 no-

1962 3438 2368 3509 dogmatizabat
2386 3438 2549 3509 quam
2577 3451 2721 3496 tenet
2741 3441 3001 3495 Ecclesia.
3031 3439 3556 3509 Lanl‘rancusautetu

1964 3507 2325 3580 locutuscum
2354 3507 2488 3579 papa
2526 3510 2747 3567 Nicolao
2793 3511 3032 3566 ostendit
3060 3511 3186 3580 quia
3248 3507 3374 3580 ejus
3428 3524 3557 3563 sea-

1966 3578 2133 3632 tcntia
2168 3579 2288 3634 illos
2320 3578 2528 3636 tantum
2552 3582 2813 3651 gravabat
2835 3581 2925 3651 qui
2957 3594 3050 3635 eos
3077 3578 3559 3651 'necdconjnmte-

1964 3658 2107 3715 rant,
2135 3664 2233 3705 nec
2256 3664 2510 3721 separare
2539 3648 2807 3720 poterant.
2826 3648 2955 3706 Nam
2978 3654 3085 3705 dux
3108 3648 3369 3721 puellam,
3393 3665 3557 3718 quam

1964 3729 2274 3790 acceperat,
2319 3719 2468 3776 nullo
2502 3719 2662 3790 pacto
2700 3722 2974 3779 dimittere
3014 3719 3248 3776 voléhat.
3306 3719 3420 3774 Hoc
3456 3735 3557 3790 au-

1964 3789 2117 3843 diens
2143 3800 2199 3844 et
2238 3807 2422 3845 verum
2480 3789 2601 3846 esse
2658 3792 2945 3846 advertens
2997 3807 3240 3846 summus
3290 3789 3556 3859 pontifex,

1963 3860 2367 3931 dispensatione
2388 3860 2593 3931 habita,
2622 3860 2931 3931 coniugium
2961 3862 3254 3926 concessit,
3279 3875 3345 3913 eo
3374 3869 3555 3931 tamen

1964 3930 2125 3984 modo
2151 3938 2418 3997 quatenus
2460 3930 2578 4000 duit
2616 3939 2669 3984 et
2704 3928 2858 4000 tmir
2891 3930 3008 4000 ejus
3059 3932 3164 3984 duo
3227 3928 3558 4000 monasteria

1963 4009 2366 4063 construerent,
2394 4000 2445 4053 in
2473 3999 2668 4068 quibus
2689 3999 2928 4070 singulas
2945 3999 3389 4069 congregationes
3414 3999 3558 4051 viro-

1964 4085 2084 4125 rum
2111 4079 2203 4124 aut
2232 4069 2517 4124 mulierum
2543 4069 2931 4135 condonarent,
2957 4070 3049 4139 qui
3075 4070 3144 4123 ibi
3172 4071 3258 4123 die
3282 4077 3555 4136 noctuque

1966 4143 2065 4195 sub
2093 4155 2283 4195 norma
2313 4149 2515 4195 sancta:
2545 4140 2819 4209 religionis
2866 4140 2972 4209 Deo
2997 4140 3353 4205 deservirent,
3375 4147 3555 4209 etpro

1966 4212 2139 4266 salute
2193 4226 2382 4266 eorum
2422 4204 2807 4281 supplicarent.
2860 4204 3045 4281 Paruit
3088 4211 3193 4264 dux
3244 4204 3557 4281 apostolica:

1968 4281 2380 4348 dispensationi,
2412 4290 2465 4336 et
2490 4280 2830 4336 aaditicarunt
2851 4280 2955 4335 duo
2981 4280 3307 4335 monasteria
3340 4280 3392 4335 in
3418 4295 3555 4349 pne-

1967 4350 2057 4403 dio
2113 4351 2255 4422 quod
2303 4352 2601 4421 antiquitas
2648 4351 2945 4422 Cadomum
2967 4350 3361 4422 gnuncnpabat;
3421 4351 3551 4415 dux,

1968 4420 2144 4474 unum
2164 4420 2553 4477 monachorum
2605 4423 2655 4475 in
2705 4420 2924 4475 nomine
2959 4420 3017 4475 S.
3062 4422 3319 4488 Stephani
3369 4429 3553 4489 proto-

1970 4491 2226 4561 martyris
2254 4509 2268 4558 ;
2297 4501 2353 4547 et
2375 4508 2513 4546 uxor
2540 4490 2656 4560 ejus
2692 4492 2923 4545 alterum
2974 4490 3440 4546 sanctimonalium
3498 4490 3551 4543 in

1969 4562 2186 4617 nomine
2201 4575 2400 4617 sanctae
2427 4572 2483 4617 et
2512 4562 2759 4617 individua
2789 4562 3088 4616 Trinitatis.

2040 4631 2117 4702 (5)
2149 4630 2668 4687 Misericordissimus
2691 4643 2764 4687 est
2808 4634 2944 4687 idem
2983 4630 3435 4702 reverendissimus
3466 4645 3554 4702 ar»

1975 4700 2351 4773 citiepiswpus.
2429 4702 2575 4757 Sane
2649 4702 2988 4759 Guillitlmus
3066 4700 3553 4773 Mahnesberieusis

1974 4771 2070 4826 lib.
2090 4769 2110 4826 ἰ
2134 4772 2209 4827 De
2232 4769 2410 4843 gestis
2434 4773 2747 4843 pontiﬁcum
2771 4774 3065 4841 Anglorum
3096 4772 3195 4843 hac
3219 4785 3321 4843 una
3355 4769 3553 4843 virtute

2011 4838 2315 4897 otissimuvm
2365 4838 2710 4898 commendat
2766 4838 3127 4899 Lauri-uncum
3186 4840 3269 4893 his
3321 4838 3548 4893 verbis:

2001 4923 2184 4966 nterea
2236 4928 2358 4967 cum
2401 4913 2563 4967 Pater
2598 4912 2937 4967 Lanl‘rancus
2958 4909 3210 4966 omnibus
3257 4908 3551 4963 virtutibus

1970 4980 2230 5037 s'olidaret
2260 4982 2561 5053 ingenium,
2612 4992 2956 5051 componeret
2986 4983 3225 5036 animum
3258 4998 3275 5053 :7
3303 4978 3553 5053 tnm‘clc-

1970 5066 2192 5127 niosyna
2218 5048 2488 5123 pmcipue
2508 5054 2664 5108 aiunt
2685 5048 2803 5123 ejus
2850 5052 3227 5127 prognosticon
3258 5049 3335 5121 (a)
3362 5048 3549 5127 fuisse.

1973 5119 2105 5177 Date
2131 5119 2502 5193 elemosynam,
2552 5132 2601 5178 et
2650 5119 2765 5177 ecce
2801 5119 2976 5177 omnia
3012 5124 3210 5177 munda
3234 5119 3547 5193 matiam,

1970 5195 2088 5257 Quo
2113 5194 2200 5248 ille
2239 5188 2463 5260 accepto
2496 5192 2565 5247 ab
2621 5193 3045 5248 acclamantibus
3095 5193 3250 5249 hilari
3296 5189 3445 5245 vultu
3484 5188 3551 5242 ad

1972 5264 2258 5318 Dominum
2288 5264 2427 5317 dixit
2450 5280 2463 5315 :
2488 5262 2768 5318 Certemus
2794 5278 2921 5333 ergo
2946 5273 3130 5317 mutua
3160 5260 3547 5333 vicissitudine,

1973 5344 2025 5389 tu
2050 5336 2248 5397 dando,
2288 5347 2389 5403 ego
2426 5333 2813 5402 dispertiendo.
2836 5329 3135 5403 Respondit
3167 5332 3403 5403 cmlestis
3433 5329 3551 5399 pie-

1974 5417 2055 5459 tas
2082 5403 2441 5473 praedicabilis
2471 5404 2569 5458 viri
2620 5413 2769 5469 voto,
2812 5402 3205 5473 al'lluebautque
3245 5402 3346 5456 sibi
3400 5404 3556 5473 tanta

1972 5469 2098 5543 qua;
2118 5473 2523 5543 quantumlibet
2553 5472 2814 5528 ambitum
2846 5483 3065 5543 possent
3087 5469 3304 5543 explere
3354 5478 3410 5543 et
3437 5469 3549 5543 vin-

1974 5540 2384 5614 cere.Neciille
2407 5544 2589 5614 segnis
2624 5554 2744 5600 erat
2798 5540 2861 5599 in'
2904 5540 3198 5613 eroganda,
3258 5540 3555 5595 avaritiam

1974 5613 2237 5670 familiare
2266 5613 2633 5684 Lougobardis
2658 5615 2851 5672 vititun
2898 5632 2964 5672 ex
2987 5630 3081 5671 sua
3137 5625 3361 5698 persona
3418 5622 3551 5698 pro»

353 5706 579 5773 (niuem
600 5709 894 5760 notatBeee.
944 5708 1124 5759 Chron.
1153 5707 1531 5770 Prognostica,
1574 5720 1691 5759 vere
1716 5707 1840 5759 illud
1897 5707 2239 5771 Christi,t.uc.
2267 5721 2311 5755 χι
2358 5711 2431 5758 tt.
