4056 6302
456 343 460 346 η
497 278 647 336 1οΊ9

1023 280 1081 336 s.
1119 282 1416 338 ANSELMI
1463 283 1813 340 cuman.
1855 260 2358 338 ARClllEP.OPP.
2393 259 2812 370 3PARSlll.-—
2842 276 3223 370 erasmus.

3631 275 3779 332 ιοεο

505 396 775 448 verendus
805 394 1270 463 archiepiscopus,
1303 405 1359 450 et
1397 399 1666 467 prtecipue
1691 413 1820 468 erga
1855 398 2158 459 saiutemA
2189 393 2380 464 diligas
2409 408 2518 458 me,
2548 369 2721 462 quam
2741 369 3012 462 teipsuin,
3049 376 3120 445 ita
3156 405 3258 460 ego
3281 369 3332 421 "5
3361 370 3555 445 studeo
3584 398 3644 444 ut
3671 399 3784 445 non

507 484 837 552 animarum,
863 493 917 539 et
943 493 1026 540 est
1042 485 1203 541 valde
1229 487 1442 543 deditus
1465 488 1844 561 eleemosynis,
1873 497 1926 543 et
1947 489 2093 542 suill-

505 571 716 652 cienter
729 573 964 627 abundat
981 588 1118 628 auro
1129 582 1186 629 et
1200 586 1445 644 argento.
1462 576 1530 631 Et
1550 579 1596 632 si
1616 584 1824 632 tantum
1845 564 2094 639 debes,ut

509 664 604 717 tibi
633 665 764 718 nolit
785 673 991 718 tantum
1019 665 1148 719 dare
1172 667 1266 721 tibi
1290 666 1354 738 [Ῑ.
1381 669 1508 722 add.
1541 669 1712 741 quod}
1743 653 1887 724 ad'te
1913 669 2092 723 exsol-

455 821 459 828 ι
505 751 736 816 vendunt
765 751 1000 815 sufllciat
1023 793 1039 817 ,
1064 757 1196 812 certi
1231 755 1574 826 sumus‘quia
1609 759 1840 828 primum
1873 768 2094 829 propter

506 839 702 905 Deum,
721 840 914 896 deinde
934 855 1153 912 propter
1171 856 1412 900 nostrum
1429 861 1692 910 amorem,
1711 842 2096 916 qui-confiden-

503 940 590 1002 tes
606 930 654 962 ⁵⁸
669 931 736 986 de
758 931 878 1001 ejus
897 949 1088 1003 magna
1107 935 1478 992 misericordia
1505 939 1697 993 damus
1712 934 1808 993 tibi
1833 940 1935 994 hoc
1957 955 2060 994 con
2077 969 2093 981 -

460 1063 464 1068 .
503 1018 706 1087 silium,
729 1029 937 1092 tantum
971 1023 1064 1078 tibi
1097 1025 1264 1089 dabit,
1283 1032 1343 1080 ut
1369 1027 1422 1082 in
1455 1027 1634 1083 eundo
1661 1028 1726 1082 ad
1754 1042 1878 1082 eum
1907 1043 2014 1083 non
2035 1037 2096 1083 «te

503 1113 767 1182 paniteat
787 1115 870 1170 vel
896 1115 1195 1184 laborasse,
1223 1117 1308 1173 vel
1337 1118 1540 1188 aliquid
1565 1120 1905 1188 expendisse.
1933 1118 2096 1174 Porta

458 1267 460 1270 ν
493 1204 669 1284 etiam
705 1205 784 1261 illi
827 1207 924 1276 bas
957 1207 1202 1275 litteras,
1240 1219 1299 1264 ιιι
1335 1211 1460 1267 sint
1489 1209 1583 1265 tibi
1624 1210 1684 1264 in
1724 1212 2095 1270 testimonium
2155 1222 2158 1225 ‘

457 1359 460 1362 ,
503 1295 764 1365 quianos
802 1305 856 1353 te
897 1299 1164 1355 mittimus
1195 1301 1264 1354 ad
1297 1301 1468 1356 illum.
1501 1301 1560 1356 Si
1597 1311 1776 1356 autem
1812 1311 1866 1357 te
1893 1303 2098 1371 poteris

505 1400 537 1437 a
568 1385 766 1442 debitis
798 1387 1098 1455 exsolvere,
1135 1389 1222 1444 fac
1250 1401 1311 1445 ut
1343 1391 1593 1447 dominus
1629 1391 1967 1462 Engelardus
1997 1394 2100 1450 hoc

504 1474 677 1542 sciat;
712 1488 766 1534 et
803 1487 897 1544 ut,
934 1496 1057 1534 cum
1095 1483 1306 1536 venerit
1345 1483 1411 1536 ad
1447 1497 1547 1539 nos
1570 1522 1586 1548 ,
1623 1484 1714 1538 det
1756 1484 1849 1539 tibi
1882 1485 2097 1554 aliquod

505 1567 744 1636 signum,
770 1584 876 1638 quo
893 1571 1164 1640 possimus
1183 1586 1477 1642 agnoscere
1498 1589 1620 1629 eum
1644 1575 1740 1630 tibi
1763 1589 1885 1631 esse
1905 1584 2098 1632 testem

506 1661 633 1728 quia
656 1662 732 1716 sis
753 1663 1052 1720 exsolutus.
1077 1665 1155 1721 Ne
1176 1668 1404 1727 moreris
1427 1667 1608 1724 facere
1628 1671 1769 1740 quod
1794 1667 2096 1726 monemus.

2193 483 2380 548 majori
2420 479 2659 551 tempere
2700 497 2878 536 amem
2923 491 3008 544 te,
3046 495 3208 549 quam
3239 479 3526 549 meipsum.
3561 478 3781 551 Siplus

2191 572 2386 642 exi-gis,
2428 581 2580 627 certe
2612 587 2710 627 nec
2735 573 2914 626 minus
2945 572 3100 637 volo,
3133 587 3232 626 nec
3259 571 3377 642 plus
3405 587 3648 640 possum.
3680 571 3784 627 De-

2195 666 2355 729 nique
2382 667 2634 736 impetret
2668 667 2797 721 mihi
2825 667 3031 720 orando
3056 680 3208 732 amor
3235 673 3356 721 tuus
3379 673 3438 719 ut
3465 680 3551 719 me
3580 674 3789 731 autem,

2193 765 2452 823 quantum
2480 739 2739 825 expedit;
2771 765 2828 811 et
2854 755 3061 810 amabit
3092 765 3146 811 te
3173 764 3384 810 amator
3407 764 3553 818 tuus,
3581 764 3642 808 ut
3671 755 3789 824 ipse

2165 856 2168 860 '
2196 845 2344 898 dicas
2372 858 2516 899 nunc
2542 843 2739 900 sufﬁcit
2766 844 2834 899 ⁸³.
2867 844 3169 910 Memento,
3210 860 3318 899 non
3354 844 3476 911 dico
3497 842 3626 907 mei,
3655 845 3788 914 quia

2194 934 2247 988 id
2271 942 2329 989 te
2357 933 2538 989 facere
2564 933 2679 1004 ipse
2711 949 2810 1004 pro
2841 941 2895 989 te
2922 949 3141 1000 assero;
3175 933 3269 989 sed
3307 948 3494 989 eorum
3519 947 3657 1004 quos
3687 934 3783 988 tibi

2194 1025 2321 1081 olim
2347 1026 2736 1082 commendare
2761 1025 2968 1081 curavi.
2999 1025 3186 1081 Saluta
3212 1041 3308 1082 eos
3333 1038 3475 1095 quos
3497 1040 3564 1079 ex
3598 1034 3790 1080 nostra

2185 1112 2352 1189 parte
2390 1119 2530 1173 soles
2569 1118 2826 1196 salutare.
2860 1119 3014 1174 Scito
3052 1119 3176 1190 quia
3222 1119 3422 1173 domno
3465 1117 3688 1184 abbati,
3733 1127 3792 1172 et

2199 1202 2353 1266 nonis
2379 1211 2637 1266 fratribus
2665 1209 2792 1278 tuis,
2821 1221 2972 1280 grata
3004 1211 3161 1265 valde
3194 1217 3319 1276 sunt
3346 1209 3489 1265 dona
3524 1219 3614 1264 tua
3637 1252 3655 1278 ,
3690 1209 3794 1264 sed

2155 1336 2159 1341 ι
2196 1304 2372 1358 multo
2396 1304 2604 1374 gratius
2629 1311 2715 1358 est
2739 1303 2893 1359 nobis
2921 1304 3063 1372 quod
3090 1303 3336 1357 audimus
3359 1301 3407 1334 “
3434 1303 3500 1357 de
3528 1301 3636 1355 vita
3671 1309 3793 1354 tua.

2157 1416 2162 1419 ‘
2199 1393 2460 1462 Optamus
2481 1394 2645 1463 igitur
2664 1392 2718 1446 et
2733 1390 2956 1447 oramus
2973 1434 2988 1455 ,
3017 1400 3074 1445 ut
3093 1391 3437 1459 omnipotens
3462 1390 3604 1445 Deus
3622 1391 3792 1449 bona.

2185 1496 2318 1552 qua)
2345 1482 2400 1536 in
2429 1490 2484 1535 te
2507 1489 2783 1550 operatur,
2817 1481 3063 1551 augendo
3099 1491 3276 1534 servet
3311 1489 3367 1533 et
3394 1478 3660 1534 servando
3689 1495 3794 1530 au-

2198 1580 2346 1642 geat;
2382 1577 2444 1626 ut
2471 1572 2542 1626 sit
2573 1571 2714 1626 (inde
2743 1571 2839 1625 tibi
2881 1569 3140 1625 retribuat
3179 1571 3224 1602 ⁸⁵
3262 1571 3485 1640 regnum
3524 1578 3793 1622 anei-nunt

2199 1662 2342 1716 idem
2380 1660 2701 1718 benedictus
2741 1661 3002 1715 Dominus
3041 1659 3094 1713 in
3138 1671 3443 1726 aeternum,
3490 1658 3585 1713 Iiat
3609 1698 3630 1725 ι
3671 1656 3796 1711 fiat.

507 1749 881 1810 Mandavimus
910 1755 1056 1810 enim
1091 1755 1268 1812 eidem
1298 1757 1713 1830 archiepiscopo
1741 1760 1846 1816 hoc
1890 1761 2064 1830 ipsum
2083 1802 2098 1829 ,
2130 1747 2176 1806 Β
2206 1753 2401 1808 Amen.

505 1841 648 1910 quod
676 1843 777 1915 tibi
805 1845 1094 1900 scribimus
1118 1847 1184 1902 ⁵⁷.
1217 1846 1423 1905 Valete.

1004 1955 1332 2012 EPISTOLA
1376 1957 1491 2012 XIV
1530 1959 1597 2014 ⁵⁸.

1075 2061 1144 2099 ιιι)
1182 2038 1522 2103 consuerunt.

511 2126 756 2183 Testatur
776 2132 1109 2212 singularem.
1127 2137 1180 2188 in
1204 2134 1528 2212 (londlilfum
1552 2155 1804 2207 amorem,
1827 2151 1882 2196 ut
1901 2142 2018 2212 jam
2043 2132 2092 2197 in

1027 2206 1178 2275 epist.
1207 2207 1242 2260 ι
1266 2217 1313 2261 et
1344 2208 1375 2262 7
1399 2226 1582 2279 supra.

583 2289 790 2368 Dilecto
830 2293 1110 2358 dilectori,
1140 2297 1381 2354 dilectus
1420 2301 1649 2356 dilector
1691 2302 1910 2358 domino
1948 2303 2096 2358 Gou-

508 2397 681 2438 DULFO
721 2382 890 2456 frater
915 2386 1234 2454 ANSELHUS,
1273 2391 1416 2460 quod
1444 2391 1713 2448 Gondulfo
1749 2393 2053 2449 Anselmus.

577 2472 750 2528 Instat
795 2485 850 2530 et
889 2477 1053 2533 instat
1093 2480 1224 2535 milii
1266 2484 1516 2539 conscius
1556 2484 1781 2542 alterius
1816 2501 1930 2542 sum
1967 2503 2097 2543 con-

506 2563 776 2631 scientia),
815 2567 866 2622 id
907 2577 990 2622 est
1021 2585 1155 2626 mea:
1193 2572 1260 2639 ⁵³,
1298 2582 1356 2626 ιιι
1399 2573 1464 2629 ad
1500 2591 1559 2630 se
1593 2586 1744 2632 trans
1779 2592 1931 2633 mare
1964 2578 2101 2633 voli-

510 2663 652 2722 tent,
690 2665 739 2710 et
775 2657 1002 2714 volitent
1043 2662 1241 2730 saepius
1281 2663 1478 2719 littera:
1521 2680 1687 2731 mete,
1723 2668 1878 2736 quasi
1913 2666 2099 2723 volens

506 2749 540 2804 ιι
565 2767 719 2807 scere
755 2763 955 2809 Statum
998 2756 1251 2811 amicitia:
1289 2773 1441 2814 mete.
1484 2757 1592 2814 Sed
1625 2761 1755 2830 quid
1795 2770 1848 2815 te
1885 2760 2100 2816 docebit

506 2841 733 2909 cpistola
763 2860 879 2900 mea
907 2848 1051 2916 quod
1084 2848 1323 2917 ignores,
1354 2866 1388 2905 ο
1421 2857 1473 2904 ιιι
1505 2851 1676 2904 altera
1701 2853 1919 2907 anima?
1951 2853 2096 2908 Intra

511 2931 562 2982 in
587 2933 892 2989 cubiculum
917 2937 963 2968 ‘°
984 2939 1163 2993 cordis
1189 2940 1286 3005 tui,
1315 2950 1369 2994 et
1395 2943 1679 2997 considera
1704 2943 1955 3000 affectum
1983 2946 2098 3002 veri

509 3024 712 3078 amoris
753 3027 872 3091 tui;
921 3036 977 3082 et
1018 3043 1314 3098 cognosces
1353 3046 1595 3087 amorem
1636 3035 1749 3089 veri
1797 3035 1958 3090 amici
2000 3037 2096 3092 tui.

2702 1842 3033 1898 EPISTOLA
3089 1841 3182 1895 XV
3221 1842 3286 1896 “.

2798 1951 2864 1989 AD
2900 1941 3192 1989 BENRICUI.

2205 2045 2357 2113 Quod
2379 2046 2428 2102 ei
2443 2061 2547 2100 non
2561 2046 2804 2116 expediat
2831 2045 2882 2098 in
2901 2043 2930 2097 Ι
2935 2043 3123 2116 talioni
3144 2043 3454 2116 contendere
3467 2044 3540 2099 ad
3557 2059 3796 2100 sororem

2584 2114 2710 2186 iugo
2759 2116 3020 2170 servitutis
3063 2114 3414 2167 liberandam.

2271 2209 2496 2264 Domino
2543 2216 2598 2263 et
2619 2207 2784 2262 fratri
2821 2205 3172 2262 dilectissimo
3203 2205 3443 2260 HENBICO
3479 2204 3650 2260 frater
3687 2207 3797 2261 As-

2171 2316 2398 2356 'SELIUS
2427 2300 2683 2356 salutem.

2271 2392 2558 2459 Quoniam,
2594 2399 2730 2446 teste
2761 2390 3098 2446 conscientia
3141 2404 3288 2456 mea,
3311 2390 3492 2445 minus
3530 2401 3588 2445 te
3621 2406 3794 2460 qna-in

2202 2499 2286 2537 me
2333 2483 2558 2553 diligere
2601 2481 2746 2545 nolo,
2777 2483 2934 2536 valde
2967 2482 3094 2536 mihi
3130 2497 3389 2552 repugno,
3422 2481 3468 2534 si
3498 2481 3660 2534 aliter
3695 2482 3798 2534 tibi

2200 2591 2362 2645 quam
2394 2575 2527 2630 mihi
2549 2574 2835 2630 consulere
2858 2573 2999 2628 volo.
3027 2572 3322 2628 Consilium
3360 2581 3541 2625 autem
3583 2565 3796 2624 nulluin

2201 2668 2508 2726 utilius‘vel
2541 2667 2903 2724 universalius
2931 2667 3147 2721 invenio
3173 2681 3336 2734 quam
3372 2663 3520 2726 illud,
3553 2679 3668 2733 quo
3700 2678 3802 2716 no-

2202 2763 2284 2816 bis
2311 2775 2408 2832 per
2427 2760 2750 2830 sapientiam
2787 2757 3114 2823 consulitur,
3147 2765 3209 2810 ut
3231 2754 3656 2824 uepmnitentia
3699 2770 3802 2808 uo-

2202 2864 2348 2906 Stros
2371 2858 2531 2906 actus
2570 2849 2955 2918 subsequatur,
2977 2846 3161 2902 omnia
3205 2844 3472 2900 faciamus
3498 2860 3623 2898 cum
3657 2859 3798 2898 con-

2202 2943 2343 2997 silio.
2369 2941 2522 3010 Quod
2545 2941 2800 3012 quoniam
2839 2941 2980 2996 sicut
3022 2951 3106 2996 est
3141 2939 3544 3010 sapientissime
3577 2939 3798 3004 datum,

2204 3033 2276 3088 ita
2313 3043 2398 3090 est
2432 3033 2724 3090 verissime
2768 3042 2945 3088 ratum
2980 3051 2994 3088 :
3025 3033 3076 3087 in
3103 3041 3370 3102 quantum
3405 3030 3536 3086 illud
3565 3031 3801 3100 quisque

417 3121 422 3124 '
510 3116 826 3183 Quanquam
852 3117 995 3170 enim
1021 3134 1179 3188 pares
1201 3136 1306 3174 non
1328 3121 1500 3176 simus
1525 3138 1734 3177 morum
1760 3125 2098 3194 aequalitate,
2128 3103 2172 3162 Ω
2207 3129 2457 3200 ncgligit,’
2480 3129 2533 3184 in
2582 3137 2788 3184 tantum
2823 3128 2890 3182 de
2935 3128 3145 3182 aclibus
3174 3125 3286 3180 suis
3316 3140 3421 3179 non
3473 3125 3675 3187 laetari,
3703 3123 3804 3176 sed

509 3213 689 3262 tamen
735 3224 840 3262 non
872 3210 1044 3267 audeo
1081 3212 1262 3268 dicere
1303 3215 1538 3284 impares
1575 3232 1588 3268 :
1619 3215 1714 3270 sed
1753 3225 1900 3272 certe
1937 3217 2099 3272 dissi-

479 3297 666 3381 _miles
707 3315 814 3355 non
852 3317 1040 3358 sumus
1080 3303 1251 3358 mutui
1291 3305 1493 3360 amoris
1529 3307 1811 3376 qualitate.
1853 3306 2100 3376 Namque

506 3386 701 3455 fateor,
739 3394 985 3462 quamvis
1024 3396 1356 3452 erubescens
1379 3437 1396 3462 ,
1445 3399 1640 3466 fateor,
1675 3399 1929 3468 inquam,
1972 3402 2099 3471 quia

507 3483 688 3550 tepida
723 3501 840 3539 mea
873 3488 1118 3542 Charitas
1150 3505 1182 3542 a
1217 3499 1306 3542 tua
1336 3489 1542 3545 fervida
1576 3492 1850 3551 charitate,
1872 3507 2100 3562 supera-

509 3582 626 3636 tur;
665 3574 759 3627 sed
796 3576 1219 3655 non’dissimilis
1259 3579 1329 3644 “,
1369 3581 1495 3649 quia
1536 3584 1726 3636 eadem
1764 3583 1949 3652 regula
1992 3581 2103 3638 for—

510 3672 707 3744 matur.
747 3663 900 3722 Sicut
929 3670 1072 3724 enim
1104 3677 1157 3724 tu
1188 3671 1391 3741 satagis
1420 3681 1478 3726 ut
1513 3687 1621 3726 non
1657 3673 1853 3728 minori
1890 3674 2103 3729 fervore

2203 3219 2471 3287 pmuitere
2492 3216 2663 3288 eligit.
2695 3216 2951 3286 Quisquis
2981 3216 3144 3286 igitur
3182 3216 3272 3268 tibi
3306 3213 3543 3268 consulit
3581 3223 3644 3268 ut
3693 3213 3801 3267 lioc

2206 3309 2378 3363 utaris
2408 3307 2657 3374 consilio,
2688 3323 2793 3362 non
2835 3306 3195 3378 negligentius
3239 3305 3528 3360 consilium
3564 3304 3690 3374 ejus
3712 3312 3799 3357 est

2205 3399 2553 3466 audiendum,
2577 3415 2739 3470 quam
2771 3400 2920 3452 illum
2950 3400 3124 3468 ipsum
3148 3397 3236 3452 cui
3268 3397 3335 3450 ab
3362 3395 3619 3451 omnibus
3644 3405 3700 3450 et
3742 3397 3800 3450 in

2203 3491 2457 3546 omnibus
2495 3499 2580 3546 est
2612 3489 2998 3545 obcdicndum.
3026 3488 3148 3542 Ideo
3173 3499 3349 3541 tecum
3382 3487 3522 3549 limc,
3549 3485 3796 3540 dilectis-

2209 3583 2365 3647 sime,
2393 3581 2635 3650 loquitur
2650 3581 2857 3635 amicus
2885 3587 3010 3632 tuus
3044 3579 3108 3632 dc
3130 3576 3380 3640 consilio,
3407 3575 3535 3646 quia
3565 3577 3631 3630 de
3659 3591 3802 3643 quo-

2208 3674 2332 3728 dam
2364 3672 2581 3743 negotio
2607 3671 2788 3732 audio,
2824 3680 2878 3724 te
2917 3670 3208 3741 disponere
3253 3677 3443 3743 contra
3488 3667 3796 3721 amicorum

1825 3784 2062 3840 Vanus
2096 3770 2504 3840 LE'tLTlONES.

581 3867 626 3898 διδ
653 3867 999 3926 Confldenlcr
1034 3889 1126 3926 ms.
1163 3874 1496 3935 confidentes

1595 3877 1640 3909 ⁵⁷
1674 3877 1828 3944 Quod
1853 3878 2144 3932 scribimus
2172 3889 2272 3932 etc.
2318 3891 2418 3930 ms.
2450 3875 2591 3944 quod
2641 3874 2751 3931 tibi.
2789 3873 3081 3944 scribimus
3113 3881 3212 3944 etc.

3319 3872 3366 3904 ⁸⁸
3407 3871 3550 3926 Cum
3587 3872 3803 3926 duobus

507 3955 633 4015 mss.
661 3937 1388 4015 Exemplaribus_Victoriuis
1414 3947 1567 4000 unius
1593 3937 1826 4015 ejusdem
1856 3948 2050 4001 codicis
2074 3947 2267 4000 collata
2341 3946 2390 3979 ⁸⁹
2419 3937 2480 4000 Id.
2497 3955 2581 4000 est
2606 3960 2738 4000 mea:
2753 3961 2854 4015 ms.
2886 3941 3339 4015 E.teittp.i.idcm
3364 3958 3500 3997 mea:
3571 3943 3615 3974 “
3644 3943 3791 3996 Intra

511 4009 562 4084 in
585 4009 1023 4084 cubiculumhms.
1054 4013 1292 4084 Exempl.
1321 4016 1369 4069 l.
1397 4018 1538 4070 intra
1563 4009 1870 4071 cubiculum

507 4150 737 4220 alterum
763 4151 907 4220 quod
935 4150 1184 4210 audimus

509 4218 914 4290 Exemplaribus
953 4224 1007 4276 in
1038 4240 1141 4278 uno
1172 4225 1303 4280 Cod.
1332 4243 1430 4283 ms.
1465 4226 1663 4282 collata

1979 4019 2020 4048 ⁵⁸
2052 4017 2165 4071 Νοιι
2191 4017 2540 4074 dissimiliter
2560 4032 2686 4068 mss.
2715 4013 2822 4068 non
2863 4012 3141 4068 dissimilis
3228 4013 3274 4043 ⁶¹
3309 4013 3386 4067 ita
3413 4027 3546 4082 ergo
3574 4029 3702 4067 mss.
3744 4024 3796 4066 et

509 4077 658 4154 fidit.
704 4079 922 4154 Picardi
973 4083 1045 4136 ita
1089 4099 1188 4154 ego
1218 4077 1228 4084 ⁷
1263 4084 1307 4115 ³³
1337 4085 1491 4140 Nunc
1517 4086 1711 4140 sullicit
1740 4105 1838 4141 ms.
1871 4088 1923 4142 1.
1956 4104 2061 4141 non
2096 4088 2292 4142 sufﬁcit

1285 4155 1330 4186 “
1360 4155 1512 4211 Unde
1540 4157 1824 4228 retribuat
1847 4169 1948 4212 etc.
2001 4175 2100 4212 m8.
2145 4157 2387 4228 Exempl.
2422 4152 2662 4212 Liunde
2708 4155 2806 4210 tibi
2867 4152 3146 4209 retribuat
3182 4165 3290 4210 uc.
3363 4153 3408 4204 9‘
3437 4152 3574 4207 Cum
3601 4154 3800 4207 it"st

2390 4088 2436 4118 “
2458 4087 2610 4153 Quod
2651 4083 3002 4150 adjuvasrms.
3036 4085 3085 4137 l.
3117 4083 3262 4153 quod
3307 4084 3622 4153 audivimus
3661 4098 3792 4135 mss.

1693 4335 1980 4395 JOANNIS
2010 4338 2283 4396 PICARDI
2320 4332 2558 4395 ΝΟΤᾋΕ.

503 4455 734 4530 pulsans
778 4465 834 4511 et
872 4459 1172 4530 excutiens.
1220 4460 1285 4514 Et
1327 4468 1447 4515 erat
1506 4476 1612 4515 non
1657 4460 2090 4516 inconsideratus
2123 4466 2168 4524 Ι)
2195 4454 2416 4530 poribus
2440 4461 2592 4516 cibos
2625 4443 2916 4530 apponere,
2966 4471 3022 4516 et
3053 4460 3313 4516 tenuioris
3361 4457 3596 4530 fortium
3635 4453 3797 4530 scito-

507 4528 723 4600 doctor,
750 4528 1148 4600 needeperibat
1177 4530 1293 4600 ejus
1320 4531 1642 4595 liberalitas,
1684 4547 1846 4600 quam
1881 4533 2088 4584 discrco

507 4598 590 4652 tio
614 4603 671 4650 et
698 4596 864 4671 animi
905 4596 1484 4671 condiebat'alarrilas.
1509 4596 1734 4670 Luxquc
1759 4601 1941 4671 vultus
1976 4601 2097 4671 ejus

505 4683 616 4726 non
646 4667 956 4741 cadeliat‘in
982 4677 1207 4731 terram,
1245 4671 1479 4724 sederat
1530 4667 1814 4741 accipienti
1847 4667 2094 4738 gratissi-

507 4754 620 4799 ma,
646 4737 786 4791 sicut
823 4738 1091 4811 soldmaue
1119 4755 1258 4794 novo
1288 4741 1558 4805 exoriens,
1601 4737 1691 4811 qui
1715 4737 1977 4796 discussis
1999 4759 2097 4795 nu—

510 4811 632 4862 bilis
681 4809 994 4875 tranquillat
1049 4818 1240 4865 ventos
1280 4819 1336 4864 et
1365 4820 1586 4865 serenat
1619 4809 1782 4865 “aera.
1813 4811 2097 4880 Expende-

509 4880 861 4950 lianturergo
900 4879 1228 4950 pauperibus
1277 4895 1464 4950 panes,
1519 4881 1710 4945 calcei,
1769 4889 1825 4934 et
1875 4879 2097 4950 prorsus

506 4965 632 5018 qua:
659 4949 727 5004 ad
746 4948 947 5004 victum
977 4948 1247 5020 pertinent
1280 4948 1352 5005 ‘et
1393 4952 1668 5006 vestitmn.
1728 4948 1940 5006 Denarii
1985 4967 2093 5006 non

507 5020 781 5090 dabantur
820 5022 1105 5076 maturiori
1138 5032 1415 5085 ,tractatu,
1464 5021 1798 5090 profuutliori
1843 5021 2094 5085 consilio,

509 5089 655 5158 quod
685 5089 846 5170 hujus
901 5093 1163 5162 temporis
1221 5101 1277 5147 et
1322 5089 1513 5163 vulgus
1540 5089 1892 5148 sutiarcinato
1930 5092 2095 5146 etiam

508 5173 793 5229 marsupto

655 5268 672 5285 .
705 5267 722 5284 .
754 5269 769 5285 .
795 5268 812 5287 .
843 5231 994 5287 Sicco
1023 5243 1425 5304 concoquatore
1455 5235 1669 5303 fantem.

1291 5301 1575 5373 (Peritum,
1600 5304 1742 5366 Sat.,
1771 5301 2004 5371 LXXXII.)

508 5370 577 5433 Et
597 5371 761 5445 quasi
781 5382 1183 5429 sacrosanctum
1209 5370 1346 5445 vitat
1372 5374 1776 5445 dareiprovictu
1800 5370 2104 5436 nummum,

511 5457 578 5495 ne
605 5441 850 5516 debilitet
897 5458 1202 5498 numerum.
1245 5443 1472 5498 Clericis
1496 5441 1800 5516 egentibus,
1834 5453 1890 5497 et
1912 5457 2102 5516 mona-

511 5513 693 5570 steriis
743 5513 1065 5568 immensum
1125 5523 1388 5582 quantum
1442 5513 1786 5569 nummorum
1839 5513 2098 5577 cumulat,

507 5582 826 5653 plerumque
887 5584 1307 5639 verecundiores
1362 5586 1427 5636 ad
1491 5585 1788 5653 rogandum
1837 5584 2092 5636 iuvitaus.

515 5651 883 5712 Aec‘oudebat
933 5654 1392 5719 archiepiscopum
1440 5655 1544 5707 alte
1580 5655 1913 5714 succinctum
1963 5669 2092 5722 pau-

2217 4547 2336 4604 ares
2374 4531 2440 4584 ad
2486 4524 2908 4604 distiut'a'tioiuim
2950 4547 3186 4604 pugnam
3239 4529 3624 4604 committere._
3661 4524 3796 4604 Post

2193 4598 2606 4674 verba‘ulriquc
2657 4603 2762 4674 laeti
2790 4598 3049 4674 animm;
3067 4604 3191 4674 dunt
3247 4611 3303 4654 et
3334 4599 3510 4674 victor
3549 4598 3800 4674 scientia:

2194 4672 2499 4738 praemium,
2519 4665 2590 4725 iet
2629 4673 2801 4725 victus
2829 4672 3103 4740 acciperet
3132 4666 3472 4726 vérecundim
3513 4665 3798 4740 solatium.

2197 4739 2264 4794 Et
2297 4754 2509 4795 rursum
2543 4759 2556 4794 :
2595 4740 2702 4796 Nec
2729 4742 2781 4794 in
2812 4737 2985 4794 aevum
3047 4742 3350 4795 abolebitur
3399 4737 3709 4809 coinquiunis
3741 4738 3801 4789 in

2197 4826 2410 4878 omnes,
2461 4811 2750 4882 singularis
2779 4813 3301 4880 iu-‘uuumtptmnque
3326 4807 3596 4882 citaritas.
3628 4806 3800 4882 illius.

2203 4882 2364 4947 Quod
2389 4877 2589 4952 nullum
2638 4892 2876 4952 unquam
2935 4877 3141 4935 tristem
3200 4877 3562 4952 permitteret,
3610 4877 3703 4930 sed
3752 4878 3799 4930 si

2199 4967 2364 5019 quem
2390 4949 2743 5005 suluiubilutn'
2763 4950 2990 5018 videret,
3036 4953 3220 5004 statim
3254 4949 3634 5019 sciscitaretur
3670 4961 3806 5019 caus

2205 5017 2319 5074 sam
2350 5029 2403 5075 et
2453 5031 2742 5097 quaereret,
2773 5021 3014 5097 cognita:
3058 5022 3285 5097 impiger
3332 5018 3682 5097 mederetur:
3711 5017 3807 5097 ut-

2207 5102 2428 5146 troueus
2471 5092 2761 5160 jmenibus
2807 5091 3004 5146 ollcrre
3047 5092 3298 5145 denarios
3329 5091 3806 5160 quibttslnecessi-

2209 5159 3038 5231 tudinum’propriartuniuopite
3079 5168 3453 5231 occurrerent.
3499 5159 3561 5231 Si
3608 5165 3806 5231 mitem

2207 5233 2389 5285 datum
2426 5228 2650 5286 fortuito
2675 5228 2969 5293 excideret,
2989 5230 3481 5298 egentinare,idque
3500 5229 3642 5282 clam
3671 5228 3809 5281 aliis

2212 5317 2335 5356 esse
2379 5302 2690 5371 praecipere.
2723 5300 2846 5356 Haec
2885 5297 3216 5355 Guillelmus
3251 5302 3318 5355 de
3346 5297 3633 5354 Laufrauci
3665 5311 3808 5351 rere

2211 5372 2521 5425 Christiana
2550 5382 2606 5425 et
2635 5371 2876 5440 perfecta
2902 5370 3274 5426 misericordia
3318 5372 3370 5424 in
3408 5383 3606 5439 egenos
3630 5383 3646 5420 :
3669 5382 3808 5436 qua:

2207 5443 2328 5496 etsi.
2370 5441 2896 5510 forsanTprolixiora,
2953 5441 3301 5495 non-tmduit
3338 5440 3663 5510 exscribere.
3741 5448 3810 5510 ut

2206 5511 2377 5577 lector
2401 5509 2621 5565 virtutis
2646 5526 2835 5564 amans
2866 5511 3064 5565 habeat
3088 5510 3362 5579 quidpiam
3391 5509 3460 5564 de
3491 5509 3643 5562 tanti
3686 5509 3810 5579 viri

2203 5591 2257 5636 et
2283 5581 2543 5635 catholici
2569 5582 2804 5635 doctoris
2825 5580 3192 5634 sanctimonia
3227 5578 3436 5648 praeter
3456 5594 3618 5649 quam
3644 5578 3808 5647 quod

2205 5653 2437 5705 ntaxitne
2461 5651 2699 5706 Auselmi
2729 5651 2906 5716 verbis
2934 5661 3250 5706 consonent.
3545 5685 3562 5692 η
3607 5687 3614 5692 ς
