4056 6302
254 322 383 391 tesi

1603 320 1728 375 LIB.
1758 316 1799 381 l,
1825 312 2041 369 EPiST.
2085 310 2221 367 XVI.

3381 301 3403 356 Ι
3415 300 3524 358 08ἳ

254 457 466 502 tuorum
498 441 806 497 consilium.
825 439 920 496 Vis
941 440 1187 505 enim,’ut
1216 436 1345 493 mihi
1377 435 1581 492 dictum
1612 443 1718 497 est,
1747 433 1828 487 ire

1935 442 2039 482 non
2060 426 2195 491 erit;
2218 424 2357 480 sicut
2377 422 2486 477 eris
2511 431 2701 478 contra
2724 420 2962 475 omnium
2988 418 3284 474 amicorum
3309 426 3519 503 tuorum

251 539 317 594 de
341 536 533 606 Anglia
566 535 621 588 in
643 533 852 588 Italiam
878 546 1122 588 sororem
1160 540 1307 585 tuam
1340 528 1653 592 defendere,
1674 540 1837 596 quam

251 626 405 682 audis
442 624 730 694 quemdam
760 623 984 678 divitem
1034 619 1289 676 indebita:
1336 620 1589 676 servituti
1633 618 1839 674 calum-

252 719 401 773 niose
423 714 715 785 subjicere.
733 714 885 782 Quod
900 755 914 779 ,
929 714 1271 776 charissime,
1289 713 1645 780 obsecroper,
1661 710 1704 764 si
1729 723 1836 778 qua

252 812 303 863 in
326 819 389 862 te
404 818 533 871 est,
563 815 804 860 mutuam
836 814 1076 860 nostram
1100 803 1431 867 amicitiam;
1466 817 1582 871 per,
1606 799 1835 870 siquam

253 899 381 953 mihi
417 899 499 953 vis
528 913 652 951 esse
676 897 745 951 de
772 907 847 961 te,
880 896 1147 958 lattitiam,
1179 909 1245 948 ne
1278 893 1466 948 facias.
1499 892 1637 959 Quid
1666 890 1834 952 enim,

248 988 619 1055 dilectissime,
648 986 1041 1041 monachorum
1075 985 1302 1040 interest
1347 991 1401 1037 et
1428 996 1614 1037 eorum
1654 978 1745 1049 qui
1777 992 1837 1032 se

200 1075 205 1089 ’
248 1078 571 1149 profitentur
602 1075 739 1131 velle
763 1073 950 1144 fugere
977 1074 1262 1140 mundum,
1285 1072 1379 1143 qui
1402 1071 1598 1141 quibus
1621 1069 1703 1124 vel
1728 1083 1837 1139 quo

248 1168 468 1223 nomine
510 1167 751 1222 serviant
785 1167 839 1221 in
884 1166 1124 1221 mundo?
1164 1165 1424 1235 Denique,
1454 1176 1636 1219 nonne
1666 1162 1835 1215 omnis

248 1259 400 1310 homo
440 1256 511 1310 ad
565 1257 796 1310 laborent
852 1257 1120 1321 nascitur,
1154 1265 1201 1310 et
1246 1256 1357 1309 avis
1393 1255 1462 1307 ad
1513 1252 1839 1308 velandum?

246 1349 368 1420 (Job
398 1364 450 1414 v,
480 1350 561 1418 7.)
610 1348 801 1404 Nonne
825 1348 1004 1403 omnis
1032 1348 1117 1404 vel
1146 1362 1286 1418 pene
1317 1347 1495 1402 omnis
1526 1347 1711 1411 homo,
1744 1353 1838 1399 aut

242 1441 345 1491 sub
382 1439 602 1493 nomine
628 1439 921 1507 przestaudi
954 1439 1022 1504 ⁸⁷,
1057 1447 1150 1493 aut
1173 1440 1275 1493 sub
1299 1438 1517 1494 nomine
1540 1436 1833 1492 famulandi

240 1529 387 1585 servi
427 1529 511 1583 ‘5?
545 1527 736 1585 Nonne
766 1544 961 1584 servus
987 1540 1213 1585 vocatus
1242 1531 1295 1585 in
1330 1531 1580 1596 Domino,
1609 1530 1836 1585 libertus

240 1630 327 1676 est
361 1621 566 1674 DomTui
592 1661 607 1686 ,
647 1629 703 1675 et
730 1620 884 1677 liber
910 1632 1137 1677 vocatus
1168 1623 1221 1675 in
1264 1622 1492 1676 Domino
1527 1635 1720 1675 servus
1754 1628 1838 1674 est

239 1712 485 1766 Christi?
512 1710 567 1767 Si
591 1727 720 1782 ergo
740 1712 820 1768 sic
842 1725 1034 1767 omnes
1050 1712 1301 1767 laborant
1318 1722 1376 1768 et
1405 1712 1742 1776 serviunt,et
1757 1711 1837 1765 sic

240 1816 329 1859 est
358 1820 549 1860 servus
579 1804 808 1860 libertus
844 1805 1085 1870 Domini,
1126 1812 1183 1858 et
1214 1804 1350 1859 liber
1384 1820 1576 1860 servus
1605 1802 1829 1857 Christi.
1872 1790 1912 1843 Β

239 1896 382 1964 Quid
418 1895 603 1961 refert,
625 1903 847 1965 excepta
876 1896 1154 1965 superbia,
1186 1904 1449 1966 quantum
1475 1894 1556 1949 vel
1586 1895 1653 1948 ad
1679 1911 1837 1948 mun-

237 1990 369 2043 du;n
406 1987 492 2043 vel
521 1988 589 2041 ad
638 1987 827 2052 Deum,
863 1988 988 2057 quis
1026 1999 1252 2043 vocetur
1283 2003 1476 2043 servus
1522 1986 1606 2040 vel
1656 1986 1835 2045 liber.?

236 2078 537 2148 Apostolus
573 2078 749 2135 dicit:
804 2078 1070 2134 Sisennas
1113 2090 1325 2133 vocatus
1364 2096 1417 2133 es
1443 2117 1460 2144 ,
1508 2094 1613 2133 non
1634 2078 1699 2131 sit
1740 2077 1833 2131 tibi

235 2186 384 2225 cum:
413 2171 433 2242 (
462 2170 491 2224 Ι
525 2170 650 2225 Cor.
683 2186 783 2235 vn,
831 2170 924 2239 2f)
961 2188 975 2227 :
1010 2179 1064 2225 et
1095 2186 1193 2225 nos
1220 2171 1363 2239 quod
1412 2186 1511 2240 pro
1543 2171 1696 2225 nobis
1743 2185 1836 2224 eu-

236 2279 365 2319 rare
392 2264 476 2320 vel
498 2264 850 2334 prohibemur
880 2263 947 2327 “9,
986 2263 1072 2317 vel
1086 2279 1199 2317 non
1228 2264 1555 2334 indigemus,
1586 2259 1685 2332 pro
1710 2262 1831 2317 aliis

234 2366 393 2417 tame
414 2371 580 2425 opere
610 2356 964 2410 curabimus?
995 2355 1062 2409 Et
1087 2356 1133 2410 si
1161 2356 1307 2409 enim
1336 2355 1537 2410 bonum
1588 2356 1659 2409 sit
1696 2354 1832 2409 velle

232 2444 479 2499 liberare
522 2444 799 2499 hominem
844 2443 1097 2500 violentae
1149 2446 1446 2500 conditioni
1500 2446 1775 2500 addictum
1814 2464 1826 2499 :

230 2539 346 2592 hoc
368 2537 581 2606 utique,
612 2538 755 2606 quod
806 2537 1065 2599 intendis,
1100 2551 1205 2591 non
1246 2547 1353 2591 tam
1380 2538 1581 2592 bonum
1627 2549 1741 2602 est,
1773 2548 1831 2590 ut

230 2628 463 2698 dignum
518 2628 589 2683 sit
627 2644 729 2699 pro
782 2644 891 2701 quo
947 2640 1139 2685 tenens
1193 2640 1438 2684 aratrum
1485 2630 1686 2685 Christi
1720 2639 1827 2683 tam

232 2718 400 2788 longe
438 2729 588 2774 retro
620 2719 879 2788 respiciat
920 2720 1081 2790 (an.
1111 2738 1189 2786 is,
1213 2721 1333 2792 δὲ),
1365 2738 1464 2792 pro
1494 2738 1602 2791 quo
1643 2738 1830 2776 mona-

231 2812 378 2865 chus
412 2810 746 2880 propositqu
786 2824 944 2864 suum
1001 2821 1150 2865 tanta
1203 2812 1606 2882 intercapedine
1661 2814 1829 2867 inter-

234 2910 490 2973 rumpat;
520 2916 617 2970 pro
645 2916 840 2970 quose
865 2910 944 2955 tot
966 2902 1211 2971 corporis
1233 2910 1289 2955 et
1317 2903 1512 2957 animm
1542 2902 1828 2957 laboriosis

232 2990 519 3062 periculis,
557 3001 612 3047 et
650 2993 967 3062 periculosis
999 2993 1275 3047 laboribus
1305 3002 1453 3047 tanta
1484 3002 1539 3047 et
1566 3002 1674 3046 tam
1711 2995 1827 3049 sin-

230 3082 413 3151 gnlari
448 3083 725 3139 voluntate
756 3085 1090 3148 committat;
1132 3100 1232 3153 pro
1275 3100 1403 3152 quo,
1445 3096 1503 3139 ut
1527 3087 1824 3140 secundum

1936 532 2179 582 sensum,
2214 516 2285 571 ita
2318 513 2515 569 nullius
2553 529 2741 569 eorum
2772 514 2818 544 ⁷³
2844 513 2901 566 in
2935 527 2991 564 re
3018 512 3112 565 tibi
3166 509 3325 564 noxia
3358 494 3524 565 habe-

1936 609 2021 663 bis
2053 623 2357 663 assensum.
2412 607 2624 663 Salutat
2648 613 2707 660 te
2740 602 2993 659 dominus
3034 603 3206 657 abbas
3255 610 3314 655 ut
3353 601 3522 657 filium

1937 700 2350 765 charissimum;
2397 699 2487 770 qui
2520 708 2714 754 cuncta
2746 696 2835 751 hic
2861 711 2891 749 a
2934 709 3019 749 me
3044 694 3265 764 scripta,
3310 709 3406 748 sua
3442 694 3522 747 di-

1938 790 2075 845 lecta
2120 790 2287 861 318
2331 790 2442 845 vult
2470 792 2517 822 '"
2566 804 2707 845 esse.
2760 786 3059 858 Acquiesce
3114 786 3277 855 igitur
3319 785 3435 855 ejus
3469 796 3526 841 et

1934 881 2137 936 nostris
2167 881 2576 947 monitionibus,
2624 888 2689 934 ut
2723 875 3025 948 obetlipndo
3057 876 3289 944 benigno
3335 874 3523 943 Patri,

1934 979 1991 1023 et
2049 970 2433 1027 concordando
2479 970 2656 1026 amico
2705 968 2905 1030 fratri,
2953 967 3226 1033 ltetilices,
3266 967 3311 1022 si
3348 966 3529 1037 diligis

1936 1063 2154 1118 Patrem
2198 1072 2252 1117 et
2293 1061 2547 1118 fratrem.
2602 1060 2791 1116 Saluta
2844 1076 2909 1115 ex
2967 1069 3152 1115 nostra
3201 1069 3351 1129 parte
3389 1060 3526 1113 dile-

1935 1160 2052 1206 ctos
2075 1152 2271 1207 fratres
2296 1162 2515 1207 nostros
2537 1152 2794 1206 domuum
2826 1150 3140 1205 Herluinunl
3177 1161 3229 1205 et
3269 1151 3528 1202 domuum

1935 1241 2245 1297 Osbertum.
2278 1241 2431 1309 Vale,
2464 1251 2518 1299 et
2547 1242 2592 1297 si
2628 1241 2756 1312 quid
2803 1242 2943 1309 ame
2994 1242 3061 1294 te‘
3096 1254 3312 1311 possum
3339 1280 3354 1306 ,
3400 1254 3529 1294 cum

1937 1334 2096 1387 citius
2130 1334 2373 1402 poteris,
2403 1335 2601 1391 manda
2646 1334 2777 1389 mihi
2829 1317 3151 1403 qualiter‘in
3196 1332 3531 1386 voluntatem

1935 1426 2230 1481 carnaliter
2269 1426 2435 1480 alium
2478 1426 2783 1497 diligentis,
2830 1437 2974 1479 tuam
3004 1425 3153 1489 dico,
3186 1434 3240 1478 te
3278 1424 3531 1489 reclines,

1938 1516 2019 1569 vel
2069 1515 2122 1573 in
2173 1516 2507 1572 sententiam
2554 1526 2606 1571 te
2654 1515 3010 1584 spiritualiter
3052 1513 3389 1585 diligentium
3433 1510 3530 1566 de-

1938 1606 2132 1662 clines.

2474 1718 2806 1774 EPISTOLA
2867 1717 3003 1773 XVI.

2510 1829 2578 1869 Αι)
2626 1828 2964 1867 ΑΥΕΒΟΟΊἹΞΜ.

1939 1907 2208 1963 Ceusatur
2252 1907 2621 1975 irapedimenta
2666 1907 2728 1960 ob
2770 1923 2888 1975 qua?
2931 1904 3279 1957 commendati
3318 1902 3526 1973 juvenis

2173 1977 2468 2032 studiorum
2503 1994 2683 2030 curam
2727 1985 2945 2046 nequeat
2977 1977 3262 2042 suscipere.

2007 2091 2236 2147 Domino
2258 2099 2314 2146 et
2348 2091 2525 2147 amico
2550 2090 2876 2146 charissitno
2906 2089 3199 2142 Avsscoro
3223 2087 3393 2141 frater
3421 2086 3529 2140 Art—-

1936 2198 2136 2238 saeuus
2178 2183 2432 2239 salutem.
3486 2166 3495 2257 ί

2005 2274 2062 2328 lu
2096 2274 2361 2344 principio
2389 2282 2591 2328 nostras
2616 2272 2987 2343 reSponsionis
3016 2271 3235 2342 praefigit
3262 2272 3387 2341 quia
3436 2286 3530 2325 no-

1934 2374 2047 2421 stra
2072 2373 2306 2420 testatur
2330 2365 2664 2420 conscientia
2694 2364 2837 2433 quod
2862 2365 3100 2435 loquitur
3122 2364 3370 2432 epistola.
3399 2363 3532 2419 Gra-

1932 2454 2038 2508 tias
2072 2455 2252 2523 itaque
2276 2470 2400 2523 ago,
2426 2454 2683 2522 quoniam
2713 2452 2857 2507 aliud
2888 2453 2955 2507 ad
2998 2467 3237 2521 prtesens
3270 2466 3373 2506 non
3406 2469 3531 2521 pos-

1932 2560 2072 2607 sum,
2105 2545 2359 2599 ebaritati
2391 2554 2604 2609 vestrm,
2635 2560 2754 2613 qum
2786 2545 2865 2598 sic
2908 2558 2969 2597 se
3012 2544 3079 2596 ad
3124 2544 3527 2611 obsequendum

1933 2637 2256 2692 utilitatibus
2280 2637 2479 2692 noStris
2512 2647 2818 2706 promptam
2846 2635 3042 2699 reddit,
3071 2632 3528 2703 quemadmodum

1929 2727 2156 2797 scriptio
2190 2738 2373 2782 vestra
2419 2727 2691 2797 patefecit.
2725 2727 2823 2782 Cui
2872 2736 3022 2782 certe
3052 2726 3217 2781 simili
3260 2725 3526 2779 voluntati

1933 2824 2267 2894 respondeo;
2296 2823 2390 2877 sed
2420 2823 2606 2891 utique
2647 2822 2805 2876 doleo
2851 2820 2976 2891 quia
3008 2819 3059 2873 id
3103 2819 3156 2873 in
3186 2821 3360 2890 prima
3391 2818 3528 2889 peti-

1931 2916 2080 2970 tione
2131 2924 2316 2971 vestra
2350 2928 2515 2984 opere
2562 2914 2791 2982 probare
2848 2928 2953 2966 non
3011 2912 3187 2966 valeo.
3230 2910 3345 2965 Non
3382 2911 3527 2964 enim

1931 3004 2194 3075 ejusmodi
2226 3005 2389 3060 studii
2428 3005 2504 3073 (in
2535 3020 2644 3072 quo
2669 3002 3133 3072 possit-proficere
3160 3003 3392 3073 dilectus
3439 3002 3526 3055 ille

1936 3106 2137 3159 vester,
2168 3096 2236 3150 de
2264 3110 2372 3165 quo
2403 3093 2723 3163 scripsistis)
2754 3103 2837 3148 est
2887 3091 3019 3147 mihi
3070 3106 3213 3147 nunc
3266 3090 3481 3167 licentia
3509 3128 3525 3153 ,

230 3175 564 3230 "harimcm
615 3177 867 3231 εοηδοίιιε
915 3177 1192 3231 εοηειτίυιη
1240 3178 1472 3230 amicum
1521 3178 1824 3245 ίηοΐθνειηο
1855 3167 1899 3225 C
1935 3202 2033 3241 nec
2078 3187 2340 3249 intentio,
2387 3184 2471 3239 vel
2508 3186 2905 3253 opportunitas,
2935 3186 3076 3239 sicut
3120 3184 3220 3237 fuit
3250 3182 3409 3244 olim,
3439 3179 3524 3234 vel

231 3278 353 3323 tam
385 3268 651 3334 solitaria,
685 3279 792 3324 tam
837 3270 1009 3335 rigida
1038 3271 1307 3324 sententia
1347 3269 1588 3323 oumium
1622 3268 1827 3322 amico-

232 3375 386 3423 rum,
417 3360 710 3426 minorum,
738 3362 972 3431 parium,
1008 3362 1274 3429 majorum
1301 3370 1356 3413 et
1401 3362 1747 3429 praelatnrum
1778 3360 1824 3390 "°

229 3450 472 3506 consilio
529 3453 763 3506 resistat.
806 3452 939 3507 Cum
994 3453 1159 3523 igitur
1216 3453 1331 3508 btec
1375 3461 1453 3505 tot
1502 3462 1558 3505 et
1595 3460 1742 3505 tanta
1776 3452 1820 3483 τί

227 3554 389 3601 certa
438 3545 800 3610 incommoda,
854 3546 935 3600 vel
982 3549 1159 3616 potius
1212 3546 1354 3599 mala
1406 3546 1543 3609 sint;
1601 3546 1642 3599 si
1693 3545 1819 3598 illud

228 3653 406 3691 unum
439 3647 546 3691 tam
580 3639 1139 3708 itmpportunum,tam
1165 3640 1575 3701 iucertum,lam
1607 3638 1825 3692 noxium

228 3730 439 3782 bonum
472 3729 802 3794 conferatur,
837 3731 959 3799 quis
986 3731 1288 3801 intelligens
1321 3729 1451 3783 illud
1482 3729 1714 3792 bonum,
1762 3745 1827 3781 ac

230 3839 345 3874 non
373 3822 552 3891 potius
595 3837 700 3877 non
730 3823 964 3886 bonum,
994 3823 1076 3875 vel
1113 3824 1285 3893 magis
1330 3821 1531 3876 malum
1581 3821 1827 3875 dixerit?

225 3915 413 3968 Crede
456 3913 639 3983 igitur,
670 3914 1019 3977 charissime,
1049 3914 1171 3983 plus
1205 3913 1447 3969 consiliis
1494 3912 1818 3973 amicorum,

226 4005 273 4058 si
308 4013 362 4059 te
383 4005 555 4059 solum
584 4007 965 4074 sapientiorem
1008 4006 1258 4060 omnibus
1291 4006 1395 4061 illis
1420 4006 1817 4077 utut-mstitnas,

226 4110 402 4166 quam
435 4104 536 4149 tua:
562 4095 965 4151 deliberationi.
997 4096 1133 4164 Quia
1160 4096 1302 4149 enim
1334 4112 1486 4151 mens
1520 4104 1604 4150 tua
1633 4097 1678 4127 τ’
1709 4112 1825 4149 ma-

225 4198 403 4253 gnum
433 4183 681 4239 affectum
713 4201 871 4240 suum
895 4200 1017 4239 cum
1048 4185 1383 4255 aliquantulo
1410 4185 1549 4239 bono
1577 4184 1666 4237 illo
1693 4196 1841 4253 pon-'

225 4277 414 4340 derat,
446 4274 653 4331 ideirco
699 4292 763 4331 ea
793 4292 914 4347 qua:
940 4278 1054 4333 sola
1104 4279 1503 4346 compensanda
1536 4286 1682 4343 sunt,
1731 4293 1823 4331 se-

227 4365 411 4433 ipsam
461 4364 659 4421 fallens
687 4382 839 4437 (equa
874 4368 1009 4423 libra
1059 4384 1165 4422 non
1191 4370 1438 4424 trutinat.
1468 4368 1623 4436 Quod
1672 4368 1716 4423 si
1766 4369 1818 4423 in

226 4458 461 4528 propria
493 4459 767 4515 voluntate
798 4462 1123 4530 perstiteris,
1152 4464 1314 4533 quod,
1343 4463 1457 4539 Deo
1478 4472 1816 4535 protegente,

1932 3288 2084 3346 putat
2111 3286 2291 3333 vestra
2335 3278 2618 3331 sanctitas.
2653 3277 2856 3331 Precor
2883 3290 3034 3347 ergo,
3079 3291 3148 3330 ne
3183 3275 3527 3344 aliquatenus

1930 3378 2109 3423 vestra
2139 3381 2265 3437 erga
2294 3381 2380 3421 me
2403 3367 2621 3420 dilectio
2657 3365 2924 3425 turbetur,
2969 3379 3093 3419 cum
3144 3363 3273 3417 mihi
3308 3377 3525 3433 semper

1928 3461 2143 3514 animus
2169 3459 2242 3513 sit
2270 3457 2523 3512 amicitiae
2557 3466 2751 3511 vestrae
2797 3455 3162 3523 obsequendi,
3203 3468 3518 3525 quanquam

1929 3552 2157 3608 facultas
2178 3568 2283 3607 non
2309 3551 2512 3621 pariter
2532 3550 2838 3605 comitetur.
2859 3546 3044 3603 Potest
3066 3548 3211 3602 enim
3241 3561 3363 3603 esse
3397 3561 3522 3600 vera

1930 3643 2199 3709 amicitia,
2232 3644 2321 3698 ubi
2372 3656 2585 3712 semper
2616 3641 2759 3710 viget
2806 3640 2946 3694 bona
2984 3638 3235 3694 voluntas
3258 3679 3274 3704 ,
3305 3638 3521 3693 etiamsi

1930 3752 2206 3805 nunquam
2253 3738 2418 3791 instet
2442 3734 2719 3808 ﬂagitandi
2748 3734 3063 3799 necessitas,
3094 3748 3191 3788 nec
3222 3743 3422 3803 praesto
3451 3732 3524 3787 sit

1927 3828 2214 3895 praestaudi
2245 3826 2494 3883 facultas.
2534 3826 2776 3895 Denique
2797 3825 2865 3878 ad
2891 3824 2943 3879 id
2974 3825 3117 3894 quod
3154 3824 3293 3879 mihi
3321 3823 3523 3879 dicitur

1930 3919 1984 3972 in
2022 3918 2254 3988 epistola
2280 3928 2482 3974 vestra.
3078 3978 3079 3983 η

1995 4010 2147 4066 Scire
2180 4019 2331 4063 tuum
2360 4008 2490 4062 nihil
2514 4015 2612 4071 est,
2638 4007 2739 4061 nisi
2762 4016 2810 4060 te
2834 4008 2967 4060 scire
2989 4008 3086 4060 Itoc
3111 4006 3244 4059 sciat
3275 4005 3406 4058 alter
3432 4020 3449 4058 :

1926 4104 2246 4171 Quanquam
2277 4101 2328 4155 id
2359 4100 2579 4155 Persius
2606 4099 2827 4166 dixerit,
2875 4114 2981 4152 non
3013 4107 3071 4151 ut
3099 4098 3519 4151 ostentationem

1929 4191 2268 4261 reprimeret,
2302 4189 2396 4245 sed
2428 4197 2486 4242 ut
2516 4188 2868 4257 exprimeret,
2898 4186 3200 4257 respondeo
3227 4178 3257 4239 :‘

1997 4283 2149 4337 Scire
2193 4298 2365 4336 meum
2399 4280 2531 4335 nihil
2552 4292 2649 4342 cst,
2672 4281 2719 4335 si
2744 4279 2988 4351 qualesit
3012 4280 3110 4333 hoc
3137 4279 3266 4333 sciat
3293 4278 3447 4333 alter.

1925 4372 2080 4439 Quod
2131 4386 2262 4427 vero
2294 4371 2539 4440 qmeritis
2580 4371 2658 4442 (6)
2694 4387 2795 4436 eur
2828 4371 2969 4424 fama
3022 4368 3311 4424 Lanl‘ranci
3351 4379 3518 4441 atque

1922 4464 2241 4520 Guitmundi
2270 4464 2389 4535 plus
2421 4481 2539 4520 mea
2574 4480 2670 4536 per
2698 4465 2887 4520 orbem
2920 4462 3062 4518 volet
3090 4478 3105 4517 :
3154 4462 3342 4533 utique
3387 4465 3517 4534 quia

1530 4576 1769 4633 VARIAS'.
1807 4575 1986 4632 LECT
1992 4574 2104 4631 ION
2113 4571 2215 4631 ES.

303 4640 353 4697 άτ
384 4663 497 4718 Sub
546 4666 760 4740 nomine
813 4667 1103 4740 praestandi
1150 4684 1277 4721 nm.
1329 4678 1420 4722 aut
1471 4670 1575 4725 sub
1629 4670 1845 4724 nomine
1884 4668 2173 4740 praestandi

1685 4741 1731 4777 ⁵⁸
1761 4740 1851 4795 Vel
1889 4737 2255 4809 prohibemus
2290 4754 2425 4803 mss.
2454 4739 2533 4790 vel
2595 4737 2943 4807 prohibemur

172 4776 175 4777 ν
223 4736 334 4791 vit.
362 4746 461 4789 etc.
515 4752 611 4789 ins.
642 4734 886 4804 Exempi.
921 4737 1173 4799 alterum,
1203 4740 1457 4794 servitur.
1482 4790 1483 4793 η
1509 4752 1606 4794 ιω.

2285 4668 2330 4699 ⁸⁸
2386 4666 2647 4733 Servatur
2694 4677 2793 4720 etc.
2835 4685 2931 4720 ms.
2972 4666 3210 4735 Exempl.
3284 4665 3333 4719 l.
3394 4662 3511 4720 ser-

2290 4754 2414 4785 mss.
2454 4739 2533 4785 vel
2595 4737 2943 4785 nmhiltetttttr
3054 4738 3099 4768 7°
3143 4736 3402 4785 Minorttln
3456 4747 3511 4785 Μ

3143 4736 3402 4788 Minorutn
3454 4747 3513 4789 rt

222 4806 599 4881 praelatorum
632 4823 759 4860 mss.
791 4803 838 4860 et
872 4803 1309 4881 Edit.“l’icn_rdi,
1341 4809 1604 4878 majorum
1655 4821 1709 4864 et
1754 4803 2103 4880 .pra'latorum
2140 4846 2143 4849 ›
2180 4809 2225 4839 τι
2258 4809 2367 4881 't‘nt
2406 4810 2568 4881 etiam
2597 4803 2763 4881 tanta
2815 4825 2942 4881 ins._
2968 4807 3012 4858 l.
3049 4814 3126 4858 tot
3152 4814 3206 4881 et
3245 4814 3392 4859 tanta
3465 4809 3511 4837 ⁷¹

210 4877 373 4932 Meis
408 4887 499 4930 tua
530 4878 658 4931 mss.
691 4892 845 4933 mens
871 4886 961 4933 tua
1032 4878 1080 4910 ⁷³
1109 4879 1320 4934 Nullum
1343 4874 1653 4935 eornmats.
1689 4883 1740 4935 l.
1765 4874 1967 4935 nullius
1989 4895 2176 4935 eorum
2249 4879 2296 4911 "
2336 4877 2442 4933 Sua
2476 4880 2619 4934 dicta
2656 4877 2765 4930 vult
2791 4874 2889 4929 ms.
2924 4878 2972 4929 l.
3000 4891 3094 4929 sua
3120 4875 3231 4928 vult

1442 4968 1727 5025 JOANNIS
1760 4969 1831 5023 Plt

1935 4967 2030 5022 ιυι
2070 4966 2305 5024 NOT/E.
3454 5020 3457 5023 η

306 5061 534 5144 (ϐλϐιμη
578 5061 722 5131 fama
770 5059 1083 5144 Lanfranciz
1130 5060 1468 5144 Quilhelmus
1505 5062 1825 5144 Malmesbc-
1856 5065 1905 5123 D
1933 5061 2066 5115 adeo
2112 5059 2352 5144 coelesﬁs
2404 5074 2564 5142 sapor
2612 5066 2799 5137 pectus
2843 5055 3052 5144 (jusvet
3089 5058 3328 5144 palatum
3372 5058 3509 5144 infe-

224 5132 435 5201 riejnSis
479 5132 598 5188 loco
629 5147 801 5201 nuper
842 5132 1010 5186 citato
1040 5133 1119 5187 sic
1168 5134 1219 5186 in
1250 5134 1401 5188 hanc
1430 5149 1542 5186 rem
1591 5132 1823 5186 scribit:

162 5266 167 5271 Α
227 5224 249 5256 ι
302 5200 482 5257 Exivit
509 5202 650 5256 ianua
679 5200 1157 5273 ejus(l.anfrauci)
1194 5204 1585 5259 remotissimus
1625 5202 1827 5257 Latini-

228 5275 366 5345 tatis
400 5273 589 5343 plagas
613 5312 628 5337 ,
671 5282 901 5342 eratque
938 5272 1165 5345 Bec_cum
1201 5290 1452 5345 magnum
1484 5283 1537 5330 et
1564 5273 1827 5345 famosum

162 5364 167 5369 α
225 5342 557 5407 litteratura:
583 5348 945 5413 gymnasium.
978 5362 996 5395 ι
1025 5342 1091 5396 Ει
1114 5342 1311 5397 iterum
1349 5344 1442 5397 lib.
1471 5361 1529 5398 ιιι
1562 5344 1633 5397 De
1659 5344 1829 5411 gestis
1878 5356 1883 5363 ‘

153 5455 159 5461 .
224 5430 356 5483 reg.
385 5413 682 5496 énglorum
707 5431 828 5467 cum
856 5422 1015 5496 vocat
1060 5432 1079 5464 ι
1114 5413 1286 5496 virum
1318 5416 1558 5491 antiquis
1600 5416 1824 5496 scientia

224 5483 601 5609 stareligione
645 5484 1076 5555 comparandum
1105 5501 1120 5538 :
1153 5483 1228 5539 De
1270 5499 1379 5554 quo
1409 5486 1556 5539 serio
1587 5485 1692 5541 diei
1726 5500 1824 5555 po-

252 5570 287 5608 e
368 5572 381 5609 :

419 5690 621 5746 Tertius
654 5707 679 5745 ε
708 5690 831 5745 certe
863 5690 1043 5745 cecidit
1075 5690 1227 5745 Cato.
1250 5728 1263 5743 .
1286 5726 1299 5741 .
1324 5729 1334 5741 .
1356 5729 1367 5740 .
1392 5729 1405 5742 .
1426 5728 1439 5742 .

994 5759 1240 5831 (levem,
1286 5760 1400 5814 Sat.
1433 5776 1499 5827 ιι,
1532 5776 1677 5815 vers.
1708 5762 1823 5832 40.)

1934 5141 2104 5195 cerat,
2144 5133 2278 5186 adeo
2329 5130 2593 5183 Latinitas
2640 5127 2818 5181 omnis
2856 5128 2909 5181 in
2963 5128 3266 5182 liberalium
3308 5130 3511 5184 artium

1933 5202 2217 5257 scientiam
2265 5216 2361 5266 per
2389 5199 2691 5253 doctrinam
2724 5196 2839 5265 ejus
2886 5213 2944 5252 se
2989 5198 3322 5253 ineitabatn
3356 5198 3504 5266 Sigi-

1929 5275 2133 5327 bertus
2153 5272 2204 5325 in
2241 5268 2510 5325 Chronico
2534 5269 2597 5322 ad
2629 5283 2828 5320 annum
2854 5268 3025 5322 {080:
3063 5288 3080 5321 ι
3101 5269 3283 5323 Claret
3314 5270 3369 5324 in
3396 5271 3507 5322 An-

1929 5343 2033 5413 glia
2063 5340 2400 5413 Latifrancus
2438 5338 2685 5413 doctrina
2719 5347 2774 5391 et
2804 5338 3003 5413 pietate
3031 5340 3398 5413 conspicuus,
3436 5355 3503 5394 ev

1929 5409 2123 5467 abbate
2151 5410 2467 5463 Cadomensi
2494 5409 2774 5479 ordinatus
2806 5409 3506 5479 Cantuarizear’ebiepisco-

1929 5498 2068 5552 pus.
2093 5498 2111 5532 ι
2147 5480 2435 5552 Ingulplius
2479 5480 2650 5552 abbas
2694 5478 2748 5531 in
2777 5480 3009 5552 llistoria
3040 5495 3137 5534 sua
3166 5481 3244 5534 sic
3274 5480 3455 5552 scribit
3485 5498 3505 5535 :

1933 5547 1953 5602 ἱ
1993 5547 2251 5620 Stigando
2275 5547 2656 5620 Cantuariensi
2680 5547 3085 5620 arc_hiepisc0po
3126 5550 3385 5605 successit
3421 5558 3504 5603 re-

1928 5617 2353 5701 veren'dissitnus
2384 5618 2711 5701 patriarcha
2734 5617 3095 5701 “Larifrancus
3119 5661 3134 5685 ,
3174 5635 3259 5701 ἐκ
3308 5621 3504 5701 abbate

1926 5691 2248 5745 Cadomensi
2278 5689 2517 5744 omnium
2558 5689 2861 5743 liberalium
2906 5690 3126 5756 artium,
3153 5690 3345 5745 doctor
3396 5690 3503 5743 Ian-

1926 5762 2235 5817 datissimus
2260 5772 2314 5817 et
2337 5760 2813 5816 luculentissimus.
2836 5780 2854 5812 ι
2876 5760 2981 5817 Sed
3010 5776 3146 5831 pene
3172 5777 3335 5816 unum
3366 5762 3499 5820 mihi
