4056 6302
579 345 721 401 1083

1100 340 1158 395 εὖ.
1200 336 1504 392 ANSELMI
1541 334 1894 392 CANTUAR.
1935 320 2252 389 ARCIIIEP.
2285 332 2437 389 OPP.
2481 329 2660 388 PARS
2684 332 2771 388 111.
2810 363 2877 374 -
2915 329 3298 392 EPISTOLE.

3707 335 3849 393 ιθθι

578 476 683 514 non
708 455 926 527 quilife:
948 452 979 507 ll
1005 470 1043 506 ιε
1069 453 1184 520 pari
1217 468 1354 506 rosae
1379 452 1582 521 fragrat
1602 452 1785 518 odore,
1812 450 2024 505 etiamsi
2055 466 2159 504 non
2186 442 2239 510 Α
2266 453 2587 515 venientem.
2617 462 2918 524 vestraeque
2947 453 3255 509 dilectionis
3276 452 3408 508 mibi
3436 454 3686 508 nuntium
3709 456 3858 511 defe-

578 550 781 623 dispari
807 547 959 603 fallat
988 546 1208 601 rubore.
1236 546 1442 600 Valete.

1048 635 1380 693 EPISTOLA
1429 635 1568 692 XVII
1606 636 1672 690 ⁷⁸.

932 748 998 786 ΑΒ
1034 746 1378 786 ῦυιιιεωιυκ
1408 746 1477 785 ετ
1512 745 1802 785 Βοϐειιιωι.

681 826 914 880 Suarum
963 825 1265 877 orationum
1311 825 1727 879 communionem
1765 821 2055 891 pollicetur.

646 917 891 973 Dominis
922 924 981 970 et
1028 914 1288 970 fratribus
1324 916 1437 970 suis
1476 925 1667 984 sponte
1711 914 2077 984 diligentibus.
2110 920 2165 966 et

575 1012 773 1065 merito
804 1008 1019 1063 dilectis
1052 1006 1366 1063 GUILLsLun
1390 1016 1444 1063 et
1470 1006 1733 1074 thcsnto,
1764 1005 1932 1059 frater
1961 1004 2164 1057 Anser.-

573 1119 675 1159 »ωε
706 1102 963 1158 salutem.
1478 1144 1479 1147 η

646 1193 911 1249 Dominus
938 1200 993 1247 et
1021 1193 1230 1248 amicus
1256 1201 1443 1247 noster
1483 1191 1738 1245 Ermerus
1772 1189 1838 1251 ⁷⁸,
1876 1195 2159 1257 postquam

574 1286 747 1342 Roma
775 1284 959 1350 rediit,
995 1294 1238 1340 vestram
1273 1285 1403 1338 mihi
1436 1281 1883 1352 postulationem,
1910 1288 1969 1333 ut
1997 1278 2159 1333 veStri

575 1391 784 1433 memor
835 1377 890 1431 in
946 1376 1285 1431 orationibus
1344 1374 1478 1429 meis
1530 1388 1728 1438 essem,
1784 1378 1929 1426 tanta
1961 1368 2164 1440 suppli-

572 1462 788 1523 catioue
817 1468 1026 1532 retulit,
1057 1478 1115 1521 ut
1160 1475 1214 1521 ct
1242 1468 1416 1536 pudor
1462 1480 1547 1519 me
1586 1473 1807 1535 cogeret
1862 1464 1990 1517 dare
2020 1459 2162 1531 quod

576 1572 684 1615 tam
707 1561 903 1616 obnixe
927 1560 1236 1629 petebatur,
1259 1566 1312 1611 et
1335 1557 1667 1613 conscientia
1692 1555 2165 1625 prohiberet,quo-

573 1654 718 1706 niam
745 1668 849 1706 non
882 1652 1077 1707 eratin
1112 1666 1198 1705 me
1226 1651 1368 1719 quod
1393 1649 1718 1719 Sperabatur
1743 1649 1811 1700 "".
1841 1646 1974 1702 Cum
2002 1645 2165 1716 igitur

575 1753 629 1797 et
661 1742 894 1797 libenter
915 1753 970 1796 et
1001 1741 1309 1795 verecunde
1342 1739 1553 1810 plenius
1592 1741 1978 1795 concessissem
2020 1737 2162 1807 quod

2269 553 2507 611 rentem,
2544 546 2622 600 sic
2657 546 2797 611 volo,
2853 554 2911 599 ut
2947 561 3013 601 ex
3055 555 3241 600 nostra
3278 553 3430 615 parte
3469 544 3757 612 salutetis,
3800 554 3861 603 el

2268 634 2417 689 illttm
2444 636 2490 667 ⁸ο
2523 636 2726 691 amoris
2759 636 2888 691 mihi
2921 636 3136 691 vinculo
3170 635 3455 705 eolligetis.

2732 724 3067 781 EPISTOLA
3108 723 3272 781 XVIII
3310 725 3375 779 ⁸⁸.

2326 830 2394 869 Αἰ)
2433 831 2756 872 LAIBBRTUM
2797 833 2865 872 ετ
2903 832 3252 872 Ροιοειιλυωι
3293 831 3601 873 Ανυκοιῑιος
3649 830 3797 871 SUOS.

2271 906 2435 977 Rogat
2461 925 2515 962 se
2544 910 2816 963 certiorem
2840 909 2957 978 ﬁeri
2979 909 3043 963 de
3071 909 3447 963 avunculorum
3475 906 3859 963 incolumitate.

2338 999 2464 1054 Suis
2500 1000 2813 1055 revereudis
2852 1000 3086 1055 dominis
3122 999 3449 1055 dulcissimis
3478 1000 3859 1059 nutritoribus.

2265 1092 2635 1147 dilectissimis
2682 1091 3007 1159 avunculis,
3063 1091 3360 1148 Lauuen'ro
3404 1102 3457 1148 et
3502 1092 3865 1148 Foecenuoo

2265 1184 2437 1241 frater
2475 1187 2792 1251 Ausswus,
2837 1186 2917 1240 sic
2954 1186 3190 1240 transire
3227 1201 3325 1255 per
3370 1186 3509 1241 bona
3545 1182 3865 1253 temporalia

2266 1279 2683 1345 contemnendo,
2716 1288 2777 1333 ut
2806 1286 3063 1333 maneant
3093 1278 3146 1332 in
3175 1278 3394 1332 aeternis
3421 1276 3773 1348 perfruendo.

2339 1370 2561 1425 Utinam
2591 1371 2642 1424 iu
2669 1370 2896 1440 legendo
2919 1368 3202 1440 epistolam
3229 1382 3405 1422 meam
3436 1366 3676 1423 sentiant
3697 1380 3869 1419 avun-

2267 1458 2371 1512 culi
2410 1458 2513 1512 mei
2554 1472 2712 1527 quem
2756 1458 3004 1512 affectum
3050 1458 3101 1512 in
3145 1457 3399 1511 dictando
3431 1470 3553 1511 eam
3598 1462 3868 1509 testantur

2267 1547 2408 1602 oculi
2444 1547 2550 1602 mei
2580 1564 2593 1601 :
2626 1546 2889 1601 velociter
2921 1548 3066 1602 enim
3098 1547 3198 1601 fuit
3230 1548 3282 1602 in
3318 1548 3434 1617 ipso
3464 1546 3621 1601 initio
3650 1546 3868 1597 animus

2270 1654 2422 1694 meus
2448 1637 2717 1710 lacrymas
2756 1637 2802 1669 ⁸²
2836 1638 3165 1708 exprimere,
3194 1654 3355 1710 quam
3388 1638 3562 1709 stylus
3597 1652 3753 1691 meus
3783 1635 3868 1687 lit-

2271 1738 2416 1785 teras
2453 1728 2790 1799 imprimere.
2826 1729 2977 1785 Sicut
3009 1729 3151 1784 enim
3184 1744 3283 1784 nec
3312 1736 3617 1799 temporum
3654 1727 3864 1780 diutur-

572 1833 724 1903 prius
754 1848 970 1903 quoque
1002 1832 1288 1896 faciebam,
1331 1846 1527 1888 vestrae
1563 1849 1689 1904 erga
1724 1835 1891 1887 Deum
1922 1832 2166 1887 devotio—
2200 1801 2242 1854 Β
2270 1823 2431 1887 ηἱῑεὶε,
2472 1836 2574 1877 nec
2613 1820 2856 1876 Ιοοονιιῐη
2886 1822 3253 1891 Ιοηείηίιηῑιοε
3289 1821 3506 1890 corpori
3547 1834 3668 1873 ηιεο
3701 1818 3865 1871 “Ill”

573 1921 655 1976 uis
679 1932 733 1977 et
763 1936 891 1991 erga
923 1937 1006 1976 me
1037 1922 1343 1976 dilectionis
1377 1936 1473 1992 per
1511 1920 1647 1975 alios
1684 1920 1814 1974 mihi
1846 1918 2166 1974 sinceritate

570 2012 681 2078 jam
727 2012 942 2083 cogniti
970 2054 984 2077 ,
1046 2028 1149 2065 non
1186 2013 1381 2065 tninori
1427 2012 1704 2082 aliquanto
1752 2020 1995 2081 tempore
2045 2018 2169 2080 post

573 2099 714 2156 idem
745 2101 951 2155 amicus
979 2110 1162 2154 noster
1187 2109 1240 2155 et
1271 2110 1451 2155 vester
1471 2102 1714 2171 poposcit
1739 2100 2017 2165 instantia,
2035 2115 2167 2167 qua-

576 2202 735 2246 tenus
768 2192 871 2247 boc
901 2191 1052 2247 vobis
1085 2203 1271 2247 nostra
1305 2201 1600 2248 testaretur
1638 2190 1887 2260 epistola.
1921 2191 2165 2261 Superna

574 2281 741 2349 igitur
757 2292 1031 2338 annuente
1046 2268 1357 2348 clen’ientia,
1377 2298 1462 2337 me
1473 2299 1569 2355 pro
1586 2283 1738 2337 vobis
1756 2289 2035 2336 oraturum
2050 2297 2171 2350 prn-

579 2373 757 2437 mitto,
788 2381 843 2428 et
884 2374 926 2428 si
953 2373 1079 2444 quid
1111 2374 1235 2428 boni
1271 2374 1487 2428 divinus
1519 2373 1570 2425 in
1607 2388 1692 2427 me
1734 2382 2013 2442 reSpectus
2040 2386 2171 2440 ope-

574 2472 747 2527 ratur,
778 2461 894 2531 ejus
919 2478 1013 2517 vos
1034 2478 1243 2518 mecum
1268 2463 1472 2533 pariter
1494 2462 1787 2532 participes
1811 2461 1865 2515 in
1889 2476 2014 2515 vera
2041 2479 2057 2512 (
2075 2459 2170 2513 ha-

581 2555 740 2609 ritate
768 2556 1062 2624 promitto;
1094 2556 1187 2610 sed
1224 2565 1406 2609 utrum
1435 2556 1589 2609 vobis
1620 2554 1966 2625 profuturum
1990 2554 2169 2618 sit,illi

574 2660 602 2698 a
631 2659 738 2715 quo
780 2660 942 2700 omne
971 2645 1170 2700 bonum
1195 2653 1297 2711 est,
1332 2644 1633 2701 committo.
1669 2643 1863 2697 Munus
1892 2652 2072 2698 autem
2124 2644 2169 2674 ⁷⁸

579 2735 863 2791 charitatis
895 2736 1051 2791 vobis
1087 2747 1431 2807 peragentcs,
1464 2737 1607 2806 quod
1639 2751 1705 2790 ex
1738 2737 1895 2790 nobis
1934 2744 2039 2800 est,
2078 2736 2172 2789 hu-

575 2825 779 2880 militer
804 2827 1038 2897 petimus
1085 2836 1142 2880 ut
1183 2828 1233 2880 id
1265 2828 1438 2896 ipsum
1472 2826 1628 2882 nobis
1663 2827 1987 2897 persolvatis
2027 2826 2171 2895 quod

577 2934 643 2972 ex
675 2918 829 2974 vobis
852 2928 953 2974 est.
984 2918 1077 2974 His
1108 2919 1291 2989 itaque
1321 2920 1619 2983 concessis,
1650 2934 1770 2988 qua:
1798 2918 1843 2972 si
1871 2918 2024 2973 vobis
2048 2932 2173 2985 pro-

580 3009 761 3063 futura
784 3010 912 3074 sint,
928 3010 1180 3064 conscius
1201 3010 1332 3063 mihi
1351 3025 1593 3064 meorum
1612 3011 1928 3063 meritorum
1950 3009 2168 3078 ignoro:

580 3115 643 3154 ea
672 3115 769 3156 vos
788 3141 802 3167 ,
828 3108 892 3155 ut
918 3101 1272 3156 cbarissimos
1299 3101 1504 3156 amicos
1529 3110 1584 3157 et
1617 3100 1835 3165 fratres,
1866 3101 2130 3155 admoneo
2153 3140 2169 3164 ,

580 3206 701 3260 qua:
739 3191 879 3246 sicut
911 3191 1096 3258 noxia,
1128 3192 1171 3248 si
1204 3192 1577 3262 negligantur,
1610 3191 1683 3245 ita
1715 3190 1973 3253 salubria,
2005 3190 2048 3244 si
2080 3192 2178 3244 ob-

580 3292 886 3347 serventur,
920 3296 1026 3338 uon
1054 3281 1263 3336 dubito.
1295 3281 1377 3336 Ad
1410 3282 1513 3337 hoc
1544 3282 1753 3349 solum,
1776 3280 2131 3351 {dilectissimi
2158 3321 2173 3345 ,

580 3372 774 3426 discite
793 3412 808 3436 ,
848 3380 909 3426 ut
938 3372 1185 3427 veritatis
1205 3414 1219 3438 ,
1247 3387 1369 3441 quae
1398 3373 1647 3427 Christus
1671 3381 1775 3437 est,
1808 3372 2028 3442 possitis
2055 3385 2180 3426 esse

579 3477 839 3532 capaces;
870 3471 924 3518 et
958 3463 1037 3519 sic
1069 3464 1234 3519 vivite
1264 3465 1331 3530 ⁷³,
1366 3472 1424 3518 ut
1452 3464 1677 3531 Christi,
1710 3463 1803 3534 qui
1832 3464 2037 3519 veritas
2072 3473 2176 3531 est,

580 3556 821 3622 probetis
846 3571 941 3611 vos
973 3571 1094 3612 esse
1118 3556 1263 3626 _vclIe
1304 3571 1588 3626 sequaces.
1618 3557 1885 3613 Domuum
1914 3557 2176 3612 Lamber-

582 3661 694 3700 tum
728 3647 1049 3716 magistrum
1076 3656 1316 3703 vestrum
1351 3649 1531 3718 (quem
1566 3650 1778 3704 cunctis
1805 3649 2091 3704 amabilem
2124 3658 2178 3706 et

582 3738 791 3809 ingenii
818 3739 1135 3795 sinceritate
1154 3780 1169 3802 ,
1194 3748 1253 3795 et
1279 3754 1492 3794 morum
1519 3740 1791 3811 probitate
1816 3741 2175 3812 plurimorum

581 3820 743 3884 t'itlic'i
775 3830 1061 3904 relatione)
1091 3834 1181 3903 qui
1215 3848 1302 3889 me
1323 3833 1581 3901 salutare,
1612 3842 1667 3889 et
1700 3843 1761 3888 ut
1788 3849 1887 3903 pro
1912 3850 1978 3890 eo
2001 3850 2175 3900 orem,

583 3935 775 3992 rogare
803 3920 1055 3993 dignatus
1084 3934 1209 3992 est,
1248 3938 1348 3995 per
1389 3924 1645 3981 clericum
1679 3926 1750 3981 ab
1797 3924 1901 3979 illis
1931 3926 2176 3994 partibus

2270 1914 2510 1969 adimere
2539 1913 2682 1981 quod
2710 1913 2982 1968 nascendo
3009 1914 3076 1967 de
3108 1927 3307 1983 genere
3337 1921 3520 1967 vestro
3546 1912 3591 1942 ⁸³
3624 1911 3863 1978 ἰηςωρίι.

2269 2015 2324 2062 et
2349 2007 2490 2077 quod
2521 2005 2816 2061 crescendo
2848 2006 2915 2061 de
2945 2006 3278 2060 utttrimcnto
3307 2013 3488 2058 vestro
3513 2002 3759 2072 accepit;
3790 2003 3866 2055 sic

2273 2098 2415 2153 nulla
2445 2098 2770 2161 sollicitudo,
2804 2098 2947 2152 nulla
2981 2097 3268 2166 occupatio
3294 2096 3488 2150 anima:
3530 2110 3665 2148 nunc
3694 2103 3867 2163 potest

2271 2188 2318 2219 ⁸⁸
2347 2188 2595 2244 minuere
2623 2203 2863 2243 amorem
2890 2188 3080 2251 vestri,
3115 2200 3273 2257 quem
3299 2194 3352 2241 et
3384 2190 3580 2239 natura
3622 2193 3677 2236 et
3706 2184 3869 2238 benc-

2273 2282 2394 2339 licio
2418 2283 2686 2354 concepit.
2717 2282 3062 2353 Quapropter
3092 2297 3320 2353 quorum
3354 2296 3540 2336 amore
3564 2296 3659 2335 cor
3690 2294 3867 2334 meum

2275 2376 2428 2430 ardet
2476 2376 2865 2441 indesinenter,
2909 2389 3097 2429 eorum
3146 2373 3453 2428 felicitatem
3498 2387 3715 2441 semper
3755 2374 3871 2426 sitit

2275 2468 2550 2522 ardenter.
2595 2467 2797 2523 Precor
2834 2468 2999 2535 igitur
3033 2475 3300 2537 quatenus
3340 2481 3439 2536 per
3482 2465 3638 2533 lmjus
3668 2474 3869 2519 nostrae

2278 2558 2502 2614 latorem
2527 2558 2788 2628 epistolm,
2823 2568 3020 2612 vestra:
3044 2564 3243 2612 statum
3279 2556 3668 2611 incolumitatis
3700 2555 3870 2609 filium

2277 2660 2517 2705 vestrum
2559 2649 2755 2705 docere
2798 2648 3006 2714 velitis;
3049 2662 3148 2718 per
3179 2662 3371 2717 quem,
3419 2648 3464 2701 si
3509 2647 3717 2717 placet,
3754 2660 3871 2715 qua,

2274 2752 2402 2798 sunt
2438 2758 2564 2812 erga
2606 2758 2691 2796 me
2727 2742 2938 2797 discere
2982 2739 3195 2794 valetis.
3242 2737 3563 2808 Quanquam
3614 2737 3761 2790 enim
3804 2738 3867 2789 sit

2274 2834 2525 2889 dominus
2552 2833 2671 2896 iste,
2709 2832 2800 2901 qui
2831 2840 3014 2885 noster
3037 2830 3290 2900 dignatur
3310 2842 3431 2883 esse
3453 2826 3695 2891 nuntius,
3721 2824 3871 2878 valde

2275 2925 2459 2989 dives,
2490 2934 2545 2979 et
2569 2926 2636 2978 de
2664 2924 3162 2978 Northmannorum
3198 2918 3586 2981 nobilissimis,
3617 2926 3769 2970 tanta
3796 2925 3869 2968 ta-

2278 3033 2400 3071 men
2432 3017 2546 3087 ipse
2578 3032 2700 3071 cum
2745 3024 2920 3069 matre
2953 3022 3008 3068 et
3035 3013 3295 3067 fratribus
3331 3012 3444 3065 suis
3479 3019 3535 3063 et
3567 3025 3759 3063 sorore
3792 3024 3872 3061 me

2280 3108 2380 3161 sibi
2413 3105 2720 3160 dilectionis
2749 3103 3120 3159 familiaritate
3142 3101 3467 3172 junxerunt.
3498 3111 3555 3155 ut
3582 3116 3686 3153 non
3720 3100 3869 3152 aliter

2284 3213 2369 3253 mc
2396 3212 2556 3267 quam
2588 3196 2754 3249 lilium
2793 3204 2989 3261 mater,
3021 3203 3075 3249 et
3102 3192 3324 3247 fratrem
3355 3192 3539 3262 proles
3564 3194 3870 3249 nominent,

2282 3289 2400 3344 nisi‘
2414 3290 2538 3359 quia
2567 3288 2681 3358 pari
2708 3287 2995 3343 concordia
3026 3286 3369 3357 primogeniti
3402 3285 3533 3340 mihi
3557 3284 3873 3355 dignitatern

2281 3386 2687 3435 COIICCSSCI‘UDI.

2772 3465 3103 3523 EPISTOLA
3148 3465 3267 3521 XIX
3305 3466 3369 3519 ⁸³.

2840 3597 2909 3635 ΑΙ)
2945 3596 3311 3635 ιΑΝεκΑΝεωι.

2284 3672 2599 3728 Grutulutur
2628 3670 2931 3740 Lanfrauco
2957 3672 3098 3742 quod
3131 3671 3351 3724 Becrum
3376 3670 3548 3741 potius
3581 3686 3737 3740 quant
3768 3669 3873 3719 uh'o

2427 3744 2623 3798 miserit
2652 3752 2918 3811 nepotem,
2948 3740 2995 3794 et
3024 3740 3241 3795 Girardi
3267 3757 3469 3794 moram
3496 3748 3729 3793 excusat.

2356 3836 2467 3888 Suo
2497 3833 2746 3905 domino,
2783 3846 2881 3886 suo
2913 3831 3058 3884 Patri
3096 3846 3216 3885 cum
3258 3830 3563 3886 reverentia
3602 3830 3831 3881 amando
3859 3868 3871 3886 ,

2286 3943 2409 3982 cum
2443 3939 2631 3981 amore
2668 3923 3000 3989 reverenda,
3033 3922 3443 3993 archiepiscopo
3480 3922 3641 3977 matri
3682 3923 3875 3973 catho-

1864 4037 2099 4095 vanne
2139 4016 2544 4095 uacuo-ass.

652 4146 858 4222 "‘Cum
888 4151 952 4222 iis
983 4151 1187 4206 duobus
1215 4150 1627 4222 Exemplar-ibus
1657 4168 1755 4205 ms.
1783 4151 1871 4222 EI.
1907 4152 1999 4206 20.
2029 4152 2223 4207 collata
2267 4221 2270 4222 ν
2312 4152 2365 4222 f‘
2392 4151 2655 4205 Ermerna
2685 4166 2809 4222 mss
2838 4148 3145 4222 Ermerush
3168 4150 3217 4222 Ἰ

3253 4148 3370 4217 Quo
3401 4148 3723 4218 sperabatur
3746 4165 3872 4201 mss.

580 4220 723 4285 quod
754 4221 1074 4289 sperabatur
1146 4218 1583 4277 "Minusautem
1611 4238 1736 4275 mss.
1766 4218 1961 4277 munus
1979 4232 2159 4278 autem
2184 4239 2199 4257 ο
2234 4221 2281 4255 ⁷⁸
2304 4221 2395 4277 Sic
2417 4223 2601 4274 vivere
2620 4236 2745 4273 mss.
2767 4219 2846 4274 sic
2871 4222 3033 4276 vivite
3106 4220 3153 4252 ³ο
3175 4220 3242 4275 Et
3262 4220 3411 4274 illum
3437 4236 3534 4274 ms.
3565 4218 3613 4271 ι.
3635 4229 3693 4273 ut
3725 4220 3875 4271 illum

579 4290 624 4323 ⁸¹
654 4288 793 4343 Cum
812 4292 997 4345 iisdem
1018 4308 1144 4346 mss.
1176 4291 1374 4347 collata

1479 4292 1525 4325 ”
1553 4291 1835 4364 Lacrymis
1863 4310 1988 4345 mss.
2035 4293 2302 4364 lacrymas
2327 4291 2423 4364 __“
2447 4291 2660 4346 Geuere
2694 4299 2875 4344 vestro
2904 4307 3030 4346 mss.
3082 4304 3281 4363 genere
3330 4300 3517 4345 nostro
3593 4290 3638 4321 “
3665 4289 3879 4343 Anima:

580 4361 756 4430 potuit
778 4378 901 4415 nm.
930 4361 1126 4417 anima:
1153 4378 1286 4419 mea:
1314 4370 1494 4434 potest
1566 4364 1613 4403 ⁸⁸
1644 4361 1775 4416 cum
1802 4363 2039 4433 prwfatis
2082 4361 2208 4418 mss.
2254 4361 2449 4418 collata

1698 4502 1705 4507 ‘
1790 4492 2069 4550 IOANNIS
2118 4492 2392 4550 PICARDI
2424 4491 2657 4551 NOTIE.

581 4605 787 4679 ekaltllb
808 4613 985 4679 tautae;
999 4606 1334 4679 celebritatis
1357 4617 1735 4679 argumentum
1762 4608 1992 4675 illustre,
2026 4609 2168 4679 quod
2210 4614 2252 4669 D
2285 4608 2786 4664 Northmauuorum
2819 4624 2940 4679 cap.
2974 4609 3029 4672 8,
3075 4608 3162 4665 bis
3195 4608 3396 4665 verbis.
3444 4628 3464 4662 ι
3526 4609 3693 4665 Ortus
3722 4610 3878 4665 italia

580 4675 916 4733 Gttilhelmus
954 4675 1458 4749 Malmesberieusis
1490 4678 1656 4733 refert
1703 4679 1797 4731 lib.
1846 4694 1860 4732 ι
1895 4679 1971 4732 De
2004 4675 2173 4749 gestis

579 4749 897 4819 pontificum
937 4747 1233 4819 Anglorum
1286 4749 1371 4802 his
1400 4749 1581 4803 verbis
1616 4767 1630 4804 :
1662 4768 1681 4800 ε
1720 4750 1852 4819 Erat.
1901 4747 2172 4803 Lati—fran-

581 4817 681 4889 cus
729 4826 858 4889 tunc
907 4817 1167 4889 temporis
1193 4817 1246 4873 in
1294 4818 1540 4873 doctrina
1592 4828 1649 4872 et
1689 4818 1871 4875 mundi
1903 4820 2171 4889 sapientia

582 4887 1038 4961 famosissimus,‘
1085 4899 1140 4961 et
1203 4904 1365 4961 quem
1421 4889 1804 4961 venerabiliter
1867 4887 2174 4961 susciperet

580 4959 886 5015 Alexander
931 4959 1276 5030 apostolicus,
1311 4960 1535 5016 honoris
1564 4962 1860 5030 maximum
1909 4959 2168 5015 iudicium

583 5030 685 5084 fuit
730 5046 853 5087 cum
899 5028 1127 5101 Romam
1154 5031 1392 5086 venienti
1423 5039 1769 5101 sequestrata
1799 5028 1890 5086 illo
1933 5030 2169 5086 Romani

583 5101 858 5170 supercilii
910 5100 1054 5156 fastu
1100 5101 1389 5172 dignanter
1436 5100 1748 5172 assurgeret
1777 5140 1793 5164 ,
1844 5102 2166 5172 professus,

586 5173 728 5241 hanc
755 5185 814 5226 se
845 5171 1281 5235 venerationem,
1327 5187 1431 5226 nou
1465 5171 1609 5241 illius
1635 5171 2123 5241 archiepiscopatui
2153 5211 2168 5236 ,

583 5240 1041 5313 sed,magisterio
1081 5241 1386 5297 litterarum
1424 5240 1669 5313 deferre;
1724 5240 2058 5312 quaprOpter
2110 5256 2171 5297 se

586 5312 782 5366 fecisse
811 5312 953 5381 Quod
983 5320 1130 5368 esset
1182 5313 1439 5380 honoris,
1488 5312 1637 5367 illum
1690 5313 1893 5368 debere
1944 5314 2167 5378 facere,

587 5382 731 5453 quod
777 5391 923 5438 esset
964 5381 1225 5453 justitite,
1249 5394 1308 5438 ut
1356 5398 1455 5453 pro
1502 5397 1654 5453 more
1703 5384 1945 5438 omnium
1986 5382 2170 5453 archi-

587 5452 1160 5523 cpiscoporum’sancti
1202 5452 1369 5523 Petri
1400 5452 1584 5508 vicarii
1623 5453 1868 5523 vestigiis
1915 5452 2171 5507 advolve-

591 5521 1042 5591 retur.’lleddidit
1081 5521 1169 5576 ille
1198 5522 1462 5591 debitum,
1497 5542 1516 5576 ι
1558 5533 1663 5579 etc.
1692 5524 1751 5579 ld
1771 5521 1948 5579 etiam
1980 5523 2173 5591 repetit

540 5628 541 5631 η
591 5590 687 5663 lib.
712 5607 769 5647 ut
802 5593 876 5648 De
901 5592 1067 5662 gestis
1117 5605 1302 5663 regum
1324 5590 1620 5663 Anglorum
1640 5635 1655 5658 ,
1684 5594 1783 5649 sub
1817 5594 2001 5648 linem.
2036 5590 2174 5648 Iliuc

660 5659 778 5714 dem
802 5659 924 5717 non~
954 5662 1150 5728 refero,
1180 5659 1283 5718 uisi
1314 5659 1573 5718 addidero
1602 5674 1657 5719 et
1691 5663 1854 5717 alium
1884 5663 2170 5718 Cuilhelmi

640 5734 1018 5791 cumeticeusis
1070 5735 1247 5790 locum
1306 5749 1370 5790 ex
1426 5732 1517 5789 lib.
1572 5751 1625 5790 v1
1654 5733 1926 5806 Historiae
1976 5734 2170 5791 ducum

2281 4681 2501 4749 quidam
2535 4681 2618 4732 vir
2646 4689 2783 4742 erat,
2814 4695 2976 4750 quem
3006 4680 3274 4735 Latinitas
3299 4681 3351 4735 in
3393 4681 3678 4751 antiquum
3710 4682 3783 4735 ab
3815 4697 3884 4735 eo

2282 4751 2532 4804 restituta
2558 4751 2798 4805 scientiae
2819 4759 3021 4807 statum
3046 4759 3181 4819 tota,
3202 4766 3513 4821 supremum
3541 4752 3725 4807 debito
3752 4766 3879 4821 cum

2286 4835 2474 4875 amore
2499 4821 2793 4902 et_houo_re
2820 4820 3104 4902 agnoscit,
3122 4821 3341 4902 nomine
3370 4820 3881 4902 La.ufrancus..lpsa

2324 4905 2504 4960 uoqne
2550 4891 2613 4961 in
2652 4889 2990 4961 liberalibus
3031 4892 3259 4961 _studiis
3311 4891 3553 4961 gentium
3614 4893 3882 4961 magistra

2336 4959 2493 5017 rtecia
2528 4960 2826 5030 discipulos
2858 4960 3002 5016 illius
3030 4959 3266 5016 libenter
3306 4959 3562 5015 audiebat
3603 4971 3661 5015 et
3700 4959 3882 5014 admi-

2280 5032 2525 5086 rabatur.
2561 5049 2578 5083 ι
2612 5030 2677 5084 Ει
2717 5030 2877 5100 paqu

2278 5101 2548 5171 monacho
2580 5101 2755 5171 inquit
2786 5119 2798 5154 :
2846 5119 2865 5152 ‹

2953 5039 3041 5087 ost
3086 5032 3153 5086 de
3191 5031 3382 5086 eodem
3412 5031 3564 5087 facto
3613 5030 3883 5086 Becceusi

2952 5115 3128 5166 umor,
3155 5110 3214 5155 ut
3247 5102 3348 5157 hoc
3375 5101 3576 5156 factum
3611 5102 3881 5170 prodidit.

2278 5169 2437 5241 longe
2472 5169 2688 5239 lateque
2731 5171 2988 5239 protulit,
3026 5179 3081 5225 et
3125 5170 3267 5227 fama
3316 5172 3420 5225 viri
3454 5169 3885 5241 praeclarissima

2276 5240 2510 5297 Beccum
2563 5250 2621 5296 et
2673 5242 2926 5296 abbatem
2974 5241 3289 5296 Herluiuum
3339 5240 3490 5311 brevi
3530 5242 3884 5311 perrorbetu

2278 5322 2547 5367 terrarum
2586 5311 2800 5365 extulit.
2830 5311 3140 5367 Accurrunt
3163 5310 3373 5377 clerici,
3403 5310 3603 5367 ducum
3634 5310 3734 5365 ﬁlii
3784 5326 3886 5365 no-

2278 5381 2623 5451 minatissimi
2654 5422 2669 5445 _.
2713 5381 3024 5436 scholarum
3068 5381 3376 5437 Latinitatis
3424 5381 3693 5451 magistri,
3755 5379 3889 5437 laici

2277 5462 2551 5523 potentes,
2585 5450 2689 5506 alta
2715 5451 2999 5523 nobilitate
3022 5451 3145 5516 viri,
3175 5451 3330 5506 multi
3354 5464 3455 5523 pro
3490 5450 3891 5523 ipsiusglnore

2281 5520 2477 5577 inultas
2504 5523 2679 5576 eidem
2722 5521 2980 5577 Ecclesiae
3009 5530 3185 5577 terras
3213 5520 3586 5578 contulerunt.
3620 5540 3639 5573 ι
3668 5520 3886 5575 Hacte-

2280 5609 2382 5647 nus
2414 5592 2500 5662 ille
2545 5607 2610 5647 ex
2642 5591 2871 5647 Gilberti
2908 5592 3193 5662 Becceusis
3236 5591 3420 5662 verbis
3470 5591 3799 5662 ipsissimis,
3832 5592 3891 5647 in

2287 5663 2404 5717 Vita
2445 5661 2683 5731 Herluini
2739 5661 3291 5731 protocmuobiarcba
3336 5659 3626 5720 Beceénsis
3674 5659 3795 5717 Is.
3828 5662 3890 5717 iu

2283 5733 2540 5790 Chronic.
2577 5730 2831 5793 Beccens.
