4056 6302
274 346 412 403 1085

1587 347 1714 401 un.
1745 345 1784 411 l,
1822 342 2041 398 EPIST.
2084 342 2223 397 χχι.
2306 318 2309 325 ’

3404 317 3541 396 {oss

271 450 389 517 lica:
419 457 627 529 amplee
655 459 796 514 endo
820 458 1157 526 LANFRANCO,
1184 456 1350 513 frater
1380 459 1661 516 Ausewus
1696 474 1856 523 suus,
1887 459 1940 520 Δ
1965 470 2153 511 surum
2196 457 2240 512 si
2289 470 2394 511 non
2437 454 2706 525 quomodo
2750 452 2915 519 volet,
2952 452 3037 508 vel
3075 453 3152 508 sic
3200 454 3468 522 quomodo
3492 456 3541 487 ’δ’

273 549 418 622 quod
450 562 601 603 suus.

342 637 561 696 Gratias
586 644 826 708 paternae
856 646 1049 693 vestrm
1073 636 1370 704 dilectioni,
1396 653 1499 708 qua
1528 652 1627 692 nos
1648 651 1863 707 semper

273 736 579 800 prasente.
612 728 695 778 Ital
718 726 853 793 etis,
898 743 1115 797 semper
1150 730 1334 799 utique
1360 730 1407 761 ⁸⁸
1433 730 1689 785 debemus
1722 743 1737 782 :
1767 729 1861 784 sed

272 835 394 874 cum
434 832 529 873 eas
573 832 787 872 semper
820 818 961 885 loqui
1008 835 1110 870 non
1159 819 1427 887 possimus
1453 860 1467 883 ,
1512 821 1669 874 modo
1712 828 1862 873 certe

273 925 459 969 tacere
489 926 591 964 non
631 908 908 965 debemus.
950 910 1122 963 Tanta
1161 910 1304 964 enim
1347 909 1587 978 ejusdem
1620 910 1862 965 dilectio-
1894 956 1900 964 .

271 1005 359 1060 nis
398 1002 709 1058 exuberans
749 998 1078 1069 plenitudine
1099 1041 1112 1065 ,
1142 1008 1201 1053 ut
1238 1000 1285 1032 ⁸⁷
1309 1014 1431 1054 eam
1470 999 1779 1070 nuperrime
1806 1006 1861 1053 et

271 1095 677 1168 integerrimam
696 1134 711 1158 ,
739 1091 880 1162 quod
907 1104 1003 1147 nos
1032 1106 1246 1161 quoque
1270 1091 1575 1147 sciebamus
1600 1091 1666 1159 ⁸⁸,
1700 1107 1861 1161 argu-

272 1196 457 1241 mento
485 1182 793 1240 necessario
830 1181 1134 1251 probaretis
1154 1223 1168 1247 ,
1212 1191 1261 1237 et
1301 1180 1691 1245 inviolabilem,
1717 1180 1862 1250 quod

271 1275 440 1345 319
474 1274 727 1331 similiter
753 1272 1126 1342 sperabamus,
1167 1274 1393 1345 pignore
1420 1270 1747 1329 charissimo
1772 1287 1861 1326 as-

270 1367 550 1424 sereretis.
581 1365 712 1420 Nam
739 1366 1147 1420 dilectissimum
1169 1367 1324 1421 vobis
1346 1375 1593 1435 nepotem
1617 1372 1859 1420 vestrum

270 1461 533 1514 domuum
564 1458 927 1513 Lanfrancum
958 1458 1024 1511 ad
1059 1472 1158 1513 nos
1185 1458 1431 1521 misistis,
1458 1468 1509 1513 et
1533 1472 1655 1511 eum
1684 1456 1859 1527 magis

272 1552 328 1606 in
370 1561 558 1607 nostro
591 1551 925 1608 monasterio
951 1566 1114 1621 quam
1164 1551 1217 1606 in
1254 1551 1495 1621 quolibet
1527 1551 1632 1604 alio
1666 1564 1859 1604 mona-

277 1645 442 1699 chum
473 1643 589 1698 fieri
619 1638 888 1701 voluistis.
924 1643 1075 1699 Sicut
1101 1658 1234 1713 ergo
1256 1643 1399 1714 quod
1431 1643 1553 1713 quis
1574 1642 1859 1697 dilectissi-

271 1749 424 1790 mum
459 1734 562 1790 sibi
608 1750 712 1788 non
742 1734 952 1789 dilectis
977 1733 1108 1789 velit
1133 1734 1382 1797 credere,
1422 1748 1529 1786 non
1573 1739 1656 1786 est
1682 1730 1857 1786 credi-

273 1823 402 1888 bile,
434 1823 507 1877 ita
537 1832 596 1878 ut
627 1838 729 1878 non
766 1824 951 1894 diligat
985 1824 1075 1877 ubi
1114 1838 1273 1893 quem
1314 1822 1472 1876 valde
1516 1821 1692 1890 diligit
1728 1834 1859 1875 con-
1895 1804 1934 1860 Β

273 1924 549 1978 versatur,
580 1930 685 1968 non
716 1914 851 1968 solet
874 1928 994 1969 esse
1016 1912 1294 1982 possibile.
1326 1912 1381 1965 ln
1404 1927 1511 1982 quo
1531 1921 1716 1966 vestro
1738 1919 1862 1965 actu

275 2020 381 2060 non
410 2005 583 2059 solum
610 2004 953 2059 monstrastis
981 2004 1027 2035 ⁸⁸
1058 2011 1249 2059 vestrae
1276 2003 1582 2058 dilectionis
1611 2017 1739 2072 erga
1764 2017 1863 2058 nos

270 2096 635 2151 constantiam
673 2108 1025 2165 permanere;
1054 2093 1147 2149 sed
1174 2092 1362 2158 etiam,
1393 2093 1535 2162 quod
1566 2105 1672 2145 non
1705 2091 1867 2145 aliter

274 2195 488 2259 gratum
524 2187 807 2249 habemus,
847 2184 1153 2240 dilectionis
1189 2199 1316 2254 erga
1358 2199 1456 2239 vos
1479 2183 1863 2240 certitudinem

270 2289 371 2332 vos
411 2276 632 2331 habere.
666 2275 888 2331 Gratias
925 2276 1091 2345 igitur
1120 2275 1167 2307 ὀ
1188 2275 1400 2346 agimus
1439 2275 1672 2345 primum
1711 2274 1784 2327 illi
1830 2287 1863 2328 a

272 2385 382 2439 quo
404 2378 487 2425 est
512 2382 671 2423 omne
701 2368 924 2433 bonum,
965 2367 1159 2423 deinde
1190 2375 1431 2437 paterna
1466 2374 1663 2421 vestrae
1689 2364 1861 2420 subli-

274 2457 477 2520 mitati,
512 2458 639 2525 quia
659 2456 737 2512 sic
761 2472 860 2512 nos
888 2456 1113 2528 diligitis
1140 2475 1153 2511 :
1180 2457 1407 2528 gratias,
1445 2457 1573 2527 quia
1598 2456 1665 2509 de
1701 2454 1862 2510 nobis

271 2550 351 2604 sic
381 2548 685 2615 conﬁditis;
718 2549 943 2619 gratias,
990 2550 1116 2619 quia
1153 2550 1260 2604 tale
1296 2550 1492 2620 pignus
1526 2548 1683 2605 nobis
1714 2565 1865 2605 co—

272 2641 507 2696 mittitis.
543 2640 669 2696 Hme
702 2643 843 2697 dicta
883 2642 995 2697 sint
1034 2657 1141 2698 non
1181 2641 1356 2697 solum
1381 2650 1478 2713 pro
1503 2657 1612 2707 me,
1642 2643 1737 2696 sed
1764 2658 1862 2712 pro

272 2742 387 2791 tota
417 2743 599 2790 nostra
621 2737 1063 2807 congregatione.
1096 2736 1202 2791 Pro
1223 2751 1311 2791 me
1334 2744 1514 2791 autem
1540 2737 1859 2808 intelligenti

272 2825 509 2879 breviter
537 2824 713 2880 dicam
752 2866 767 2891 ,
805 2826 933 2895 quia
964 2839 1105 2880 onus
1131 2825 1396 2895 inaequale
1433 2826 1707 2896 prioratus
1731 2828 1862 2898 (quo

272 2929 359 2970 me
394 2931 498 2969 non
534 2915 730 2971 leviter
757 2916 884 2970 olim
916 2917 1204 2985 gravastis)
1250 2917 1436 2986 utique
1474 2919 1721 2989 augendo
1754 2934 1859 2973 non

274 3006 485 3059 modice
519 3021 688 3075 nuper
714 3006 1009 3077 levigastis.
1040 3007 1285 3076 Cumque
1308 3007 1614 3063 imbecillus
1643 3008 1859 3063 animus

272 3105 516 3167 gemeret
543 3098 587 3129 ⁹¹
616 3097 716 3153 sub
742 3099 1001 3168 pondere,
1031 3097 1286 3154 eﬂ‘ecistis
1311 3112 1369 3152 ut
1399 3098 1540 3168 jam,
1570 3114 1677 3154 non
1710 3100 1854 3163 dico,

272 3187 443 3251 nolit,
499 3188 593 3243 sed
643 3203 781 3259 pene
831 3188 985 3254 nolit,
1034 3188 1177 3258 quod
1221 3190 1439 3259 premit,
1490 3190 1761 3259 deponere
1787 3189 1853 3241 ⁹¹.

273 3279 563 3332 Cirardum
609 3288 851 3333 vestrum
882 3278 949 3333 de
994 3278 1250 3333 Flandria
1284 3293 1380 3347 per
1406 3287 1602 3333 vestrae
1641 3279 1859 3349 pietatis

271 3368 604 3439 largitatem,
630 3371 742 3425 Deo
775 3371 841 3425 de
884 3370 1088 3424 mundo
1117 3378 1297 3424 nostra
1331 3370 1675 3440 suggestione
1704 3370 1859 3426 rede-

282 3459 432 3513 misti
471 3478 483 3512 :
530 3460 672 3515 unde
718 3476 825 3525 me,
870 3460 917 3514 si
951 3469 1132 3515 vester
1168 3476 1274 3515 non
1321 3474 1521 3526 essem,
1565 3460 1858 3516 conﬁterer

270 3565 490 3604 servum
515 3550 667 3605 vobis
692 3560 933 3619 emptum
966 3567 981 3603 :
1014 3550 1101 3604 die
1135 3566 1163 3603 a
1199 3549 1353 3604 vobis
1392 3549 1686 3605 constituta
1718 3552 1857 3605 sciat

270 3644 535 3699 sanctitas
568 3653 746 3698 vestra
777 3644 894 3698 sine
927 3643 1077 3713 gravi
1101 3643 1314 3714 jactura
1337 3657 1458 3697 esse
1480 3657 1587 3696 non
1615 3642 1857 3711 potuisse

198 3777 206 3786 .
272 3734 580 3788 absolutum
612 3750 642 3787 a
678 3734 1039 3788 creditoribus
1081 3734 1194 3788 suis
1224 3748 1239 3787 :
1270 3733 1420 3787 venit
1454 3741 1635 3786 tamen
1681 3733 1853 3802 prima

272 3824 553 3878 Dtillli'ica
598 3823 1036 3893 Quadragesimze
1076 3834 1315 3879 vestram
1365 3823 1419 3877 in
1472 3838 1531 3877 se
1572 3823 1857 3893 magnifice

272 3914 704 3969 misericordiam
747 3914 1073 3983 prmdieans,
1112 3922 1166 3968 et
1212 3912 1446 3983 qualiter
1484 3921 1708 3978 nostrm,
1747 3927 1855 3966 non

272 4014 385 4060 tam
425 4004 694 4075 petitioni,
728 4020 892 4075 quam
928 4004 1033 4058 levi
1062 4004 1356 4060 voluntatis
1383 4002 1768 4073 signiﬁcationi
1801 4005 1854 4060 in

267 4099 390 4161 eius
413 4112 575 4152 causa
617 4097 858 4167 dignatio
886 4104 1067 4151 vestra
1102 4096 1256 4161 lavit,
1293 4105 1349 4152 et
1384 4112 1601 4169 semper
1628 4112 1687 4153 se
1720 4097 1857 4152 velle

266 4188 457 4242 favere
481 4187 768 4240 intimavit.
798 4186 898 4252 Qui
928 4186 1061 4240 dixit
1088 4201 1147 4241 se
1171 4187 1326 4252 velle,
1356 4196 1411 4243 et
1438 4197 1700 4259 quantum
1728 4188 1857 4241 atti-

266 4290 361 4336 net
394 4280 461 4333 ad
492 4279 594 4333 hoc
622 4278 767 4346 quod
814 4278 979 4332 habet
1009 4293 1190 4348 posse,
1222 4280 1304 4334 sic
1332 4280 1559 4335 reddere
1585 4279 1729 4349 quod
1758 4279 1854 4334 de-

266 4371 380 4433 bet,
414 4377 471 4422 ut
494 4367 697 4437 aliquid
726 4368 869 4439 quod
892 4382 1073 4423 secum
1105 4366 1322 4423 all‘erret
1351 4369 1605 4434 haberet;
1640 4368 1733 4422 sed
1758 4383 1855 4439 pro

263 4460 592 4532 quibusdam
636 4460 1041 4531 impedimentis
1098 4477 1206 4517 non
1267 4463 1510 4532 potuisse
1554 4462 1851 4518 secundum
1884 4485 1934 4545 ι)

262 4551 603 4615 condictum,
626 4559 685 4605 ut
708 4558 941 4621 oportet.
970 4550 1154 4607 Rediit
1179 4552 1341 4623 igitur
1365 4553 1690 4624 promittens
1712 4568 1771 4609 se
1796 4555 1848 4609 in

262 4642 475 4698 Pascha
515 4641 745 4696 Beccum
799 4640 914 4698 Deo
948 4652 1223 4699 annuente
1277 4654 1564 4700 venturum
1614 4654 1671 4700 et
1698 4661 1850 4701 man-

1962 546 2183 618 poterit.
2212 546 2269 601 Si
2319 546 2448 615 quid
2496 545 2665 615 igitur
2693 543 2939 614 peccavit
2970 542 3093 613 quia
3128 542 3539 613 promissionem

1963 641 2115 695 vobis
2140 640 2335 695 factam
2365 639 2430 693 ad
2462 638 2678 708 plenum
2704 652 2810 691 non
2833 646 2917 692 est
2941 644 3259 702 exsecutus,
3285 636 3539 703 quoniam

1963 749 2071 788 non
2095 732 2147 787 id
2179 733 2464 787 admisisse
2490 730 2697 785 malitia
2726 729 2941 784 videtur
2966 728 3031 794 “,
3063 737 3187 797 peto
3216 742 3460 791 securus,
3485 737 3544 781 ut

1963 822 2135 886 soleo,
2186 823 2252 877 de
2299 831 2477 878 vestra
2523 822 2874 893 benignitate,
2921 831 3191 890 quatenus
3225 819 3335 874 lilio
3360 828 3544 874 vestro

1964 913 2083 967 vice
2121 914 2313 983 patris,
2365 912 2529 968 liceat
2571 926 2693 967 eum
2745 914 2848 968 hoc
2892 905 3044 966 'rcatu
3085 910 3386 975 absolvere,
3419 925 3543 965 cum

1964 1007 2245 1062 nobiscum
2297 1006 2518 1076 incipiet
2565 1007 2766 1062 vivere.
2812 1006 2869 1061 lu
2913 1022 3023 1077 qua
3065 1021 3122 1061 re
3168 1005 3309 1059 hanc
3336 1014 3543 1059 certam

1962 1115 2287 1171 praesumam
2330 1101 2762 1165 concessionem,
2814 1101 2859 1155 si
2902 1099 3101 1155 nullam
3146 1098 3326 1168 legero
3362 1096 3545 1167 probi-

1962 1187 2245 1243 bitionem.
2574 1207 2582 1215 ι

2460 1300 2793 1355 EPISTOLA
2839 1300 2935 1354 XX
2966 1302 3033 1355 9‘.

2532 1430 2599 1466 AD
2637 1428 2973 1467 GONDULFUM.

2230 1502 2311 1557 De
2336 1503 2503 1558 tribus
2528 1505 2849 1558 orationibus
2880 1504 2949 1555 ad
2978 1503 3280 1569 Deipamm.

2036 1594 2267 1650 Domino
2295 1594 2585 1651 Gonnuu‘o
2606 1596 2650 1627 9“
2681 1595 2849 1649 frater
2881 1594 3188 1655 Ansecnus,
3224 1591 3365 1661 quod
3406 1591 3546 1646 Gon-

1964 1686 2113 1745 dulfo
2143 1686 2457 1743 Anselmus.

2042 1783 2161 1839 Non
2193 1791 2275 1838 est
2322 1795 2457 1850 Opus
2498 1788 2558 1834 ut
2598 1779 2765 1833 multa
2795 1777 2861 1831 de
2891 1777 3261 1831 incolumitate
3304 1774 3549 1844 pristina:

1968 1874 2224 1930 amicitiae
2246 1873 2499 1943 loquatur
2524 1886 2587 1926 os
2619 1885 2799 1924 meum
2838 1869 2937 1931 illi,
2969 1885 3129 1938 quem
3164 1869 3215 1921 in
3249 1876 3435 1921 mutua
3468 1865 3546 1919 di-

1968 1965 2199 2021 lectione
2228 1963 2343 2018 scio
2370 1977 2491 2017 esse
2521 1961 2751 2015 alterum
2780 1975 2876 2014 cor
2906 1975 3105 2015 meum.
3139 1958 3207 2014 Ut
3241 1960 3403 2029 igitur
3426 1959 3549 2012 bre-

1967 2059 2107 2112 viter
2136 2055 2279 2125 quod
2310 2054 2452 2110 nosti
2481 2054 2686 2117 dicam,
2716 2052 2857 2107 sicut
2878 2067 3031 2105 amor
3064 2054 3135 2106 tui
3167 2067 3231 2106 ex
3258 2066 3365 2121 quo
3387 2052 3551 2104 incoe-

1966 2151 2065 2220 pit,
2111 2166 2385 2218 nunquam
2435 2149 2489 2203 in
2535 2162 2623 2202 me
2652 2154 2892 2200 mutatus
2920 2146 2965 2184 ’τ
2996 2152 3079 2199 est
3109 2145 3430 2207 minuendo,
3464 2143 3540 2197 ita

1967 2241 2229 2298 sollicitus
2252 2256 2369 2296 sum
2402 2248 2459 2293 ut
2486 2253 2699 2309 semper
2726 2238 2987 2293 alteretur
3027 2236 3073 2267 "
3120 2236 3387 2305 augendo.
3420 2233 3553 2301 Qui-

1967 2331 2092 2384 dam
2138 2329 2307 2384 frater
2350 2344 2458 2384 non
2508 2328 2699 2393 semel,
2729 2328 2822 2382 sed
2853 2341 2994 2396 saepe
3031 2340 3117 2379 me
3160 2324 3369 2395 rogavit
3397 2333 3455 2377 ut
3483 2323 3552 2378 de

1966 2431 2155 2478 sancta
2187 2421 2353 2476 Maria
2383 2434 2633 2488 magnam
2679 2417 2967 2487 quamdam
2996 2416 3299 2469 orationem
3327 2429 3551 2482 compo-

1966 2527 2150 2567 nerem
2187 2526 2202 2564 :
2232 2510 2374 2580 quod
2406 2525 2527 2564 cum
2559 2509 2675 2577 ipse
2723 2521 2962 2575 praesens
3013 2515 3227 2575 rogaret
3275 2505 3542 2565 exterius,

1968 2613 2022 2657 tu
2074 2604 2271 2658 absens
2310 2599 2678 2671 persuadebas
2723 2598 2972 2653 interius.
3009 2596 3273 2663 Quoniam
3320 2595 3464 2650 enim
3495 2595 3550 2649 id

1967 2705 2119 2750 tuum
2177 2692 2442 2756 futurum,
2490 2691 2534 2744 si
2585 2691 2759 2756 fieret,
2818 2686 3257 2758 prospiciebam,
3341 2685 3551 2740 idcirco

1964 2787 2107 2857 quod
2136 2785 2368 2849 volebat,
2393 2781 2650 2838 libentius
2676 2779 3060 2848 suscipiebam.
3083 2776 3209 2831 Feci
3245 2776 3408 2847 igitur
3428 2792 3552 2829 ora-

1968 2880 2169 2934 tionem
2196 2893 2383 2939 unam,
2409 2874 2550 2929 unde
2575 2873 2787 2928 fueram
2812 2869 3142 2942 postulatus;
3177 2870 3267 2923 sed
3299 2870 3351 2922 in
3378 2883 3440 2924 ea
3466 2883 3553 2923 me

1965 2986 2071 3026 non
2104 2968 2437 3023 satisfecisse
2469 2964 2765 3035 postulanti
2811 2977 3166 3031 cognoscens,
3204 2960 3430 3015 alteram
3473 2960 3551 3012 fn-

1963 3078 2089 3118 cere
2139 3077 2258 3117 sum
2312 3059 2569 3114 incitatus
2616 3057 2684 3110 ’9.
2736 3056 2793 3111 In
2846 3069 2954 3124 qua
3000 3053 3254 3123 quoniam
3300 3052 3553 3106 similiter

1886 3150 1926 3205 C
1964 3155 2200 3209 nondum
2253 3151 2523 3215 satisfeci,
2579 3148 2817 3213 tertiam,
2863 3161 2983 3216 quae
3018 3146 3233 3199 tandem
3282 3143 3554 3197 sulliceret

1968 3246 2058 3306 ‘°°,
2087 3242 2312 3314 perfeci.
2352 3242 2553 3310 Accipe
2586 3239 2755 3308 igitur
2794 3252 2910 3301 eas,
2955 3252 3076 3305 qua:
3124 3236 3276 3289 facta:
3304 3243 3429 3288 sunt
3460 3244 3549 3287 tua

1962 3335 2295 3399 intentione;
2348 3342 2404 3387 et
2452 3347 2521 3386 ne
2566 3328 2936 3399 reprehendas
2981 3326 3408 3397 magnitudinem
3458 3326 3550 3386 ¹⁰¹.

1960 3444 2080 3498 quae
2124 3427 2265 3481 facta
2314 3434 2397 3481 est
2442 3424 2619 3479 aliena
2669 3421 2956 3493 petitione.
2984 3418 3050 3472 Et
3077 3420 3280 3471 utinam
3331 3417 3404 3471 ita
3440 3417 3551 3470 sint

1964 3521 2133 3589 longa:
2176 3518 2264 3581 ¹⁰²,
2298 3526 2377 3579 ut,
2416 3524 2711 3584 antequam
2743 3512 2810 3567 ad
2857 3511 3019 3565 linem
3044 3508 3332 3575 cujuslibet
3360 3522 3548 3562 earum

1962 3611 2208 3679 legendo,
2223 3608 2305 3663 vel
2324 3607 2501 3678 potius
2526 3602 2834 3660 meditando
2856 3600 3223 3671 perveniatur,
3240 3598 3465 3668 adquod
3482 3596 3550 3629 ¹⁰³

1963 3700 2116 3755 factm
2144 3707 2291 3762 sunt,
2325 3696 2670 3768 compunctio
2701 3694 2910 3749 scilicet
2953 3690 3301 3747 contritiouis
3350 3688 3434 3743 vel
3468 3689 3551 3743 di-

1962 3789 2211 3845 lectionis
2233 3790 2286 3843 in
2316 3789 2397 3844 eis
2425 3802 2522 3855 per
2551 3799 2848 3855 supernum
2882 3792 3186 3850 respectum
3214 3780 3546 3833 inveniatur.

1963 3878 2205 3947 Denique
2255 3877 2459 3932 idcirco
2497 3874 2641 3928 volui
2680 3887 2775 3927 eas
2823 3871 2971 3941 ipsas
3011 3868 3290 3923 orationes
3336 3866 3405 3898 ὀδ
3451 3882 3551 3937 per

1960 3966 2262 4022 sententias
2294 3963 2651 4035 paragraphis
2681 3962 3035 4031 distinguere,
3092 3969 3149 4012 ut
3197 3956 3547 4025 auticipando

1960 4054 2315 4125 longitudinis
2369 4052 2669 4115 fastidium,
2726 4051 2817 4105 ubi
2867 4049 3124 4113 volueris,
3155 4047 3330 4117 possis
3358 4060 3451 4101 eas
3479 4046 3549 4100 le-

1960 4149 2134 4219 gendo
2167 4146 2411 4201 incidere
2441 4146 2525 4196 ¹⁰⁵.

2437 4253 2769 4314 EPISTOLA
2811 4254 2930 4308 XXI
2971 4255 3060 4307 m.

2525 4386 2591 4423 AD
2631 4382 2972 4425 RODCLPHUM.

2068 4460 2392 4530 llodulplmm
2424 4460 2711 4513 obtestatur
2741 4458 3034 4512 describere
3059 4457 3194 4511 notis
3224 4457 3436 4510 musicis

2525 4530 2988 4599 Antiphonarium.

2033 4647 2243 4702 Domno
2272 4653 2328 4702 et
2363 4644 2516 4700 fratri
2551 4644 2875 4701 charissimo
2913 4642 3205 4699 Ronunrno
3241 4640 3410 4695 frater
3437 4640 3541 4693 Aa-

1570 4756 1804 4814 VARUE
1841 4756 2135 4815 LECTION
2146 4755 2250 4811 ES.

341 4847 388 4879 ⁸⁸
418 4845 647 4915 Semper
694 4845 900 4919 utique
925 4863 1024 4919 me.
1057 4847 1109 4902 1.
1140 4848 1305 4919 omit.
1330 4862 1547 4919 semper
1644 4851 1688 4881 "’
1718 4849 1947 4907 Tantam
1975 4852 2118 4906 enim
2143 4848 2381 4919 ejusdem
2408 4846 2714 4902 dilectionis
2736 4846 3125 4919 evnuberantia
3152 4839 3538 4919 plenitudinem

264 4926 327 4993 nt
348 4933 471 4969 nm.
507 4910 829 4993 tanta-cnim
853 4916 1097 4993 ejusdem
1120 4910 1785 4993 dilectionis'exuberatis
1830 4910 2190 4993 plenitudine,
2213 4927 2272 4973 ut
2310 4919 2391 4993 ﬂ“
2411 4918 2645 4993 Quoque
2666 4916 2967 4993 scribamus
3000 4930 3126 4993 mss.
3156 4910 3539 4993 quoqueseie-

262 4989 458 5041 bamus
555 4985 600 5016 ”
632 4983 946 5041 Monstratis
982 5003 1083 5041 ms.
1113 4989 1164 5042 1.
1199 4988 1584 5045 demonstratis
1622 5007 1721 5045 ms.
1758 4983 2199 5047 2.'monstrastis

2308 4989 2353 5020 9°
2403 4981 2620 5042 Gratias
2676 4985 2839 5052 igitur
2888 4999 2985 5035 ms.
3044 4984 3094 5036 1.
3138 4982 3330 5052 omittit
3377 4981 3539 5050 igitur

263 5058 311 5087 "
344 5055 631 5128 Imbecillis
655 5056 869 5128 animus
895 5064 1117 5128 generet
1139 5074 1265 5113 mss.
1292 5059 1594 5128 imbecillus
1622 5062 1838 5117 animus
1858 5070 2102 5128 gemeret
2173 5060 2221 5091 ”
2247 5058 2399 5126 Quod
2430 5056 2626 5128 premit
2652 5051 2938 5128 «leponere.
2959 5052 3163 5128 Aluntur.
3186 5051 3234 5104 1.
3262 5051 3346 5103 hic
3363 5052 3540 5128 empti-

263 5128 336 5179 rit
378 5126 488 5178 hac
517 5124 775 5192 Epistola.
812 5124 881 5179 In
906 5124 1026 5179 ima.
1052 5126 1107 5180 2.
1134 5138 1209 5182 est
1236 5139 1291 5182 ut
1320 5127 1498 5184 Editis
1542 5130 1648 5184 inte
1686 5148 1745 5185 ra

265 5196 313 5228 ”
350 5193 483 5248 Cum
527 5194 795 5248 nra’dictis
828 5210 955 5248 mss.
1005 5205 1054 5248 et
1092 5213 1209 5248 cum
1241 5215 1340 5248 ms.
1384 5199 1543 5248 Lorb.
1574 5148 1699 5248 168.
1741 5232 1745 5248 ι

755 5163 775 5204 .
812 5124 881 5179 In
906 5124 1026 5179 71m.
1052 5126 1107 5180 2.
1134 5138 1209 5182 est
1236 5139 1291 5182 ut
1320 5127 1510 5204 Ed‘itis
1542 5130 1745 5204 integra
1856 5124 1903 5165 ⁵³
1934 5132 2015 5189 Sit
2048 5124 2315 5204 qqomodi)
2344 5124 2445 5182 ms.
2468 5127 2546 5181 sic
2581 5124 2849 5204 quomodo

527 5194 795 5263 pra’dictis
828 5210 981 5263 mss,
1005 5205 1054 5249 et
1092 5213 1209 5250 cum
1241 5215 1340 5253 ms.
1384 5199 1543 5254 (λοι-ὁ.
1574 5193 1699 5255 160.
1741 5210 1789 5256 et
1820 5220 1939 5257 cum
1962 5193 2238 5258 nim-Flor.
2265 5209 2455 5253 etcum
2484 5212 2581 5249 ms.
2604 5195 2728 5248 267.
2754 5193 2947 5247 collata

2956 5123 3002 5153 ⁹⁸
3032 5123 3187 5177 Videt
3210 5138 3288 5173 ms
3326 5119 3538 5173 videtur

3035 5194 3081 5227 "
3127 5190 3354 5246 Domino
3390 5188 3539 5244 Gon-

266 5263 469 5335 dulpho
512 5259 639 5319 ritu.
691 5264 918 5318 Domino
956 5262 1277 5335 Gondulpho
1308 5285 1437 5323 mss.
1486 5269 1608 5325 160.
1649 5281 1699 5324 et
1756 5271 1880 5327 167.
1929 5272 2061 5328 δυσ
2092 5286 2242 5332 suus,
2300 5268 2476 5323 amico
2521 5262 2946 5335 amicustfratri
2997 5262 3185 5329 frater,
3216 5259 3538 5335 Gondulpho

264 5329 577 5413 Δηὲθῌηυβ.
627 5349 725 5403 pro
758 5349 943 5413 amore
978 5329 1285 5413 _f(elici_t'a_tis
1331 5337 1423 5408 (In
1453 5356 1576 5413 Anu.
1615 5342 1840 5406 omittit,
1864 5412 1869 5413 ί
1894 5358 1992 5413 pro
2023 5329 2238 5409 amore)
2264 5329 2740 5413 perseverantiam
2766 5332 2819 5387 in
2850 5335 3154 5398 sanctitate,
3184 5329 3535 5413 ηερ-ρι’ωῴἰο

265 5402 573 5461 sanctitatis
597 5402 954 5460 mternitatem
976 5405 1030 5461 in
1062 5402 1343 5461 ftelicitate

266 5490 397 5529 om.
425 5474 479 5528 in
509 5472 655 5527 Edit.
685 5471 807 5529 Pio.
836 5473 1102 5533 alteretur

267 5555 416 5599 tatus
489 5544 557 5577 ¹⁰⁰
586 5543 825 5600 Tandem
852 5543 1149 5604 sulliciebat
1178 5562 1305 5610 mea,
1331 5549 1547 5605 tandem
1576 5552 1846 5607 sufﬁceret

265 5699 367 5740 nes
400 5684 584 5740 mrJl.
608 5684 754 5748 ipsas
788 5686 1061 5743 orationes
1198 5690 1262 5721 ¹⁰⁵
1290 5688 1536 5746 lncinere
1568 5684 1697 5746 mu:
1726 5702 1772 5748 et

266 5771 362 5809 ms.
411 5752 541 5807 Vict.
573 5748 659 5810 ΕΓ.
684 5752 775 5810 20.
802 5754 993 5809 collata

1207 5407 1349 5461 ritate
1450 5410 1495 5441 ⁸⁷
1533 5409 1823 5481 Nunquam
1858 5407 1913 5465 in
1942 5426 2029 5466 me
2059 5407 2296 5475 mutatus
2326 5424 2421 5461 ms.
2466 5407 2518 5461 1.
2558 5419 2833 5473 nunquam
2859 5416 3097 5457 mutatus
3205 5407 3253 5434 "
3282 5407 3497 5455 Alerctu

1207 5476 1252 5509 ”
1277 5478 1408 5524 Sum
1440 5479 1687 5524 imilnlne
1718 5498 1843 5524 mea-
1878 5480 2013 5524 Vict-
2042 5490 2090 5524 et
2121 5477 2269 5524 Flnr-
2295 5494 2412 5524 sum
2435 5477 2693 5524 invitatus
2730 5490 2855 5524 mss.
2889 5474 2990 5524 160
3016 5485 3063 5524 et
3091 5471 3216 5524 267.
3245 5486 3363 5524 sum
3396 5470 3497 5524 inci

301 5490 397 5529 tu.
425 5474 479 5528 in
509 5472 655 5527 Edit.
685 5472 807 5529 Pio.
836 5473 1102 5533 alteretur
1207 5476 1252 5509 ”
1277 5478 1408 5532 Sum
1440 5472 1689 5536 imitatus
1718 5498 1844 5536 mss.
1878 5480 2014 5534 Vict.
2042 5490 2090 5533 et
2116 5472 2269 5533 Flor.
2295 5494 2412 5534 sum
2435 5472 2697 5532 invitatus
2730 5490 2855 5528 mss.
2889 5474 2990 5527 160
3010 5485 3063 5543 ,ει
3091 5472 3216 5527 267.
3245 5486 3363 5528 sum
3396 5472 3530 5526 inci-

301 5543 1149 5632 res-,_‘??.Teedem.sulllcis=sst
1178 5549 1547 5632 essenec!“
1572 5552 1876 5632 §“m°°'?‘_
1958 5550 2026 5632 ἶῖἶ
2066 5548 2486 5632 μειεῑιίιυάίξιθιη
2514 5562 2623 5632 "5‘:
2668 5541 3313 5632 ῗ⁶⁷1ξ⁴⁰¹ἒξέὲί¹ἒξὲίέ¹⁶ἓἮη
3342 5540 3530 5632 ῘῘῘᾸῬ

265 5616 380 5672 sint
407 5612 579 5685 longae
606 5629 732 5695 ritu.
763 5614 885 5671 160.
927 5624 975 5671 et
1010 5616 1135 5674 267.
1166 5628 1215 5673 et
1244 5616 1399 5672 Flor.
1436 5627 1547 5673 tam
1572 5621 1745 5692 longae
1771 5622 1816 5677 si
1862 5629 1884 5675 t
1958 5620 2028 5652 ¹⁰⁸
2052 5619 2133 5676 Ad
2153 5612 2211 5675 id
2235 5619 2373 5689 quod
2404 5612 2527 5673 ηιμ.
2557 5617 2607 5672 id
2629 5616 2694 5671 ad
2717 5616 2860 5686 quod
2935 5614 3003 5646 ¹⁰⁶
3042 5612 3145 5669 Eas
3173 5614 3316 5684 ipsas
3337 5613 3529 5665 oratio-

265 5699 367 5740 ιιει
400 5700 496 5738 ηηο
532 5686 584 5740 1.
608 5699 754 5746 Ipsas
788 5686 1061 5743 orationes
1198 5690 1262 5721 ¹⁰⁵
1290 5688 1536 5746 lncinere
1568 5707 1697 5746 mu.
1726 5702 1772 5746 et
1806 5637 1987 5746 Editio
2018 5690 2259 5746 Picardi.
2298 5688 2538 5746 invidere
2571 5704 2669 5744 ms.
2724 5686 2849 5743 267.
2876 5685 3200 5742 intercidere
3302 5684 3368 5715 ¹⁹⁶
3395 5681 3529 5735 Caua

2246 5731 2259 5758 ’
2298 5725 2375 5746 Ικι
2392 5725 2537 5745 ἰιυιν
2572 5725 2669 5744 "iv.
2729 5725 2849 5743 CVII
2878 5725 3258 5759 IIIDBIVIUVIV“

3205 5401 3253 5434 ’⁸
3282 5401 3535 5455 Alerctur

3042 5598 3145 5669 Eas
3173 5614 3316 5684 ipsas
3337 5613 3533 5684 oratio-
