4056 6302
487 320 623 392 1087

485 451 688 492 seruus
734 434 949 489 beatam
1001 435 1380 508 aeternitatem
1418 444 1473 492 et
1523 445 1781 492 aeternam
1831 436 2064 494 beatitas
2095 439 2150 500 Δ

486 529 690 584 dinem.
2071 581 2076 586 .

559 616 912 672 Reverendus
961 616 1196 672 domnus
1241 617 1394 688 prior
1441 616 1702 689 Helgotus
1754 618 1984 674 dilectus
2016 625 2074 678 et

488 710 718 766 dilector
745 719 933 763 noster
961 719 1015 763 ct
1045 720 1250 778 vester,
1290 710 1406 766 suis
1439 725 1537 766 vos
1581 711 1835 781 precibus
1872 711 1938 765 ad
1970 697 2070 765 no?-

489 803 707 862 tandum
755 801 1212 872 Antiphonarium
1273 802 1555 858 adhortari
1609 803 1906 868 desiderat,
1975 802 2073 856 sed

487 894 802 950 nonnullius
831 893 884 949 in
915 909 975 950 re
1006 896 1073 927 ¹⁰⁷
1121 895 1236 966 Ipsa
1282 895 1496 966 pondus
1545 893 1750 950 laboris
1791 893 2073 950 imminere

489 984 824 1062 coiisiderat.
853 985 987 1040 Cum
1015 969 1182 1055 igitur
1203 1001 1332 1062 suas
1357 975 1548 1056 preces
1571 983 1868 1039 venerabili
1902 981 2073 1038 humi-

483 1072 639 1128 litate
664 1073 800 1130 nolit
829 1088 1137 1145 quanquam
1164 1061 1336 1143 pessit
1362 1075 1496 1130 tanti
1523 1072 1762 1145 pendere
1780 1114 1795 1140 ,
1839 1080 1898 1127 ut
1920 1088 2059 1142 pou-

485 1165 588 1220 dus
618 1164 938 1234 impendens
984 1165 1196 1236 possint
1242 1165 1599 1236 suspendere,
1630 1164 1830 1220 obnixe
1865 1162 2074 1234 flagitat

484 1265 754 1325 quatenus
774 1265 992 1311 nostras
1015 1271 1138 1311 cum
1161 1256 1274 1319 suis
1301 1264 1488 1312 contra
1518 1255 1800 1328 praefatum
1823 1247 2074 1310 laborem

484 1360 743 1403 curemus
771 1347 1100 1417 appendere.
1131 1345 1238 1402 Sed
1277 1346 1534 1416 quoniam
1569 1360 1671 1401 nec
1704 1346 1818 1416 ipse
1843 1361 1942 1401 nec
1973 1362 2073 1402 nos

485 1437 667 1506 operis
713 1437 883 1507 optati
926 1437 1004 1492 sic
1033 1451 1170 1493 onus
1209 1435 1402 1490 amicis
1441 1435 1896 1506 postulationibus
1936 1437 2073 1491 levi-

487 1542 616 1597 gare
667 1534 960 1594 leniamus,
1005 1535 1064 1582 ut
1110 1527 1422 1584 indiscretis
1457 1542 1556 1583 vos
1585 1526 2076 1598 supplicationibus

485 1607 716 1674 onerare
737 1620 975 1673 nitamur
1001 1635 1014 1672 :
1043 1620 1480 1690 contemplantes
1509 1628 1565 1673 et
1589 1619 1740 1673 vobis
1765 1633 2070 1690 proponen-

489 1718 569 1765 tes
595 1709 965 1780 proximorum
998 1711 1310 1778 utilitatem,
1336 1721 1392 1767 et
1422 1710 1708 1766 charitatis
1735 1719 1792 1766 et
1818 1712 2075 1766 obedien-

977 319 1036 374 S.
1080 319 1381 376 ANSELMI
1419 321 1775 380 CANTUAR.
1817 320 2132 409 ARCIIIEP.
2168 319 2322 379 OPP.
2356 320 2538 378 PARS
2562 321 2648 377 III.
2693 348 2762 363 --
2794 321 3180 381 EPISTOLIE.

3615 327 3772 389 ωδε»

2534 436 2718 516 320,
2735 435 3070 493 EPISTOLA
3089 436 3272 496 .xxut
3314 437 3404 492 ιω,

2352 543 2649 586 ιΑΝΠιΑΝει
2689 543 2757 608 ξι)
2797 543 3149 584 ιΑΝΡιιΑΝεωι
3188 543 3258 582 ΕΤ
3295 542 3589 585 ῦυιυοισει.

2173 617 2468 690 Lanfranci
2498 620 2874 690 archiepiscopi
2899 621 2968 673 ad
2998 629 3231 689 nepotem
3257 620 3477 690 ejusque
3504 621 3767 689 sodalem,

2196 697 2198 700 ’
2297 689 2301 690 ί
2390 700 2498 744 tum
2531 689 2684 744 Becci
2713 701 2922 761 agentes
2950 689 3248 750 tirocinium
3276 689 3584 746 monachos.

2244 801 2630 861 Dilectissimis
2659 805 2920 862 fratribus
2958 804 3280 862 [ψει-υκαι
3310 816 3366 861 et
3391 805 3625 877 Gereoni
3659 807 3774 863 fra-

2174 901 2260 950 ter
2291 893 2648 952 Laurnn‘cns
2673 907 2986 967 perpetuam
3024 911 3055 950 a
3088 895 3198 952 Deo
3227 895 3693 959 benedictionem.

2188 1027 2195 1064 Q
2243 985 2385 1062 Quia
2423 988 2810 1060 divinitus,qut
2835 989 3019 1056 credo,
3047 998 3156 1045 etc.
3200 987 3332 1044 Vide
3353 989 3408 1046 in
3433 988 3772 1062 Latrfranco.

2171 1077 2242 1145 ad
2261 1095 2355 1134 an.
2381 1079 2541 1146 1089,
2565 1077 2842 1151 Patrolog.
2867 1091 2995 1136 tam.
3025 1078 3114 1134 CL

2619 1187 2966 1250 EPISTOLA,
2996 1188 3164 1246 XXIV
3207 1190 3299 1246 ³η.

2573 1297 2801 1339 Λκεεωίι
2861 1299 2930 1339 ΑΒ
2983 1300 3357 1341 enumerent.

2173 1371 2256 1428 Ad
2287 1369 2647 1442 Lanlrancum
2688 1373 2753 1426 de
2787 1383 2976 1444 nepote
2997 1373 3152 1444 Becei
3191 1383 3435 1444 suscepto
3469 1376 3558 1434 ad
3587 1378 3781 1438 tirocig

2185 1507 2190 1515 ι
2247 1444 2414 1515 nium,
2455 1444 2536 1515 de
2559 1459 2661 1515 quo
2689 1443 2843 1515 epist.
2890 1443 2958 1515 I9
3012 1454 3060 1515 et
3098 1443 3168 1500 ‘22
3201 1462 3384 1514 supra.
3442 1444 3511 1500 Et
3543 1449 3593 1502 ei
3620 1464 3776 1502 com—

2245 1514 2457 1567 mendat
2483 1512 2798 1584 Ma'uritium
2821 1514 2992 1583 capite
3017 1512 3370 1584 laborantem.

2187 1598 2194 1693 ί
2246 1621 2478 1677 Domino
2511 1622 2813 1678 revereudo
2838 1621 2988 1683 Patri
3017 1623 3443 1706 verediligeudo
3467 1636 3523 1681 et
3544 1625 3772 1713 dilecto,

2177 1710 2460 1768 catholica:
2508 1711 2667 1775 matri
2717 1712 3116 1783 amplectendo,
3163 1715 3578 1785 archiepiscopo
3626 1710 3774 1778 Lsaé

487 1801 573 1858 tiae
597 1810 790 1858 vestrae
830 1802 1161 1870 mercedem,
1189 1804 1294 1860 hoc
1319 1807 1556 1860 vestram
1584 1819 1844 1876 rogamus
1871 1805 2070 1860 frater-
2103 1792 2146 1851 Β
2173 1820 2382 1870 rassae
2401 1804 2573 1861 frater
2601 1805 2890 1862 Ansnwus
2928 1820 3077 1871 suus,
3120 1805 3269 1876 quod
3311 1805 3526 1874 dignius
3559 1817 3774 1878 potest,

488 1894 738 1960 nitatem,
771 1896 876 1951 hoc
914 1904 1112 1950 vestrae
1155 1895 1489 1952 consulimus
1523 1895 1821 1962 dilectioni,
1851 1904 1911 1952 ut
1937 1905 2072 1952 teme

486 2000 608 2057 pns,
657 1990 801 2058 quod
849 1987 972 2043 aliis
1023 1988 1360 2058 quibuslibet
1399 1987 1688 2058 scripturis
1730 1997 1924 2060 sponte
1974 2004 2073 2045 vos

488 2094 594 2133 non
647 2079 795 2149 piget
829 2079 1126 2145 insumere,
1177 2077 1263 2133 vel
1309 2079 1415 2134 hoc
1457 2079 1524 2134 ad
1559 2094 1693 2148 Opus
1722 2079 1865 2148 quod
1895 2077 2072 2150 exigi-

489 2170 647 2235 mini,
676 2183 782 2224 non
813 2170 1115 2240 gravemini
1153 2170 1430 2225 addicere.
1474 2169 1626 2237 Quod
1664 2172 1708 2228 si
1743 2170 1924 2226 dicitis
1951 2184 2072 2226 esse

487 2261 624 2317 nihil
673 2262 756 2318 vel
812 2262 1119 2331 minimum,
1152 2263 1387 2335 idipsum
1434 2264 1573 2318 nihil
1627 2264 1711 2319 vel
1761 2263 2070 2329 minimum,

485 2353 628 2408 sicut
653 2368 749 2410 vos
793 2355 926 2410 certi
956 2355 1088 2410 estis
1125 2355 1269 2426 quod
1299 2355 1520 2410 minime
1548 2355 1833 2425 sufﬁciatj,
1870 2355 1945 2410 ita
1971 2369 2072 2410 nos

485 2459 594 2499 non
637 2445 785 2501 dubii
822 2461 1012 2503 sumus
1064 2448 1209 2517 quod
1250 2448 1644 2518 aliquantulum
1693 2447 1968 2518 proﬁciat.
2002 2446 2074 2502 Ut

484 2546 664 2590 autem
693 2545 890 2592 vestra:
919 2537 1187 2608 largitatis
1210 2538 1510 2609 amplitudo
1533 2538 1760 2608 aliquid,
1787 2536 2072 2608 plusquam

483 2627 764 2694 prmsuniit
812 2636 996 2682 nostra
1048 2629 1258 2700 petitio,
1296 2629 1714 2701 superadjiciat‘,
1747 2629 1827 2684 sie
1875 2629 2074 2684 bonam

483 2727 722 2773 Vestram
758 2733 880 2775 cum
908 2723 1208 2792 gratiarum
1239 2725 1457 2778 actione
1502 2723 1796 2777 annuimus
1830 2721 2076 2776 volunta-

486 2817 618 2873 tem,
648 2819 708 2864 ut
736 2813 952 2881 penitus
973 2815 1278 2870 almuamus
1305 2830 1526 2886 gravem
1553 2813 2072 2870 incommoditatem.

488 2899 589 2952 Vir
620 2899 708 2954 ille
752 2902 844 2971 qui
899 2918 930 2957 a
975 2905 1133 2960 vobis
1185 2921 1358 2976 nuper
1406 2906 1649 2961 moriens
1696 2904 2075 2960 monachicum

487 2991 717 3058 smnpsit
744 2991 1013 3058 habitum,
1038 2994 1082 3049 si
1106 2995 1270 3049 etiam
1297 2995 1728 3051 benedictionem
1757 2987 2076 3062 asSItmpsit,

489 3083 744 3137 mandate
773 3083 928 3140 nobis
969 3101 1165 3140 nomen
1198 3096 1252 3141 et
1273 3087 1419 3143 diem
1444 3087 1627 3143 obitus
1651 3087 1771 3158 ejus
1797 3088 1907 3157 (7),
1935 3095 1993 3140 ut
2019 3087 2072 3141 in

488 3180 676 3228 nostro
702 3172 1031 3231 Kalendario
1054 3179 1346 3233 scribatur.

947 3290 1281 3347 EPISTOLA
1320 3293 1465 3348 XXII
1502 3293 1591 3347 ¹⁰⁸.
1653 3305 1655 3307 ’

903 3398 1200 3438 LANFRANCI
1239 3399 1307 3438 AD
1347 3393 1631 3440 ANSELMU“

537 3465 722 3522 Preces
755 3469 990 3525 Ansclmi
1017 3483 1063 3525 et
1093 3474 1324 3526 aliorum
1359 3475 1606 3545 efﬂagitat
1643 3489 1662 3528 :
1701 3485 1749 3531 et
1789 3488 1945 3531 suum
1983 3476 2034 3530 ei

966 3552 1199 3610 nepotem
1245 3547 1573 3598 commendat

559 3627 765 3682 Domno
804 3628 976 3695 l'atri,
1021 3631 1202 3699 fratri,
1229 3635 1407 3690 amico
1440 3636 1694 3691 ANSELMO
1725 3635 2076 3691 Lauraaucus

487 3728 743 3786 peccator
770 3721 838 3752 ¹⁰⁹
861 3733 1178 3792 perpetuam
1208 3739 1237 3778 a
1275 3725 1386 3779 Deo
1409 3726 1664 3781 salutem.

560 3809 700 3876 Quid
726 3813 858 3868 mihi
883 3816 1156 3884 expediat,
1183 3817 1460 3874 beatitudo
1486 3828 1665 3874 vestra
1695 3819 1901 3888 optime
1925 3818 2075 3875 novit

493 3907 601 3955 etc.
635 3897 766 3979 Vide
786 3903 841 3958 in
865 3903 1192 3976 Lanfranco,
1225 3907 1550 3980 Patrologice
1577 3920 1707 3964 tom.
1739 3907 1848 3964 CL.

2173 1906 2323 1955 totus
2352 1913 2483 1954 suus
3525 1950 3532 1954 ν
3759 1947 3773 1956 .

2244 1993 2472 2060 Quoties
2506 1991 2662 2048 vobis
2689 2000 2774 2048 est
2816 2000 3030 2063 gratum
3070 1981 3274 2062 aliquid
3318 1991 3453 2046 mibi
3497 2007 3614 2046 esse
3644 2007 3771 2064 gra.

2177 2090 2315 2151 tum,
2361 2083 2552 2154 utique
2585 2083 2719 2137 mihi
2755 2093 2811 2138 et
2859 2083 2961 2138 hoc
2999 2089 3084 2137 est
3133 2091 3369 2152 gratum,
3419 2090 3476 2136 et
3525 2082 3658 2136 illud
3710 2081 3776 2144 ﬁt

2174 2172 2404 2248 gratius,
2454 2173 2598 2249 quod
2641 2173 2794 2242 prius
2841 2181 2962 2227 erat
2999 2179 3233 2244 gratum.
3261 2171 3629 2242 Significasds
3671 2187 3772 2228 vos

2176 2259 2305 2341 inde
2343 2260 2498 2317 Ianos
2535 2261 2603 2291 “’
2633 2276 2754 2316 esse
2784 2261 2912 2331 quia
2947 2276 3066 2330 ego,
3098 2270 3157 2317 ut
3186 2261 3251 2316 de
3277 2261 3399 2316 aliis
3413 2271 3653 2339 taceam,
3689 2261 3770 2314 die

2175 2351 2532 2417 lectissimum
2576 2361 2843 2417 nostrum,
2875 2361 3126 2422 nepotem
3165 2361 3408 2408 vestrum
3447 2352 3603 2406 valde
3636 2367 3770 2420 gan-

2176 2446 2309 2502 deus
2327 2445 2566 2516 suscepi.
2597 2445 2772 2502 Tanto
2800 2445 2966 2514 igitur
3000 2452 3055 2499 et
3084 2445 3187 2499 hoc
3222 2454 3406 2500 vestra
3435 2444 3619 2499 laetitia
3645 2459 3768 2497 sum

2177 2537 2510 2602 lanificatus;
2537 2545 2592 2594 et
2613 2525 2895 2608 gaudium,
2927 2536 3072 2606 quod
3101 2537 3398 2592 habueram
3420 2535 3490 2590 de
3507 2535 3771 2605 praedicto

2178 2629 2348 2684 cbaro
2377 2636 2588 2692 nostro,
2627 2626 2878 2697 quamvis
2918 2641 3137 2695 semper
3176 2626 3378 2694 vigeat,
3408 2626 3659 2696 augendo
3687 2633 3776 2678 est

2179 2721 2497 2778 renovatum
2525 2736 2538 2774 :
2573 2723 2796 2788 quanto,
2826 2718 2879 2773 id
2907 2718 3052 2788 quod
3081 2733 3185 2772 non
3213 2717 3557 2776 verecundor
3586 2715 3772 2786 fateri,

2179 2825 2267 2876 me
2310 2808 2523 2865 scilicet
2563 2823 2632 2864 ex
2677 2824 2872 2879 magna
2924 2816 3080 2878 parte
3121 2809 3268 2863 illum
3300 2809 3380 2867 sic
3422 2804 3771 2877 suscipiendo

2180 2902 2499 2970 intendisse,
2546 2904 2613 2958 ad
2660 2912 2846 2956 votum
2893 2900 3210 2970 provenisse
3262 2900 3493 2969 cognovi
3537 2901 3604 2954 de
3652 2915 3780 2953 meo

2182 2994 2396 3050 meritis
2422 2993 2664 3057 domino,
2714 2990 2818 3046 lide
2858 2988 3050 3058 fratre,
3088 2989 3453 3045 sollicitudine
3482 2988 3594 3045 lilio
3623 2988 3771 3042 blan-

2185 3088 2338 3154 ricio,
2369 3102 2534 3159 quem
2565 3101 2662 3142 vos
2700 3099 2801 3156 pro
2837 3083 2996 3138 vobis
3030 3083 3296 3154 separatis
3333 3085 3400 3138 ab
3443 3083 3554 3148 illo,
3602 3099 3631 3136 a
3663 3098 3772 3152 quo

2179 3177 2298 3254 plus
2322 3178 2610 3234 amabatur
2651 3189 2813 3248 quam
2861 3177 2929 3231 ab
2957 3175 3090 3239 alio,
3115 3184 3172 3229 et
3203 3190 3363 3245 quem
3399 3175 3520 3244 plus
3550 3177 3771 3230 amabat

2188 3269 2251 3303 ¹³³
2277 3285 2440 3341 quam
2464 3269 2630 3324 alium
2662 3286 2678 3324 :
2704 3284 2800 3325 vos
2829 3269 2929 3338 ipsi
2955 3267 3195 3338 judicate
3222 3267 3365 3336 quod
3393 3267 3470 3320 illi
3502 3268 3770 3328 debeatis.

2185 3361 2494 3430 Quamlibet
2519 3375 2756 3432 namque
2785 3361 2892 3417 vile
2933 3361 3002 3414 sit
3031 3361 3172 3429 quod
3201 3362 3280 3414 sic
3313 3368 3490 3427 amat,
3518 3371 3576 3414 et
3603 3376 3633 3414 a
3664 3377 3774 3430 quo

2182 3452 2264 3506 sic
2285 3460 2502 3506 amatur
2525 3490 2542 3524 ,
2579 3449 2838 3506 nimirum
2865 3450 2970 3505 hoc
3001 3449 3074 3502 illi
3113 3449 3323 3506 debetis
3347 3450 3489 3519 quod
3520 3465 3628 3505 non
3672 3450 3771 3504 mi-

2185 3559 2287 3597 nus
2329 3551 2497 3608 amet,
2547 3551 2602 3596 et
2647 3557 2678 3596 a
2722 3557 2830 3612 quo
2877 3558 2983 3598 non
3023 3543 3202 3597 minus
3230 3550 3462 3596 ametur.
3497 3541 3766 3608 Quoniam

2183 3635 2347 3704 igitur
2375 3643 2432 3689 et
2471 3649 2572 3705 ego
2616 3634 2740 3690 novi
2775 3632 3002 3702 iustitia:
3037 3643 3232 3689 vestra:
3279 3633 3688 3696 rectitudiuem,
3714 3643 3767 3686 et

2183 3741 2278 3781 vos
2316 3726 2489 3781 nostis
2534 3734 2778 3780 mutuam
2832 3733 3074 3780 nostram
3126 3724 3495 3790 dilectionem,
3551 3739 3768 3778 omnem

2179 3818 2298 3888 ejus
2327 3811 2742 3892 Supersedetnus
2764 3817 3316 3872 commendationem.
3345 3815 3419 3870 De
3445 3816 3770 3884 :egritudine

2184 3909 2376 3980 capitis
2417 3909 2560 3980 ejus,
2594 3917 2842 3966 vestram
2881 3909 3164 3982 pietatem,
3211 3916 3477 3977 quantum
3507 3908 3645 3978 apud
3677 3923 3772 3964 vos

1778 4064 2012 4124 VARI/IS
2060 4062 2472 4121 LECTIONES.

564 4174 633 4206 ‘°"
671 4172 954 4232 Nonnullis
982 4179 1034 4232 in
1067 4192 1127 4233 re
1151 4195 1250 4234 ms.
1280 4180 1617 4235 non-nullius
1643 4181 1695 4236 in
1727 4195 1789 4236 re

492 4316 648 4368 nimio
685 4311 874 4371 Codice
909 4311 1006 4372 ms.

495 4384 564 4415 ³⁸³
585 4384 816 4440 Amabat
850 4404 948 4442 ms.
993 4390 1272 4446 amabatut

1899 4179 1968 4212 ⁸⁸⁸
2006 4158 2213 4234 Collatia
2255 4194 2373 4231 cum
2402 4167 2676 4247 praedictis
2714 4167 2918 4247 duobus
2960 4192 3086 4228 mss.
3135 4173 3420 4247 Victorini:

490 4246 990 4318 francusprecatur
1024 4267 1152 4306 mss.
1199 4249 1321 4304 Edit
1371 4249 1608 4315 Picardi,
1661 4251 2000 4306 Lanfrancus
2045 4259 2318 4318 peccator
2405 4246 2422 4318 ξ

1122 4320 1186 4350 ¹¹¹
1229 4319 1438 4376 Collata
1477 4313 1726 4377 cum-uno
1760 4338 1857 4376 ms.
1899 4337 1964 4376 ea:
1993 4313 2260 4390 prwdictis
2285 4315 2491 4371 duobus
2540 4313 2818 4370 Victorini:
2855 4316 2924 4348 ³⁸³
2960 4314 3109 4370 Inter
3137 4313 3287 4370 laetos
3315 4330 3416 4368 ms.
3457 4314 3587 4370 inde
3625 4316 3774 4369 laetos

3537 4176 3605 4207 ιον
3633 4173 3776 4228 Lan-

2413 4243 2479 4312 ῗ¹⁰
2519 4245 2652 4315 Cum
2687 4246 2924 4315 praefatis
2957 4263 3081 4315 in”.
3131 4243 3324 4315 collata
3351 4256 3399 4297 et
3434 4261 3556 4315 cum
3589 4243 3763 4297 Cotto-

1253 4588 1256 4590 γ
1363 4521 1366 4524 ’
1703 4502 1988 4562 JOANNIS
2031 4501 2305 4560 PICARDI
2343 4498 2576 4556 nom.

567 4609 645 4682 (7)
687 4606 752 4683 Ut
777 4609 830 4683 in
861 4610 1196 4666 Ca’endnrio.
1230 4614 1609 4670 Calendarinm
1649 4614 1867 4683 proprie
1905 4612 2075 4683 signi-
2109 4617 2152 4672 ι)
2179 4617 2314 4666 voce
2364 4611 2463 4683 sub
2499 4609 2673 4664 sacris
2711 4605 3310 4683 missarnmsolemuiis
3365 4603 3634 4683 recitabat
3681 4617 3778 4658 suo

495 4686 620 4754 fient
676 4682 888 4754 tabulas
915 4683 1408 4754 Altuanakistarutu
1457 4700 1555 4754 per
1577 4682 1822 4738 ordinem
1863 4682 2072 4737 dierum

493 4753 806 4823 dispositas,
845 4761 902 4808 et
951 4753 1291 4823 potissimum
1338 4757 1434 4810 has
1461 4753 1601 4822 quas
1633 4754 1893 4824 habemus
1924 4768 2078 4824 pne.

496 4829 632 4895 lixas
683 4824 960 4880 codicibus
991 4825 1333 4882 liorariarunt
1370 4839 1614 4895 precum,
1642 4824 1730 4880 ubi
1759 4823 1876 4879 dies
1915 4823 2079 4895 festos

493 4894 878 4965 l’n-of’estosque'
911 4911 1134 4950 cernere
1156 4896 1282 4952 licet
1333 4894 1445 4951 suis
1471 4894 1704 4956 rubricis
1727 4903 1781 4950 et
1809 4894 1978 4965 titulis
2000 4894 2083 4965 di-

495 4963 740 5035 stinctos.
772 4963 939 5035 Porro
968 4965 1258 5022 Anselmus
1311 4966 1398 5022 hic
1431 4965 1628 5034 accipit
1655 4980 1751 5034 pro
1789 4964 1996 5030 codice,
2028 4963 2083 5017 in

495 5053 602 5102 ςιιιο
625 5033 846 5107 singulae
883 5036 1160 5107 regulares
1210 5037 1470 5093 Ecclesiae
1515 5033 1776 5107 adnatant
1809 5035 1950 5107 diem
1977 5048 2086 5104 quo

496 5107 727 5176 quisque
761 5104 991 5176 fratrum
1020 5108 1104 5163 vel
1148 5109 1514 5164 beneficorum
1561 5106 1787 5169 abierit;
1838 5106 1966 5159 hinc
2002 5112 2088 5176 est

496 5174 652 5246 quod
678 5175 918 5249 iionnulli
975 5179 1116 5249 hanc
1152 5180 1554 5249 ephemeridem
1605 5175 1896 5249 obitorium
1941 5174 2090 5249 voci-

499 5244 643 5309 tent;
671 5245 763 5301 alii
789 5246 1024 5319 dictione
1053 5244 1421 5319 latino-graeca
1454 5247 1840 5319 mortilogium,
1869 5244 2088 5316 quidam

499 5319 701 5386 aptius,
733 5318 1122 5386 necrologium.
1159 5320 1208 5372 id
1235 5318 1318 5374 est
1345 5319 1540 5376 librum
1587 5318 1964 5374 defunctorum
1995 5329 2088 5370 seu

501 5397 858 5458 mortuorum.
893 5386 984 5444 Sic
1009 5388 1152 5444 Beda
1175 5389 1279 5444 lib.‘
1302 5405 1377 5454 ιν,
1415 5405 1465 5444 e.
1498 5388 1744 5452 III,IIist.
1779 5387 2092 5458 Anglicanas

500 5455 733 5528 appellat
753 5458 970 5528 codices
1007 5459 1058 5512 in
1084 5460 1278 5528 quibus
1311 5460 1686 5515 defunctorum
1739 5455 2093 5528 adno'taretur

503 5527 788 5599 depos'tio.
820 5527 950 5599 ngc
973 5527 1152 5584 autem
1180 5529 1354 5584 diaria
1400 5529 1646 5584 funebria
1676 5529 1938 5599 originem
1982 5527 2088 5596 ha.-

504 5593 738 5673 Imernnt
751 5599 818 5651 ah
830 5597 950 5652 aliis
965 5599 1267 5673 duplicibus
1281 5599 1475 5673 tabu’is
1493 5600 1650 5673 (quas
1667 5593 1838 5673 (ξγὲοἰ
1853 5593 2090 5673 ὂίπτυχᾳ

509 5667 727 5738 dixere).
762 5683 828 5723 ex
884 5667 1114 5738 quarum
1168 5669 1392 5741 singulis
1418 5667 1642 5742 pagellis
1679 5668 1941 5725 diaconus
1979 5667 2085 5722 alia

2183 4683 2300 4736 loco
2326 4689 2384 4736 et
2407 4680 2652 4734 vivorum
2689 4679 2908 4734 nomina
2939 4678 3352 4746 ohlationesque
3371 4676 3784 4734 defunctorum,

2179 4760 2246 4807 ut
2279 4748 2878 4818 latinsvexplieatloan.
2921 4749 3228 4818 Stephanus
3260 4746 3549 4818 Durandns
3577 4746 3660 4818 vir
3682 4761 3778 4797 uu-

2187 4819 2469 4891 decnnqu'c
2496 4815 2862 4891 doctissimus,
2899 4819 2994 4891 lib.
3020 4815 3060 4873 ll
3097 4817 3171 4871 De
3194 4817 3389 4891 ritibus
3413 4815 3674 4891 Ecclesiae
3689 4829 3781 4891 c_a_-

2190 4883 2423 4958 tholicae,
2449 4891 2569 4960 cap.
2603 4887 2671 4946 54
2699 4898 2758 4960 et
2774 4883 2867 4960 '45,
2892 4890 2949 4960 in
2986 4903 3094 4960 quo
3116 4928 3132 4955 ,
3156 4899 3218 4941 ut
3250 4886 3500 4960 advertit
3522 4883 3662 4960 apud
3692 4883 3782 4960 Al-

2190 4954 2716 5036 euinum,_c6rrupte
2745 4959 2850 5030 legi
2870 4954 3240 5036 dipteriispro
3256 4955 3554 5036 diptychis.
3585 4955 3660 5007 lt‘a

2193 5031 2404 5087 servavi
2439 5026 3110 5102 in‘plerisque'ﬁratiani
3143 5026 3452 5102 “codicibus
3502 5026 3789 5102 impressis

2192 5095 2689 5173 perperamgh'aberi
2715 5095 2932 5173 'd_ic_titis
2959 5099 3142 5173 etiam
3157 5097 3210 5151 in
3238 5097 3326 5151 his
3349 5095 3787 5173 quosevulgavit

2191 5165 2457 5244 Antonius
2472 5171 2717 5244 Gentius,
2735 5170 2806 5224 Ca
2809 5168 2907 5238 jct.
2933 5184 3066 5244 sane
3080 5167 3174 5236 24,
3191 5165 3455 5244 ςιυωει.2,
3471 5165 3788 5244 Stephanus

2192 5240 2557 5298 'I‘ornacensis
2613 5240 2896 5316 episcopus
2942 5241 3133 5316 horr__nn
3178 5239 3792 5316 decrewrumtpr‘imus

2194 5301 2750 5378 commentatortnon
2776 5301 3010 5366 Ioannes
3040 5308 3269 5378 Seneca,
3297 5301 3589 5378 ut‘scribit‘
3608 5301 3788 5358 Gene-

2195 5384 2426 5438 brardns
2485 5382 2537 5436 in
2603 5375 2830 5452 Chron.)
2887 5375 3686 5452 vir‘pulitiorislitteraturae,
3727 5381 3788 5424 et

2195 5454 2432 5511 Joannes
2483 5443 2830 5505 Fla‘ventinus
2861 5443 3099 5518 ejusdém
3132 5445 3380 5518 Gratiani
3435 5443 3786 5518 scboliastes.

2139 5545 2143 5550 ·
2190 5525 2358 5590 ambo
2405 5538 2508 5578 ms.
2539 5521 2591 5576 in
2635 5518 2824 5575 nostra
2844 5513 3198 5590 Bibliotheca
3217 5513 3617 5590 viderunt,va
3645 5526 3789 5590 nonf

2192 5582 2322 5649 dum
2357 5593 2625 5656 dicentes,
2677 5590 2813 5646 alias
2842 5582 2943 5660 legi
2977 5587 3236 5660 diptycis;
3288 5587 3370 5642 sic
3400 5585 3567 5639 etiam
3598 5582 3794 5656 legunt

2195 5665 2302 5732 duo
2328 5663 2569 5719 Gratiani
2594 5677 2694 5718 ms.
2736 5658 2918 5720 nostra
2940 5658 3290 5729 exemplaria.
3330 5679 3334 5682 ·
3621 5681 3623 5684 ⁴
3665 5682 3670 5684 -
3767 5683 3769 5686 ‹
