4056 6302
227 337 407 454 ζιοεθ.
497 427 504 434 .

1315 329 1318 341 ³
1383 339 1386 341 Α
1467 333 1675 452 mg...
1715 328 1932 422 mea.
1977 361 2214 419 xxvtu.

3379 313 3518 423 40..

229 499 466 557 possunt
483 498 649 554 rogo,
678 482 972 554 praecipue,
999 488 1270 551 quatenus
1310 489 1532 550 propter
1558 480 1726 545 Deum
1773 488 1826 534 et
1858 480 1902 536 Α
1928 493 2171 548 possunt,
2197 476 2360 533 fundo
2386 477 2709 533 orationem.
2736 477 3029 543 Memento,
3050 477 3226 532 amice
3279 477 3375 544 uti,
3423 497 3516 538 eo.

247 573 1156 637 auersarsalutisretributionem,
1201 572 1358 639 vobis
1402 571 1754 640 instantibus,
1795 586 1824 625 a

237 665 640 731 .diteetoamice
659 673 848 726 nostro
866 665 1066 738 domno
1079 663 1304 726 Alberto
1317 661 1547 726 medico
1563 671 1827 732 quantum

228 767 440 831 ,potest-
455 756 810 829 perquiratur
830 763 886 811 et
913 764 1160 824 curetur.

542 876 547 881 ·
589 904 612 910 -.
706 863 1042 922 errarem
1079 863 1228 922 xxv
1277 865 1368 922 ιιι.

835 971 903 1010 ιο
941 956 1236 1012 usuatcou.
1287 971 1290 974 '

241 1079 245 1083 ~
313 1051 416 1106 Isti
444 1047 761 1107 Hauritinm
789 1041 1110 1104 monachum
1141 1057 1207 1103 ea:
1229 1047 1753 1119 capite’laborantem

233 1181 242 1190 ,
402 1179 411 1187 ,
535 1153 610 1189 ο,
822 1121 1206 1178 commendat.
1331 1181 1336 1184 ,
1563 1145 1568 1152 ι
1815 1177 1817 1180 ⁴

257 1261 259 1263 ,
303 1210 523 1267 .Domuo
549 1219 607 1268 et
635 1209 794 1266 fratri
829 1209 1189 1273 dilectissimo
1223 1207 1469 1264 Ilssatco
1511 1208 1682 1262 frater
1715 1208 1826 1263 As-

229 1319 444 1359 essurus
461 1302 776 1364 diuturnam
803 1300 1088 1372 praesentis
1124 1300 1251 1358 vita:
1288 1299 1741 1366 incolumitatem,
1769 1309 1826 1355 et

237 1393 436 1448 futurae
455 1402 712 1448 aeternam
739 1391 1080 1447 felicitatem.

307 1485 485 1540 Credo
525 1483 668 1555 quod
703 1484 910 1540 conscii
943 1483 1075 1538 mihi
1107 1481 1242 1538 estis
1274 1481 1511 1552 qualiter
1537 1481 1821 1538 dilexerim

232 1577 496 1632 domuum
539 1585 595 1632 et
639 1575 864 1631 fratrem
911 1584 967 1630 et
1011 1575 1176 1629 ﬁlium
1210 1584 1455 1629 nostrum
1487 1574 1820 1643 Mauritium,

234 1684 400 1740 quem
440 1669 598 1727 vobis
642 1669 934 1725 mittimus.
959 1668 1237 1740 Quoniam
1271 1668 1436 1738 igitur
1461 1668 1686 1723 dilectos
1722 1686 1821 1732 nos

233 1767 385 1812 stros
409 1772 440 1812 a
471 1756 666 1813 dilecto
689 1767 744 1814 et
767 1753 1028 1813 dilectore
1050 1757 1116 1788 ¹¹⁸
1145 1765 1332 1812 nostro
1354 1756 1503 1828 diligi
1539 1774 1644 1813 non
1673 1758 1824 1814 dubi-

1927 582 2049 623 rum
2072 581 2192 635 quae
2227 581 2466 637 praesens
2491 582 2633 638 srepe
2658 568 2998 624 admonendo
3028 569 3124 624 tibi
3154 567 3286 635 dixi,
3315 578 3365 624 et.
3397 586 3517 643 qua

1929 666 2117 727 postea
2141 657 2338 714 absens
2368 656 2588 727 scripsi.
3009 708 3012 710 ν
3140 696 3142 717 ς

2001 747 2080 817 (8)
2120 747 2284 814 Cave,
2341 747 2511 804 frater
2548 749 2944 815 amantissime,
2997 749 3128 805 illud
3175 750 3320 822 quod
3363 752 3518 820 multi

1929 838 2082 894 Stulti
2110 837 2337 903 faciunt,
2361 840 2454 909 qui
2487 849 2691 911 quanto
2721 840 2926 896 diutius
2956 842 3166 912 vivunt,
3199 852 3350 898 tanto
3405 861 3517 910 tua:

1922 927 2095 999 iorem
2117 944 2268 999 spem
2293 931 2506 986 vivendi
2537 932 2639 988 sibi
2670 934 2948 1000 nutriunt,
2992 943 3047 990 et
3071 919 3346 992 timorem.
3370 936 3518 993 festi-

1927 1023 2115 1080 nantis
2136 1022 2326 1078 mortis
2350 1023 2686 1094 abjicieutes,
2739 1041 2769 1079 a
2809 1027 3090 1096 proposito
3138 1037 3344 1086 sanctae
3393 1031 3518 1088 vitae

1927 1110 2205 1166 deﬁciunt.
2247 1112 2445 1168 Verum
2478 1130 2712 1185 namque
2760 1125 2846 1172 est
2888 1117 3016 1188 quia
3064 1131 3271 1189 quanto
3318 1121 3518 1179 diutius

1927 1204 2060 1260 vixit
2089 1205 2304 1275 aliquis,
2331 1208 2724 1266 tantobrevius
2750 1211 2995 1268 victurus
3053 1223 3168 1279 est;
3211 1223 3268 1270 et
3310 1225 3518 1285 quanto

1928 1295 1990 1350 ﬁt
2022 1296 2280 1368 lougiusa
2319 1299 2424 1354 die-
2461 1300 2760 1357 nativitatis
2811 1318 2944 1367 stuc,
2979 1314 3130 1360 tanto
3190 1305 3248 1360 ﬁt
3300 1309 3520 1376 propius

1921 1388 2030 1443 diei
2061 1390 2256 1444 mortis
2285 1405 2418 1454 suae,
2449 1400 2503 1444 et
2529 1393 2902 1447 retributionis
2933 1395 3097 1450 totius
3124 1395 3250 1450 vitae
3273 1411 3402 1451 suae.
3428 1396 3518 1450 Si-

1925 1491 2016 1536 cut
2047 1481 2212 1551 igitur
2234 1481 2396 1537 .vides
2427 1498 2522 1552 per
2540 1483 2786 1554 singulos
2813 1485 2927 1540 dies
2949 1486 3002 1540 iu
3055 1487 3388 1558 przcteritum
3441 1489 3520 1540 vi-

1925 1587 2036 1630 tatu
2065 1585 2212 1630 tuam
2242 1570 2512 1637 crescere,
2544 1576 2616 1630 ita
2643 1587 2828 1632 certus
2879 1593 3002 1633 esse
3055 1575 3220 1634 debes
3284 1562 3518 1650 spatium

1925 1667 2064 1723 bene
2095 1667 2308 1722 vivendi
2333 1667 2579 1737 quotidie
2610 1668 2704 1724 tibi
2728 1669 3071 1740 decrescere.
3108 1670 3257 1742 ,Esto
3309 1672 3517 1742 itaque,

1926 1759 2296 1825 dilectissime,
2336 1759 2600 1817 sollicitus
2630 1770 2690 1814 ut
2737 1762 2971 1832 Spatium
2999 1763 3142 1833 quod
3173 1765 3518 1836 restatdfquia

231 1861 442 1915 tamus,
470 1865 664 1912 secure
684 1850 838 1906 vobis
859 1850 1031 1918 illum,
1063 1858 1125 1905 ut
1146 1850 1400 1905 dilectum
1429 1851 1650 1917 dilecto,
1674 1866 1819 1924 com‘
1853 1859 1898 1918 Β
1929 1853 2106 1907 nescis
2131 1867 2294 1922 quam
2319 1855 2483 1909 breve
2515 1855 2606 1921 sit,
2637 1856 2718 1909 sic
2767 1855 3045 1925 expendas
3096 1865 3156 1910 ut
3204 1857 3271 1912 de
3320 1857 3409 1912 die
3465 1858 3518 1912 in

232 1943 577 1996 tuendamus.
607 1941 849 1997 Inveniat
876 1957 964 1998 me
990 1941 1044 1996 in
1075 1941 1250 2007 vobis,
1277 1957 1438 2012 quem
1471 1942 1624 2012 quasi
1660 1943 1821 1997 relin-

230 2047 344 2099 quo
379 2046 477 2102 pro
522 2033 700 2088 vobis.
738 2032 948 2087 Idcirco
976 2047 1214 2102 namque
1243 2033 1392 2088 hunc
1422 2043 1477 2088 et
1509 2049 1616 2089 non
1653 2034 1822 2090 alium

230 2131 477 2192 paterna:
520 2123 795 2178 dilectioni
826 2131 1023 2178 vestrae
1051 2122 1318 2185 misimus,
1345 2124 1472 2193 quia
1515 2123 1659 2178 hunc
1699 2139 1821 2179 eam

229 2226 423 2288 petere
467 2217 783 2288 specialiter
829 2218 1155 2274 audivimus.
1213 2219 1402 2276 Estote
1441 2220 1604 2291 igitur
1637 2232 1824 2278 nostro

227 2305 488 2364 Mauritio
511 2311 678 2364 frater
697 2309 1010 2375 Auselmus,
1032 2319 1087 2364 et
1107 2326 1208 2382 ego
1232 2327 1328 2367 ero
1347 2321 1527 2369 vestro
1551 2311 1825 2370 IIolvardo

225 2382 468 2455 domnus
510 2399 796 2454 Ilenricus.
843 2400 920 2453 De
965 2400 1286 2455 inﬁrmitate
1320 2402 1520 2471 capitis
1556 2402 1694 2472 ejus,
1724 2419 1825 2460 vos

225 2503 370 2553 rogo
420 2489 693 2568 prarcipue
726 2500 996 2560 quatenus
1045 2501 1226 2546 vestra
1277 2493 1536 2549 instantia
1572 2497 1823 2553 dominus

222 2577 490 2632 'Albertus
543 2579 773 2634 dilectus
818 2581 1026 2638 amicus
1072 2591 1256 2638 noster
1288 2599 1409 2640 eam
1461 2586 1721 2657 iuquirat,
1767 2597 1823 2644 et

225 2678 494 2739 quantum
525 2670 635 2725 Deo
663 2671 828 2726 dante
864 2672 1084 2740 poterit,
1117 2674 1170 2728 ei
1195 2673 1500 2730 subveniat.

641 2762 800 2833 321
844 2763 1174 2819 EPISTOLA
1214 2766 1404 2822 XXVI.

816 2869 884 2908 AD
919 2869 1252 2910 GONDULFUM.

224 2959 346 3014 Pro
371 2962 693 3015 transmissis
716 2963 1017 3018 muneribus
1046 2966 1215 3018 amico
1247 2981 1351 3019 non
1390 2983 1504 3021 esse
1544 2969 1822 3026 .Imbrmfas

258 3032 468 3100 gratias
493 3047 511 3085 :
541 3032 796 3086 sollicitus
819 3045 894 3087 est
919 3035 1096 3088 adhuc
1127 3035 1192 3088 de
1221 3035 1476 3092 Mauritio
1504 3043 1782 3094 monacho.
1827 3071 1831 3078 ι

233 3153 239 3157 -
298 3124 508 3176 Domuo
542 3121 830 3180 Gosuuu‘o
871 3125 1039 3181 frater
1073 3128 1379 3183 Ausersms.

1923 1943 2068 1998 diem
2128 1954 2375 1999 sanctum
2430 1947 2765 2016 propositum
2838 1948 2904 2002 ad
2955 1949 3177 2004 meliora
3233 1949 3517 2004 extendas.

1923 2035 2198 2105 Quatenus
2226 2047 2428 2106 quanto
2451 2023 2624 2107 magis
2644 2036 2884 2092 laborem
2915 2047 3065 2094 tuum
3089 2039 3154 2093 ad
3187 2038 3349 2093 ﬁnem
3369 2039 3521 2094 festi-

1924 2143 2075 2192 nare,
2099 2135 2154 2181 et
2190 2135 2244 2182 te
2270 2128 2336 2181 ad
2362 2128 2604 2198 requiem
2651 2137 2707 2182 et
2761 2145 3023 2184 coronam
3077 2130 3520 2200 apprOpinquare

1925 2217 2274 2283 consideras,
2310 2227 2464 2274 tanto
2487 2219 2685 2274 fortius
2709 2220 2983 2286 instando,
3035 2230 3090 2276 et
3118 2219 3295 2275 lautius
3341 2235 3522 2290 persc-

1924 2309 2159 2366 veraudo
2187 2309 2418 2364 viriliter
2439 2311 2782 2367 confortatus
2828 2314 3104 2384 proficias.
3163 2313 3247 2368 Ab
3287 2312 3521 2383 inceptis

1923 2416 2054 2471 ergo
2090 2401 2233 2456 nulla
2257 2402 2578 2458 lassitudine
2601 2401 2840 2468 deﬁcias,
2896 2403 2994 2458 sed
3044 2403 3220 2472 potius
3255 2419 3376 2474 quae
3425 2392 3516 2458 tibi

1924 2496 2241 2565 expediunt,
2272 2505 2325 2552 et
2356 2511 2475 2566 quae
2503 2495 2738 2550 nondum
2773 2511 2833 2550 es
2860 2509 3152 2566 aggressus
3176 2497 3227 2549 in
3284 2511 3378 2565 spe
3429 2501 3522 2549 su;

1924 2587 2076 2657 perni
2103 2585 2289 2640 auxilii
2313 2601 2412 2656 pro
2441 2601 2629 2642 amore
2653 2586 2798 2643 beati
2826 2586 3032 2656 praemii
3060 2585 3309 2655 incipias,
3363 2593 3420 2641 ut
3449 2571 3518 2666 ad

1925 2688 2240 2738 sanctorum
2290 2679 2512 2736 beatum
2560 2679 2922 2745 consortium,
2978 2679 3197 2734 Christo
3243 2679 3518 2758 ducente,

1923 2777 2228 2845 pervenias.
3509 2789 3511 2794 '

1998 2869 2262 2924 Domuum
2292 2869 2810 2938 Mauritium,quem
2851 2881 2971 2922 esse
3022 2881 3200 2920 meum
3259 2855 3520 2921 dilectuni

1925 2973 1980 3016 et
2004 2963 2316 3016 dilectorem
2349 2979 2453 3015 non
2485 2963 2726 3029 ignoras,
2775 2961 2856 3015 sic
2910 2959 3004 3014 tibi
3062 2959 3404 3024 commendo,
3467 2967 3519 3013 ut

1926 3061 1980 3109 et
2007 3055 2121 3123 ipse
2152 3053 2385 3124 gaudeat
2412 3069 2471 3107 se
2501 3054 2642 3108 inter
2664 3052 2925 3105 barbaros
2955 3049 3177 3104 fratrem
3229 3050 3522 3119 invenisse,

1926 3156 1981 3200 et
2015 3155 2067 3200 tu
2100 3147 2296 3216 probes
2325 3155 2375 3200 te
2426 3146 2591 3200 etiam
2638 3143 2794 3214 longe
2844 3142 3123 3197 absentem
3173 3141 3224 3195 iu
3281 3142 3520 3222 amicitia

228 3209 232 3212 ’
295 3212 360 3267 Si
395 3215 658 3269 nescirem
687 3232 773 3271 me
802 3225 970 3271 totum
995 3233 1116 3272 esse
1154 3228 1304 3273 tuum
1335 3228 1390 3274 et
1421 3228 1472 3276 te
1501 3228 1671 3278 totum
1699 3240 1822 3278 esse
1849 3223 1890 3280 C
1926 3209 2114 3294 ηοειιιεξ
2140 3238 2528 3307 permansisse,

223 3319 436 3370 meum,
463 3305 722 3380 referrem
745 3308 950 3381 gratias
989 3324 1088 3378 pro
1133 3310 1448 3365 muneribus
1503 3311 1628 3366 tuis.
1671 3312 1820 3379 Quo-

221 3397 376 3451 niam
408 3407 584 3452 autem
612 3409 700 3453 tua
739 3413 885 3466 mea,
932 3410 987 3455 et
1032 3415 1150 3456 mea
1200 3410 1290 3456 tua
1348 3410 1504 3467 sunt,
1557 3402 1684 3458 dum
1727 3407 1824 3461 das

221 3489 363 3542 milii
397 3498 507 3554 tua,
538 3503 638 3562 ego
670 3507 768 3547 cur
798 3492 892 3547 tibi
929 3492 1209 3560 inclinem,
1242 3509 1367 3548 cum
1392 3509 1498 3550 non
1553 3495 1822 3565 accipiant

219 3582 429 3648 aliena,
459 3583 551 3643 sed
578 3599 696 3653 qua)
731 3599 850 3640 mea
880 3584 1043 3640 sunt?
1069 3584 1126 3639 Si
1168 3594 1220 3640 te
1243 3585 1549 3656 cognoscis
1571 3601 1676 3641 non
1711 3603 1827 3644 me-

219 3673 372 3736 ritis,
396 3675 594 3744 quibus
613 3691 698 3731 me
719 3677 1000 3747 praecellis,
1024 3677 1118 3732 sed
1149 3687 1338 3733 mutua
1367 3679 1658 3734 dilectione
1688 3682 1824 3738 alte-

216 3781 348 3821 rum
373 3766 712 3832 Ausclmum,
744 3769 939 3824 sentiat
967 3769 1070 3824 hoc
1097 3769 1323 3825 dilectus
1368 3771 1538 3828 frater
1578 3785 1630 3830 et
1682 3777 1824 3833 ﬁlius

220 3869 388 3912 meus
408 3851 640 3910 domnus
668 3856 972 3912 Mauritius.
997 3858 1197 3914 Precor
1242 3869 1301 3914 ut
1333 3861 1385 3915 in
1429 3863 1684 3918 omnibus
1729 3881 1824 3935 ge-

219 3962 355 4003 rens
379 3950 498 4017 ejus
519 3946 935 4004 sollicitudinem
965 3959 1186 4020 propter
1208 3951 1300 4005 Dei
1330 3960 1385 4005 et
1434 3954 1666 4020 proximi
1694 3956 1827 4009 elia-

221 4040 449 4094 ritatem
478 4079 492 4102 ,
541 4049 780 4094 nostram
827 4056 954 4112 erga
1003 4057 1126 4096 eum
1184 4043 1444 4098 exhibeas
1492 4044 1687 4100 vicem.
1746 4047 1822 4104 De

220 4130 549 4211 inﬁrmitate
570 4131 762 4202 capitis
813 4133 932 4203 ejus
967 4141 1019 4189 te
1049 4149 1243 4204 precor
1285 4143 1549 4205 quantum
1575 4152 1820 4208 possunt,

218 4231 281 4277 ut
310 4231 364 4276 te
386 4231 641 4292 precante
665 4232 720 4278 et
749 4223 1039 4291 adiuvante
1069 4236 1333 4305 quantum
1359 4236 1535 4296 potes,
1555 4228 1828 4286 adomiuo

219 4326 270 4368 et
303 4313 484 4370 amico
531 4313 716 4372 nostro
757 4311 1002 4373 Alberto'
1031 4318 1241 4375 medico
1287 4329 1509 4377 curetur
1557 4332 1819 4395 quantum

217 4415 424 4476 potest.
1127 4425 1133 4430 ο

735 4519 1069 4578 EPIS'I‘OLA
1104 4520 1317 4577 XXVII.

809 4631 876 4668 AD
913 4629 1243 4671 IIERLUINUM.

221 4725 296 4781 Se
325 4726 383 4779 in
413 4725 525 4781 dies
565 4727 854 4782 orationem
886 4727 995 4782 Deo
1025 4726 1246 4796 fundere
1277 4726 1486 4780 nomine
1532 4723 1779 4785 Herlnini
1797 4771 1812 4796 ,

245 4822 249 4824 -
293 4797 415 4850 licet
446 4813 571 4867 snas
596 4799 907 4852 monitiones
935 4797 1022 4852 vix
1047 4798 1256 4867 legeret.
1288 4797 1357 4850 Et
1386 4805 1536 4867 rogat
1585 4815 1705 4854 eum
1759 4813 1814 4856 ut

293 4883 423 4936 erga
447 4866 756 4922 Mauritiant
778 4884 834 4923 se
858 4869 1078 4937 fratrem
1100 4866 1368 4923 exhibeat.

295 4957 508 5012 Domuo
535 4965 590 5013 et
616 4957 769 5024 fratri
797 4958 1120 5015 cbarissimo
1166 4956 1445 5013 HEBLUINO
1486 4955 1654 5011 frater
1707 4955 1816 5009 Au-

218 5062 430 5104 scuws
455 5047 708 5103 salutem.

293 5138 555 5206 Quamvis
575 5147 814 5194 nostram
837 5139 925 5194 vix
953 5139 1244 5211 aliquando
1283 5137 1430 5209 legas
1486 5134 1837 5191 admonitio-.

217 5241 372 5296 nem,
404 5240 590 5287 notum
629 5232 722 5288 tibi
745 5231 816 5286 sit
847 5239 1049 5297 tamen,
1073 5232 1414 5298 charissime,
1459 5233 1586 5303 quia
1636 5230 1814 5301 quoti-

218 5310 313 5379 die
343 5324 630 5401 tuicuram
678 5323 904 5392 habens,
953 5321 1064 5380 Deo
1110 5339 1210 5394 pro
1258 5333 1330 5391 te,
1381 5325 1812 5403 qualemcunque

2360 3325 2693 3383 EPISTOLA
2735 3325 2949 3381 XXVIII
2989 3327 3077 3379 ¹¹⁶.

2515 3435 2582 3473 ΑΙ)
2620 3431 2931 3473 Αιιιεῐιτωι.

1927 3511 2326 3569 Conversionem
2351 3530 2380 3566 a
2412 3510 2606 3565 sa'cnlo
2659 3510 2888 3578 suggerit
2917 3521 2937 3560 :
2967 3505 3274 3562 Mauritium
3301 3506 3350 3562 ei
3380 3524 3519 3563 com-

2106 3585 2342 3646 mendat,
2372 3594 2427 3637 ut
2462 3593 2575 3636 arte
2611 3597 2708 3634 sua
2739 3579 2940 3633 medica
2973 3580 3142 3649 ipsum
3176 3589 3340 3633 curet.

1997 3676 2229 3732 Domino
2263 3676 2439 3739 fratri,
2474 3673 2653 3729 amico
2673 3672 3017 3728 charissima
3045 3673 3307 3727 Αιιιειιτο
3348 3671 3522 3727 frater

1925 3766 2232 3832 Auseuws,
2257 3765 2335 3820 sic
2358 3765 2589 3820 transire
2620 3778 2719 3834 per
2761 3763 2900 3816 bona
2936 3762 3254 3832 temporalia
3279 3770 3520 3818 contem;

1927 3857 2130 3920 uendo,
2169 3864 2228 3910 ut
2260 3863 2476 3909 maneat
2509 3854 2560 3907 iu
2583 3851 2800 3907 aeternis
2823 3851 3170 3922 perfruendo.

1996 3949 2261 4005 Affectum
2293 3963 2426 4002 metr.
2445 3945 2772 4010 dilectionis,
2813 3959 2978 4014 quem
3022 3953 3131 3998 tam
3159 3943 3374 3998 sublimi
3419 3943 3522 3998 ltu-

1926 4041 2155 4096 militate
2183 4054 2280 4110 per
2305 4037 2587 4107 epistolam
2624 4051 2776 4090 suam
2812 4043 2992 4090 vestra
3025 4033 3219 4104 petivit
3240 4033 3512 4104 dignatio,

1926 4148 2030 4189 non
2082 4147 2256 4202 nuper
2305 4131 2499 4184 littera:
2551 4138 2745 4184 vestrae
2795 4135 3108 4183 reverenter
3169 4125 3521 4195 supplit-audo

1923 4224 2057 4278 mihi
2087 4230 2501 4293 persuaserunt;
2532 4221 2628 4276 sed
2647 4235 2769 4275 cum
2800 4219 2928 4272 olim
2967 4217 3134 4274 vestri
3166 4231 3347 4272 mores
3369 4232 3521 4292 ama.

1925 4317 2105 4373 biliter
2127 4330 2186 4369 se
2227 4313 2658 4369 commendando
2712 4311 2878 4366 menti
2921 4324 3056 4365 mere
3105 4309 3516 4379 impresscrunt.

1922 4407 2005 4461 Ex
2041 4423 2148 4477 quo
2175 4419 2408 4474 namque
2459 4403 2590 4459 mihi
2647 4412 2827 4459 vestra
2879 4401 3104 4472 contigit
3147 4400 3304 4472 plena
3355 4396 3518 4470 potiti

1829 4543 1832 4546 .
1923 4496 2252 4567 cognitione,
2293 4509 2399 4550 non
2431 4494 2620 4563 utique
2651 4493 2754 4548 fuit
2809 4507 2905 4548 cor
2937 4505 3118 4545 meum
3175 4489 3296 4545 sine
3346 4486 3516 4544 vestri

1827 4584 1894 4640 AD
1923 4588 2192 4645 desiderio
2219 4596 2272 4642 et
2303 4587 2624 4653 dilectione;
2655 4585 2722 4640 de
2763 4599 2867 4654 qua
2901 4597 2959 4638 re
2996 4581 3248 4636 dubitare
3275 4596 3383 4634 non
3423 4579 3518 4632 de-

1923 4681 2142 4748 buistis,
2171 4681 2220 4737 si
2239 4679 2446 4735 itineris
2474 4677 2639 4745 illius,
2669 4691 2776 4748 quo
2802 4676 2869 4732 de
2893 4673 3067 4732 Becco
3095 4686 3267 4743 usque
3305 4670 3515 4729 Retltoq

1925 4787 2139 4844 magum
2167 4770 2329 4827 simul
2351 4769 2623 4840 quondam
2647 4767 3012 4835 perreximus,
3057 4761 3397 4818 meministis.
3436 4758 3516 4814 lbi

1923 4865 2068 4920 enim
2102 4870 2251 4917 tanta
2280 4861 2638 4930 colloqueudo
2665 4857 3041 4913 familiaritate
3082 4853 3408 4909 centesimus
3455 4859 3519 4906 ut

1923 4963 1976 5009 et
2006 4962 2224 5007 mutuus
2259 4961 2442 5007 uoster
2471 4965 2626 5006 amor
2642 4946 2994 5018 jampridem,
3049 4960 3116 4999 ex
3149 4959 3258 5016 quo
3287 4957 3386 4998 uos
3434 4943 3519 4998 iu-

1921 5044 2096 5099 vicem
2123 5043 2359 5113 primum
2387 5055 2731 5105 noveramus,
2758 5048 2939 5093 mente
2960 5043 3256 5106 conceptus
3299 5033 3516 5106 plenius

1924 5143 2350 5198 monstraretur;
2379 5142 2436 5188 et
2454 5131 2733 5202 quiddam,
2766 5128 2909 5198 quod
2938 5128 3119 5182 adhuc
3153 5134 3302 5196 opto,
3322 5135 3518 5196 aptans

1921 5227 1990 5281 do
2011 5242 2127 5292 oro,
2159 5227 2364 5282 orando
2389 5231 2664 5294 exspecto,
2699 5240 2726 5277 a
2759 5222 2910 5277 vobis
2937 5218 3067 5276 mihi
3087 5218 3511 5289 promitteretur.

1920 5317 2034 5375 Hoc
2053 5329 2156 5389 est,
2185 5319 2310 5390 quia
2359 5317 2403 5372 si
2434 5317 2652 5387 quando
2703 5314 2940 5372 caelestis
2989 5310 3264 5368 fclicitatis
3307 5309 3517 5366 desita-

1519 5457 1752 5514 VARIA‘]
1793 5455 2191 5512 LECTIONES.

251 5537 256 5541 .
299 5555 372 5602 “‘
411 5568 544 5642 Cum
579 5571 756 5626 eodem
785 5587 884 5627 ms.
929 5569 1120 5627 collata
1195 5537 1286 5606 “"
1311 5571 1607 5628 Dilectiore
1645 5587 1746 5625 ms.
1786 5569 2049 5624 dilectore
2119 5568 2188 5601 ¹¹⁸
2212 5567 2344 5624 Cum
2368 5568 2553 5624 iisdem
2581 5565 2775 5622 collata

557 5649 560 5655 λ
678 5649 684 5656 ’
1415 5681 2008 5760 ιοΑΝΝιδφηξΑιιω
2049 5681 2282 5740 Nom.

251 5749 256 5754 ι
299 5743 382 5848 (3)
405 5765 685 5840 Eademin,
709 5779 924 5858 epistola
951 5766 1009 5846 ἶ,
1048 5743 1244 5845 supra:
