4056 6302
259 342 378 416 «τοι

255 571 384 624 sunt,
415 559 646 612 nondum
677 558 909 613 meritus
940 567 1110 627 optat,
1149 559 1415 625 patienter
1451 552 1642 607 toleret
1670 550 1806 604 divi-

250 666 366 706 num
397 647 682 718 judicium,
714 647 854 716 quod
895 646 984 700 ulli
1022 644 1220 714 aliquid
1262 644 1457 714 injuste
1497 656 1601 695 non
1643 640 1804 693 dene-

251 751 359 811 gat,
403 755 468 792 ne
508 754 604 808 per
639 737 1030 807 impatientiam
1063 736 1299 804 judicem
1339 734 1544 803 justum
1579 745 1803 800 exaspe-

251 833 704 898 raus‘,~.mereatur
748 825 888 891 quod
935 839 1040 878 non
1077 825 1243 878 habet
1284 838 1388 876 non
1427 821 1707 888 accipere,
1750 825 1805 872 et

249 916 387 986 quod
405 901 612 983 accepit
644 915 915 976 amittere,
947 921 1040 966 aut
1069 914 1208 982 quod
1243 926 1347 965 non
1379 919 1528 965 amat
1559 909 1646 972 ¹³³,
1686 909 1806 962 inu-

246 1005 400 1060 tiliter
433 1015 633 1059 tenere.
675 1003 780 1058 Seu
817 1019 948 1058 vero
971 1004 1046 1041 ⁴³⁶
1082 1002 1506 1058 misericordiam
1538 1015 1629 1055 seu
1656 999 1789 1068 judi-

247 1096 374 1149 cium
414 1109 542 1161 erga
589 1109 647 1149 se
692 1094 746 1147 in
789 1093 937 1158 illis,
985 1109 1104 1163 qua:
1151 1108 1255 1146 non
1292 1092 1460 1146 habet
1504 1099 1562 1146 et
1611 1097 1819 1159 optat,

246 1184 570 1253 persentiat;
631 1182 780 1237 littus
830 1199 896 1236 es
953 1181 1037 1237 his
1090 1199 1210 1252 qua:
1267 1182 1516 1251 accepit,
1570 1180 1802 1251 largitati

243 1287 472 1341 superna:
509 1271 712 1342 gratias
747 1273 936 1342 dignas
976 1272 1264 1343 persolvat.
1306 1273 1373 1326 Et
1411 1273 1532 1340 quia
1565 1273 1631 1325 ad
1675 1286 1809 1340 qua-

243 1364 550 1432 lemcunque
593 1374 806 1432 portum
839 1365 904 1417 de
933 1364 1246 1434 procellosis
1281 1365 1463 1418 mundi
1497 1363 1808 1417 turbinibus

243 1453 406 1522 potuit
439 1453 780 1523 pertingere,
818 1463 1008 1509 caveat
1047 1456 1098 1508 in
1137 1463 1323 1525 portus
1361 1454 1804 1524 tranquillitatem

240 1554 444 1600 ventum
482 1545 717 1600 levitatis
736 1554 796 1601 et
830 1546 1176 1616 impatientia:
1210 1546 1479 1602 turbinem
1511 1547 1802 1602 inducere:

241 1645 498 1704 quatenus
535 1631 708 1692 mens'
735 1640 1034 1693 constantia
1075 1649 1135 1694 et
1175 1639 1587 1694 mansuetudine
1628 1647 1807 1693 tutan-

238 1725 374 1780 tibus
411 1726 622 1794 quieta,
668 1726 832 1780 divini
875 1729 1081 1782 timoris
1117 1728 1477 1802 sollicitudine
1508 1736 1562 1781 et
1602 1727 1805 1782 amoris

1507 349 1636 404 LIB.
1678 346 1717 412 Ι,
1746 339 1968 398 ΕΡΙΞΤ,
2009 337 2202 398 XXXI.

255 455 368 529 ciat.
397 468 452 524 Si
491 476 670 522 autem
711 481 840 522 vere
880 465 1098 521 meliora
1123 465 1265 529 “illis,
1303 479 1423 535 quae
1464 463 1800 532 iit-promptu
1830 461 1880 520 Α

2833 379 2846 387 -
2973 363 2976 366 ’
3345 338 3486 397 μοι

2363 451 2703 512 'EPISTOLA
2738 451 2888 507 XXX
2927 451 3014 504 m.

2492 580 2560 619 AD
2599 579 2901 619 ABNULFUI.

1906 654 2142 710 Consulit
2171 673 2276 711 non
2305 657 2491 723 eligere
2522 656 2692 777 (odeum
2721 655 2812 777 :tbi
2840 654 3054 719 doceat,
3082 653 3172 706 sed
3205 651 3295 706 ubi
3321 653 3490 723 magis

2595 742 2716 777 occa
2743 741 2828 777 ur.

2595 741 2828 778 occatur.

1979 815 2205 870 Domino
2235 824 2296 871 et
2327 815 2484 870 fratri
2521 814 2840 870 charissima
2869 813 3145 878 mucro,
3190 813 3361 868 frater
3385 814 3491 868 Au-

1908 923 2128 972 ssuws,
2161 909 2414 963 salutem.

1977 998 2130 1065 Quod
2172 1007 2346 1052 vestra
2375 999 2510 1068 petit
2543 994 2777 1053 fraterna
2804 997 3052 1063 dilectio,
3079 1009 3140 1053 ut
3167 997 3326 1052 simul
3357 1013 3496 1066 pm-

1906 1099 2089 1144 sentes
2136 1089 2361 1144 invicem
2409 1088 2808 1158 celloquamur,
2862 1104 2962 1159 ego
3010 1103 3226 1159 quoque
3265 1105 3328 1143 ex
3370 1103 3490 1157 quo

1910 1182 2151 1236 habitum
2181 1191 2381 1236 sanctae
2407 1181 2833 1236 conversationis
2859 1181 3166 1250 sumpsistis
3193 1179 3497 1236 desideravi

1909 1281 1964 1326 ct
1994 1272 2244 1327 desidero
2273 1286 2290 1324 :
2320 1273 2413 1326 sed
2443 1270 2570 1340 quia
2611 1285 2763 1326 meus
2792 1285 2896 1325 nec
2930 1286 3048 1325 sum
3081 1284 3179 1325 nec
3205 1284 3331 1331 esse
3353 1269 3516 1336 volo,

1909 1363 2147 1416 nondum
2175 1363 2481 1416 communis
2519 1360 2772 1416 effectum
2816 1359 3069 1416 desiderii
3106 1362 3365 1432 consequi
3399 1377 3518 1432 pos

1910 1452 2022 1516 tui,
2056 1465 2156 1506 nec
2182 1451 2296 1506 scio
2323 1452 2367 1505 si
2395 1461 2606 1521 potero.
2633 1450 2886 1505 Breviter
2917 1451 3079 1521 igitur
3108 1451 3205 1522 pio
3243 1452 3522 1520 temporis.

1908 1541 2194 1608 brevitate,
2221 1542 2413 1599 litteris
2435 1543 2503 1597 ad
2518 1558 2588 1598 ea
2612 1558 2734 1613 qua:
2757 1544 3056 1598 mandastis
3080 1547 3397 1614 respondeo.
3425 1546 3502 1601 De

1908 1633 2075 1688 fratre
2109 1634 2448 1688 adolescente
2489 1636 2631 1703 quod
2666 1635 2849 1705 petitis
2874 1674 2888 1696 ,
2927 1649 3027 1688 nec
3061 1635 3292 1689 dotmms
3337 1635 3505 1691 abbas

1909 1739 2009 1778 nec
2033 1733 2217 1778 nostra
2241 1727 2590 1794 congregatio
2612 1725 2953 1787 concederet,
2987 1725 3088 1778 nisi
3114 1725 3264 1794 prius
3286 1724 3408 1793 ejus
3430 1725 3481 1778 vi

238 1815 588 1870 delectatione
617 1817 689 1869 sit
731 1831 895 1871 vacua
938 1818 1023 1869 ‘3‘.
1064 1816 1196 1870 Nam
1229 1818 1390 1871 timor
1419 1832 1521 1885 per
1551 1816 1812 1870 sollicitu-
1845 1805 1884 1861 Β
1915 1825 2023 1869 tam
2057 1815 2322 1869 diuturna:
2346 1817 2776 1871 conversationis
2807 1817 3180 1885 experimento
3215 1831 3505 1887 cognosce-

233 1903 408 1957 diucm
439 1904 710 1970 custodit,
750 1919 903 1958 amor
947 1918 1074 1958 vero
1102 1918 1198 1972 per
1231 1903 1643 1958 delectationem
1679 1919 1807 1972 per-

234 1994 343 2047 licit
379 1994 467 2047 ‘3’.
511 1994 636 2048 Scio
676 1995 800 2062 quia
834 1995 949 2049 hinc
983 1995 1240 2062 majorem
1271 2003 1364 2049 aut
1407 1995 1677 2048 scribendi
1717 2004 1812 2048 aut

229 2085 567 2154 colloquendi
602 2087 828 2156 exigtmt
857 2087 1286 2155 amplitudinem,
1318 2096 1375 2140 ιιι
1404 2087 1612 2156 plenius
1646 2086 1810 2140 intel-

229 2173 426 2245 ligatur
453 2176 670 2244 quibns,
697 2177 928 2239 scilicet,
957 2177 1093 2231 dolis
1121 2177 1376 2247 antiquus
1404 2192 1628 2246 serpens
1655 2176 1809 2247 igna-

229 2280 348 2319 rum
379 2267 703 2320 monachum
736 2267 786 2319 in
824 2267 924 2320 hoc
957 2283 1156 2337 genere
1181 2268 1494 2322 tentationis
1528 2267 1808 2336 illaqneet;

224 2353 280 2410 ει
329 2365 558 2411 econtra
585 2397 600 2421 ,
647 2358 840 2425 quibus
887 2357 1189 2412 rationibus
1232 2359 1468 2427 prudens
1515 2359 1813 2412 Inonachus

221 2443 343 2514 ejus
368 2443 598 2498 callidas
624 2446 998 2514 persuasiones
1029 2446 1288 2501 dissolvat
1316 2458 1370 2501 et
1395 2449 1676 2502 anuihilet.
1708 2449 1812 2504 Sed

220 2529 491 2604 quoniam
539 2536 649 2604 jam
704 2537 1067 2600 brevitatem,
1118 2550 1283 2606 quam
1332 2539 1500 2608 exigit
1546 2540 1765 2608 epistola
1797 2579 1812 2603 ,

220 2626 441 2681 εἰσελεεὶ
469 2642 486 2689 ;
518 2635 574 2680 et
595 2634 767 2680 totum
805 2629 947 2696 quod
982 2629 1069 2682 hie
1105 2626 1212 2682 dixi
1246 2639 1338 2683 aut
1364 2630 1647 2684 dicendum
1681 2630 1807 2694 fuit,

218 2717 290 2770 ad
341 2717 762 2772 custodiendam
812 2719 1008 2774 mentis
1045 2721 1284 2789 quietem
1333 2723 1599 2790 pertinet,
1656 2723 1814 2790 lmjus

222 2809 411 2864 brevis
448 2812 764 2865 exhortatio
796 2812 1078 2881 epistolam
1119 2825 1359 2868 nostram
1401 2818 1671 2871 terminet.
1706 2817 1815 2872 Nec

218 2907 414 2972 putes,
463 2903 823 2970 charissime,
871 2906 983 2959 lucc
1032 2921 1118 2960 me
1157 2906 1338 2962 dicere
1388 2909 1627 2970 idcirco,
1674 2911 1814 2978 quod

220 2990 478 3058 suspicer
528 2999 579 3044 te
629 2991 811 3063 aliqua
866 2993 1064 3048 mentis
1117 2995 1491 3063 inquietudine
1547 2996 1811 3052 laborare.

218 3080 329 3137 Sed
362 3081 627 3152 quoniam
666 3083 950 3152 praedictus
979 3086 1233 3141 dominus
1257 3086 1430 3142 Ursus
1461 3087 1527 3119 ¹⁸⁹
1557 3089 1700 3158 cogit
1730 3104 1814 3144 me

215 3173 464 3242 aliquam
517 3173 942 3228 admonitionem
993 3175 1088 3229 tibi
1139 3178 1413 3239 scribere,
1463 3179 1644 3232 nescio
1687 3179 1815 3246 quid

164 3284 167 3285 ν
213 3263 404 3333 potius
442 3277 729 3326 moneam,
769 3280 930 3334 quam
959 3280 1154 3321 cavere
1185 3267 1286 3322 hoc
1326 3268 1467 3335 quod
1503 3268 1602 3321 sub
1639 3265 1818 3338 specie

210 3362 387 3408 rectre
417 3354 722 3408 voluntatis
743 3356 857 3409 scio
892 3356 1109 3410 novitiis
1131 3356 1450 3424 quibusdam
1487 3355 1661 3412 solere
1686 3358 1816 3410 sub-

213 3458 416 3514 repere
453 3445 548 3498 m.
597 3444 954 3515 Quapropter,
993 3448 1168 3502 amice
1197 3448 1270 3501 mi
1298 3456 1354 3502 et
1380 3447 1546 3503 frater
1581 3447 1821 3503 dilectis-

213 3535 354 3590 sime
381 3576 398 3599 ,
446 3536 692 3590 consulit
718 3577 731 3599 ,
772 3544 955 3590 mouet
979 3577 994 3600 ,
1039 3545 1299 3605 precatur
1339 3547 1391 3591 te
1423 3545 1552 3591 tuus
1592 3539 1821 3594 dilectus

210 3624 618 3682 dilector'totis
632 3629 812 3682 cordis
836 3629 1152 3694 visceribus,
1174 3639 1232 3682 ut
1253 3629 1378 3682 totis
1402 3629 1604 3684 viribus
1627 3631 1821 3698 quietae

209 3718 422 3773 mentis
469 3715 728 3782 studeas,
767 3717 883 3771 sine
921 3733 1029 3787 qna
1072 3717 1202 3772 nulli
1253 3717 1378 3770 licet
1423 3718 1601 3771 callidi
1647 3717 1822 3772 hostis

211 3809 456 3865 insidias
474 3809 918 3876 circumspicere,
937 3809 1019 3862 vel
1043 3809 1262 3862 semitas
1281 3808 1537 3860 virtutum
1562 3811 1824 3876 angustis-

209 3900 387 3953 simas
428 3899 503 3928 ¹⁶¹
539 3896 870 3963 prospicere.
908 3896 988 3948 Ad
1031 3898 1168 3950 hanc
1209 3911 1336 3951 vero
1363 3899 1694 3962 iucundius,
1729 3900 1820 3967 qui

211 3986 266 4038 in
319 3984 678 4043 monasterio
725 3993 1108 4047 conversatur,
1162 3987 1467 4056 pertingere
1519 3989 1822 4043 nullatenus

205 4076 359 4130 valet
383 4076 522 4130 sine
545 4073 849 4128 constantia
876 4082 929 4127 et
953 4075 1389 4139 mansuetudine,
1421 4093 1539 4146 qua:
1567 4095 1821 4136 mansne-

207 4168 347 4221 tudo
375 4163 782 4220 indissolubilis
811 4177 992 4219 comes
1020 4175 1102 4219 est
1132 4166 1443 4235 patientia);
1479 4177 1532 4222 et
1567 4170 1667 4224 nisi
1705 4187 1820 4225 me-

201 4258 451 4313 nasterii
498 4255 584 4311 sui
617 4254 892 4323 instituta,
927 4271 1046 4324 qua:
1088 4257 1283 4312 divinis
1321 4273 1427 4312 non
1473 4259 1824 4328 prohibentur

204 4349 540 4413 mandatis,
588 4347 798 4400 etiamsi
830 4348 1088 4401 rationem
1119 4363 1307 4402 eorum
1355 4364 1458 4404 non
1497 4351 1819 4419 perviderit,

1913 1917 2015 1960 ret.
2043 1906 2200 1974 Quod
2227 1917 2406 1961 autem
2431 1907 2610 1976 aliquo
2637 1909 2714 1961 ire
2742 1908 3042 1976 proponitis
3080 1907 3166 1970 νδδ,
3184 1908 3282 1961 ubi
3313 1922 3506 1963 secun-

1913 1999 2039 2052 dum
2075 1999 2408 2068 propositum
2447 2009 2688 2053 vestrum
2731 2000 2911 2052 vivere
2953 2000 3211 2066 possitis,
3250 1999 3412 2052 laudo
3451 2008 3508 2052 et

1913 2089 2139 2154 hortor;
2171 2090 2296 2157 [hoc
2338 2099 2518 2145 tamen
2551 2104 2857 2159 praemoneo
2903 2100 2960 2143 ut
3000 2099 3056 2142 et
3091 2104 3189 2158 per
3235 2089 3504 2144 licentiam

1912 2181 2073 2250 323
2097 2182 2311 2236 abbatis
2356 2181 2523 2234 vestri
2559 2181 2660 2234 hoc
2690 2178 2938 2241 faciatis;
2971 2189 3026 2234 et
3054 2189 3131 2244 ut,
3178 2193 3525 2248 quocunque.

1915 2271 2018 2325 iter
2049 2280 2286 2325 vestrum
2321 2271 2464 2325 Deus
2488 2270 2770 2334 direxerit,
2791 2269 3120 2338 regulariter
3149 2269 3250 2322 sub
3289 2268 3507 2323 abbatis

1912 2360 2242 2422 obedientia,
2273 2369 2326 2414 et
2356 2374 2463 2412 non
2493 2359 2546 2412 in
2588 2359 2822 2428 propriae
2853 2359 3147 2413 voluntatis
3177 2358 3424 2424 arbitrio,
3456 2360 3527 2412 si.

1915 2447 2162 2501 monachi
2189 2447 2468 2518 praemium
2495 2446 2760 2513 consequi
2794 2445 2979 2508 vultis,
3019 2445 3245 2508 vivatis;
3299 2461 3400 2500 nuc
3430 2444 3509 2497 lc-

1914 2553 2036 2592 cum
2071 2538 2160 2591 ubi
2189 2552 2283 2591 vos
2307 2537 2434 2590 aliis
2464 2536 2745 2606 prodesse,
2774 2534 3014 2603 aliosque
3068 2535 3359 2598 instruere,
3413 2535 3509 2588 sed

1917 2631 2005 2683 ubi
2037 2645 2132 2683 vos
2162 2643 2258 2699 per
2285 2628 2420 2682 alios
2443 2628 2710 2698 prolicere
2739 2636 2797 2680 et
2833 2627 2902 2680 ab
2930 2628 3052 2680 aliis
3104 2627 3172 2688 ad
3203 2626 3525 2697 spiritalem

1916 2721 2161 2774 militiam
2186 2719 2383 2773 instrui
2408 2718 2648 2787 possitis,
2677 2717 2913 2787 eligatis.
2956 2717 3047 2771 Sic
3070 2717 3215 2772 enim
3259 2717 3520 2772 ordinate.

1916 2809 2232 2877 proficietis,
2258 2809 2302 2862 si
2335 2808 2489 2876 prius
2518 2807 2702 2862 doceri
2725 2823 2887 2876 quam
2915 2808 3110 2862 docere
3140 2807 3503 2876 appetieritis.

1915 2902 2202 2961 Przeterea,
2226 2898 2370 2966 quod
2397 2898 2577 2952 studio
2606 2898 2918 2952 scholarum
2943 2897 3110 2965 vitam
3144 2905 3410 2959 vestram,
3439 2913 3525 2952 ex.

1917 3005 2024 3060 quo
2044 2988 2244 3043 sarculo
2273 2986 2650 3048 renuntiasﬁs,
2702 2985 3014 3054 impenditis
3073 2985 3162 3050 Μ,
3209 2985 3515 3056 nullatenus

1917 3081 2069 3135 vobis
2091 3078 2352 3148 expedire
2375 3077 2740 3148 cognoscetis,
2793 3077 2837 3132 si
2868 3086 2923 3131 et
2971 3077 3138 3131 vestri
3186 3077 3350 3131 linem
3397 3093 3526 3146 pro:

1921 3169 2102 3238 positi,
2128 3177 2182 3223 et
2207 3183 2315 3235 quo
2345 3165 2613 3221 exercitio
2645 3165 2774 3219 illuc
2802 3166 3167 3234 perveniatur,
3195 3165 3522 3222 consulitis.

1917 3259 2107 3315 Valeat
2143 3257 2274 3311 mihi
2296 3266 2478 3310 vestra
2504 3254 2702 3314 dilecta
2730 3255 2970 3312 dilectio,
3021 3261 3076 3306 et
3127 3253 3254 3307 licet
3309 3254 3361 3306 in
3415 3253 3527 3309 Lac.

1919 3345 2354 3418 peregrinatione
2381 3343 2621 3412 separati
2651 3343 2716 3396 ad
2742 3343 2982 3411 patriam
3015 3341 3396 3400 velutdiversc
3422 3340 3515 3394 iti-

1919 3452 2050 3492 nere
2074 3436 2396 3497 tendamus;
2423 3447 2647 3486 oremus
2689 3441 2866 3485 tamen
2892 3444 2992 3500 pro
3025 3429 3286 3494 invicem,
3337 3439 3398 3482 ut
3461 3427 3515 3492 in

1920 3530 2094 3601 patria
2120 3529 2188 3583 de
2209 3527 2318 3582 Deo
2343 3524 2504 3581 simul
2525 3523 2864 3578 aeternaliter
2889 3524 3248 3594 gaudeamus.

2379 3635 2715 3692 EPISTOLA
2755 3634 2925 3689 XXXI
2967 3635 3053 3687 Μ.

2479 3744 2547 3780 ΔΙ)
2589 3742 2960 3781 ιΑδειιΑΝςυιι.

1925 3821 2000 3874 De
2040 3817 2327 3885 Lanfranci
2371 3815 2570 3886 nepotis
2613 3815 3096 3886 sanctorprofectu,
3137 3826 3185 3868 rt
3227 3816 3291 3868 de
3328 3816 3522 3886 capitis

2016 3911 2022 3917 -
2159 3883 2166 3885 ⁷
2388 3883 2586 3949 delere,
2619 3901 2720 3954 quo
2749 3885 3043 3938 laborabat.

1997 4002 2220 4056 Domino
2245 4009 2300 4054 et
2324 3996 2471 4052 Patri
2499 4011 2598 4056 suo
2625 3997 3110 4063 desideratissimo,
3143 3997 3302 4050 matri
3331 3999 3525 4056 catho—

1923 4093 2042 4148 lica:
2070 4107 2190 4146 cum
2228 4105 2413 4146 amore
2450 4089 2748 4146 reverendo
2788 4104 2909 4141 cum
2942 4089 3246 4141 reverentia
3289 4091 3521 4143 amando

1925 4185 2333 4254 archiepiscopo
2368 4183 2710 4244 Lsnraaacc,
2739 4179 2909 4233 frater
2951 4182 3231 4234 Aasspuus
3274 4196 3424 4243 suus,
3466 4181 3519 4232 in

1925 4275 2207 4345 prii-sentis
2236 4273 2365 4327 vilte
2397 4272 2686 4327 sanctitate
2728 4271 3039 4323 diuturnum
3079 4269 3304 4340 fulgere,
3348 4271 3399 4322 in
3439 4270 3518 4321 fu-

1928 4380 2063 4423 tura
2093 4368 2218 4421 vine
2249 4367 2510 4422 felicitate
2543 4375 2802 4420 aeternum
2828 4366 3085 4434 gaudere.

200 4451 265 4496 ιιι
292 4441 575 4511 religiosa
601 4437 864 4492 studuerit
892 4439 1197 4494 observare.
1230 4440 1372 4506 Vale,
1402 4450 1458 4496 et
1481 4443 1823 4512 omnipotens
1859 4465 1901 4518 Ι)
2084 4465 2189 4510 tam
2217 4455 2376 4510 facile
2400 4456 2604 4510 dictare
2647 4465 2701 4509 ει
2729 4456 2991 4520 scribere,
3021 4471 3183 4524 quam
3213 4455 3358 4525 loqui
3394 4469 3518 4524 pos-

197 4531 497 4585 Dominus
548 4529 794 4598 perficiat
829 4545 1046 4596 gressus
1079 4539 1200 4584 tuos
1239 4532 1292 4586 in
1325 4534 1538 4588 semitis
1571 4535 1683 4590 suis
1708 4577 1722 4601 ,
1771 4551 1813 4592 lli

1937 4562 2074 4610 sem,
2099 4561 2372 4614 nunquam
2399 4545 2496 4610 illi,
2522 4546 2610 4600 cui
2635 4555 2744 4599 tam
2770 4559 2910 4614 saepe
2936 4545 3174 4614 loquitur
3199 4561 3291 4600 cor
3315 4561 3526 4611 meum,

197 4635 315 4674 non
358 4626 706 4674 moveantur
743 4618 964 4686 vestigia
1007 4627 1093 4672 tua
1134 4618 1306 4686 (Psal.
1350 4638 1444 4676 xvr
1471 4663 1486 4687 ,
1529 4625 1627 4691 5);
1675 4635 1734 4679 ut
1777 4628 1813 4681 it

1933 4637 2280 4708 epistolarum
2311 4637 2463 4707 copia
2495 4652 2736 4690 mearum
2769 4637 3003 4700 deesset,
3037 4637 3136 4691 nisi
3171 4652 3290 4690 cum
3340 4638 3514 4706 inopia

192 4711 430 4780 iusmia
465 4722 740 4778 appareas
764 4711 1072 4778 ωηδβεειυί
1104 4710 1224 4777 θεῖν
1262 4721 1315 4766 εί
1342 4714 1556 4769 mlieris
1586 4732 1706 4771 cum
1739 4733 1834 4788 "P'
1935 4731 2066 4785 mihi
2097 4731 2330 4784 latorum
2362 4729 2594 4783 adesset.
2623 4729 2729 4783 Sed
2757 4729 3011 4798 quoniam
3043 4737 3151 4780 tam
3182 4726 3346 4780 multa
3391 4737 3520 4780 sunt

193 4805 474 4874 paruerit
500 4801 678 4870 gloria
710 4799 826 4868 ejus
848 4800 1038 4869 (Ibid,
1066 4803 1172 4871 15).
1197 4803 1301 4858 Ora
1326 4816 1384 4860 ut
1412 4817 1466 4861 ct
1487 4824 1591 4878 ego
1618 4819 1813 4865 tecum'

1931 4834 2052 4889 qum
2099 4834 2185 4873 me
2227 4818 2431 4872 dictare
2480 4819 2799 4888 impediunt,
2839 4828 2898 4871 ut
2929 4819 3032 4872 hoc
3065 4817 3262 4885 ipsum,
3311 4817 3518 4872 scilicet

191 4897 339 4966 quia
373 4905 440 4952 et
464 4909 577 4964 ego
601 4907 700 4947 oro
725 4901 786 4946 ut
815 4901 869 4946 tu
901 4909 1110 4948 mecum
1145 4896 1234 4948 ιδ’.

1931 4927 2093 4982 quam
2137 4911 2305 4965 multa
2349 4911 2479 4978 sint,
2528 4909 2836 4966 meditando
2872 4923 3015 4962 nunc
3049 4923 3310 4963 enarrare
3353 4908 3522 4978 impe-

1506 5099 1734 5157 VARUE
1793 5105 2193 5165 LECTIONES.

174 5331 176 5333 ν
269 5261 348 5333 “fi
375 5259 543 5333 Quia
574 5265 858 5333 nonamat
878 5274 976 5312 ms.
1083 5258 1223 5333 quod
1258 5275 1362 5333 non
1397 5269 1540 5333 amat
1598 5261 1666 5292 ⁸⁸⁸
1696 5262 1789 5316 Dei
1813 5277 1941 5317 vero
1966 5280 2091 5318 mss.
2119 5266 2222 5319 duo
2250 5274 2299 5318 et
2329 5263 2477 5326 Edit.
2509 5261 2697 5317 Colon.
2729 5277 2824 5317 seu
2868 5279 3000 5320 vero
3040 5281 3140 5319 ms.
3175 5265 3267 5320 {8.
3316 5267 3362 5321 si
3393 5283 3526 5322 vero

193 5333 270 5364 ⁸³⁷
299 5328 706 5387 Sollicitudiui
752 5335 808 5379 et
849 5327 1050 5380 amoris
1081 5327 1424 5382 delectationi
1479 5331 1551 5385 sit
1590 5346 1758 5386 vacua
1800 5349 1901 5386 ms.
1953 5333 2021 5387 18
2073 5345 2121 5388 et
2175 5334 2301 5388 Lov.
2373 5334 2751 5389 sollicitudinis
2804 5344 2860 5389 et
2906 5335 3109 5391 amoris
3152 5336 3527 5392 delectationis

189 5418 312 5455 non
344 5403 462 5471 isit
514 5412 697 5471 vacua
717 5395 1104 5471 Edij.__Colou.
1157 5396 1531 5471 Sollicitudiue
1571 5410 1622 5455 et
1681 5403 1885 5456 amoris
1948 5404 2302 5460 delectatione
2344 5405 2413 5458 sit
2447 5419 2618 5463 vacua
2695 5402 2764 5436 ³⁸⁸
2799 5405 3018 5460 Perlicit
3049 5422 3148 5460 ms.
3182 5408 3271 5462 18.
3305 5409 3526 5471 prollrit

189 5473 268 5503 ”’
309 5470 520 5544 Ursus
551 5482 650 5544 ius.
679 5467 767 5544 18,
801 5467 947 5520 Edit.
981 5464 1183 5544 Col._et
1209 5467 1468 5544 "88.1103.
1504 5471 1664 5525 Ursio
1724 5472 1791 5504 ¹⁸⁰
1815 5471 2114 5542 Subripere
2143 5492 2240 5528 ms.
2272 5475 2362 5538 18,
2393 5484 2440 5528 et
2473 5473 2617 5544 Lou._
2632 5475 2929 5544 subrepere
3005 5475 3069 5510 ¹⁸¹
3104 5464 3528 5544 Angustissimas

183 5557 324 5596 viss.
375 5551 432 5594 et
459 5536 637 5606 Edit.
667 5536 784 5591 Col.
836 5537 1248 5606 angustissimas
1323 5537 1388 5568 “'
1413 5538 1491 5592 Tu
1517 5556 1726 5596 mecum
1767 5560 1867 5596 uis.
1904 5536 2001 5596 18:
2026 5545 2174 5598 addit
2230 5536 2401 5600 Amen
2481 5543 2549 5575 ³⁸³
2577 5542 2710 5598 Cum
2735 5536 2938 5600 duobus
2962 5562 3089 5601 mss.
3128 5536 3267 5600 Vict.
3293 5546 3349 5599 in
3391 5545 3532 5606 Cod.

177 5608 508 5745 ἔὼάξὲοἱε
533 5605 747 5730 (ἐπει
809 5606 875 5639 ³⁸⁵
916 5605 1243 5677 Proponit“?
1273 5623 1402 5663 ’πει
1433 5611 1734 5681 ι’τοροηῑιίε
1806 5613 1873 5645 ¹³⁸
1911 5611 2259 5687 lmpcndistis
2291 5631 2417 5670 mss.
2459 5614 2773 5685 impenditis
2848 5617 2915 5648 “°
2963 5616 3097 5671 Cum
3153 5631 3253 5672 ms.
3312 5632 3420 5677 uno
3469 5605 3534 5678 er.
