4056 6302
543 382 682 442 “05

1074 380 1132 436 S.
1175 377 1469 435 ANSELMI
1511 370 2205 459 CANTUARLARCHIEP.
2250 370 2400 427 OPP.
2444 371 2621 426 PARS
2652 370 2737 425 ΙΙΙ.
2774 397 2845 409 --
2885 364 3264 424 EPISTOLIE.

3680 369 3818 425 MM

541 498 725 564 diant;
754 512 946 568 precor
970 512 1036 551 ne
1063 496 1193 549 mihi
1225 481 1447 565 paterna
1478 502 1655 546 vestra
1689 490 1751 521 “'"
1781 494 2125 545 succenserat
2156 495 2200 548 Λ
2231 487 2445 553 quando
2493 500 2664 554 usque
2716 483 2782 537 ad
2835 484 2957 537 vitae
3006 481 3304 552 periculum
3351 479 3704 549 perducatur.
3758 482 3821 537 In

540 589 867 654 sublimitas,
892 587 1033 656 quod
1065 602 1187 641 raro
1218 588 1282 639 ad
1311 602 1369 639 se
1401 584 1599 640 servuli
1628 583 1709 636 sui
1742 579 1981 651 cpistola:
2008 592 2127 648 pcr-

540 680 778 733 veniant.
802 678 1060 745 Quamvis
1085 693 1320 745 namque
1346 676 1591 745 rubigine
1615 674 1787 745 stylus
1816 686 1975 725 manu
2007 683 2125 723 ees-

538 776 691 821 santc
724 768 968 821 rubescat
994 807 1009 832 ,
1045 765 1186 819 absit
1219 775 1397 818 tamen
1431 773 1489 816 ut
1530 771 1744 831 torpore
1786 761 1998 813 animus
2027 757 2126 810 lin-

536 873 639 925 gua
686 866 895 912 tacente
946 861 1201 926 tepescat.
1253 856 1453 909 Verum
1503 854 1586 906 his
1631 868 1773 905 nunc
1814 849 2031 904 omissis
2060 849 2124 901 de

535 946 848 999 dulcissimo
887 947 1145 1001 dilectore
1195 962 1313 1000 meo
1360 953 1553 1013 nepote
1578 953 1781 1003 .vestro,
1816 940 1968 1007 cujus
1988 954 2123 993 con-

532 1037 857 1090 versationis
883 1053 979 1091 vos
1005 1038 1118 1091 scio
1164 1052 1377 1106 semper
1405 1044 1723 1104 praesentem
1757 1034 1956 1087 habere
1990 1032 2123 1086 velle

533 1126 805 1192 notitiam,
848 1128 951 1181 hoc
998 1127 1151 1184 vobis
1180 1127 1377 1180 mando
1404 1126 1545 1193 quod
1591 1140 1707 1179 mea
1742 1132 1971 1177 testatur
1995 1136 2126 1175 con-

533 1216 781 1272 scientia.
818 1216 908 1272 Sic
952 1210 1141 1288 utique
1179 1227 1332 1272 cavet
1380 1234 1408 1271 a
1458 1218 1653 1285 quibus
1684 1225 1769 1270 est
1799 1216 2121 1276 cavendum,

530 1314 590 1359 ut
637 1306 765 1360 nulli
809 1316 1051 1362 nostrum
1079 1307 1202 1375 jure
1240 1307 1487 1360 videatur
1531 1304 2001 1373 reprehensibilis;
2041 1304 2119 1356 sic

529 1394 711 1451 studet
742 1395 928 1450 humili
959 1395 1275 1465 benignitati
1313 1405 1367 1449 et
1410 1393 1653 1463 benigna:
1684 1392 2005 1458 humilitati;
2043 1393 2122 1446 sic

529 1483 699 1550 quieti
722 1492 778 1537 et
805 1484 1021 1538 silentio
1051 1493 1210 1553 atque
1241 1482 1497 1547 orationi,
1543 1491 1600 1536 ut
1628 1483 1822 1536 merito
1848 1483 1919 1536 sit
1947 1482 2121 1537 omni-

526 1573 630 1628 bus
662 1574 929 1630 amabilis.
976 1575 1130 1630 Unde
1162 1584 1309 1630 certe
1335 1575 1576 1644 quotidie
1606 1584 1659 1630 et
1696 1576 1810 1645 ipse
1848 1591 1934 1629 me
1962 1576 2026 1629 de
2061 1590 2121 1629 se

526 1660 707 1717 laetum
749 1663 880 1718 facit
914 1663 1207 1730 laetiorem;
1240 1673 1295 1719 et
1322 1678 1425 1736 ego
1458 1664 1627 1729 illum,
1664 1674 1723 1719 ut
1751 1666 1817 1720 de
1846 1665 2119 1720 communi

524 1750 895 1819 proximorum
925 1751 1211 1807 dilectione
1239 1760 1469 1818 taceam,
1502 1762 1685 1809 vestro
1713 1762 1769 1808 et
1796 1769 1897 1808 suo
1924 1754 2120 1809 merito

2226 573 2413 640 primis
2441 573 2583 625 enim
2620 572 2855 625 subitum
2885 571 3055 641 frigus
3085 580 3254 624 totum
3296 578 3456 638 caput
3494 568 3591 636 illi,
3626 570 3820 625 deinde

2226 678 2320 717 cor
2349 672 2403 717 et
2436 672 2602 717 totum
2636 678 2834 731 corpus
2863 663 3216 716 vehementer
3244 658 3440 725 allicit;
3474 668 3525 713 et
3573 676 3697 714 mox
3727 678 3820 715 cor

2225 749 2577 805 immoderata
2624 750 2930 820 pulsatione
2970 749 3248 811 laborans,
3293 747 3450 801 simul
3480 763 3606 801 cum
3641 752 3819 801 omni-

2224 842 2323 897 bus
2371 844 2616 913 corporis
2666 842 2916 897 sensibus
2966 850 3021 893 et
3074 841 3301 901 viribus,
3352 837 3493 890 sicut
3537 838 3821 891 exhaustis

2223 934 2485 1002 sanguine
2517 932 2834 1004 fierisulet,
2880 931 3085 985 deficit.
3131 929 3210 982 Ex
3246 942 3353 996 quo
3394 926 3633 989 defectu,
3678 940 3821 995 post-

2224 1039 2383 1091 quam
2413 1025 2565 1093 quasi
2592 1024 2887 1087 reviviscit,
2922 1022 3102 1075 statim
3134 1019 3277 1074 velut
3310 1018 3632 1071 febricitans
3660 1020 3822 1072 totius

2224 1112 2466 1181 corporis
2507 1114 2701 1166 ardore
2738 1113 2983 1181 ignescit.
3024 1110 3279 1178 Sequitur
3304 1126 3520 1178 quoque
3546 1110 3708 1162 dolor
3734 1124 3821 1162 ca.

2223 1201 2368 1269 pitis,
2418 1210 2472 1254 et
2516 1202 2670 1269 quasi
2720 1214 2939 1255 vomere
2981 1200 3197 1264 debeat,
3237 1200 3417 1268 gravis
3456 1200 3817 1269 perturbatio.

2224 1294 2377 1362 Saepe
2400 1295 2590 1359 etiam,
2622 1296 2855 1349 maxime
2885 1308 3009 1349 cum
3039 1301 3245 1355 cantat,
3279 1293 3355 1346 sic
3384 1292 3577 1360 capitis
3609 1300 3824 1360 pertur-

2224 1382 2439 1437 batione
2480 1391 2726 1446 vexatur,
2780 1392 2837 1435 ut
2883 1382 3033 1436 locus
3063 1382 3114 1434 in
3147 1395 3255 1449 quo
3281 1389 3366 1434 est
3412 1381 3464 1434 iu
3497 1381 3821 1450 vertiginem

2224 1472 2296 1525 illi
2330 1474 2494 1525 rotari
2522 1473 2788 1529 videatur.
2815 1471 2984 1539 Quem
3013 1471 3267 1540 quoniam
3300 1486 3399 1525 nec
3423 1470 3537 1524 scio
3569 1485 3671 1525 nec
3699 1486 3827 1540 pos-

2223 1582 2340 1623 sum
2374 1567 2587 1632 melius,
2619 1582 2782 1637 quam
2829 1583 2859 1621 a
2897 1567 3050 1622 vobis
3089 1576 3321 1629 ametur,
3369 1582 3590 1633 amare;
3635 1582 3827 1637 super-

2222 1656 2382 1710 sedeo
2413 1673 2511 1727 pro
2555 1672 2620 1712 eo
2662 1658 3041 1726 palernitatem
3084 1667 3319 1711 vestram
3366 1673 3582 1727 rogare.
3626 1657 3825 1711 Audivi

2220 1750 2364 1818 quod
2390 1760 2608 1807 sanctus
2636 1753 2945 1806 Duustanus
2973 1751 3212 1821 regulam
3233 1751 3357 1805 vitae
3383 1752 3719 1806 monachica:
3741 1752 3827 1805 in-

525 1837 784 1894 dilectum
816 1839 1046 1897 habeam
1069 1842 1408 1899 dilectorem.
1432 1843 1538 1897 Sed
1562 1852 1645 1897 est
1668 1843 1921 1913 quiddam
1947 1845 2109 1913 quod,
2147 1850 2189 1904 Β
2216 1842 2473 1895 stituerit.
2518 1841 2572 1896 Si
2609 1843 2772 1911 igitur
2799 1843 2878 1897 sic
2917 1857 2975 1897 se
3018 1857 3105 1896 res
3148 1843 3329 1906 habet,
3360 1842 3552 1896 vellem
3588 1842 3823 1898 libenter

523 1932 772 1999 quamvis
809 1948 937 1989 vere
966 1935 1185 1989 credam
1216 1935 1341 2006 quia
1369 1935 1663 1991 clementer
1690 1936 1738 1988 ei
1776 1935 1906 1988 facit
1939 1936 2117 1989 divina

522 2023 862 2093 providentia
883 2065 898 2091 ,
934 2042 1040 2081 non
1080 2035 1258 2087 tamen
1289 2028 1417 2082 illud
1449 2028 1635 2081 videre
1667 2041 1885 2095 possum
1917 2027 2121 2097 absque

523 2114 865 2169 cbaritativa:
896 2115 965 2147 ¹δ⁸
995 2116 1391 2186 compassionis
1434 2116 1698 2170 molestia.
1735 2115 1927 2170 Dolore
1967 2131 2116 2170 nam-

523 2216 629 2272 que
652 2204 848 2275 capitis
868 2203 983 2272 jam
1018 2221 1116 2276 per
1156 2206 1338 2276 plures
1366 2221 1583 2261 menses
1623 2206 1704 2261 sic
1737 2220 1861 2261 eum
1895 2216 2118 2276 paterne

525 2292 707 2348 divina
735 2294 978 2363 quotidie
1013 2294 1201 2363 afﬂigit
1225 2295 1289 2327 ¹⁵⁹
1319 2296 1623 2366 castigatio,
1658 2304 1715 2350 ut
1745 2305 1798 2350 et
1827 2296 2117 2366 aliquando

523 2396 555 2437 a
584 2391 853 2439 conventu
895 2384 1166 2439 communi
1212 2382 1329 2452 ejus
1365 2384 1483 2437 laeta
1528 2384 1853 2439 dissocietur
1890 2400 2115 2440 conver-

522 2471 683 2539 satio,
726 2482 782 2529 et
808 2475 1034 2529 omnino
1065 2489 1095 2528 a
1129 2474 1360 2531 lectione
1390 2484 1485 2529 aut
1516 2473 1694 2543 aliqua
1727 2474 1969 2530 studiosa
2002 2490 2116 2530 me-

522 2564 783 2621 ditatione
828 2565 946 2634 ejus
1001 2567 1355 2637 prohibeatur
1399 2567 1648 2621 intentio.
1709 2566 1862 2634 Quod
1912 2568 2115 2621 idcirco

521 2653 673 2709 vobis
700 2656 921 2721 mando,
946 2665 1005 2711 ut
1032 2666 1087 2712 et
1111 2672 1211 2728 ego
1238 2659 1379 2728 apud
1408 2673 1503 2711 vos
1531 2673 1637 2711 non
1668 2658 1772 2712 sim
1799 2673 1924 2714 reus
1954 2658 2116 2728 hujus

520 2743 601 2799 rei
630 2743 878 2811 silentio;
914 2756 967 2801 et
998 2761 1093 2802 vos
1116 2746 1320 2817 aliquo,
1351 2748 1394 2802 si
1422 2746 1667 2816 potestis,
1697 2748 1872 2802 eidem
1899 2749 2112 2803 charis-

519 2834 659 2891 simo
702 2851 829 2891 meo
874 2852 971 2908 per
1015 2837 1290 2892 dominum
1338 2838 1618 2892 Albertum
1664 2838 1734 2869 ”°
1778 2839 2114 2894 subveniatis

521 2925 743 2982 auxilio.
773 2926 843 2981 Et
870 2937 929 2981 ut
957 2943 1057 2998 per
1082 2928 1263 2998 aliqua
1293 2929 1446 3000 signa
1474 2928 1647 2984 morbi
1673 2944 1842 2999 genus
1871 2931 2113 2986 medicus

521 3015 661 3070 Idem
697 3027 1009 3086 cognoscat,
1068 3018 1183 3073 fere
1224 3035 1438 3089 semper
1480 3020 1633 3090 quasi
1674 3021 2033 3074 verberantur
2062 3021 2111 3076 ei

521 3114 787 3177 tempora,
818 3106 969 3164 frons
1006 3124 1219 3181 semper
1248 3110 1574 3181 ponderosa,
1612 3111 1705 3166 sed
1746 3112 1982 3166 maxime
2027 3113 2107 3166 in-

520 3199 735 3256 clinato.
780 3199 899 3255 Lux
946 3203 1125 3257 omnis
1162 3212 1218 3257 et
1256 3195 1667 3272 son'us‘quanto
1713 3204 1906 3272 major,
1959 3213 2111 3260 tanto

520 3288 814 3344 molestior.
851 3290 1027 3362 Srepe,
1067 3293 1305 3351 maxime
1340 3303 1522 3347 autem
1554 3302 1677 3364 post
1710 3295 1924 3360 cibum,
1959 3294 2110 3349 vultu

519 3390 630 3435 toto
654 3381 805 3436 valde
835 3384 1102 3449 rubescit;
1129 3393 1185 3439 et
1207 3384 1367 3439 simul
1399 3399 1504 3439 non
1528 3385 1643 3439 solo
1668 3385 1837 3451 vultu,
1871 3387 1965 3441 sed
1998 3397 2111 3444 toto

517 3472 693 3539 capite
726 3473 974 3542 ignescit.
1005 3474 1271 3529 Domuum
1298 3490 1427 3530 vero
1452 3474 1776 3541 Guidonem,
1805 3494 1965 3547 quem
1998 3496 2105 3534 ma-

517 3560 740 3630 gisterio
786 3576 1076 3630 puerorum
1131 3566 1470 3631 addiximus,
1523 3568 1707 3621 suavis
1764 3571 2112 3625 commendat

518 3650 845 3717 obedientia,
887 3661 943 3706 et
990 3654 1043 3709 in
1095 3656 1417 3711 strenuitate
1465 3657 1760 3724 humilitas,
1807 3669 1864 3713 ut
1909 3662 2112 3728 pariter

519 3739 736 3814 gloriari
764 3756 1072 3810 possumus,
1102 3753 1157 3798 et
1200 3759 1296 3799 vos
1325 3759 1422 3814 per
1446 3760 1629 3813 quem,
1657 3756 1711 3800 et
1737 3761 1835 3803 nos
1866 3749 1958 3817 qui
1986 3763 2108 3802 eum

518 3833 681 3889 talem
722 3831 1005 3891 habemus.
1037 3833 1279 3891 Donmus
1305 3834 1584 3891 Osbernus
1618 3846 1811 3904 vester,
1845 3839 2029 3909 utique
2055 3848 2113 3894 et

517 3926 733 3996 pietatis
755 3926 951 3983 affectu
975 3926 1249 3985 hilaritate
1272 3927 1493 3987 condito
1516 3927 1567 3984 iu
1593 3930 1709 3987 dies
1730 3930 2110 3991 venerabiiitet‘

517 4015 839 4087 pinguescit,
867 4027 922 4074 et
944 4020 1188 4083 scientia:
1214 4022 1461 4091 profectu
1486 4037 1579 4091 per
1603 4024 1764 4077 studii
1794 4025 2104 4079 instantiam

516 4116 570 4162 et
606 4107 809 4178 ingenii
852 4111 1202 4166 serenitatem
1240 4120 1595 4182 tenacemque
1626 4115 1938 4169 memoriam
1969 4132 2113 4184 quos

518 4196 648 4251 tidie
679 4197 1022 4256 laudabiliter
1047 4202 1269 4256 crescit.
1297 4200 1413 4257 Non
1440 4202 1613 4258 solum
1643 4204 1805 4271 igitur
1832 4205 1950 4259 ideo
1980 4208 2104 4275 quia

516 4299 617 4340 nos
647 4296 825 4342 vestra
858 4289 1063 4357 pariter
1086 4289 1302 4359 copulat
1330 4298 1580 4360 paterna,
1609 4307 1713 4359 qua
1744 4307 1841 4345 nos
1867 4292 2106 4349 fraterne

516 4374 802 4444 iactamus,
830 4378 1080 4444 dilectio;
1127 4383 1220 4435 sed
1250 4390 1323 4447 et,
1356 4380 1474 4450 ejus
1503 4382 1843 4451 exigentibus
1874 4384 2101 4451 meritis,

517 4472 667 4519 tanta
692 4467 996 4524 dilectionis
1026 4480 1227 4526 mutua:
1247 4471 1613 4539 jucundamur
1643 4474 2106 4543 conglutinamur-

510 4571 623 4629 que
671 4558 1061 4624 delectatione,
1114 4572 1172 4615 ut
1220 4562 1333 4629 jam
1383 4565 1623 4633 separari
1674 4580 1779 4619 non
1814 4562 2102 4634 'possimus

514 4649 721 4720 absque
762 4650 1043 4719 utriusque
1069 4652 1273 4720 animae
1310 4653 1547 4729 scissura
1575 4655 1808 4722 quadam
1838 4666 1893 4710 et
1924 4657 2103 4711 cordis

515 4744 753 4800 laesione.
802 4742 907 4798 Sed
950 4743 1167 4813 quando
1209 4743 1333 4809 hoc,
1366 4753 1546 4799 vestra
1573 4761 1696 4801 eum
1732 4747 1974 4815 jussione
2013 4764 2101 4802 re-

514 4848 761 4903 vocante,
793 4837 1099 4907 contiuget,
1147 4852 1266 4892 mea
1312 4836 1549 4892 scissura
1583 4838 1635 4891 in
1664 4854 1763 4893 suo
1799 4838 1944 4892 hiatu
1977 4854 2105 4907 pera

511 4935 786 4993 manente,
818 4927 930 4996 ipse
960 4942 1116 4982 suam
1146 4926 1517 4983 consolabitur
1545 4942 1641 5001 per
1666 4928 2109 4989 resulidationem

512 5016 734 5073 alterius
777 5018 1018 5089 majoris,
1050 5036 1210 5090 quam
1251 5035 1395 5074 nunc
1441 5019 1660 5087 patitur.
1704 5019 1901 5073 Verum
1942 5020 2100 5088 quid-

512 5108 636 5165 dam
668 5121 751 5167 est
782 5112 923 5167 unde
949 5127 1035 5166 me
1060 5112 1160 5167 sibi
1187 5112 1566 5182 compatiendo
1592 5109 1773 5165 dolere
1802 5109 2099 5189 compellit.

512 5200 808 5259 Crescente
847 5218 1081 5274 namque
1110 5203 1427 5259 infirmitate
1460 5202 1717 5273 quadam,
1754 5216 1914 5271 quam
1946 5202 2099 5255 vobis

513 5302 698 5349 notam
745 5308 867 5349 esse
918 5294 1075 5358 dicit,
1127 5295 1205 5349 sic
1249 5293 1545 5363 sacpissime
1590 5300 1847 5363 gravatur
1895 5300 1953 5345 nt
1998 5291 2097 5344 alis

2221 1932 2481 1986 famosam
2508 1931 2685 1987 Vitam
2714 1942 2768 1988 et
2798 1934 3039 1988 instituta
3069 1934 3204 1987 tanti
3229 1933 3409 1989 Patris
3434 1935 3641 1990 videre.

2666 2063 3003 2119 EPISTOLA
3042 2063 3237 2119 XXXII
3279 2066 3366 2118 ⁸⁸⁸.

2817 2192 2885 2230 ΑΙ)
2924 2191 3213 2230 ιιεκκιοωι.

2220 2284 2392 2339 [Iubet
2413 2288 2611 2355 gratias
2630 2302 2724 2356 pro
2751 2286 3002 2340 Mauritio
3026 2287 3280 2341 monacho
3302 2286 3583 2358 diligenter
3603 2299 3818 2344 curato.

2290 2375 2516 2432 Domino
2544 2378 2720 2443 fratri,
2739 2379 2914 2434 amico
2940 2378 3203 2443 ﬂammeo,
3235 2378 3407 2433 frater
3434 2380 3738 2442 ANSELIUS,
3760 2383 3823 2436 in

2218 2467 2319 2522 hac
2348 2468 2453 2521 vita
2482 2476 2919 2537 perseverantem
2962 2468 3331 2533 sanctitatem,
3359 2468 3412 2522 in
3444 2468 3621 2523 futura
3648 2479 3819 2524 arter-

2220 2574 2345 2613 nam
2376 2558 2709 2613 felicitatem.

2288 2649 2403 2704 Hoc
2442 2665 2539 2719 pro
2583 2660 2734 2705 certo
2767 2649 3110 2705 laudabiliter
3143 2638 3351 2704 solvitis
3388 2649 3529 2718 quod
3570 2650 3822 2705 Charita-

2218 2740 2325 2795 tive
2352 2741 2579 2807 debetis,
2612 2756 2733 2795 cum
2762 2741 3031 2796 communi
3064 2740 3217 2795 fratri
3246 2750 3432 2797 nostro
3453 2740 3711 2796 Mauritio
3742 2740 3821 2775 ω

2216 2847 2334 2899 vos,
2367 2834 2506 2888 sicut
2534 2835 2648 2904 ipse
2690 2835 2818 2890 mihi
2862 2836 3101 2906 scripsit,
3130 2836 3391 2905 benignos
3429 2851 3495 2891 ac
3536 2834 3821 2893 benefica

2216 2925 2271 2979 in
2308 2926 2558 2982 omnibus
2601 2926 2891 2981 exhibetis.
2942 2926 3050 2981 Sed
3096 2936 3276 2981 tamen
3316 2941 3403 2982 me
3441 2940 3550 2980 non
3600 2927 3819 2982 modios

2214 3018 2508 3089 gratiarum
2538 3034 2603 3073 eo
2627 3019 2781 3074 vobis
2804 3020 3104 3075 debitorem
3145 3019 3375 3084 eﬂicitis,
3407 3034 3514 3088 quo
3540 3018 3615 3072 illi
3648 3019 3816 3073 bene-

2218 3108 2337 3163 ficia
2372 3120 2565 3164 vestrte
2614 3110 2897 3165 charitatis
2927 3111 2997 3165 ob
3040 3125 3280 3166 amorem
3333 3110 3437 3164 mei
3485 3110 3815 3180 propensius

2136 3186 2181 3248 C
2215 3197 2544 3268 impenditis.
2594 3199 2793 3254 Verum
2839 3200 3094 3270 quoniam
3136 3212 3476 3268 nequaquam
3522 3214 3670 3253 nunc
3716 3214 3807 3253 re-

2214 3299 2403 3345 center
2425 3291 2682 3350 discimus
2705 3291 2774 3323 ¹⁵³
2794 3306 2894 3362 ego
2921 3302 2977 3346 et
3004 3306 3120 3357 vos,
3144 3291 3272 3360 quid
3301 3291 3531 3345 invicem
3560 3292 3627 3344 de
3654 3290 3809 3344 vobis

2212 3382 2494 3451 possimus.
2528 3397 2630 3451 pro
2679 3382 2835 3437 nobis
2881 3381 3154 3436 confidere
3203 3399 3217 3434 :
3281 3382 3495 3451 dignius
3540 3381 3807 3435 :estimavi

2212 3472 2428 3528 easdem
2456 3473 2657 3541 gratias
2678 3472 2730 3527 in
2762 3488 2885 3527 arca
2919 3473 3112 3526 mentis
3140 3472 3352 3526 clausas
3374 3486 3614 3534 servare,
3641 3486 3803 3539 quan:

2214 3578 2319 3618 non
2365 3564 2632 3633 ignoranti
2678 3563 2731 3617 in
2777 3563 3023 3618 chartula
3075 3563 3401 3617 describere.
3451 3562 3617 3629 Cujus
3662 3562 3807 3615 enim

2212 3666 2428 3720 semper
2475 3663 2778 3722 promptam
2825 3652 3017 3705 bonam
3046 3652 3377 3705 voluntatem
3409 3666 3531 3706 esse
3573 3665 3679 3705 non
3708 3650 3808 3703 du-

2212 3743 2353 3809 bito;
2388 3758 2494 3797 non
2523 3744 2719 3809 solum,
2746 3759 2867 3798 cum
2904 3758 3001 3811 per
3027 3744 3324 3802 exhibitura
3351 3743 3457 3803 sibi
3488 3741 3806 3817 opportuni-

2213 3841 2379 3890 tatem
2404 3844 2680 3909 operatur,
2705 3835 2799 3894 sed
2824 3853 3039 3909 semper
3058 3839 3252 3909 gratiis
3278 3840 3498 3910 dignum
3525 3838 3800 3893 existimo.

2210 3922 2475 3995 Quoniam
2528 3938 2708 3985 tamen
2756 3931 2966 3985 meritis
3007 3932 3204 3985 vestris
3242 3932 3311 3983 ad
3356 3945 3595 3999 pneseus
3639 3941 3802 3998 opere

2210 4021 2390 4089 aptius
2424 4020 2752 4089 respondere
2790 4037 2899 4076 non
2931 4020 3117 4086 valeo;
3156 4022 3442 4076 monachis
3480 4020 3678 4075 vestris
3705 4018 3798 4087 qui

2209 4124 2420 4164 mecum
2452 4118 2599 4173 sunt,
2629 4118 2888 4177 quantum
2925 4126 3165 4181 possum,
3194 4113 3337 4178 quod
3372 4112 3613 4165 tribuitis
3644 4114 3796 4166 retri-

2210 4199 2334 4253 buo.
2358 4200 2491 4265 Quia
2519 4204 2878 4263 desideratam
2903 4201 3034 4255 mihi
3057 4200 3287 4270 aliisque
3315 4200 3580 4256 fratribus
3608 4202 3799 4257 vestris

2207 4302 2443 4347 vestram
2471 4295 2814 4365 praesentiam
2838 4308 3010 4362 nuper
3030 4293 3377 4361 promisistis,
3402 4293 3447 4347 si
3472 4294 3801 4347 reverendus

2208 4382 2268 4436 D.
2290 4385 2728 4456 archiepiscopus
2770 4400 2920 4439 mare
2944 4399 3047 4436 nou
3072 4391 3216 4437 esset
3236 4383 3340 4437 hoc
3361 4392 3607 4452 tempore
3630 4392 3799 4435 trans-

2208 4473 2400 4536 iturus,
2444 4490 2745 4542 speramus,
2778 4475 2899 4543 quia
2934 4474 3195 4527 terminus
3237 4488 3265 4524 a
3315 4472 3468 4525 vobis
3516 4473 3795 4525 mandatus

2206 4565 2485 4633 praeteriit,
2529 4566 2671 4635 quod
2714 4566 2855 4619 idem
2899 4564 3222 4619 venerabilis
3265 4561 3430 4616 Pater
3475 4562 3541 4615 ad
3586 4576 3680 4615 nos
3721 4562 3794 4613 sit

2207 4662 2333 4708 ante
2360 4654 2569 4709 Pascha
2601 4666 2876 4711 venturus.
2927 4655 3079 4721 Quod
3124 4655 3325 4707 utinam
3354 4668 3483 4706 cum
3518 4652 3635 4721 ejus
3671 4666 3792 4720 pra:-

2206 4758 2364 4813 spera
2405 4746 2681 4800 hilaritate
2720 4755 2775 4800 et
2821 4746 2981 4799 hilari
3017 4747 3375 4815 prosperitate
3421 4745 3544 4798 fiat!
3578 4744 3637 4797 Si
3666 4756 3789 4795 vero

2207 4833 2403 4903 ipsum,
2455 4836 2599 4889 sicut
2646 4836 3039 4901 existimamus,
3087 4854 3192 4891 non
3227 4836 3556 4901 viderimus,
3606 4835 3789 4890 scitme

2208 4925 2331 4994 quia
2366 4941 2460 4980 vos
2494 4942 2521 4980 a
2563 4928 2743 4981 debito
2780 4928 3156 4995 promissionis
3191 4936 3403 4991 vestrae,
3437 4927 3542 4980 nisi
3590 4939 3680 4979 vos
3706 4923 3783 4974 vi-

2208 5015 2402 5083 dendo,
2440 5032 2542 5070 non
2572 5016 2736 5088 324
2777 5020 2825 5070 al
2849 5018 3127 5072 solvimus.
3157 5018 3364 5087 Quippe
3394 5018 3538 5086 quod
3576 5013 3785 5082 scripsi-

2208 5109 2306 5162 stis
2339 5124 2433 5163 vos
2462 5110 2529 5164 de
2556 5110 2785 5164 adventu
2828 5118 3011 5164 nostro
3042 5123 3261 5178 sperare
3298 5109 3571 5172 futurum;
3616 5108 3683 5160 ita
3713 5115 3783 5157 te.

2207 5217 2421 5263 neruus,
2453 5217 2517 5255 ac
2545 5199 2590 5254 si
2623 5201 3007 5271 polliceremini
3037 5210 3376 5255 eventurum.
3411 5198 3613 5253 Valete.

1798 5469 2031 5525 VARUE
2073 5466 2468 5523 LECTiONES.

589 5608 654 5640 ιδ’
682 5609 898 5663 Patiens
920 5614 1098 5661 vestra
1125 5624 1219 5671 ms.
1246 5619 1464 5676 paterna
1489 5614 1665 5659 vestra
1719 5604 1786 5636 W'
1818 5603 2154 5657 liharitativa
2184 5618 2281 5654 ms.
2319 5598 2653 5652 charitativrc
2730 5597 2794 5633 η’
2830 5597 2963 5653 Dum
2997 5597 3182 5726 affligit
3209 5617 3310 5653 ms.
3336 5600 3517 5654 divina
3548 5591 3768 5677 quotidie

589 5679 703 5726 limit
779 5678 845 5710 "‘0
868 5678 928 5726 ὓ.
956 5677 1217 5726 Ahhatem
1258 5694 1358 5726 ms.
1408 5678 1693 5726 Doruinum
1744 5674 2036 5726 Albertum.
2100 5674 2157 5703 ³³³
2192 5670 2321 5723 Cum
2362 5669 2584 5726 vrn’fato
2617 5684 2716 5723 ms.
2750 5668 2943 5724 collata
3022 5668 3089 5701 '"
3166 5670 3376 5726 avortio
3398 5686 3500 5725 ms.
3527 5672 3764 5724 manna.

520 5679 703 5737 afﬂixit
779 5678 845 5710 "’°
868 5678 928 5732 Ι).
955 5668 1217 5731 Abbatem
1248 5668 1358 5730 'ms.
1408 5678 1693 5730 Dominum
1744 5674 2036 5729 Albertum.
2100 5674 2157 5703 ³³³
2192 5670 2321 5723 Cum
2362 5669 2584 5737 ormfato
2617 5684 2716 5723 ms.
2750 5668 2943 5724 collata
3022 5668 3089 5701 '"

521 5750 589 5781 ⁸⁸³
634 5745 875 5802 Dicimus
919 5763 1019 5800 ms.
1048 5745 1302 5799 discimus

3166 5670 3376 5726 avortio
3398 5686 3500 5725 ms.
3527 5663 3764 5724 mauricio
