4056 6302
732 431 1066 493 EPISTOLA
1103 437 1320 494 XXXIII
1364 439 1451 492 ³⁸⁸.

857 543 925 579 AD
965 543 1302 586 GONDULFUI.

309 609 419 666 Non
446 627 551 666 me
578 615 908 670 scribendum
939 622 1126 700 amico,
1163 622 1314 743 elutius
1344 619 1593 675 memoria
1623 628 1870 688 perpetuo

905 699 969 741 sit
999 693 1051 743 in
1081 708 1170 743 cor
1207 708 1254 743 e.

905 693 969 741 sit
999 693 1051 743 in
1081 693 1254 744 corde.

365 772 464 826 Suo
501 787 652 840 suus,
691 777 866 832 amico
903 781 1127 844 amicus,
1169 781 1323 836 fratri
1368 782 1538 838 frater
1559 781 1870 846 Gonnum,

287 864 582 930 ‘Aussuws,
631 881 728 934 pro
770 884 955 924 amore
1004 871 1279 927 felicitatis
1317 874 1774 942 perseverantiam
1818 873 1870 926 in

297 957 589 1022 sanctitate,
640 974 738 1029 pro
785 963 1008 1030 praemio
1059 967 1367 1022 sanctitatis
1410 965 1768 1022 aeternitatem
1812 965 1865 1018 in

293 1048 533 1104 felicitate
562 1051 650 1104 ¹⁶⁶.

356 1141 418 1194 Ει
445 1141 486 1194 is
509 1142 862 1214 Gondulphus
889 1158 947 1201 et
972 1147 1264 1203 Anselmus
1304 1149 1459 1205 testis
1492 1158 1577 1206 est
1613 1151 1738 1222 quia
1770 1165 1870 1220 ego

291 1239 341 1284 et
385 1238 434 1284 tu
489 1248 832 1303 nequaquam
888 1235 1225 1308 indigemus,
1276 1247 1336 1293 ut
1388 1249 1606 1294 mutuos
1653 1248 1870 1294 nostros

288 1320 496 1376 affectus
521 1339 620 1392 per
641 1327 899 1394 epistolas
929 1329 1083 1384 nobis
1113 1329 1348 1384 invicem
1383 1329 1700 1384 indicemus.
1725 1329 1872 1396 Quo-

286 1412 422 1466 niam
445 1414 591 1466 enim
623 1416 804 1470 anima
835 1427 923 1471 tua
947 1428 1002 1472 et
1031 1419 1208 1472 anima
1242 1435 1359 1474 mea
1396 1434 1515 1474 sese
1543 1420 1610 1474 ab
1640 1420 1867 1473 invicem

283 1519 612 1575 nequaquam
635 1521 756 1562 esse
779 1509 1059 1576 patiuntur
1087 1510 1360 1576 absentes,
1391 1510 1483 1564 sed
1518 1519 1645 1564 sunt
1673 1509 1869 1564 indesi-

282 1607 462 1650 nenter
493 1611 554 1651 se
585 1606 772 1651 mutuo
807 1599 1224 1665 amplectentes;
1268 1601 1401 1654 nihil
1447 1601 1598 1656 nobis
1637 1600 1866 1654 invicem

280 1684 427 1738 deest
455 1685 521 1740 de
559 1687 736 1752 nobis,
777 1688 882 1743 nisi
921 1688 1047 1760 quia
1090 1705 1320 1758 corpore
1350 1707 1456 1746 non
1489 1706 1676 1745 smnus
1709 1691 1867 1746 nobis

1601 322 1724 376 LIB.
1763 320 1803 388 I,
1834 319 2050 378 EPIST.
2093 323 2326 383 XXXIV.

1909 434 1951 490 Α
1981 450 2212 505 nemque
2236 453 2409 493 meam
2443 439 2582 508 apud
2615 447 2664 494 te
2691 436 2908 493 conlido
2944 437 2996 492 in
3041 436 3274 506 aliquam
3299 439 3558 496 extollere

3417 327 3564 386 “9.

1975 527 2314 596 dignitatem.
2348 529 2612 596 Quoniam
2643 530 2809 599 igitur
2831 529 3110 598 przecessit
3131 529 3284 597 quasi
3315 531 3576 600 superbe

1975 617 2315 674 salutationis
2339 619 2640 682 excusatio,
2658 620 2988 689 subsequatu
2999 635 3023 672 r
3030 619 3143 696 jam
3161 619 3417 674 fraterna:
3431 619 3560 674 allo-

1959 710 2208 765 .cutionis
2245 713 2540 767 exsecutio.
2581 711 2738 767 Sicut
2785 712 2928 766 enim
2973 727 3082 766 non
3124 713 3310 766 dubito
3334 713 3475 781 quod
3502 723 3559 768 et

1975 810 2063 854 tua
2093 815 2216 871 erga
2243 819 2326 856 me
2356 801 2585 868 fervcas,
2608 813 2664 857 et
2693 819 2810 858 mea
2835 817 2960 872 erga
2992 813 3042 857 te
3064 803 3302 874 gaudeas
3323 803 3560 859 dilectio-

1973 905 2068 954 ne;
2103 891 2178 945 ita
2208 901 2388 946 certus
2415 909 2532 948 sum
2562 893 2686 962 quia
2717 893 2958 962 quotidie
2982 893 3344 949 desiderando
3368 909 3560 963 exspe-

1972 992 2112 1046 ctas,
2135 986 2498 1052 exspectando
2515 985 2795 1039 desideras
2816 985 3238 1053 separationem,
3255 1000 3415 1053 quam
3431 1001 3461 1039 a
3477 985 3561 1039 di-

1973 1071 2113 1127 lecto
2135 1071 2394 1127 dilectore
2415 1082 2505 1127 tuo
2525 1075 2750 1142 pateris,
2769 1073 3036 1128 consolari
3055 1073 3283 1140 alicujus
3295 1073 3397 1127 mei
3422 1088 3562 1128 nun-

1975 1165 2031 1219 tii
2062 1165 2246 1218 auditu
2275 1164 2357 1219 vel
2396 1165 2651 1219 lectione.
2687 1165 2963 1235 Susceptis
2997 1166 3304 1220 dilectionis
3339 1174 3442 1220 tua:
3466 1164 3555 1222 lit-

1973 1257 2126 1322 teris,
2162 1257 2336 1326 major
2351 1257 2590 1311 animum
2613 1257 2774 1312 amici
2803 1258 2880 1312 tui
2905 1257 3146 1312 dilatavit
3167 1257 3373 1324 Iastitia,
3395 1273 3556 1327 quam

1967 1356 2046 1413 te,
2079 1346 2275 1410 fateor,
2301 1362 2330 1400 a
2360 1347 2516 1402 nobis
2539 1349 2852 1403 discedente
2874 1349 3153 1402 contraxit
3180 1347 3454 1404 maestitia.
3481 1347 3558 1402 Te

1971 1452 2204 1506 namque
2233 1438 2544 1492 discedente
2568 1438 2740 1492 levius
2767 1438 2937 1502 dolui,
2971 1438 3098 1507 quia
3141 1439 3282 1507 quod
3308 1438 3558 1492 evenisse

1971 1528 2219 1590 mandas,
2248 1528 2350 1583 hoc
2379 1537 2700 1583 eventurum
2733 1529 3094 1584 desiderando
3130 1530 3512 1597 exspectabam
3539 1546 3553 1582 :

1971 1632 2115 1671 nunc
2150 1627 2330 1672 autem
2358 1618 2539 1672 verius
2571 1618 2798 1687 gaudeo,
2837 1619 2961 1687 quia
2991 1618 3093 1672 hoc
3121 1618 3368 1672 evenisse
3405 1632 3558 1671 man-

1971 1702 2091 1771 das,
2135 1708 2280 1776 quod
2335 1716 2654 1762 eventurum
2721 1711 3087 1778 exspectando
3150 1696 3590 1764 desiderabama

276 1785 586 1866 praesentes.
610 1776 723 1830 Cur
749 1789 930 1833 autem
961 1779 1056 1833 tibi
1087 1779 1432 1835 dilectionem
1464 1796 1638 1836 meam
1663 1779 1868 1836 descri-
1902 1771 1946 1826 Β
1972 1796 2128 1866 Quod
2153 1771 2284 1866 quia
2318 1798 2478 1852 "imis
2515 1800 2668 1852 unde
2713 1771 2998 1851 νίαέιηιυιι
3037 1797 3104 1851 ad
3153 1811 3326 1849 ιιιοοιη
3364 1810 3559 1864 μοι-νε-

275 1863 393 1918 bam
439 1867 489 1920 in
530 1868 741 1934 charta,
777 1886 900 1925 cum
940 1871 1059 1940 ejus
1088 1886 1273 1927 veram
1319 1873 1620 1947 imaginem,
1651 1872 1868 1928 assidue

271 1971 454 2012 serves
487 1959 540 2012 in
584 1961 765 2016 cordis
807 1963 881 2017 tui
924 1964 1084 2018 arca?
1124 1964 1264 2030 Quid
1303 1965 1448 2019 enim
1487 1964 1632 2019 aliud
1660 1975 1743 2019 est
1774 1976 1864 2020 tua

270 2044 485 2101 dilectio
511 2064 637 2120 erga
670 2067 775 2119 me,
819 2069 980 2122 quam
1031 2055 1210 2124 imago
1246 2071 1379 2112 mea:
1407 2056 1714 2115 dilectionis
1739 2075 1865 2130 erga

270 2135 354 2189 te?
402 2136 600 2192 Invitat
643 2141 805 2210 igitur
856 2159 941 2198 me
985 2153 1108 2198 nota
1164 2145 1296 2199 mihi
1349 2155 1436 2199 tua
1479 2147 1753 2212 voluntas,
1805 2161 1867 2205 ut

265 2240 490 2297 propter
533 2233 872 2301 corporalem
923 2245 1165 2290 nostram
1205 2238 1505 2292 absentiam
1536 2238 1738 2309 aliquid
1771 2241 1865 2296 tibi

259 2319 534 2388 scribam;
573 2324 669 2377 sed
699 2327 823 2392 quia
849 2327 1005 2381 nobis
1037 2329 1149 2381 noti
1197 2343 1383 2384 sumus
1425 2344 1523 2399 per
1556 2332 1862 2387 animarum

257 2413 634 2481 prmsentiam,
681 2417 866 2471 nescio
891 2419 1018 2488 quid
1069 2419 1163 2474 tibi
1209 2421 1410 2486 dicam,
1449 2422 1551 2477 nisi
1600 2423 1864 2481 Dominus

255 2504 359 2559 tibi
407 2505 577 2563 faciat
617 2509 760 2577 quod
789 2510 902 2580 ipse
929 2513 1033 2566 scit
1059 2513 1158 2567 sibi
1188 2513 1425 2582 placere,
1458 2525 1514 2570 et
1557 2516 1653 2573 tibi
1699 2533 1862 2588 expe-

255 2592 400 2648 dire.
435 2592 587 2652 Vale.

706 2688 1042 2747 EI’ISTOLA
1085 2693 1250 2748 XXXI
1263 2693 1301 2748 V
1342 2696 1430 2750 ⁸⁸⁸.

851 2819 920 2859 ΑΒ
961 2821 1289 2865 IAUBITIUI.

249 2921 578 3001 Gratuintur
602 2922 863 3001 Mamilio
882 2926 1106 3001 de_bona
1138 2927 1433 3001 valetudine
1463 2931 1741 3001 restituta;
1767 2950 1860 3001 po-

322 2994 493 3048 stulat
543 2995 776 3064 regulam
825 2994 883 3053 S.
935 2997 1196 3052 Dunstani
1245 3008 1293 3053 et
1336 3000 1527 3053 librum
1569 2994 1731 3056 Beda;
1767 2994 1854 3058 'De

321 3065 671 3132 temporibus.

319 3153 510 3210 Fratri
537 3164 591 3210 et
613 3155 722 3209 filio
737 3156 1061 3231 charissimo
1083 3173 1182 3213 suo
1208 3157 1503 3224 MAURI‘I'IO,
1538 3161 1709 3218 frater
1733 3164 1842 3218 Διι-

243 3261 492 3311 ssutus,
543 3247 846 3304 dilectionis
896 3265 1007 3304 suae
1051 3250 1446 3321 integritatem,
1500 3253 1845 3325 integritatis,

243 3335 360 3392 Deo
386 3347 730 3409 protegente,
760 3343 1195 3410 perpetuitatem.

239 3497 242 3501 ‘
315 3428 442 3485 Non
475 3432 604 3500 quia
637 3432 717 3486 vel
747 3449 832 3488 me
873 3435 1090 3504 dignum
1135 3443 1220 3495 cui
1251 3457 1281 3496 a
1317 3453 1588 3508 quoquam
1620 3451 1846 3510 paterna

240 3522 526 3578 debeatur
574 3525 875 3578 reverentia
931 3535 1148 3595 putem;
1195 3530 1278 3586 vel
1323 3529 1449 3601 quia
1503 3529 1846 3587 dilectionem

238 3627 431 3670 meam
456 3612 687 3681 alicujus
719 3618 977 3672 momenti
1003 3619 1332 3690 existimem,
1365 3619 1668 3690 hujusmodi
1697 3621 1846 3677 salu-

238 3705 462 3759 latione
517 3705 802 3772 epistolam
853 3715 959 3764 tua:
1001 3709 1274 3766 dilectioni
1305 3711 1628 3766 destinatam
1665 3714 1847 3782 praeti-

237 3797 418 3852 tulavi
456 3817 471 3852 :
514 3797 629 3861 sed,
663 3799 920 3866 quoniam
950 3815 1019 3854 ex
1065 3816 1174 3869 quo
1205 3809 1256 3857 te
1297 3803 1444 3868 novi,
1477 3817 1692 3871 semper
1715 3817 1845 3873 erga

235 3897 290 3944 te
321 3899 386 3944 et
439 3887 634 3942 fratris
659 3888 1002 3943 dilectionem
1033 3901 1086 3944 et
1132 3890 1302 3960 patris
1327 3891 1685 3960 diligentiam,
1715 3903 1770 3946 et
1799 3893 1846 3948 si

1877 3105 1924 3168 C

1972 1888 2090 1941 nire
2134 1887 2406 1952 notitiam,
2451 1886 2660 1942 litteras
2688 1903 2785 1956 pro
2813 1887 2917 1941 hoc
2952 1886 3070 1957 ipso
3100 1884 3440 1940 discutiendo
3468 1886 3554 1940 di-

1969 1977 2184 2031 lectioni
2209 1985 2312 2031 tua:
2332 1976 2582 2046 dirigere,
2600 1985 2888 2045 antequam
2916 1985 3034 2030 tuas
3055 1977 3406 2044 accepissem,
3432 1989 3557 2044 pro-

1968 2081 2277 2138 posueram.
2307 2066 2364 2120 In
2397 2067 2586 2136 primis
2621 2066 2787 2135 igitur
2827 2079 2924 2135 pro
2961 2065 3066 2127 bis,
3099 2079 3218 2132 qua:
3252 2065 3382 2120 mihi
3419 2064 3558 2119 scri-

1967 2157 2124 2228 psisti
2153 2171 2282 2227 erga
2318 2166 2370 2212 te
2400 2157 2539 2212 bona
2572 2170 2713 2220 esse,
2746 2156 2950 2224 gratias
2977 2170 3076 2224 ago
3107 2155 3237 2220 Deo,
3269 2171 3297 2207 a
3333 2153 3439 2224 qito
3468 2163 3552 2210 est

1965 2261 2126 2302 onme
2173 2248 2408 2311 bonum;
2464 2245 2657 2302 deinde
2687 2245 2935 2299 omnibus
2961 2243 3088 2307 illis,
3119 2244 3210 2314 qui
3248 2243 3342 2298 tibi
3385 2244 3549 2303 exbi-

1966 2340 2115 2405 bent,
2145 2349 2344 2393 nostra:
2367 2338 2674 2394 dileCtionis
2699 2338 2986 2393 occasione
3008 2337 3293 2391 charitatis
3324 2338 3548 2392 bonum.

1965 2427 2042 2482 Te
2074 2441 2202 2480 vero
2225 2427 2606 2482 cbarissimum
2632 2428 2763 2482 mihi
2789 2443 2999 2489 moneo,
3024 2438 3291 2499 quatenus
3312 2431 3548 2501 gratiam

1964 2529 2022 2575 et
2050 2519 2319 2574 beneficia
2345 2535 2532 2575 eorum
2562 2535 2683 2574 cum
2709 2519 2904 2589 quibus
2939 2520 3108 2588 degis,
3140 2537 3260 2590 qua:
3289 2533 3416 2579 ante
3443 2533 3558 2579 tua:

1961 2611 2403 2666 conversationis
2450 2610 2782 2682 agnitionem
2814 2609 3038 2678 potuisti
3093 2612 3360 2676 obtinere,
3394 2613 3549 2666 dein-

1962 2717 2091 2772 ceps
2117 2716 2215 2772 per
2233 2700 2473 2770 ejusdem
2496 2699 2927 2758 conversationis
2949 2701 3315 2756 ostensionem
3343 2718 3550 2757 merea-

1962 2796 2040 2851 ris
2069 2795 2326 2850 rctinere.
2362 2794 2438 2849 De
2470 2794 2645 2850 reditu
2683 2803 2784 2848 tuo
2811 2793 2952 2863 quod
2987 2801 3040 2847 te
3076 2793 3388 2848 desiderare
3428 2793 3540 2862 sig-
3569 2843 3574 2847 .

1959 2885 2176 2950 niﬂcas,
2224 2885 2326 2941 sub
2373 2885 2589 2941 silentio
2645 2879 2822 2939 adhuc
2872 2883 3086 2938 decrevi
3139 2883 3478 2953 supprimere
3526 2900 3543 2939 :

1959 2975 2131 3032 donec
2175 2982 2420 3043 tempore
2465 2973 2837 3044 opportuniori
2905 2973 3201 3026 reverendo
3253 2972 3454 3026 domno
3489 2981 3548 3028 et

1959 3065 2108 3126 Patri
2141 3074 2332 3122 nostro
2371 3064 2781 3134 archiepiscopo
2811 3061 3138 3124 Lanfranco,
3170 3059 3323 3130 cujus
3355 3059 3546 3116 volun-

1957 3161 2054 3214 tati
2079 3175 2179 3214 nos
2207 3157 2429 3214 obedire
2467 3165 2705 3227 oportet,
2739 3155 3067 3210 desiderium
3107 3163 3350 3208 nostrum
3376 3153 3546 3235 ratio-

1954 3247 2211 3302 nabilitel'
2237 3246 2516 3300 valeamus
2549 3259 2860 3316 suggerere.
2890 3243 3006 3312 (l4)
3045 3242 3117 3295 De
3148 3241 3329 3311 regula
3362 3241 3543 3298 sancti

1957 3337 2220 3392 Dunstani
2262 3337 2456 3408 scripsi
2506 3336 2726 3391 domino
2779 3333 3212 3402 archiepiscopo.
3245 3331 3322 3386 Tu
3361 3342 3542 3390 tamen

1957 3427 2099 3482 insta
2127 3427 2327 3483 domno
2362 3427 2596 3482 Henrico
2625 3437 2678 3481 et
2703 3427 2901 3481 domno
2930 3422 3204 3480 Gondulfo
3241 3440 3309 3479 ex
3348 3435 3539 3481 nostra

1957 3528 2132 3590 parte,
2162 3528 2224 3574 ut
2249 3521 2494 3574 eamdem
2528 3519 2766 3590 regulam
2800 3528 2855 3573 et
2884 3518 3085 3574 Bedam
3121 3519 3197 3574 De
3225 3519 3541 3588 temporibus

1953 3623 2177 3682 propter
2218 3629 2302 3681 ea,
2355 3627 2473 3682 qum
2521 3612 2575 3667 in
2626 3619 2812 3667 nostro
2863 3612 2969 3667 scis
3023 3627 3145 3668 esse
3195 3612 3537 3682 corrigenda.

1955 3707 2378 3777 qualescunque,
2434 3715 2637 3775 quanto
2690 3714 2869 3761 tamen
2922 3704 3174 3763 meliores
3202 3714 3449 3777 possunt,
3487 3706 3539 3758 in

1957 3803 2064 3857 illis
2094 3801 2340 3871 partibus
2371 3809 2674 3870 quaerentes
2701 3799 2832 3854 mihi
2861 3800 2970 3854 cito
2997 3801 3216 3856 eosdem
3260 3799 3427 3854 libros
3455 3813 3546 3852 re-

1958 3892 2193 3948 missuro
2221 3890 2455 3946 debeant
2489 3891 2921 3945 accommodare.
2971 3889 3327 3960 Omnipotens
3355 3887 3538 3944 Domi-

231 3995 350 4035 non
403 3977 588 4047 potui,
645 3987 827 4033 tamen
885 3981 1146 4036 adhibere
1189 3981 1398 4036 curavi.
1441 3981 1614 4049 Quam
1667 3999 1846 4046 meam
1953 3996 2058 4042 nus
2093 3989 2146 4036 te
2185 3979 2288 4035 sibi
2333 3992 2548 4046 semper
2587 3986 2642 4032 et
2687 3977 2885 4047 ubique
2927 3979 3232 4044 custodiat,
3265 3977 3454 4041 frater,
3483 3985 3537 4030 et

227 4078 523 4144 quoniam
547 4081 729 4126 notam
755 4080 811 4125 et
832 4081 1042 4141 gratam
1070 4087 1190 4128 esse
1215 4071 1310 4128 tibi
1341 4072 1455 4129 scio
1480 4073 1842 4145 voluntatem;
1953 4073 2209 4146 quoniam
2239 4071 2343 4126 hoe
2373 4069 2544 4123 mavis
2584 4068 2772 4123 audire
2800 4069 2890 4134 υτ,
2923 4068 2994 4123 tili
3024 4068 3366 4132 charissime,
3399 4067 3537 4122 vale.

230 4164 461 4220 idcirco
494 4172 708 4234 gratum
749 4160 866 4216 fore
905 4161 999 4216 tibi
1029 4177 1135 4222 non
1166 4162 1376 4231 dubito,
1407 4164 1452 4218 si
1483 4181 1569 4221 me
1599 4166 1847 4222 dilectio-
1962 4168 2188 4225 Nostras
2238 4165 2448 4220 litteras
2491 4177 2618 4218 raro
2647 4163 3030 4234 exspectando,
3063 4171 3285 4233 propter
3327 4159 3534 4216 sterilia

1575 4276 1814 4332 ‘VABIE
1855 4278 2262 4338 LECTIONES.

287 4346 366 4422 *'_“
409 4343 551 4422 gum
583 4343 762 4397 eodem
789 4359 889 4398 ms.
921 4352 971 4397 et
1000 4343 1118 4422 cod.
1151 4342 1350 4422 Lovap.
1375 4345 1591 4422 cplfoto.
1617 4347 1845 4422 Domino
1873 4351 2189 4422 Condulpho
2221 4348 2387 4418 frater
2416 4345 2820 4422 ΑριεεξιιιιιιΔε-ιιιξΖ
2852 4346 2976 4422 Lov.
3143 4345 3535 4422 Eternitatem

223 4425 286 4470 et
319 4414 678 4539 Suilicitatem
731 4430 828 4467 ms.
879 4415 1239 4470 aeternitatem
1289 4416 1342 4472 in
1392 4415 1676 4474 fwlicitate
1752 4421 1821 4455 ⁸⁵⁸
1848 4422 1982 4478 Cum
2017 4413 2198 4477 eodem
2221 4413 2340 4473 'ms.
2388 4416 2582 4473 collata
2659 4417 2725 4448 ¹⁸⁷
2772 4415 2939 4487 Magis
2975 4415 3164 4471 audire
3210 4432 3313 4470 ms.
3361 4413 3536 4484 majus

225 4500 328 4539 aut
356 4499 446 4538 ire

225 4499 446 4546 alltlll‘e

1424 4580 1706 4640 JOANNIS
1747 4584 2020 4643 PICARDI
2061 4580 2297 4639 ΝΟΤᾹΞ.

299 4669 432 4741 (14)
484 4667 562 4722 De
602 4669 786 4744 regula
824 4672 1008 4744 sancti
1047 4673 1333 4730 Dunstam’.
1389 4692 1408 4726 ι
1452 4673 1843 4744 Sanctissimus
1872 4683 1924 4741 l)
1949 4687 2095 4735 cent.
2116 4678 2152 4732 ‘2
2179 4675 2500 4744 script-orum
2525 4672 2786 4741 Britan.);
2814 4671 3078 4728 Henricus
3105 4671 3532 4744 [Iungtidonien-

217 4740 567 4794 Dunstanus
591 4740 985 4814 Glastoniensis
1024 4745 1213 4807 abbas,
1238 4752 1423 4814 postea
1449 4743 1843 4814 Wigorniensis
1898 4740 1902 4741 ί
1948 4751 2024 4804 sis
2049 4740 2464 4802 archidiaconus
2515 4744 2607 4799 lib.
2651 4759 2686 4797 v
2725 4740 3091 4814 Suaedlistorq
3115 4740 3298 4814 Boger
3324 4741 3528 4794 Ilonetl.

212 4811 788 4888 ρρίεεορειειέιυίιιιιε
827 4813 1266 4888 archiepiscopus
1295 4811 1722 4888 Cantuariensis,
1754 4834 1842 4874 se-
1949 4818 2115 4888 priori
2141 4825 2294 4886 parte
2312 4814 2506 4888 Annal.
2534 4815 2603 4888 ab
2631 4813 2900 4888 anno_9_l9
2941 4812 3385 4888 (_quo__illnm_esse
3439 4825 3530 4863 na-

216 4883 307 4954 dit
335 4879 521 4954 annis
545 4880 645 4954 27:
671 4879 817 4949 jacet
840 4883 892 4936 in
923 4879 1332 4954 ιιιιξιιουοίἰιειιιδ
1355 4885 1584 4940 ecclesia
1604 4879 1846 4944 San'clis—
1949 4879 2062 4944 ium
2086 4879 2272 4948 refert)
2300 4887 2365 4940 ad
2392 4885 2524 4951 988;
2552 4882 2916 4954 Gnidoabbas
2939 4879 3398 4954 Sandionysianns
3426 4895 3526 4954 ins.

156 5011 160 5014 ,
211 4953 389 5026 sima:
419 4949 724 5026 Trinitatis
745 4968 907 5026 supra
938 4949 1226 5026 altari'suo
1251 4955 1453 5010 nomini
1486 4957 1663 5011 dicato
1685 4957 1839 5026 juxta
1948 4959 2000 5014 in
2034 4971 2218 5014 nostra
2250 4949 2602 5017 Bibliotheca,
2634 4969 2684 5008 c.
2709 4953 2742 5006 5
2769 4952 2848 5006 sui
2878 4949 3193 5026 sanctilogii
3221 4952 3288 5026 ad
3314 4966 3403 5002 XIV

211 5021 416 5091 maius
454 5019 1544 5099 altare_pj[IStlenI_Sauctiss._Trinitatis
1577 5019 1730 5094 cujus
1766 5030 1842 5085 fe~
1947 5030 2090 5085 lend.
2134 5028 2297 5084 Junii.
2333 5027 2552 5099 Regula;
2587 5037 2717 5099 vero
2763 5023 2936 5099 sancti
2983 5019 3242 5076 Dunstani
3285 5019 3532 5099 meminit

208 5089 627 5169 s_lu_'m_csthxw
655 5092 880 5169 Kalend.
919 5092 1084 5149 Junii.
1110 5116 1155 5169 ι
1215 5097 1306 5169 Sic
1334 5095 1400 5150 de
1430 5089 1707 5154 Dnnstano
1735 5116 1838 5155 ms.
1945 5099 2234 5156 Anselmus
2267 5089 2440 5169 supra
2459 5095 2616 5169 epist.
2645 5093 2706 5146 5|
2739 5101 2798 5169 et_
2817 5091 3028 5169 Baleus,
3061 5100 3270 5147 centnr.
3355 5089 3531 5169 nomi-c

209 5163 470 5237 fabula;
500 5161 972 5237 Cantuariensium
1010 5167 1538 5236 archiepiscoporum
1571 5169 1622 5224 in
1653 5184 1838 5226 nostra
1947 5172 2139 5233 natim,
2174 5158 2613 5237 quani-inscribit
2653 5161 2888 5237 regulam
2922 5162 3041 5237 vita}
3071 5158 3526 5237 monasticzeLtJui

206 5233 608 5310 Bibliotheca.
675 5233 827 5289 Unde
875 5236 1147 5310 aufertur‘
1187 5229 1362 5310 error'
1387 5237 1527 5293 Petri
1581 5239 1836 5310 Equilini,
1949 5229 2270 5310 adnumerat
2311 5229 2834 5310 Bcpediclionarium
2881 5230 3337 5310 archiepiscopaIe
3387 5229 3526 5310 ιιιιτμ

209 5305 522 5376 scribens,
555 5303 648 5357 lib.
679 5319 795 5368 vm,
822 5305 966 5376 c.7159
996 5304 1238 5376 Catalogi
1267 5318 1576 5363 sanctorum
1609 5303 1842 5367 [funestav-

206 5391 384 5435 nnm,
418 5373 497 5426 ad
546 5389 772 5445 superos
823 5375 1084 5445 migrasse
1121 5373 1243 5432 ldus
1273 5377 1548 5444 Septemb.
1584 5380 1745 5437 Plura
1774 5385 1839 5438 de

205 5445 314 5497 illo
380 5444 744 5515 sanctissimo
785 5444 914 5515 viro
961 5447 1178 5514 scriptis
1239 5447 1509 5515 reliquere
1558 5448 1833 5507 Osbernus

206 5523 434 5582 cantor
476 5512 730 5582 Ecclesia:
756 5512 1192 5582 Cantuariensis;
1225 5512 1563 5574 Guilhelmus
1588 5520 1836 5577 Malmes-

201 5581 520 5657 beriensis
574 5584 666 5639 lib.
702 5600 716 5637 ι
752 5586 828 5657 De
875 5581 1272 5657 gest.pontilic.
1306 5587 1526 5657 Anglor.
1565 5599 1623 5644 et
1671 5591 1762 5646 lib.
1793 5607 1834 5646 ιι

202 5653 290 5708 De
320 5663 464 5779 ἱῖει
493 5667 602 5723 reg.
631 5655 850 5719 Anglor.
882 5653 932 5709 ξι.
952 5656 1001 5717 7,
1028 5653 1081 5720 8,
1108 5656 1160 5720 9,
1189 5659 1273 5712 10.
1306 5653 1604 5726 Specialius
1630 5674 1756 5714 vero
1779 5661 1831 5716 in

202 5724 328 5779 duo
398 5739 454 5779 Is
521 5723 673 5779 libris
701 5727 768 5779 de
817 5727 934 5779 eius
961 5726 1078 5779 Vita
1129 5725 1424 5779 lucubratis
1476 5730 1636 5779 (teste
1668 5730 1825 5779 Balco

201 5723 454 5781 duobus
521 5723 673 5780 libris
701 5727 768 5781 de
817 5727 934 5796 ejus
961 5726 1078 5783 Vita
1129 5723 1424 5785 lucubratis
1476 5730 1636 5800 (teste
1667 5730 1825 5788 Baleo

1900 5311 1904 5315 ”
1941 5309 2324 5366 Ordinationes
2359 5305 2513 5372 cleri,
2546 5319 2709 5372 super
2758 5301 2996 5372 regulam
3026 5299 3196 5356 sancti
3224 5299 3523 5361 Benedicti,

1944 5383 2018 5436 De
2046 5378 2261 5435 occulta
2290 5371 2627 5447 philosophia
2645 5371 2840 5447 ;_Ie_ges
2861 5371 3192 5447 decimarum
3223 5380 3408 5447 contra
3441 5384 3526 5447 sa-

1940 5450 2189 5506 cerdotes
2226 5439 2550 5515 ad'papam:
2603 5439 2904 5515 solutiones
2949 5443 3232 5515 dubiorum
3275 5439 3525 5515 euchari-

1936 5521 2088 5586 ειίκς
2119 5508 2338 5600 epistol}
2363 5508 2428 5600 ιδ
2455 5516 2718 5600 merses:
2738 5508 3521 5600 ,Celsr'lt'faifsi“:3MP:

1936 5605 1997 5644 ιιι
2027 5581 2175 5671 cum2
2214 5586 2514 5670 opitulante
2538 5583 2778 5649 Christo,
2825 5581 3226 5667 yindicabimus
3262 5581 3330 5636 ab
3360 5581 3524 5663 impia

1936 5659 2172 5728 Mattlueu
2207 5657 2430 5716 Pariter:
2480 5655 3080 5728 pseudoarcbteplscopt
3119 5651 3527 5711 Cantuartensts

1931 5727 2283 5792 scurrilitatc.
