4056 6302
288 308 423 370 “09

1477 316 1603 372 un.
1634 317 1675 385 ι,
1709 317 1925 374 EPIST.
1959 320 2240 379 xxsvut.
2304 308 2309 313 ”

3399 286 3542 383 tuo

286 428 428 495 ipsa,
457 428 699 496 inquam,
729 425 985 485 decernat
1023 436 1202 486 utrum
1225 445 1321 488 vos
1365 431 1573 499 deceat,
1613 440 1704 487 aut
1731 432 1860 488 mihi
1891 439 1937 497 Α
1969 434 2179 491 meritis
2221 436 2375 492 valde
2399 437 2764 508 prtestantior,
2793 413 2895 509 ego
2931 437 3044 494 scio
3095 439 3148 493 in
3179 452 3265 495 me
3296 439 3429 495 nihil
3453 441 3538 497 vel

285 529 393 571 non
416 518 487 570 sit
513 515 849 585 iniuriosum,
877 528 937 574 ut
963 522 1367 576 nostram’vobis
1393 522 1737 579 dilectionem
1758 538 1860 580 ex-

283 607 515 675 petendo
542 600 798 664 asseratis
837 610 1078 679 placere;
1108 622 1165 667 et
1212 612 1461 669 eamdem
1508 614 1701 686 ipsam,
1742 615 1860 686 eius

284 708 465 762 usum,
495 695 548 749 in
573 711 683 767 quo
717 697 807 752 illa
833 698 1012 755 verior
1038 711 1121 755 est
1166 703 1569 758 contemnendo
1622 706 1860 774 probetis

282 787 437 843 vobis
471 788 776 858 displicere.
802 789 908 846 Sed
937 807 1244 863 quanquam
1269 808 1374 849 non
1424 809 1520 849 vos
1575 794 1739 851 lateat
1793 799 1860 853 ad

281 877 411 948 quid
444 877 600 932 velim
635 878 913 945 devenire,
940 881 1221 935 consilium
1262 891 1441 936 tamen
1497 898 1695 949 meuni,
1754 884 1862 938 imo

280 985 390 1026 non
411 985 591 1025 meum
608 971 702 1025 sed
728 971 847 1035 Dei,
875 987 980 1026 non
1013 987 1097 1027 me
1125 973 1270 1044 piget
1298 973 1499 1030 clarius
1540 976 1774 1045 aperire.
1802 974 1862 1032 Si

281 1065 448 1136 igitur
470 1066 582 1134 jam
619 1065 826 1136 experti
860 1066 1011 1130 estis,
1039 1068 1476 1135 quoniam‘onme
1495 1068 1634 1138 quod
1685 1078 1760 1122 est
1808 1070 1864 1123 in

280 1157 502 1221 mundo,
528 1156 946 1227 concupiscentia
994 1159 1169 1212 carnis
1201 1168 1301 1226 est,
1353 1169 1402 1214 et
1447 1161 1863 1231 concupiscentia

280 1248 575 1312 oculorum,
605 1258 652 1302 et
677 1250 919 1318 superbia
942 1249 1083 1315 uiue,
1104 1267 1222 1320 qute
1247 1267 1349 1305 non
1378 1261 1450 1306 est
1480 1269 1544 1306 ea:
1566 1250 1749 1320 Patre,
1773 1253 1864 1307 sed

278 1355 345 1394 ea;
367 1340 560 1393 mundo
581 1350 655 1394 est
679 1357 698 1395 :
720 1342 763 1396 si
783 1341 896 1411 jam
921 1343 1246 1411 cognoscitis
1262 1343 1387 1412 quia
1411 1345 1638 1399 mundus
1668 1333 1866 1400 transi-

275 1428 362 1483 bit
384 1439 430 1482 et
453 1430 868 1498 concupiscentia
897 1428 1010 1498 ejus
1036 1429 1086 1499 (I
1097 1429 1261 1485 Joan.
1284 1432 1447 1498 11,16,
1469 1432 1556 1502 l7)
1572 1449 1587 1497 ;
1603 1433 1648 1488 si
1665 1433 1867 1504 legistis

224 1528 231 1529 '
282 1517 411 1587 quia
435 1519 636 1572 amicus
683 1518 864 1573 saeculi
906 1520 1084 1589 hujus,
1116 1521 1358 1575 inimicus
1389 1522 1487 1576 Dei
1530 1523 1868 1577 constituitur

280 1604 427 1672 (Jac.
464 1622 539 1670 Iv,
571 1606 660 1678 4);
693 1608 738 1662 si
796 1608 1041 1675 creditis,
1082 1609 1208 1678 quia
1256 1613 1552 1681 quicunque
1603 1606 1865 1689 reliquerit

277 1697 495 1751 domum
524 1713 697 1761 suam,
723 1698 801 1753 vel
828 1699 1042 1767 fratres,
1084 1710 1177 1753 aut
1229 1716 1456 1766 sorores,
1503 1710 1593 1755 aut
1643 1714 1863 1772 patrem,

1960 519 2241 574 minimum
2272 521 2471 592 aliquid
2493 532 2632 589 eSse,
2664 523 2807 592 quod
2827 523 3046 593 dignum
3069 525 3141 578 sit
3169 524 3238 578 ad
3275 539 3538 594 augmen-

1962 619 2075 665 tum
2106 620 2302 668 vestrm
2326 615 2633 670 sanctitatis
2686 616 3008 684 exspectari.
3055 615 3540 684 Quoniamtamen

1959 701 2154 756 vestris
2185 702 2480 772 majoribus
2508 703 2663 759 bonis
2706 706 2951 761 desidero
2977 706 3324 777 participare,
3359 696 3567 764 nescio.

1942 794 2066 860 ‘qua
2119 790 2296 846 fronte
2334 796 2534 863 possim
2582 794 2735 850 vobis
2779 796 3248 866 participationem
3294 812 3559 853 meorum.

1963 882 2227 937 bonorum
2251 885 2647 956 qualiacunque
2668 886 2932 951 sint,cum
2946 902 3065 942 eam
3081 886 3421 952 desideretis,
3441 903 3543 943 ne-

1962 986 2110 1041 gare.
2139 971 2196 1027 Si
2219 973 2347 1041 quid
2381 974 2547 1044 igitur
2572 975 2698 1030 boni
2719 973 2876 1030 Jcsus
2898 974 3148 1032 Christus
3167 977 3424 1032 Dominus
3448 992 3544 1031 uo-

1948 1070 2078 1116 ster
2112 1063 2165 1116 in
2199 1078 2284 1117 me
2313 1074 2568 1132 operatus
2599 1075 2695 1119 aut
2726 1076 3054 1135 cperaturus
3076 1078 3179 1135 est,
3211 1083 3307 1122 oro
3334 1082 3457 1138 ego,
3489 1075 3544 1122 et

1960 1153 2227 1207 concedat
2258 1154 2372 1222 ipse
2404 1156 2701 1209 secundum
2726 1171 2911 1209 veram
2940 1156 3035 1212 Dei
3070 1166 3125 1212 et
3151 1158 3380 1228 proximi
3415 1158 3547 1213 cha-

1950 1243 2205 1307 ‘ritatem,
2234 1252 2294 1298 ut
2323 1245 2476 1299 vobis
2502 1261 2607 1300 non
2635 1245 2794 1301 aliter
2830 1262 2991 1316 quam
3043 1248 3174 1303 mihi
3223 1248 3541 1319 imputetur.

1965 1332 2099 1388 Peto
2122 1334 2312 1398 etiam,
2364 1333 2490 1390 licet
2538 1350 2655 1390 mea
2712 1338 2901 1391 merita
2960 1352 3302 1408 nequaquam
3349 1339 3545 1395 vestris
3584 1380 3595 1389 .

1965 1425 2422 1495 possintthuari,
2464 1435 2523 1479 ut
2575 1437 2756 1481 vestra
2788 1428 3068 1484 beatitudo
3124 1443 3211 1483 me
3249 1429 3543 1485 secundum

1965 1515 2211 1569 eamdem
2237 1514 2555 1569 charitatem
2589 1515 2654 1547 ³⁸⁷
2685 1530 2904 1571 suorum
2937 1514 3255 1573 meritorum
3298 1533 3547 1573 commit.-

1967 1604 2114 1658 nioui
2151 1603 2493 1674 aliquatenus
2522 1605 2773 1675 dignetur
2820 1607 3125 1663 admittere.
3159 1608 3421 1675 Quamvis
3448 1624 3547 1663 au.-

1971 1703 2076 1746 tem
2112 1706 2264 1747 mens
2284 1704 2465 1748 vestra
2492 1693 2676 1748 divino
2704 1693 2909 1765 Spiritu
2939 1696 3207 1751 ferventer
3235 1696 3416 1751 aﬁlata
3437 1711 3545 1751 non

277 1798 373 1841 aut
396 1797 1006 1856 utatrem,.autu:rorem,
1034 1800 1129 1844 aut
1153 1791 1312 1859 filios,
1356 1801 1449 1846 aut
1478 1808 1635 1862 agros
1654 1802 1867 1863 propter
1898 1772 1943 1827 Β
1970 1784 2207 1852 indigeat
2236 1784 2606 1841 admonitione
2641 1785 2738 1851 ¹⁶⁸;
2776 1786 3030 1843 deberem
3080 1796 3260 1843 ῑειιηθη
3297 1803 3419 1860 980-
3448 1802 3560 1857 Ριό·

280 1894 693 1957 nomeitnuum,
724 1882 1031 1951 centuplum
1061 1884 1298 1952 accipiet,
1328 1894 1376 1937 et
1404 1885 1565 1939 vitam
1618 1895 1868 1940 (sternam

274 1969 797 2041 possidebitwault.
826 1988 942 2037 XIX,
968 1973 1067 2040 29;
1102 1974 1275 2028 Marc.
1301 1990 1358 2042 ι,
1390 1975 1481 2041 25;
1529 1976 1659 2030 Luc.
1710 1993 1865 2044 xvnt,

277 2057 376 2126 20)
401 2077 419 2114 :
459 2060 650 2115 hortor
690 2074 806 2126 vos,
846 2062 1005 2117 nolite
1058 2063 1275 2135 diligere
1334 2066 1612 2133 mundum,
1667 2084 1759 2122 nec
1805 2085 1869 2123 ea

268 2164 401 2217 quo:
427 2150 696 2205 inmundo
717 2161 835 2205 sunt
864 2151 916 2221 (1
926 2150 1090 2207 Joan.
1114 2169 1174 2217 ll,
1204 2154 1434 2224 i5):sed
1464 2154 1753 2226 relinquite
1779 2173 1868 2224 ea,

274 2250 339 2294 et
365 2242 664 2311 sequamini
695 2252 1064 2313 paupertatem
1087 2240 1318 2314 Christi,
1357 2256 1417 2303 ut
1449 2263 1549 2318 pro
1575 2249 1656 2304 eis
1681 2259 1867 2305 centu—

279 2331 437 2401 plum
512 2333 816 2402 accipiatis,
870 2344 925 2390 et
980 2335 1147 2391 vitam
1193 2348 1457 2395 mternam
1522 2340 1866 2409 possidentis.

273 2422 482 2486 Amen,
508 2422 623 2495 ﬁat.

722 2512 1054 2568 EPISTOLA
1071 2514 1440 2571 XXXVII.'“.

308 2648 311 2649 ν
849 2620 1298 2661 Αυλεῑιοοειικη.

275 2689 586 2746 Paciscitur
623 2700 860 2747 mutuam
875 2710 1070 2749 eamea
1105 2699 1409 2752 meritorum
1433 2701 1867 2767 communionem.

356 2779 595 2837 Domina:
620 2782 854 2847 θχὶιιιίω,
885 2792 938 2839 et
966 2785 1101 2841 meri
1128 2801 1161 2840 ο
1194 2789 1503 2846 sanctitatis
1528 2806 1651 2845 cum
1684 2808 1870 2849 arnore

275 2868 618 2935 reverendae,
658 2885 780 2926 cum
839 2874 1147 2929 reverentia
1199 2878 1446 2933 amanda:
1517 2879 1865 2943 Fnoaeume,

273 2960 456 3017 frater
500 2964 785 3019 AnssLuus
839 2964 1145 3032 Beccensis,
1184 2968 1294 3022 vita
1354 2981 1628 3039 peccator,
1678 2972 1866 3027 habitu

1967 1873 2151 1928 debito
2207 1892 2340 1931 mea:
2387 1876 2762 1946 professionis,
2824 1877 3057 1948 aliquam
3112 1878 3545 1933 exhortationem

1968 1965 2216 2021 scribere
2264 1979 2460 2021 vestrae
2502 1967 2798 2034 sanctitati,
2850 1970 2951 2023 nisi
3007 1970 3249 2039 epistola:
3301 1971 3549 2025 timerem

1965 2056 2352 2126 prolix‘tatem.
2376 2058 2530 2125 Quod
2552 2059 2791 2113 debitum
2827 2059 2991 2115 donet
3046 2061 3185 2116 Deus
3223 2070 3280 2114 ut
3303 2061 3549 2132 aliquan-

1934 2170 1935 2173 η
1969 2149 2059 2214 de,
2082 2150 2165 2204 vel
2185 2150 2564 2220 colloqucndo,
2588 2150 2669 2205 vel
2694 2134 2979 2206 scribendo
3008 2144 3335 2220 persolvam.
3362 2154 3550 2209 Omni-

1969 2242 2160 2306 potens
2190 2241 2448 2295 Dominus
2478 2240 2560 2296 sic
2589 2257 2685 2295 vos
2710 2242 2761 2295 in
2792 2242 3073 2312 temporali
3111 2243 3224 2296 vita
3256 2243 3326 2298 ab
3374 2244 3551 2298 omni.

1966 2329 2070 2383 bus
2102 2329 2256 2383 malis
2279 2331 2572 2394 custodiat,
2595 2340 2654 2383 ut
2684 2346 2778 2384 vos
2803 2341 2925 2401 post
2955 2332 3094 2386 hanc
3124 2333 3289 2387 vitam
3314 2332 3367 2387 in
3392 2344 3551 2389 teter-

1969 2417 2058 2471 nis
2094 2418 2249 2473 bonis
2296 2419 2614 2482 constituat,
2661 2421 2877 2475 domina
2938 2421 3165 2476 multmn
3218 2422 3271 2475 in
3332 2423 3553 2477 (lhristn

1969 2508 2202 2563 armmda
2232 2518 2287 2563 et
2330 2509 2655 2563 veneranda.
2688 2509 2805 2579 Ipse
2832 2510 2913 2565 sic
2961 2511 3190 2565 invicem
3223 2526 3310 2565 me
3362 2511 3553 2577 vestri,

1968 2610 2027 2653 et
2067 2613 2164 2653 vos
2215 2599 2320 2653 mei
2357 2614 2626 2654 memores
2682 2599 2735 2653 in
2791 2614 2890 2654 suo
2934 2614 3122 2655 amore
3176 2599 3363 2667 faciat,
3396 2608 3454 2654 ut
3499 2610 3555 2654 et

1971 2689 2047 2743 illi
2087 2689 2318 2758 placeat,
2358 2700 2416 2745 et
2483 2690 2639 2745 nobis
2704 2691 2772 2744 ad
2828 2690 2992 2744 vitam
3047 2690 3219 2761 prosit
3271 2699 3551 2750 aeternam,

1969 2782 2166 2839 Amen.

2288 2873 2455 2944 323
2480 2873 2807 2930 EPISTOLA
2840 2873 3105 2930 xxxvul
3136 2876 3224 2928 “’2

2545 3002 2612 3041 AD
2638 3001 3002 3043 ουιιιεωωιι.

272 3052 604 3120 monachus,
625 3067 814 3110 servus
845 3070 1126 3111 servorum
1154 3067 1208 3112 et
1240 3058 1557 3115 anc'llarum
1587 3061 1709 3128 Dei;
1745 3062 1868 3116 vitzc

1968 3075 2047 3133 De
2081 3077 2269 3132 litteris
2299 3074 2581 3148 Guillelmi
2616 3077 2714 3132 sibi
2753 3071 2973 3132 additis
2996 3077 3209 3148 gaudet,
3262 3091 3479 3144 eumque
3525 3093 3566 3131 ιι.

271 3143 564 3215 pnesentis
593 3157 1004 3214 perseveranter
1054 3158 1389 3205 crescentem
1420 3154 1788 3221 sanctitatem,
1814 3163 1868 3210 et
1894 3143 1939 3204 C

273 3233 412 3290 vitae
437 3235 633 3292 futura:
658 3245 921 3293 teternam
953 3236 1295 3295 felicitatem.

356 3322 651 3395 Postquam
667 3328 891 3383 odorem
915 3338 1108 3384 vestrae
1147 3332 1302 3386 bona:
1331 3332 1507 3398 l’amte,
1545 3348 1666 3402 quae
1711 3333 1870 3406 longe

273 3415 503 3485 lateque
547 3418 789 3474 suaviter
842 3419 1092 3475 redoleas
1157 3422 1530 3489 cirumvclat,
1593 3424 1866 3494 persensi;

270 3521 497 3579 semper
515 3508 813 3565 desideravi
838 3511 905 3566 ad
925 3520 1161 3567 vestram
1174 3514 1421 3568 notitiam
1438 3515 1615 3585 aliqua
1632 3532 1870 3572 commo-

272 3599 351 3654 da
380 3601 665 3656 occasione
712 3603 1015 3671 pervenire,
1080 3612 1139 3659 ut
1192 3619 1290 3675 per
1341 3606 1588 3661 imtitiam
1629 3623 1871 3664 mererer

271 3689 623 3762 aliquatenus
635 3692 703 3748 ad
725 3694 1021 3749 amicitiam
1034 3694 1365 3766 pertingere,
1380 3698 1541 3766 utqui
1570 3697 1723 3753 bonis
1737 3699 1872 3755 meis

273 3783 496 3839 meritis
525 3799 613 3840 me
651 3783 807 3840 video
837 3784 991 3841 valde
1019 3786 1280 3856 imligere,
1322 3788 1517 3843 vestris
1543 3804 1629 3843 me
1655 3804 1868 3858 possem

274 3872 677 3943 aliquantulum
706 3889 802 3944 per
822 3872 1107 3929 charitatis
1142 3877 1576 3933 communionem
1607 3879 1861 3934 miscere.

274 3961 391 4018 Sed
419 3964 622 4034 gratias
641 3979 743 4034 ago
768 3964 878 4019 Deo
900 3964 1049 4033 quia,
1101 3965 1230 4022 dum
1261 3967 1399 4023 hanc
1425 3967 1754 4024 voluntatem
1778 3985 1876 4041 ge-

272 4065 485 4118 rerem,
514 4061 571 4108 et
592 4053 885 4109 voluntatis
907 4053 1158 4109 ellectum
1210 4054 1277 4087 ‘“
1307 4056 1535 4125 cupidus
1581 4068 1868 4127 exspecta-

275 4159 421 4210 rem,
459 4145 769 4201 intimatum
791 4156 875 4202 est
899 4148 1029 4203 mihi
1060 4164 1155 4217 per
1189 4164 1534 4205 communem
1568 4151 1620 4205 in
1645 4152 1869 4208 Christo

274 4239 508 4294 fratrem
539 4247 594 4294 et
621 4239 854 4293 amiemn
878 4248 1124 4295 nostrum
1173 4243 1429 4296 domuum
1466 4242 1743 4312 nugonem
1803 4246 1871 4279 ¹⁶⁶

274 4326 550 4383 inclusum
583 4328 1002 4396 Cadomensem,
1051 4332 1178 4401 quia
1214 4334 1479 4401 sanctitas
1527 4344 1705 4389 vestra
1761 4353 1868 4392 non

274 4419 529 4476 dissimili
553 4420 749 4478 aﬁ'ectu
778 4424 1008 4479 similem
1032 4425 1098 4479 de
1115 4441 1177 4480 se
1192 4426 1334 4497 apud
1356 4442 1442 4482 me
1464 4428 1871 4497 praestolaretur

273 4521 556 4569 eventum.
595 4514 934 4587 Quapropter
954 4518 1213 4587 quoniam
1244 4521 1523 4589 comperio
1565 4529 1622 4575 et
1650 4536 1870 4592 compc-

274 4604 432 4660 riens
457 4607 664 4677 gaudeo
692 4607 969 4664 Christum
994 4610 1262 4665 desideria
1314 4624 1516 4678 vestra,
1560 4627 1680 4681 qua:
1720 4613 1871 4668 novit

273 4707 349 4749 ex
378 4708 476 4750 sua
502 4696 657 4754 nasci
694 4696 1005 4764 dilectione,
1064 4699 1222 4755 nobis
1274 4700 1646 4769 ignorantibus
1700 4719 1870 4759 exau-

276 4781 474 4850 diisse,
501 4795 663 4855 atque
690 4801 790 4843 nos
809 4787 974 4843 etiam
1018 4789 1329 4845 nescientes
1376 4789 1599 4860 paribus
1630 4791 1769 4846 votis
1796 4791 1876 4847 si-

274 4870 509 4942 milique
535 4872 825 4931 dilectione
847 4877 1125 4948 iunxisse;
1152 4878 1265 4948 jam
1303 4894 1411 4935 non
1443 4879 1643 4936 timens
1684 4889 1867 4935 notam

273 4968 740 5039 praesumptionis,
770 4970 924 5027 mitto
959 4971 1114 5026 vobis
1153 4971 1362 5026 litteras
1384 4986 1537 5029 meas
1570 4988 1668 5042 per
1693 4972 1869 5028 conﬁ-

273 5056 522 5115 dentiam
575 5069 774 5116 mutua:
840 5061 1167 5119 dilectionis.
1226 5063 1296 5120 Et
1342 5064 1586 5135 quidem,
1649 5065 1865 5119 domina

273 5145 626 5219 charissima,
650 5159 707 5207 et
732 5151 853 5207 ideo
883 5153 1099 5208 do;niua
1136 5162 1192 5209 et
1219 5154 1563 5224 charissima,
1585 5154 1710 5225 quia
1740 5154 1864 5215 vita:

2426 3147 2607 3203 siccati
2638 3148 2864 3203 vanitate
2888 3147 3093 3203 auertit.

2044 3236 2254 3292 Domno
2280 3237 2600 3300 reverendo,
2625 3233 2822 3290 allectu
2846 3244 2961 3291 toto
2989 3235 3262 3306 diligendo
3280 3244 3336 3290 et
3360 3235 3558 3290 dilecto

1968 3326 2309 3393 Genusum,
2347 3325 2514 3380 frater
2540 3325 2828 3381 Anseuus
2855 3340 2986 3379 suns
3013 3325 3101 3391 "°,
3136 3339 3236 3394 pro
3269 3338 3455 3380 amore
3480 3321 3557 3378 le-

1973 3415 2191 3471 licitatis
2222 3415 2682 3486 perseverantiam
2702 3413 2757 3468 in
2791 3413 3099 3483 proﬁcienti
3121 3411 3435 3478 sanctitate,
3460 3425 3557 3481 pro

1972 3505 2195 3577 praemio
2222 3504 2529 3561 sanctitatis
2557 3503 2915 3560 aeternitatem
2947 3504 3001 3558 in
3055 3501 3344 3559 sufficienti
3381 3501 3554 3557 felict-

1976 3606 2106 3653 tate.
2168 3594 2171 3597 ’

2042 3688 2263 3744 Litterae
2288 3687 2463 3744 dulcis
2488 3686 2620 3744 mihi
2662 3695 2856 3745 vestrm
2893 3688 3241 3759 dignationis,
3277 3702 3414 3760 quas
3437 3703 3556 3745 sus-

1973 3782 2112 3853 cepi,
2140 3798 2236 3844 cor
2275 3799 2455 3838 meum
2483 3783 2666 3839 dilecti
2692 3784 2855 3839 vestri
2905 3784 3142 3839 nominis
3191 3784 3351 3839 titulo
3388 3783 3558 3839 laniﬁ-

1971 3887 2256 3941 caverunt;
2284 3876 2532 3931 sublimis
2551 3875 2874 3932 humilitatis
2891 3877 3057 3932 odore
3082 3876 3410 3942 refecerunt,
3435 3892 3557 3949 pro-

1972 3963 2152 4019 fundae
2175 3963 2457 4019 charitatis
2483 3978 2676 4034 sapore
2702 3965 3058 4030 satiaverunt,
3089 3966 3196 4036 piae
3211 3967 3557 4036 conquestio-

1972 4056 2058 4111 nis
2106 4054 2299 4110 allectu
2350 4036 2810 4125 compunxeilttnt.
2860 4057 3102 4124 Quarum
3145 4057 3392 4127 petitioni
3426 4073 3551 4113 cum

1974 4163 2247 4219 nunquam
2272 4147 2432 4203 velim
2459 4147 2710 4214 deﬁcere,
2754 4149 2940 4218 utique
2988 4147 3163 4204 lateor
3215 4149 3556 4220 responsioni

1973 4254 2060 4295 me
2082 4255 2420 4310 nequaquam
2479 4255 2636 4311 posse
2675 4239 2943 4297 suﬁicere.
2976 4240 3113 4296 Cum
3159 4241 3306 4297 enim
3354 4242 3408 4297 in
3439 4250 3555 4298 toto

1974 4345 2060 4386 me
2092 4330 2227 4386 etin
2253 4330 2650 4399 oninibusqua:
2701 4331 2756 4385 in
2811 4346 2899 4386 me
2948 4339 3097 4398 sunt,
3138 4334 3392 4401 conscius
3438 4333 3557 4404 ipse

1975 4422 2105 4477 mihi
2133 4422 2234 4477 sim
2258 4421 2393 4476 nihil
2411 4436 2534 4476 esse
2556 4422 2777 4492 dignum
2805 4429 2951 4477 tanta
2976 4422 3360 4493 postulatione,
3380 4434 3437 4479 et
3459 4439 3555 4480 ve.

1971 4524 2081 4571 stra
2112 4512 2400 4579 beneﬁcia,
2425 4521 2503 4578 et,
2528 4513 2677 4583 quod
2696 4513 2855 4569 valde
2883 4513 3058 4586 majus
3079 4523 3136 4570 et
3159 4515 3290 4571 mihi
3325 4515 3561 4571 cbarius.

1970 4613 2073 4668 est,
2105 4612 2282 4658 vestra
2311 4617 2442 4674 erga
2472 4616 2560 4657 me
2580 4602 2796 4659 dilectio
2826 4602 2946 4674 plus
2987 4612 3301 4660 mereantur
3350 4603 3419 4659 de
3466 4618 3560 4663 me

1970 4711 2132 4766 quam
2158 4695 2448 4767 meipsum,
2470 4705 2620 4750 certe
2642 4694 2785 4749 nulla
2813 4694 3009 4751 sullicit
3033 4693 3251 4751 alfectui
3280 4709 3403 4753 meo
3437 4708 3559 4751 ver-

1971 4787 2166 4844 berum
2195 4787 2436 4852 devotio,
2463 4803 2572 4858 qua
2603 4788 2779 4855 vobis,
2826 4788 2953 4858 quia
2996 4786 3116 4857 plus
3152 4801 3258 4842 non
3314 4800 3557 4855 possum.

1971 4876 2195 4934 oli‘eram
2218 4879 2618 4950 memetipsum.
2650 4879 2931 4947 Quatenus
2953 4886 3134 4933 vestra
3160 4877 3423 4939 sanctitas
3453 4892 3570 4933 nec»

1968 4970 2150 5041 iugem
2181 4972 2496 5028 memoriam
2525 4971 2632 5036 sui,
2655 4973 2708 5024 in
2736 4984 2823 5025 me
2850 4968 3418 5033 velutlinsuodubitet
3444 4986 3553 5027 non

1974 5076 2121 5127 esse;
2160 5061 2294 5119 etsi
2320 5062 2450 5132 quid
2476 5060 2732 5116 divinitus
2757 5060 2831 5114 sit
2855 5059 2909 5114 in
2948 5073 3057 5126 me,
3091 5068 3243 5116 certa
3290 5060 3364 5119 sit
3408 5060 3561 5119 velut

1975 5154 2116 5224 quod
2147 5153 2228 5209 sui
2255 5162 2361 5219 est,
2388 5167 2545 5208 suum
2574 5165 2713 5206 esse.
2741 5150 3007 5218 Quoniam
3033 5150 3198 5221 igitur
3239 5166 3344 5207 non
3377 5151 3556 5208 solum

1587 5310 1822 5392 vanus
1864 5308 2268 5367 LECTIONES.

358 5461 431 5494 ‘“
455 5460 590 5519 Cum
630 5467 813 5522 iisdem
841 5485 963 5524 mss.
996 5467 1190 5524 collata
1235 5479 1283 5523 et
1312 5471 1429 5524 cod.
1455 5470 1653 5527 ιουαη.
1725 5471 1796 5504 ¹⁶³
1820 5468 2126 5526 Voluntatis
2184 5467 2432 5523 allectum
2481 5482 2609 5521 mss.
2660 5462 2949 5523 voluntatis
2979 5464 3230 5522 eﬁ'ectum
3276 5464 3394 5520 cod.
3422 5461 3549 5523 Lor.

279 5530 357 5613 ’ξ’
384 5530 668 5613 Dominum
725 5537 1467 5613 llugonem‘ntss.“Domuum
1522 5540 1832 5613 llugonem_
1868 5541 1939 5613 ξπ
2014 5539 2071 5593 lu
2132 5538 2359 5613 eandem
2415 5536 2740 5613 charitatem
2798 5553 2941 5613 ηυξ]-
2986 5532 3565 5613 secundum‘eandm

271 5599 386 5659 cita
396 5603 609 5661 ritatem
644 5622 741 5662 ms.

840 5626 919 5664 ου.
954 5607 1021 5641 ¹⁶⁶
1073 5610 1313 5680 ludigeat
1353 5605 1762 5667 admonitione:
1800 5610 2053 5666 deberem
2088 5624 2213 5680 mss.
2240 5609 2409 5662 omitt.
2440 5607 2804 5665 admonitione
2877 5608 2945 5643 “’
2982 5605 3114 5663 Cum
3152 5622 3257 5663 αηο
3307 5620 3374 5662 εκ
3415 5618 3563 5679 PM“

274 5668 415 5747 fatis
440 5690 566 5732 mss.
601 5677 795 5733 collutu
873 5681 939 5712 ¹⁷⁰
971 5679 1159 5737 Frater
1189 5668 1318 5738 suus
1361 5682 1646 5739 Anselmus
1685 5699 1807 5738 mss.
1857 5679 2026 5738 frater
2054 5678 2337 5737 Auselmus
2365 5690 2493 5735 suus
