4056 6302
255 283 393 342 HIS

729 386 1062 448 EPISTOLA
1098 387 1235 444 XLII
1261 387 1350 441 ¹⁸².

873 497 940 535 Δί)
979 495 1270 535 ΗΕΝΒΙϐυΙ.

254 575 402 632 Dolet
425 573 564 644 quod
588 573 675 635 vix
695 572 1152 695 scribendileiz'que
1177 571 1378 642 legendi
1398 579 1447 625 et
1469 571 1656 624 orandi
1670 544 1832 623 etiam

959 661 1010 695 ta
1049 653 1154 695 eat.

959 653 1154 695 iubeat.

320 734 552 798 Domno,
593 732 798 794 amico,
839 729 990 785 fratri
1018 731 1341 786 charissimo
1365 731 1629 794 Hesmco,
1667 729 1837 783 frater

251 823 537 877 Assewus
557 861 571 887 ,
611 821 736 874 vita:
768 822 1050 890 praesentis
1077 837 1394 891 prosperam
1425 821 1832 875 diuturnitatem

252 924 305 970 et
332 913 532 968 futura:
563 913 773 968 felicem
814 913 882 943 ¹⁸³
903 912 1288 968 aeternitatem.

319 1007 642 1077 Quanquam
691 1020 819 1058 vera
873 1004 1092 1060 dilectio
1135 1005 1301 1060 semel
1346 1019 1576 1059 accensa
1623 999 1835 1071 semper

249 1097 470 1169 flagret,
509 1097 628 1152 sine
662 1095 1034 1151 ventilationis
1068 1096 1360 1161 instantia;
1392 1111 1498 1150 non
1531 1107 1711 1149 tamen
1744 1109 1835 1162 pa-

249 1205 368 1245 rum
392 1188 750 1258 iucunditatis
784 1187 852 1241 ab
893 1187 1084 1243 amicis
1114 1203 1179 1244 ex
1209 1203 1273 1242 ea
1307 1187 1623 1257 percipitur,
1661 1185 1776 1242 sive
1804 1202 1832 1237 a

247 1278 604 1348 praesentibus
646 1292 712 1331 ex
751 1285 950 1332 mutuae
991 1277 1428 1332 conversationis
1470 1277 1584 1330 sive
1624 1267 1692 1329 ab
1733 1275 1834 1329 ab-

247 1369 492 1424 sentibus
519 1383 586 1422 ex
610 1367 841 1435 alicujus
863 1367 1303 1424 commonitionis
1334 1365 1660 1436 frequentia.
1691 1364 1835 1432 Quo-

244 1451 392 1514 niam
447 1458 632 1529 igitur,
689 1473 921 1528 superna
964 1458 1044 1512 sic
1092 1459 1413 1527 disponente
1461 1455 1831 1526 providentia,

243 1548 449 1603 mutuis
475 1547 782 1618 aspectibus
809 1548 1039 1602 invicem
1074 1563 1176 1600 non
1205 1561 1490 1616 possumus
1509 1544 1830 1614 jucundari;

239 1639 327 1694 vel
352 1637 576 1693 alternis
601 1638 780 1692 missis
809 1638 1255 1700 salutationibus,
1285 1645 1339 1692 et
1366 1637 1408 1691 si
1434 1653 1541 1692 non
1567 1645 1831 1706 quantum

1476 275 1606 331 LIB.
1635 272 1678 341 I,
1714 273 1930 330 EPIST.
1961 271 2141 328 XLIII.

1864 371 1907 426 Α
1939 363 2175 416 uumitcr
2203 359 2476 422 desidero;
2525 359 2726 416 idcirco
2765 375 2858 414 vos
2891 359 3049 414 simul
3090 361 3249 416 unius
3279 361 3523 430 epistola:

3376 230 3519 325 uit

1938 451 2262 506 allocutione
2287 451 2572 520 conjungo.
2620 449 2676 503 Si
2718 449 2854 504 bene
2894 450 3140 504 meminit
3167 450 3381 504 dilectio
3424 467 3523 506 νοη-

1937 555 2079 612 stra,
2122 545 2310 615 quales
2339 562 2432 600 vos
2478 562 2694 615 semper
2736 557 2915 615 Optem
2961 546 3144 601 videre
3187 555 3520 616 przrsenles,

1941 638 2272 694 sufﬁcienter
2314 639 2462 691 novit
2494 638 2682 707 quales
2712 654 2804 691 vos
2843 639 3058 691 assidue
3087 638 3385 691 desiderent
3425 629 3522 690 an?

1937 729 2051 783 dire
2079 728 2349 782 absentes.
2377 728 2660 794 Quoniam
2689 745 2948 797 namque,
2993 738 3051 782 ut
3077 738 3253 782 vestra
3285 730 3412 782 mihi
3443 738 3521 782 te-

1936 819 2035 874 stis
2069 827 2151 872 est
2189 820 2554 882 conscientia,
2591 820 2842 872 onmihus
2872 821 3022 873 vobis
3060 819 3242 873 fratris
3279 819 3518 875 dilectio-

1935 927 2090 976 nem,
2131 920 2186 966 et
2216 910 2432 978 insuper
2461 910 2550 963 uni
2602 920 2836 964 vestrum
2878 911 3047 980 patris
3073 911 3403 982 diligentiam
3449 901 3520 968 ex.

1935 1001 2098 1055 corde
2146 1017 2250 1054 non
2297 999 2475 1052 dicam
2520 999 2794 1068 impendi,
2845 1000 2936 1054 sed
2983 1001 3124 1053 volui
3173 999 3516 1068 impendere;

1937 1089 2143 1144 nullum
2190 1090 2562 1160 interjacentis
2609 1097 2766 1142 terra:
2811 1090 3084 1158 marisque
3114 1092 3345 1160 spatium
3386 1089 3519 1143 alio.

1935 1192 2079 1238 ctum
2104 1183 2263 1236 vestri
2289 1196 2318 1235 a
2347 1197 2434 1236 me
2463 1181 2626 1235 valuit
2651 1181 2991 1250 abrumpere.
3017 1182 3167 1238 Licet
3188 1183 3349 1253 igitur
3367 1199 3521 1236 reve-

1936 1275 2085 1328 rendi
2111 1273 2312 1327 domini
2334 1283 2384 1326 et
2403 1273 2574 1342 patris
2597 1273 2664 1304 ³⁸⁸
2683 1273 2850 1327 nostri
2873 1274 3261 1344 archiepiscopi
3282 1291 3521 1344 pnesens

1935 1365 2085 1419 vobis
2141 1364 2423 1418 consilium
2465 1373 2520 1417 et
2573 1365 2897 1429 admonitio,
2943 1365 3385 1436 singulorumque
3429 1381 3523 1419 ve-

1933 1465 2104 1510 strmn
2131 1457 2406 1520 continua,
2432 1456 2560 1524 quid
2594 1471 2724 1510 suus
2749 1456 2963 1510 habitus
3002 1457 3334 1525 profiteatur,
3363 1456 3530 1510 medi-

1936 1547 2094 1608 tatio,
2134 1554 2331 1600 mutuae
2357 1562 2570 1616 quoque
2599 1547 2649 1601 in
2689 1558 2878 1603 sancto
2909 1548 3121 1602 fervore
3149 1548 3526 1604 collocationis

1935 1643 2190 1712 frequens
2238 1641 2486 1696 accensio
2530 1639 2828 1705 sufﬁciant,
2880 1641 3076 1710 quibus
3120 1651 3298 1696 vestra
3341 1642 3518 1696 studia

240 1728 519 1793 volumus,
569 1728 760 1784 saltem
805 1738 1070 1798 quantum
1116 1744 1435 1798 possumus,
1485 1728 1554 1782 al)
1599 1728 1830 1783 invicem

1938 1733 2073 1788 bene
2102 1733 2311 1801 incepta
2345 1731 2586 1802 quotidie
2621 1729 2688 1784 ad
2734 1731 2955 1785 meliora
2990 1731 3319 1798 proficiunt:
3356 1731 3498 1800 exigi

239 1821 502 1876 debemus
547 1821 837 1876 lzetificari.
889 1820 1234 1890 Quapropter
1280 1821 1324 1874 si
1367 1821 1496 1874 mihi
1539 1829 1648 1873 tam
1689 1834 1831 1888 smpe

237 1910 463 1976 liceret,
493 1927 657 1982 quam
688 1927 830 1986 saepe
855 1911 1084 1977 vellem,
1132 1911 1316 1980 utique
1347 1911 1646 1980 saepissime
1671 1913 1831 1967 sche-

237 2001 423 2055 dulam
461 2011 521 2060 et.
539 2012 780 2056 nostram
815 2001 966 2056 vobis
995 2001 1284 2069 dirigerent
1306 2039 1322 2065 ,
1355 2010 1408 2053 et
1435 2001 1564 2053 mihi
1593 2013 1830 2055 vestrum

234 2096 538 2170 exigerem.
572 2095 702 2149 Mihi
736 2095 965 2165 quippe,
999 2095 1133 2149 meis
1162 2095 1213 2150 id
1241 2093 1482 2163 peccatis
1516 2094 1837 2166 agentibus,

233 2186 321 2242 sic
353 2201 457 2240 non
483 2187 660 2242 solum
689 2186 957 2250 dictandi,
999 2186 1093 2240 sed
1120 2196 1175 2239 et
1201 2185 1410 2256 legendi
1452 2193 1507 2239 ct
1535 2185 1830 2239 meditandi

228 2277 357 2332 sive
379 2277 568 2345 orandi
599 2276 1057 2345 Opportunitatem
1095 2274 1249 2329 video
1288 2284 1581 2338 remotam,
1623 2284 1679 2328 ut
1707 2289 1827 2327 cre-

229 2371 367 2426 dam
395 2385 427 2424 a
456 2385 540 2428 me
577 2369 673 2423 Dei
706 2368 1135 2424 misericordiam
1164 2377 1425 2422 amotam.
1472 2365 1658 2432 Unde,
1709 2366 1835 2421 licet

226 2479 351 2518 non
374 2469 640 2529 quantum
665 2461 731 2515 ad
753 2460 1000 2515 eamdem
1020 2460 1378 2514 revocandam
1402 2458 1833 2514 misericordiam

227 2551 484 2607 divinam
528 2551 800 2616 sufﬁciat,
858 2550 1320 2606 inconsolabiliter
1371 2558 1594 2614 tamen,
1647 2549 1834 2614 doleo;

227 2643 368 2712 quia
399 2656 518 2694 cum
551 2649 755 2694 tantum
783 2639 855 2696 sit
880 2641 1080 2696 misero
1107 2638 1239 2697 mihi
1265 2640 1460 2710 quietis
1484 2639 1838 2710 impedimen-

230 2742 394 2796 tum,
433 2731 640 2786 nullum
697 2747 783 2786 me
824 2731 1144 2788 consolatur
1198 2731 1591 2801 inquietudinis
1631 2729 1836 2785 emolu-

227 2832 509 2880 mentum.
542 2823 656 2892 Qua
697 2825 749 2878 in
781 2839 840 2879 re
867 2838 991 2878 cum
1023 2840 1128 2877 non
1152 2822 1300 2891 juste
1332 2823 1460 2878 mihi
1489 2824 1676 2878 videar
1702 2823 1836 2878 viles

226 2925 292 2972 et
326 2915 570 2978 steriles,
616 2931 751 2985 quas
781 2925 960 2969 tamen
992 2913 1262 2985 negligere
1302 2929 1408 2967 non
1441 2914 1701 2978 audeam,
1743 2928 1838 2968 oc-

226 3009 559 3078 cupationes
589 3023 877 3071 accusare;
931 3021 1269 3075 nequaquam
1319 3015 1499 3062 tamen
1541 3021 1651 3059 rem
1695 3006 1834 3060 inte-

1933 1833 2111 1878 tamen
2145 1821 2457 1876 indeficiens
2499 1821 2716 1876 dilectio
2759 1831 2817 1875 ut
2846 1821 3253 1876 exhortationes
3293 1832 3493 1876 nostra:

1932 1916 2334 1986 qualescunque
2390 1914 2530 1978 sint,
2581 1913 3028 1982 vobis'quamvis
3101 1913 3418 1968 absentibus
3466 1927 3498 1966 e

1935 2021 2040 2061 non
2075 2002 2439 2076 indigentibus
2475 2021 2579 2058 non
2611 2003 2890 2058 deficiant.

2006 2100 2196 2154 Moneo
2223 2101 2407 2170 itaque
2424 2107 2477 2153 et
2504 2113 2714 2167 precor,
2739 2096 3065 2157 charissimi,
3095 2104 3364 2165 quatenus
3385 2094 3524 2148 nihil

1934 2193 2037 2255 sit,
2071 2191 2213 2260 quod
2245 2201 2480 2246 mentem
2513 2199 2748 2243 vestram
2795 2203 2824 2241 a
2855 2188 2935 2243 sui
2974 2197 3192 2242 revocet
3240 2187 3516 2252 custodia;

1936 2284 2166 2338 sollicite
2194 2285 2451 2338 discutiat
2483 2282 2609 2351 quid
2639 2281 2882 2350 quotidie
2908 2279 3528 2350 acquiratproficiendo,

1936 2391 2003 2428 ne
2033 2374 2192 2443 quid,
2227 2373 2369 2443 quod
2417 2373 2585 2427 absit!
2623 2372 2811 2441 perdat
2837 2371 3153 2426 deficiendo.
3191 2371 3346 2424 Sicut
3372 2369 3519 2425 enim

1938 2463 1991 2521 in
2023 2463 2315 2516 virtutibus
2341 2462 2613 2516 diﬂicilius
2639 2470 2724 2516 est
2773 2460 2974 2530 aliquid
3013 2476 3118 2514 non
3161 2461 3405 2516 habitum
3434 2476 3528 2516 co-

1938 2555 2117 2610 nando
2146 2555 2360 2624 assequi
2380 2594 2395 2619 ,
2423 2569 2583 2622 quam
2617 2553 2820 2606 desidia
2845 2567 3066 2618 carere;
3102 2553 3173 2606 ita
3202 2553 3425 2622 gravius
3445 2563 3530 2608 est

1939 2656 2260 2716 recuperare
2296 2645 2438 2716 quod
2480 2659 2576 2714 per
2607 2642 2991 2714 negligentiam
3031 2643 3320 2705 amittitur,
3363 2657 3530 2713 qualn

1939 2739 2164 2809 adipisci
2204 2738 2346 2808 quod
2396 2737 2634 2792 nondum
2689 2737 2809 2805 quis
2862 2735 3117 2790 habuisse
3165 2736 3536 2807 cognoscitur.

1939 2828 2168 2898 Semper
2219 2829 2412 2899 igitur,
2463 2826 2842 2889 dilectissimi,
2899 2829 3174 2895 prmterita
3231 2828 3385 2896 quasi
3436 2841 3538 2896 pro

1939 2921 2110 2974 nihilo
2150 2920 2231 2974 sic
2275 2919 2572 2988 deputetis,
2607 2928 2662 2973 ut
2703 2927 2758 2973 et
2788 2918 2908 2982 illa,
2941 2919 3007 2972 ad
3037 2933 3158 2987 qua:
3197 2917 3535 2988 profecistis,

1943 3021 2130 3066 tenere
2173 3025 2278 3064 non
2318 3011 2681 3064 contemnatis
2711 3010 2812 3074 '5‘;
2860 3017 2913 3062 ct
2948 3008 3036 3062 his
3077 3007 3280 3077 aliquid
3333 3008 3535 3062 addere

224 3101 359 3156 rius
407 3099 739 3162 disculicns.
791 3114 965 3152 meam
1011 3097 1164 3151 Valeo
1218 3097 1486 3166 ignaviam
1542 3111 1826 3150 excusare.
1863 3083 1909 3142 ο
1940 3102 2068 3157 licet
2094 3117 2192 3171 per
2222 3101 2591 3155 infirmitatem
2641 3100 2954 3170 nequeatis,
2997 3108 3176 3154 tamen
3208 3115 3302 3170 per
3333 3099 3536 3168 impor-

223 3195 392 3253 Adeo
423 3207 654 3261 namque
677 3191 799 3245 vilis
829 3205 982 3245 mens
1011 3204 1130 3243 mea
1158 3188 1312 3258 quasi
1343 3187 1576 3257 quadam
1602 3187 1828 3240 naturali

222 3295 489 3344 arctatur
518 3285 762 3354 angustia
783 3324 798 3346 ,
829 3284 1090 3352 bonazque
1149 3280 1446 3335 voluntatis
1481 3279 1696 3351 languet
1736 3280 1836 3333 im-

223 3376 569 3441 becilhtate,
602 3383 660 3428 ut
683 3374 772 3427 uni
804 3371 1102 3442 quamlibet
1130 3387 1311 3442 parva:
1339 3386 1482 3424 cura:
1504 3369 1716 3424 caeteris
1743 3385 1836 3424 ex-

221 3468 415 3528 clusis
446 3476 559 3521 tota
599 3482 706 3520 non
742 3464 1003 3530 sufﬁciat,
1046 3472 1100 3518 et
1133 3460 1418 3530 cujuslibet
1444 3463 1625 3516 oneris
1666 3470 1836 3516 tenta-

225 3559 516 3627 tionisque
566 3556 857 3628 gravedine
887 3555 1040 3624 _victa
1080 3551 1430 3607 'succmubat.
1471 3554 1832 3620 Quapropter,

221 3653 313 3708 mi
351 3649 670 3704 charissime
704 3648 870 3701 frater
904 3658 958 3700 et
983 3645 1231 3709 domine,
1273 3643 1530 3712 quoniam
1559 3657 1626 3697 ex
1656 3641 1838 3696 chari-

225 3751 360 3797 tate
386 3749 440 3794 et
471 3754 588 3792 mea
623 3738 846 3799 merita,
888 3735 933 3790 si
963 3750 1069 3806 qua
1098 3745 1314 3794 essent,
1361 3742 1538 3786 vestra
1567 3747 1688 3786 esse
1727 3731 1838 3786 vel-

223 3834 381 3897 Iern;
410 3839 464 3885 et
487 3845 606 3899 qua:
644 3837 821 3882 vestra
847 3835 1005 3889 sunt,
1045 3841 1163 3879 mea
1194 3839 1312 3878 esse
1345 3823 1557 3877 confido
1585 3837 1600 3875 :
1627 3823 1692 3877 de
1719 3837 1837 3876 mea

222 3926 540 3992 desperans
573 3918 786 3990 ignavia
832 3927 1066 3971 vestram
1101 3929 1294 3984 precor
1327 3923 1383 3966 et
1410 3903 1670 3967 exhortor
1701 3921 1840 3966 stre-

220 4017 512 4074 nuitatem
545 4023 603 4066 ut
646 4012 738 4082 qui
791 4025 876 4064 me
912 4025 976 4063 ex
1029 4022 1150 4062 meo
1182 4007 1360 4060 minus
1405 4005 1707 4076 proficienti
1744 4005 1837 4058 de-

222 4107 391 4159 fectu
443 4102 619 4157 sentio
661 4099 976 4170 rcprohari,
1018 4113 1116 4166 per
1161 4106 1398 4150 vestrum
1440 4094 1837 4148 iudeficientem

219 4194 548 4269 profectmn
583 4206 796 4247 merear
836 4189 1099 4244 revocari.
1141 4187 1355 4251 Valeat,
1399 4195 1454 4240 et
1485 4185 1659 4239 valeat
1698 4197 1839 4238 nunc

219 4298 292 4344 et
330 4286 385 4339 in
414 4292 674 4339 :eternum
708 4282 904 4335 dilecta
930 4279 1060 4334 mihi
1089 4289 1267 4333 vestra
1297 4276 1631 4331 fraternitas.

711 4389 1046 4446 EPISTOLA
1084 4388 1244 4444 XLIII
1284 4388 1372 4441 ηδ.

411 4503 478 4542 ΑΙ)
516 4500 856 4552 ηειιιυιΝωι,
897 4499 1210 4539 θοΝυυιιτυκ
1247 4499 1316 4538 ΕΤ
1358 4499 1681 4538 IAI'RITIUU.

218 4581 538 4640 Beccenses
579 4577 896 4639 monachos,
947 4576 1000 4629 in
1028 4574 1402 4628 Cantuariensi
1447 4572 1684 4628 Ecclesia
1727 4583 1839 4626 tum

293 4652 566 4720 degentes,
599 4649 911 4701 adhortatur
942 4657 995 4699 ut
1021 4645 1239 4699 meliora
1263 4661 1463 4713 semper
1487 4644 1790 4713 proficiant.

1939 3192 2225 3245 tunitatem
2256 3204 2470 3259 semper
2493 3190 2852 3242 contendatis.
2884 3187 3150 3254 Quoniam
3179 3203 3413 3256 namque
3441 3187 3530 3242 in-

1939 3294 2020 3338 ter
2051 3282 2250 3336 multos
2277 3289 2498 3335 vocatos
2524 3281 2680 3350 pauci
2711 3289 2836 3332 sunt
2865 3279 3014 3332 electi
3039 3277 3280 3349 (Man/4.,
3301 3295 3392 3342 xx,
3421 3277 3538 3349 16),

1937 3374 2069 3429 Ct‘tli
2112 3386 2302 3426 smnus
2349 3385 2568 3432 onmes,
2624 3367 2866 3424 Veritate
2903 3369 3118 3422 dicente
3161 3385 3173 3422 :
3229 3369 3321 3421 sed
3366 3384 3528 3446 quam

1937 3466 2094 3534 pauci
2125 3465 2233 3519 sint.
2253 3505 2268 3530 ,
2321 3463 2514 3517 incerti
2545 3478 2732 3516 smnus
2764 3462 2979 3526 cuncti,
3029 3458 3270 3516 Veritate
3301 3470 3536 3516 tacente.

1937 3557 2276 3625 Quapropter
2302 3555 2610 3624 quicunque
2649 3553 2886 3607 nondum
2937 3553 3071 3605 vivit
3119 3561 3177 3605 ut
3215 3551 3405 3621 pauci,
3444 3560 3540 3608 aut

1943 3647 2115 3700 vitam
2147 3661 2300 3700 suam
2337 3645 2608 3715 corrigat,
2657 3653 2750 3698 aut
2790 3643 2934 3698 inter
2969 3658 3172 3712 paucos
3201 3657 3261 3697 se
3290 3641 3536 3710 colligat;

1939 3748 2033 3792 aut
2061 3755 2184 3792 cum
2213 3738 2538 3792 ccrtitudiue
2567 3735 3003 3806 reprobationem
3042 3737 3262 3800 timeat;
3291 3736 3382 3805 qui
3409 3751 3543 3790 vero

1937 3825 2048 3900 jam
2075 3829 2175 3882 sibi
2205 3829 2418 3883 videtur
2441 3829 2507 3882 de
2535 3828 2749 3897 paucis,
2791 3843 2898 3882 non
2931 3829 3118 3881 statim
3148 3826 3214 3880 de
3240 3827 3540 3881 securitate

1940 3920 2222 3973 electionis
2261 3919 2516 3974 c0nfidat.
2559 3918 2764 3988 Quippe
2795 3918 3049 3986 quoniam
3093 3933 3254 3972 nemo
3289 3927 3535 3974 nostrum

1941 4011 2044 4064 scit
2075 4011 2127 4064 in
2160 4021 2420 4080 quantam
2453 4009 2779 4078 paucitatem
2819 4007 3132 4077 redigantur
3175 4007 3374 4062 electi:
3410 4006 3534 4060 nul-

1941 4099 2025 4154 lus
2051 4099 2237 4168 utique
2265 4099 2331 4130 ¹⁸⁷
2359 4099 2510 4153 novit
2554 4099 2596 4152 si
2641 4095 2754 4165 jam
2786 4097 2859 4150 sit
2888 4096 3032 4150 inter
3074 4112 3276 4165 paucos
3300 4097 3502 4152 electos
3518 4135 3543 4166 ,ε

1940 4189 2200 4260 licetjam
2230 4204 2524 4260 paucorum
2553 4187 2623 4242 sit
2651 4185 2851 4241 similis
2891 4186 3036 4239 inter
3067 4184 3133 4218 ¹⁸⁸
3160 4183 3358 4240 multos
3379 4198 3538 4240 voca.

1943 4289 2046 4335 tos.
2096 4279 2284 4334 Nullus
2337 4279 2502 4348 igitur
2551 4287 2695 4332 retro
2747 4276 3088 4346 respiciendo
3131 4287 3322 4346 penset
3370 4293 3538 4348 quam

1944 4371 2143 4426 multos
2173 4372 2223 4425 in
2255 4371 2338 4425 via
2371 4371 2611 4426 cmlestis
2641 4369 2830 4440 patria:
2857 4370 3160 4438 przeccdat;
3201 4371 3294 4424 sed
3321 4368 3538 4424 indecli-

1865 4434 1916 4494 Β
1948 4464 2198 4519 nabiliter
2238 4465 2290 4518 in
2321 4464 2594 4518 anteriora
2633 4465 2880 4519 intentus
2926 4462 3162 4525 sollicite
3192 4462 3546 4530 consideret,

1948 4573 1990 4612 SI
2014 4557 2129 4628 jam
2161 4557 2370 4628 pariter
2403 4572 2524 4610 cum
2555 4556 2671 4622 his,
2703 4555 2770 4612 de
2805 4573 3038 4626 quorum
3083 4557 3347 4612 electione
3383 4570 3549 4614 nemo.

1947 4647 2188 4712 dubitat,
2225 4646 2460 4702 incedat.
2490 4646 2680 4701 Videte
2709 4647 2894 4718 igitur,
2927 4647 3233 4702 charissimi
3257 4687 3272 4710 ,
3313 4660 3380 4700 nc
3406 4661 3542 4714 qna-

1952 4738 2084 4793 libet
2111 4739 2399 4793 occasione
2429 4739 2591 4794 timor
2625 4739 2750 4805 Dei,
2792 4755 2952 4808 quem
3009 4737 3356 4808 conccpistis,
3397 4747 3544 4804 trpe-

1951 4840 2096 4896 scat;
2127 4831 2220 4886 sed
2243 4846 2461 4901 semper
2481 4833 2635 4904 quasi
2668 4832 3000 4886 indelicienti
3032 4831 3214 4884 studio
3245 4828 3550 4892 ventilatas

1959 4922 2010 4975 in
2043 4922 2157 4976 dies
2187 4922 2483 4986 fervescat,
2516 4924 2688 4977 donec
2730 4923 2882 4976 vobis
2912 4920 2964 4975 in
2996 4921 3345 4976 securitatem
3378 4931 3548 4977 teter-1

1956 5031 2080 5069 nam
2111 5023 2350 5070 mutatus
2374 5016 2634 5070 lucescat.

2031 5106 2242 5172 Valete,
2273 5108 2434 5162 amici
2468 5109 2570 5162 mei
2603 5108 3002 5174 amantissimi;
3035 5118 3121 5174 et,
3164 5125 3296 5182 rogo
3334 5123 3432 5165 vos
3451 5125 3552 5179 per

1957 5199 2252 5256 fraternam
2284 5200 2610 5256 charitatem
2645 5216 2808 5271 quam
2835 5202 2964 5257 mihi
2992 5201 3233 5270 debetis,
3275 5212 3427 5258 orate
3463 5219 3549 5258 so-

319 4741 584 4804 Donmis,
619 4729 682 4793 ct
701 4739 992 4801 fratribus,
1022 4745 1076 4790 et
1109 4735 1301 4790 amicis
1329 4736 1668 4790 charissimis
1700 4735 1843 4789 llsa-

215 4847 448 4897 Lamo,
477 4830 796 4896 GONDULFO,
847 4829 1151 4894 MAUIHTIO,
1195 4827 1364 4881 frater
1403 4827 1721 4892 Anseauus,
1758 4841 1844 4881 as-

218 4923 543 4985 cendendo
571 4923 637 4977 de
663 4922 865 4976 virtute
891 4921 942 4974 in
973 4922 1260 4986 virtutem,
1287 4919 1574 4990 pervenire
1611 4921 1676 4974 ad
1697 4919 1853 4975 Chri-

235 5029 416 5077 stum
447 5029 714 5070 summam
746 5012 839 5068 Dei
865 5014 1139 5068 virtutem.

319 5109 591 5176 Quoniam
635 5116 692 5160 et
721 5121 886 5159 unum
921 5114 1038 5170 est,
1088 5105 1230 5175 quod
1266 5120 1360 5160 vos
1407 5105 1524 5174 pari
1567 5104 1846 5160 intenditis

210 5201 556 5277 proposito,
584 5215 682 5255 nec
714 5206 798 5253 est
811 5197 1092 5252 diversum
1121 5196 1264 5266 quod
1283 5211 1385 5268 ego
1405 5195 1473 5253 de
1506 5196 1659 5252 vobis
1685 5210 1839 5251 com-

1585 5403 1819 5459 VARUS
1861 5404 2266 5462 LECTIONES.

332 5518 406 5549 ’θ’
435 5519 567 5572 Cum
592 5521 775 5573 iiszlem
805 5537 910 5574 mss
941 5520 1133 5574 collata
1209 5519 1277 5552 ⁸⁸³
1306 5519 1522 5576 Futura:
1578 5520 1871 5578 'Jalicitatis
1907 5541 2002 5578 ms.
2058 5525 2108 5578 I.
2159 5523 2352 5578 futura:
2406 5522 2635 5581 faeliccm
2715 5525 2784 5559 ¹⁸⁴
2811 5525 2941 5581 Cum
2980 5527 3164 5581 iisdem
3190 5542 3316 5580 mss.
3355 5523 3547 5579 collato

210 5591 317 5625 ί⁶⁸
386 5590 592 5644 Ilomini
625 5592 803 5645 l’atris
829 5608 953 5646 mss.
978 5591 1189 5646 Domini
1220 5602 1272 5646 et
1302 5590 1481 5646 Patris
1555 5593 1623 5624 ¹⁸⁶
1654 5594 1886 5648 Temere
1942 5611 2048 5649 non
2101 5595 2465 5650 contemnatis
2520 5613 2650 5653 mss.
2684 5605 2868 5654 tenere
2905 5613 3010 5656 non
3042 5597 3405 5654 contemnatis
3480 5594 3546 5627 ""

207 5660 453 5729 ﬁnitus
484 5662 668 5734 itapie
717 5677 841 5717 mss.
915 5663 1096 5717 nullus
1123 5663 1308 5733 utique
1384 5661 1447 5695 "'
1476 5662 1559 5717 Sit
1587 5663 1780 5724 similis
1809 5666 1954 5720 inter
1980 5682 2074 5719 ηαδ.
2113 5668 2160 5719 l.
2191 5665 2263 5720 sit
2289 5664 2447 5720 simul
2479 5665 2622 5731 inter
