4056 6302
555 328 696 395 1115

1100 329 1159 388 8.
1202 329 1503 387 ANSELMI
1536 327 1889 384 CANTUAB.
1927 325 2131 383 ARClll

2235 367 2247 383 .
2270 326 2424 384 OPP.
2460 328 2640 385 PARS
2669 328 2758 384 ιιι.
2797 357 2869 370 ι·-
2905 327 3284 386 ΕΡιδτοιΑς.

3683 322 3819 383 ιιισ

551 442 652 502 lito
681 442 997 512 instantius,
1020 459 1088 498 ne
1113 460 1233 514 ego,
1262 446 1354 514 qui
1384 459 1480 500 vos
1504 444 1691 498 hortor
1719 444 1784 496 ad
1808 440 2133 512 profectum,
2166 462 2210 518 Α
2237 451 2294 499 et
2318 442 2771 505 clementissimus
2810 443 2954 498 Deus
2984 441 3065 498 sie
3101 456 3198 498 vos
3235 442 3291 496 in
3329 441 3439 494 hoc
3485 439 3687 495 sseculo
3728 455 3824 509 per

551 533 834 604 perﬁciam
862 548 1022 602 quem
1056 530 1168 602 jam
1191 532 1320 587 olim
1348 548 1473 588 vere
1514 533 1709 602 incmpi
1729 572 1744 598 ,
1775 541 1827 586 et
1848 530 1962 601 jam
1994 547 2139 588 nunc

553 623 672 680 fere
695 622 855 691 efﬁci,
889 623 1254 678 miserabilem
1281 624 1576 679 defectum.

1025 711 1361 769 EPISTOLA
1399 714 1557 770 XLIV
1586 715 1675 769 ‘3’.

1128 822 1197 861 AD
1230 820 1570 862 HERNOSTUM.

548 895 833 953 Acerrimis
861 914 1160 968 oppressum
1188 898 1454 953 doloribus
1477 898 1547 952 ad
1575 899 1884 969 patientiam
1918 899 2133 951 excitat.

620 986 760 1044 Olim
783 990 930 1043 socio
951 999 1008 1045 et
1034 991 1191 1044 fratri
1209 1006 1426 1060 comqua
1452 989 1822 1044 familiaritate
1844 987 2135 1058 diligendo,

548 1092 696 1134 nunc
739 1081 960 1135 domino
1007 1091 1062 1136 et
1105 1081 1252 1136 Patri
1298 1099 1421 1136 eum
1493 1082 1779 1135 dilectione
1839 1080 2135 1135 reverendo

552 1169 958 1229 Rovecistrensi
1011 1174 1080 1206 ⁸³⁸
1124 1174 1380 1245 episcopo
1427 1173 1539 1244 (l5)
1597 1173 1910 1236 lleunosro,
1964 1169 2135 1225 frater

546 1261 866 1329 Annuus,
902 1265 954 1319 in
981 1264 1084 1320 hac
1112 1265 1221 1319 vita
1260 1267 1524 1336 integrann
1572 1264 2032 1328 incolumitatem,
2079 1263 2131 1315 in

546 1351 728 1409 futura
756 1355 1048 1426 perfectam
1074 1356 1409 1413 felicitatem.

620 1444 757 1500 Cum
789 1448 951 1502 audio
995 1447 1139 1517 quod
1180 1449 1555 1517 frequentibus
1598 1455 1653 1502 et
1680 1445 1934 1517 gravibus
1965 1445 2132 1501 mole-

546 1534 668 1590 stiis
711 1535 826 1591 fere
863 1553 1033 1607 usque
1071 1538 1140 1591 ad
1178 1549 1410 1593 mortem
1448 1553 1576 1592 caro
1613 1546 1793 1592 vestra
1839 1537 2119 1604 atteritur,

546 1625 839 1681 contristat
869 1642 955 1682 me
981 1628 1219 1682 humana
1244 1629 1502 1683 mmstitia
1536 1644 1689 1683 meus
1717 1627 1941 1683 aﬂ'ectus
1966 1647 1980 1683 :
2010 1629 2128 1694 sed,

542 1714 712 1785 328
740 1731 861 1771 cum
897 1718 1181 1773 considero
1218 1720 1345 1789 quia
1377 1732 1474 1788 per
1514 1720 1628 1773 haec
1649 1719 1831 1773 anima
1853 1728 2032 1774 vestra
2060 1719 2127 1772 ad

2243 533 2424 588 omnia
2453 548 2564 589 sua:
2600 532 2764 588 faciat
2800 532 3132 588 concordare
3170 530 3467 597 voluntati,
3512 538 3573 583 ut
3614 528 3730 599 ipse
3772 528 3824 583 in

2237 623 2419 679 futuro
2451 637 2547 694 per
2579 624 2761 679 omnia
2787 632 2980 679 vestrae
3011 625 3307 679 concordet
3328 620 3593 710 felicitati:
3616 620 3827 677 Dulcis-

2237 716 2375 772 simc
2405 716 2477 769 mi
2509 714 2672 771 Pater
2699 724 2757 771 ct
2783 715 3078 771 reverende
3121 712 3372 779 domine,
3411 726 3608 783 precor
3642 716 3701 765 ut
3728 726 3796 781 pa

2154 800 2163 807 ’
2239 816 2386 862 terna
2426 815 2604 863 vestra
2639 808 2898 863 sanctitas
2934 821 3041 862 non
3075 805 3426 861 obliviscatur
3460 801 3640 859 ﬁdelis
3679 815 3803 857 serv

2237 898 2320 953 sui
2347 897 2436 964 ⁸⁸⁸,
2466 911 2696 968 corpore
2722 897 2964 952 absentis
2980 938 2995 964 ,
3023 896 3118 951 sed
3147 902 3330 950 mente
3351 891 3697 949 adhaerentis.
3722 892 3813 944 \‘a-

2234 987 2382 1044 leaut
2410 1002 2627 1059 semper
2656 988 2709 1042 in
2739 987 2965 1041 Domino
2990 1001 3192 1056 corpus
3220 993 3279 1040 et
3305 983 3486 1038 anima
3516 989 3721 1037 vestra.
3752 1026 3755 1027 ν

2761 1073 3097 1131 EPISTOLA
3139 1072 3298 1128 XLV.

2545 1182 2613 1222 ΔΙ)
2642 1179 2965 1221 ιμωειιτωι
2992 1179 3062 1218 ET
3087 1176 3487 1217 FOLGEBALDUI.

2430 1255 2513 1313 Ne
2539 1257 2822 1326 letltargieo
2847 1254 3029 1309 mundi
3044 1269 3226 1307 somno
3254 1252 3637 1320 corripiantur.

2311 1347 2642 1404 Reverendis
2664 1346 2931 1412 dominis,
2962 1343 3329 1400 dilectissimis
3355 1341 3672 1409 avunculis,
3704 1339 3829 1397 dul-

2231 1434 2470 1494 cissimis
2511 1435 2868 1493 nutritoribus
2895 1435 3011 1492 suis
3037 1434 3333 1493 Luaenro
3355 1442 3411 1488 et
3446 1433 3833 1498 FoncsuLpo,

2232 1527 2406 1585 frater
2431 1529 2718 1584 Anssauus
2739 1568 2755 1593 ,
2787 1527 2925 1581 bona
2967 1524 3281 1594 temporalia
3318 1538 3416 1594 pro
3434 1523 3669 1579 aeternis
3731 1520 3828 1576 de-

2231 1620 2442 1688 spicere
2460 1658 2477 1683 ,
2515 1625 2718 1673 aeterna
2742 1630 2842 1687 pro
2865 1612 3250 1683 temporalibus
3272 1611 3572 1683 percipere.

2303 1707 2559 1775 Quamvis
2586 1722 2683 1762 nos
2712 1707 2951 1771 locorum
2991 1715 3410 1774 temporumque
3454 1700 3633 1772 spatia
3668 1715 3825 1775 sepa-

543 1806 900 1861 zcternitatem
929 1807 1184 1871 nutritur,
1206 1808 1515 1862 consolatur
1544 1823 1629 1862 me
1650 1805 1920 1876 spirituali
1950 1805 2133 1861 laetitia
2165 1805 2209 1863 B
2236 1807 2380 1866 rem.
2405 1798 2632 1853 arbitrio
2655 1810 2891 1868 ευρενηο
2913 1795 3262 1866 disponente.
3287 1791 3431 1847 nulla
3458 1801 3640 1846 tamen
3662 1805 3822 1863 causa

543 1901 725 1950 vester
750 1898 1042 1965 profectus.
1070 1897 1261 1952 Notum
1292 1898 1491 1968 quippe
1506 1906 1587 1952 est
1613 1895 1886 1952 sanctitati
1913 1903 2129 1962 vestrae,

540 1984 668 2054 quia
690 1985 746 2039 in
777 1986 1123 2043 tribulatione
1151 1989 1363 2053 carnis,
1412 1999 1465 2042 et
1499 2001 1593 2057 per
1624 1988 1893 2042 ustionem
1940 1987 2131 2059 rubigo

542 2090 893 2151 peccatorum
939 2085 1213 2151 exuritur,
1264 2093 1319 2138 ct
1362 2099 1462 2153 per
1505 2083 1823 2152 patientiam
1855 2079 1986 2149 justi
2021 2082 2129 2136 vita

542 2172 924 2243 perficitur‘”.
948 2174 1220 2245 Scriptum
1244 2191 1476 2245 namque
1491 2183 1572 2228 est
1589 2174 1714 2243 quia
1736 2173 1966 2244 ﬂagellat
1990 2173 2131 2227 Deus

542 2281 746 2319 omnem
784 2265 955 2335 ﬁlium
982 2282 1145 2336 .quem
1182 2266 1360 2335 recipit
1387 2264 1599 2337 (llebr.,
1632 2280 1730 2331 xu,
1758 2264 1833 2334 6).
1882 2265 1946 2318 Ει
1972 2265 2126 2333 quia,

542 2353 816 2409 tribulatio
844 2356 1149 2424 patientiam
1173 2360 1440 2425 operatur,
1468 2355 1721 2424 patientia
1744 2353 2128 2424 probationem,

537 2444 777 2514 probatio
803 2462 964 2516 spem,
992 2463 1107 2516 spes
1140 2458 1316 2501 autent
1347 2465 1449 2501 non
1470 2447 1746 2517 confundit
1774 2445 1947 2516 (Rom.
1975 2461 2031 2509 v,
2051 2446 2126 2516 5).

543 2531 614 2585 Et
641 2533 769 2602 quia
808 2534 1062 2605 patientia
1110 2551 1240 2605 Opus
1281 2534 1565 2605 perfectum
1599 2536 1750 2592 habet
1784 2534 1925 2607 (lar.
1963 2549 2015 2602 ι,
2053 2533 2131 2604 4).

542 2622 698 2707 Unde
722 2626 909 2695 procul
934 2627 1098 2680 dubio
1125 2629 1471 2698 cognoscitur
1494 2629 1617 2697 quia
1652 2636 1800 2682 tanto
1824 2625 2016 2681 alfectu
2052 2634 2134 2680 est

538 2712 594 2768 in
635 2714 983 2769 tribulatione
1031 2716 1407 2786 gaudendum,
1460 2726 1663 2787 quanto
1703 2726 1901 2772 conatu
1930 2725 2010 2771 est
2040 2727 2136 2785 per

537 2819 688 2876 spem
714 2846 731 2871 ,
781 2817 835 2861 et
862 2808 1044 2876 Operis
1074 2806 1461 2878 perfectionem
1489 2808 1543 2863 in
1588 2808 1820 2865 liliorum
1853 2806 2136 2862 haeredita-

540 2904 648 2951 tem
677 2897 976 2952 nitendum.
1006 2898 1140 2952 Cum
1175 2898 1321 2953 enim
1363 2913 1579 2969 semper
1624 2908 1837 2969 gratmn
1880 2899 1953 2952 sit
1993 2899 2133 2962 Deo,

540 2985 587 3040 si
622 3000 900 3055 nunquam
944 2988 1011 3041 ah
1052 2982 1170 3057 ejus
1202 2988 1545 3043 ordinatione
1582 2988 1965 3052 dissentimus;
2012 2997 2138 3042 tunc

540 3076 725 3145 utique
763 3076 915 3131 valde
947 3077 1020 3130 illi
1064 3078 1373 3148 placemus,
1409 3080 1453 3135 si
1485 3090 1541 3133 et
1588 3078 1641 3132 in
1674 3086 1855 3132 nostra
1891 3078 2136 3133 adversi‘

2233 1878 2430 1946 vestrae
2469 1888 2773 1944 dilectionis
2815 1886 3068 1942 allectum
3119 1884 3262 1939 valet
3292 1892 3396 1959 aut
3439 1881 3641 1937 valebit
3692 1882 3825 1937 mihi

2234 1980 2499 2047 minuere,
2531 1980 2710 2036 divina
2736 1978 2906 2050 gratia
2938 1985 3276 2046 protegente.
3320 1962 3386 2029 Et
3419 1971 3680 2042 quoniam
3706 1987 3825 2027 cer-

2235 2085 2346 2131 tum
2387 2082 2469 2131 est
2507 2072 2761 2128 cordibus
2784 2069 2980 2124 vestris
3008 2067 3240 2123 similem
3283 2063 3537 2122 affectum
3573 2079 3707 2135 erga
3736 2078 3821 2117 me

2232 2176 2340 2222 non
2365 2163 2700 2221 dissimiliter
2734 2161 3034 2224 iuhzerere,
3070 2159 3257 2230 utique
3285 2157 3507 2212 dubium
3540 2155 3675 2210 mihi
3715 2170 3821 2209 non

2232 2268 2318 2317 est
2346 2256 2489 2330 quod
2517 2257 2658 2313 sicut
2687 2269 2790 2327 ego
2816 2269 2913 2320 ea,
2950 2268 3073 2322 quae
3099 2252 3247 2323 circa
3282 2265 3380 2325 vos
3406 2258 3572 2313 sunt;
3625 2247 3696 2301 ita
3726 2262 3819 2302 vos

2234 2367 2321 2416 ea,
2351 2366 2471 2421 quce
2499 2349 2645 2405 circa
2675 2363 2763 2403 me
2798 2329 2945 2410 sunt,
2977 2354 3101 2401 nota
3131 2358 3350 2413 semper
3371 2340 3693 2396 desideretis
3722 2340 3822 2394 ba-

2236 2442 2388 2497 here.
2430 2438 2538 2495 Sed
2588 2448 2659 2493 ea
2689 2453 2785 2509 per
2821 2435 2980 2504 hujus
3021 2432 3293 2490 schedulaz
3338 2432 3568 2487 latorem
3614 2430 3825 2502 plenius

2234 2530 2483 2603 poteritis
2511 2530 2722 2584 discere
2749 2537 2802 2582 et
2827 2526 3138 2592 notilicare,
3166 2539 3328 2594 quam
3350 2522 3827 2591 brevitas‘episto-

2239 2623 2373 2677 laris
2402 2619 2634 2676 subiciat
2668 2620 2941 2675 intimare.
2973 2615 3143 2683 Quale
3168 2624 3352 2670 autem
3380 2613 3708 2669 desiderium
3732 2627 3829 2666 cor

2239 2707 2421 2769 incum
2456 2720 2609 2783 gerat
2636 2710 2702 2764 de
2723 2709 2900 2774 vobis,
2934 2708 3027 2762 ille
3056 2722 3087 2761 a
3114 2722 3241 2776 quo,
3272 2714 3327 2761 et
3349 2707 3415 2759 ad
3437 2718 3623 2785 quem,
3656 2713 3713 2758 et
3742 2705 3827 2760 cui

2235 2807 2334 2863 soli
2369 2797 2554 2861 nutum
2582 2814 2665 2859 est
2698 2803 2836 2859 idem
2866 2801 3222 2863 desiderium,
3256 2796 3335 2854 sic
3359 2798 3574 2852 iutimet
3604 2804 3660 2851 et
3685 2812 3819 2869 per-

2237 2901 2463 2956 suadeat
2484 2898 2657 2959 vobis,
2692 2894 2966 2966 quomodo
2998 2894 3114 2963 ipse
3142 2892 3245 2948 scit
3265 2891 3523 2960 expedire
3550 2891 3727 2946 vobis.
3761 2890 3828 2947 Ut

2240 2982 2417 3048 tamen
2459 2989 2662 3060 aliquid
2711 2988 2779 3042 de
2807 2987 2985 3042 cordis
3025 2984 3354 3040 abundantia
3397 2983 3645 3053 eloquar,
3690 2984 3829 3039 nihil

2241 3084 2413 3155 magis
2440 3080 2507 3136 de
2529 3081 2680 3139 vobis
2724 3078 2886 3134 timeo
2914 3092 3074 3147 quam
3111 3091 3179 3131 ne
3209 3076 3261 3130 iu
3319 3089 3506 3129 amore
3545 3073 3731 3129 szeenli
3772 3084 3826 3128 et

539 3175 651 3222 tate
674 3165 795 3235 ejus
827 3167 1094 3223 voluntati
1143 3170 1388 3226 hilariter
1427 3170 1816 3226 consentimus.
1861 3170 1924 3224 Et
1953 3185 2126 3240 quan-
2156 3166 2198 3223 C
2231 3172 2477 3231 saculai-i
2533 3171 2644 3225 vita
2695 3166 3091 3238 perseveretis,
3149 3165 3484 3219 dormientes
3543 3177 3716 3232 usque
3770 3162 3821 3216 in

538 3272 701 3327 quam
730 3260 803 3313 sit
840 3257 1215 3328 jns1issimus,
1261 3276 1603 3332 nequaquam
1645 3271 1855 3327 tamen,
1901 3277 2025 3316 cum
2058 3261 2128 3315 sit

538 3350 1114 3419 misericordissimus,
1158 3362 1316 3424 coget
1342 3369 1443 3408 nos
1468 3361 1692 3425 peccata
1735 3353 1788 3407 in
1821 3352 2002 3407 futuro
2030 3367 2129 3407 sae.

539 3441 666 3498 culo
696 3443 933 3499 vindicta
966 3445 1193 3514 repetita
1226 3446 1398 3515 luere,
1434 3463 1569 3517 quos
1599 3448 1687 3501 hic
1723 3446 1916 3501 viderit
1937 3446 2128 3501 ultioni

539 3545 665 3585 cum
688 3531 854 3586 animi
886 3533 1160 3588 hilaritate
1194 3551 1504 3591 occurrere.
1532 3536 1706 3591 'l‘anto
1744 3537 1927 3605 itaque
1951 3536 2134 3591 distri-

540 3629 690 3674 ctum
724 3620 961 3691 judicem
1012 3636 1331 3693 exspectare
1371 3628 1669 3696 poterimus
1717 3627 1978 3682 leniorem
2020 3629 2122 3694 ‘9’,

537 3721 745 3781 quanto
790 3730 932 3769 nunc
969 3715 1116 3769 illum
1151 3718 1417 3784 patienter
1443 3720 1511 3751 ’⁸³
1551 3720 1938 3775 sustinebimus
1976 3735 2125 3775 seve-

540 3805 765 3860 riorem.
806 3806 902 3861 llis
931 3807 1092 3879 igitur
1113 3819 1167 3863 et
1190 3810 1311 3865 aliis
1336 3813 1638 3882 hujusmodi
1666 3813 2127 3881 meditationibus,

540 3895 615 3950 mi
646 3898 936 3952 reverenda
971 3899 1208 3967 domine,
1240 3903 1382 3957 sicut
1402 3903 1503 3957 scit
1527 3912 1749 3974 paterna
1781 3914 1961 3959 vestra
2005 3920 2134 3960 san-

539 3986 709 4042 ctitas
732 4006 799 4043 ex
821 3990 1004 4045 carnis
1030 3992 1267 4057 defectu,
1290 3994 1485 4050 animae
1511 3996 1905 4051 considerando
1917 3996 1987 4029 ινδ
2007 4012 2134 4066 pro-

541 4075 776 4145 fectum;
837 4096 903 4136 ex
976 4085 1158 4139 carnis
1207 4086 1563 4156 atgritudine,
1618 4088 1813 4144 anima:
1871 4088 2129 4154 salutem;

542 4183 612 4225 ex
637 4171 862 4243 ultione,
896 4175 1283 4249 indulgentiam
1309 4181 1520 4246 trahat;
1553 4197 1616 4234 ex
1644 4182 1757 4251 ipsa
1788 4182 2133 4238 tribulatione

541 4263 996 4335 consolationem,
1026 4276 1082 4322 et
1114 4284 1178 4324 ex
1221 4285 1447 4326 mturare
1470 4269 1730 4326 laetitiam.
1771 4270 2125 4344 Omnipotens

2234 3266 2430 3332 linem;
2477 3271 2531 3320 et
2560 3261 2693 3317 nihil
2718 3270 2811 3314 aut
2837 3273 3030 3330 parum
3057 3257 3187 3327 quid
3214 3254 3506 3310 inveniatis
3527 3268 3648 3308 cum
3691 3253 3825 3307 viris

2237 3356 2547 3413 divitiarum
2584 3354 2639 3407 in
2684 3351 2932 3406 manibus
2980 3347 3217 3412 vestris,
3268 3361 3393 3401 cum
3440 3343 3825 3415 evigilaveritis

2240 3458 2359 3522 post
2390 3449 2573 3503 linem.

2704 3532 3036 3589 EPtSTOLA
3078 3530 3239 3586 XLVI
3269 3529 3357 3583 ¹⁹⁶.

2763 3661 2831 3699 AD
2876 3660 3278 3701 FOLCEBALDUN.

2235 3764 2302 3818 Se
2336 3762 2471 3816 miro
2507 3759 2621 3829 ejus
2652 3759 2849 3829 uisendi
2883 3760 3046 3812 teneri
3074 3759 3356 3822 desiderio,
3387 3762 3480 3813 sed
3507 3759 3725 3829 detineri
3750 3771 3823 3809 ea:

2305 3848 2365 3887 eo
2391 3827 2539 3902 quod
2564 3830 2618 3883 in
2646 3827 2878 3882 Francia
2905 3829 3094 3882 milites
3124 3831 3225 3883 iter
3255 3830 3481 3884 liberum
3519 3829 3649 3883 nulli
3676 3827 3817 3899 [are-

2308 3913 2444 3959 rent.

2311 3996 2616 4054 Secundum
2643 4010 2862 4050 carnem
2890 3995 3332 4067 consanguineo,
3377 3996 3432 4051 in
3458 3993 3671 4050 Christo
3705 3987 3814 4042 fra-

2240 4091 2311 4146 tri
2332 4087 2652 4145 charissimo
2682 4085 3062 4150 FOLCEBALDO,
3097 4084 3266 4141 frater
3292 4087 3611 4147 ANSELIIUS,
3635 4078 3814 4136 sicine

2239 4183 2307 4238 de
2347 4183 2545 4237 virtute
2576 4180 2631 4234 in
2671 4179 2958 4242 virtutem,
3004 4186 3063 4233 ut
3089 4179 3270 4234 videat
3312 4179 3481 4234 Deum
3509 4178 3724 4233 deorum
3752 4171 3815 4224 in

2231 4269 2386 4328 Sion.

1830 4383 2061 4439 νΑιιιΑῖ.
2100 4381 2496 4440 LECTlO-NES.

622 4459 690 4492 ‘”
725 4459 857 4545 Qui?!
885 4459 1345 4545 prtrfat‘isdnobus
1378 4468 1597 4545 Engentp.
1616 4474 1668 4527 in
1689 4475 1920 4545 ejusdem
1940 4473 2070 4529 Cod.
2094 4492 2193 4530 ms.
2212 4474 2405 4529 collata
2468 4474 2536 4506 ‘9'
2559 4473 3001 4529 Ronesccstrensi
3020 4490 3118 4527 ms.
3140 4473 3193 4528 ί.
3217 4472 3634 4545 Boveeestreusi
3646 4471 3804 4545 ipsa.

545 4528 1008 4611 Rovrecistre'nsi'
1073 4538 1140 4569 ¹⁹ι
1187 4538 1307 4611 Vita
1331 4528 1607 4608 perficitur
1633 4528 1731 4598 ms:
1764 4546 1814 4598 l.
1846 4528 1961 4599 vita
1983 4528 2233 4600 exeritur
2305 4545 2372 4577 ¹⁹¹
2406 4545 2686 4599 Leviorem
2724 4528 2853 4598 in...
2888 4528 3146 4599 leniorem
3224 4543 3291 4575 ¹⁹³
3341 4541 3499 4596 Nunc
3548 4542 3808 4611 patienter

547 4615 684 4677 mss._
723 4604 1056 4677 nuncuilltnn
1106 4604 1373 4677 patienter
1448 4611 1515 4642 ⁸³³
1544 4613 1753 4669 Anima:
1792 4616 2185 4670 considerando
2228 4631 2328 4671 ms.
2360 4615 2413 4670 l.
2444 4614 2609 4669 animi
2634 4615 3028 4670 considerando
3105 4613 3174 4646 ¹⁹⁸
3201 4613 3356 4670 Servi
3387 4614 3471 4667 sui
3494 4604 3623 4666 m'ss.
3646 4608 3804 4665 fidelis

543 4670 685 4733 servi
715 4671 798 4727 sui
878 4673 943 4706 ⁸⁸⁸
968 4670 1227 4731 ϐιηηίιιδ.
1253 4694 1358 4732 uno
1383 4695 1448 4733 ea:
1475 4682 1678 4737 duobus
1707 4685 1973 4754 pra-dictis
2004 4685 2198 4740 collata

1744 4775 2029 4833 JOANNIS
2059 4764 2331 4832 PlCARDl
2357 4776 2588 4843 ΝΟΜ),

614 4856 727 4938 (lli)
772 4856 1053 4938 Hernosto.
1096 4860 1247 4938 Alias
1270 4860 1498 4938 Aptasti)
1526 4879 1621 4920 seu
1662 4863 1943 4938 Hernosto,
1980 4876 2041 4922 ut
2078 4869 2129 4938 in
2164 4870 2210 4929 D
2237 4881 2445 4938 nosque
2500 4865 2743 4938 corporis
2768 4865 3028 4938 dolores,
3079 4865 3147 4922 ad
3193 4880 3424 4935 quorum
3460 4871 3802 4938 constantem

544 4928 743 5011 tabulis
788 4931 1162 5011 episeOpnrnm
1211 4930 1530 5011 lial'ensinm
1576 4936 1784 5011 codicis
1829 4928 2127 5011 Victoriani

547 4997 743 5068 legitur
788 4997 872 5054 bis
903 4997 1123 5057 verbis:
1168 5021 1186 5052 ι
1219 5002 1344 5057 l’ost
1402 5008 1854 5060 restaurationem
1914 5025 1942 5060 a
1994 5007 2128 5063 Lan-

545 5069 732 5152 l'ranco
759 5071 1169 5152 archiepiscopo
1191 5072 1507 5152 .llernostus
1530 5078 1847 5152 _|uonachus
1879 5077 2032 5152 [ξερρί
2069 5078 2127 5152 fit

537 5140 846 5214 episcopus.
877 5160 896 5192 ι
930 5140 1163 5197 Tantum
1191 5142 1316 5196 illae.
1352 5146 1404 5199 In
1457 5144 1614 5214 hujus
1648 5156 1827 5202 autem
1874 5147 2127 5201 Hcrnosti

540 5212 970 5279 consecratione,
999 5228 1121 5268 cum
1149 5227 1314 5283 super
1342 5216 1499 5271 altari
1526 5212 1782 5274 inventus
1811 5217 2000 5273 fuisset
2025 5218 2130 5274 iste

541 5293 735 5335 versus
753 5297 766 5335 2

684 5390 799 5447 Cito
823 5392 1049 5463 proferte
1074 5396 1263 5453 stolam
1283 5413 1531 5468 primam,
1558 5390 1688 5465 etc,

542 5477 881 5536 Laufraucns
911 5486 1291 5549 prmnnntiavit
1320 5502 1442 5542 eum
1476 5489 1622 5543 brevi
1655 5489 2002 5544 moriturum.
2030 5487 2131 5544 Ne-

538 5565 646 5682 ane
676 5561 901 5607 eventus
928 5552 1118 5609 l'elullit
1146 5558 1323 5612 sancti
1363 5559 1755 5629 archiepiscopi
1788 5558 2126 5615 vaticinium.

533 5632 536 5637 δ
594 5634 722 5677 nare
768 5624 956 5682 eodem
996 5641 1142 5682 anno
1164 5629 1423 5682 excessit.
1451 5638 1568 5682 post
1601 5631 1897 5682 acerrimos
1929 5630 2126 5682 diutur-

594 5634 722 5677 uare
768 5624 956 5682 eodem
996 5641 1142 5683 anno
1164 5629 1424 5693 excessit,
1451 5624 1568 5699 ιιυεί
1601 5624 1897 5687 acerrimos
1929 5630 2133 5687 diutur-

2238 4933 2907 5010 toleraptiam'Anselmus
2952 4937 3039 4992 hic
3076 4933 3282 5010 excitat
3308 4935 3620 5010 et_solatur.
3647 4933 3801 5010 Cane-

2239 5024 2357 5061 rnm
2397 5007 2809 5079 Ronestrensis,
2842 5007 3226 5079 Rocestrensis
3253 5016 3347 5060 aut
3372 5005 3801 5079 Ronegestreusis

2234 5088 2361 5132 Slllll
2398 5079 2663 5133 dictiones
2692 5076 2807 5146 jam
2844 5078 3069 5132 exoletae
3100 5088 3154 5131 et
3194 5079 3440 5133 formatae
3478 5092 3505 5128 a
3536 5073 3797 5146 [locestria

2234 5164 2330 5202 seu
2362 5142 2744 5211 lionecestria;
2783 5157 2842 5202 ut
2881 5149 3045 5202 etiam
3098 5147 3223 5217 legit
3258 5146 3525 5200 Henricus
3557 5142 3798 5198 Huntido-

2233 5219 2437 5274 niensis
2466 5219 2560 5274 lib.
2595 5232 2633 5284 I,
2666 5217 2804 5273 Hist.
2838 5219 2892 5272 in
2923 5220 3027 5273 hoc
3053 5230 3249 5272 versu:

2376 5325 2544 5381 Testis
2574 5325 2911 5397 Elyformosa
2944 5326 3080 5389 situ;
3120 5320 3439 5376 Ronecestrn
3468 5320 3599 5375 risu.

2234 5419 2403 5491 llodie
2433 5420 2633 5475 dicitur
2664 5415 2815 5472 Rol‘fa
2848 5417 3043 5491 civitas
3066 5413 3488 5491 Cantuariensis
3525 5410 3794 5491 comitatus

2232 5490 2285 5544 in
2317 5491 2463 5544 edito
2493 5492 2618 5555 sita,
2654 5505 2682 5542 a
2716 5503 2820 5558 qua
2854 5486 3132 5541 ltoll‘euscs
3178 5484 3415 5558 episcopi
3457 5484 3789 5558 denominata.

2233 5560 2496 5631 Superius
2524 5548 2705 5631 autem
2733 5548 2798 5614 ile
2820 5548 3379 5631 Arnostq‘receiisita‘;
3410 5560 3654 5631 recenset
3676 5548 3792 5604 Lan-

2233 5623 2404 5689 Γιώιοί
2438 5629 2765 5703 biograpltus
2803 5642 2904 5683 ms.
2944 5628 2998 5682 in
3027 5624 3298 5683 Chronico
3323 5623 3599 5680 Beccensi.
