4056 6302
218 334 389 393 1H7.

1424 338 1427 339 '
1513 319 1642 377 LIB.
1673 318 1713 385 Ι,
1740 316 1959 374 εΡιετ.
1992 310 2219 374 ΧιΝιιι.

3366 260 3505 361 itis

305 444 567 520 Cogitavi
591 443 707 515 ipse
728 453 840 514 ‘ego
859 440 928 497 ad
964 448 1018 496 te
1040 439 1253 505 venire,
1278 446 1334 495 et
1363 438 1429 494 ad
1456 438 1623 506 pedes
1656 447 1812 491 reve-
1842 437 1890 494 Α
1918 447 2055 497 Ius,
2097 444 2164 488 ea
2206 428 2346 484 bona
2366 467 2381 492 ,
2429 440 2549 496 quae
2595 417 2904 477 necessario
2931 418 3277 485 amittantur,
3312 426 3506 488 sponte

216 540 393 597 rendi
437 537 653 593 abbatis
683 536 758 590 tui
794 543 1099 605 prostratus
1119 539 1320 603 quanta
1359 544 1573 601 possem
1601 525 1822 582 humili-

238 640 353 685 tate
400 625 699 698 postulare,
739 639 807 678 ne
837 624 1049 678 animas
1072 622 1138 653 ¹⁹⁷
1171 624 1283 691 (me
1311 628 1369 675 et
1407 630 1459 673 te
1487 616 1631 687 dico)
1671 624 1821 670 tanto

234 720 636 792 conglutinatas
653 717 868 772 vinculo
893 716 1076 771 carnis
1095 723 1150 770 et
1169 712 1412 783 spiritus,
1436 710 1671 766 violenta
1692 723 1826 764 con-

233 806 564 866 versationis
629 805 972 875 separatione
1027 818 1135 859 non
1192 811 1399 857 tantum
1450 799 1821 869 disiungeret,

233 916 306 972 qu
327 917 397 952 un
429 897 720 952 scinderet.
760 896 866 950 Sed
897 905 1006 949 tam
1032 892 1283 949 crudelis
1311 901 1526 961 tamque
1558 889 1821 945 effrenata

233 989 632 1045 malitiosorum
663 985 942 1041 hominum
970 984 1025 1038 in
1061 983 1294 1038 Francia
1323 982 1696 1037 debacchatur
1721 992 1823 1033 sae-

231 1087 365 1142 vitia
390 1082 493 1148 ³¹⁶,
539 1094 597 1139 ut
623 1097 726 1138 nec
764 1096 879 1145 me,
911 1095 1012 1134 nec
1050 1078 1286 1147 aliquem
1319 1075 1680 1139 monachum,
1730 1079 1824 1125 aut

231 1174 541 1247 quempiam
575 1173 816 1243 equitem
852 1171 1077 1225 audeam
1107 1176 1258 1223 tanto
1297 1166 1638 1221 committere
1677 1162 1823 1233 peri-

230 1267 376 1324 culo.
414 1266 494 1321 Re
518 1266 665 1321 enim
708 1279 836 1319 vera
868 1264 1098 1317 domnus
1140 1260 1407 1315 Rodulfus
1439 1273 1585 1323 cum,
1645 1265 1700 1310 te
1744 1270 1825 1310 re-

231 1360 418 1424 ducto,
447 1358 671 1423 rediret,
701 1356 754 1413 in
785 1355 1252 1426 archiepiscOpatu
1277 1349 1569 1406 Rbemeusi
1592 1363 1714 1403 cum
1746 1348 1825 1402 fa-

230 1450 428 1513 mulis,
463 1449 619 1516 equis
642 1447 840 1503 ablatis
867 1447 1143 1511 omnibus,
1166 1453 1359 1513 captus
1380 1452 1485 1508 eSI,
1516 1455 1822 1511 quanquam

229 1555 293 1596 se
321 1540 435 1595 sub.
456 1538 850 1608 archiepiscopi
878 1536 1203 1592 Bhemeusis
1234 1535 1465 1589 tuitione
1506 1534 1587 1587 ire
1623 1530 1827 1586 clama-

234 1638 343 1685 ret.
394 1629 496 1697 Qui
529 1627 843 1698 aliquandiu
888 1628 1124 1691 detenti,
1160 1627 1245 1686 vix
1285 1625 1501 1679 tandem
1540 1637 1648 1677 uno
1684 1636 1827 1692 equo

230 1728 473 1785 retento,
504 1718 735 1775 relaxati
764 1726 910 1774 sunt.
946 1718 1186 1786 Denique
1212 1716 1424 1771 etiamsi
1455 1728 1669 1785 possem
1701 1714 1827 1768 abst

229 1827 341 1883 qne
367 1811 514 1867 omni
567 1820 620 1867 te
657 1806 812 1867 adire
859 1810 1120 1882 periculo,
1163 1824 1255 1864 rex
1295 1818 1474 1863 tamen
1504 1817 1561 1863 et
1597 1807 1829 1862 domnus

230 1901 406 1956 abbas
435 1909 646 1965 noster,
673 1900 727 1953 in
750 1883 982 1970 quorum
1012 1906 1284 1968 potestate
1316 1912 1460 1957 sum,
1487 1895 1676 1949 nolunt
1696 1895 1827 1949 mihi

214 1990 395 2047 eundi
428 1991 559 2047 dare
583 1989 857 2045 licentiam
887 2008 901 2044 :
935 2005 1036 2045 nec
1059 1998 1239 2044 tamen
1270 1988 1339 2042 ab
1378 1988 1503 2052 illis,
1529 1995 1590 2042 ut
1630 1996 1682 2043 te
1705 2000 1830 2055 pos-

225 2083 337 2139 sim
358 2084 581 2150 habere,
609 2082 777 2140 ullum
807 2095 1073 2154 recupero
1101 2083 1360 2139 auxilium
1393 2091 1487 2137 aut
1507 2080 1825 2145 consilium;

226 2187 341 2228 nec
371 2172 492 2228 usui
519 2187 642 2229 esse
670 2172 891 2227 honoris
912 2171 1245 2235 existimant,
1273 2172 1418 2242 quod
1450 2178 1601 2224 tanto
1622 2169 1827 2233 studio,

225 2263 439 2325 detaut
467 2263 784 2334 longinquo,
807 2272 1027 2333 tamque
1051 2261 1345 2317 humilibus
1360 2270 1426 2315 et
1453 2260 1830 2315 amicahilibus

223 2352 435 2409 litteris
469 2353 675 2409 frustra
710 2353 793 2407 bis
821 2362 1216 2424 poposcerunt,
1250 2353 1410 2408 tertio
1437 2351 1668 2406 forsitan
1707 2349 1827 2404 fru-

222 2452 350 2499 stra
382 2457 686 2513 reposcere.
718 2442 847 2499 Haec
874 2443 1078 2500 idcirco
1106 2443 1201 2498 tibi
1237 2443 1450 2513 scripsi,
1481 2441 1825 2508 charissime,

221 2540 293 2585 ut
326 2539 383 2585 tu
417 2531 647 2587 haberes
681 2548 781 2602 per
806 2548 967 2602 quem
1010 2533 1139 2588 mihi
1168 2533 1494 2588 desideranti
1535 2534 1677 2588 scire
1710 2548 1832 2602 qua:

222 2622 383 2677 circa
415 2630 467 2676 te
491 2631 639 2687 sunt,
669 2624 933 2679 mandare
963 2639 1172 2694 posses,
1202 2634 1261 2679 et
1288 2624 1450 2681 simul
1474 2625 1670 2691 scires,
1700 2625 1829 2694 quia

214 2713 345 2783 iam
376 2712 582 2770 nullum
609 2715 679 2770 ab
706 2715 926 2771 homine
958 2725 1217 2787 exspecto
1248 2717 1533 2782 auxilium,
1555 2733 1663 2787 quo
1683 2728 1830 2771 tuam

224 2809 525 2873 tantopere
565 2802 931 2859 desideratam
965 2807 1438 2861 conversationem
1461 2807 1678 2876 assequi
1708 2822 1832 2876 pos-

218 2892 342 2949 sim
372 2908 389 2948 :
421 2902 687 2963 quatenus
710 2893 880 2965 solius
914 2894 1011 2950 Dei
1043 2905 1234 2951 nostro
1253 2896 1528 2952 desiderio
1558 2896 1829 2964 favorem,

210 2983 533 3040 secundum
559 2998 717 3040 suum
739 2986 1159 3055 beneplacitum,
1183 2997 1408 3043 orantes
1427 3000 1831 3057 exspectemus,

220 3083 290 3130 et
337 3075 555 3130 interim
605 3075 723 3145 ejus
766 3078 833 3132 de
861 3078 1017 3133 nobis
1062 3079 1472 3148 dispositionem
1514 3080 1831 3136 obedienter

217 3165 617 3237 patienterque
638 3167 947 3222 toleremus.
974 3167 1067 3222 Sic
1092 3170 1238 3223 enim
1268 3168 1431 3223 citius
1454 3178 1509 3222 et
1544 3169 1830 3239 benignius

216 3257 568 3315 desiderium
598 3269 845 3314 nostrum
892 3259 1141 3329 perficiet
1168 3260 1257 3327 ¹⁹⁹,
1305 3260 1351 3314 si
1392 3275 1500 3315 non
1542 3262 1685 3330 quod
1732 3276 1833 3316 nos

214 3347 515 3416 volumus,
555 3350 649 3405 sed
682 3350 828 3419 quod
859 3350 973 3420 ipse
991 3350 1126 3415 vult,
1156 3365 1256 3406 nos
1284 3351 1597 3406 desiderare
1620 3352 1832 3421 perspi—

218 3439 369 3496 ciet.
413 3437 735 3509 Quanquam
779 3440 922 3494 enim
982 3449 1037 3495 tu
1084 3440 1240 3497 valde
1282 3438 1724 3511 suibcieriterque
1781 3454 1834 3496 te
1935 3480 1939 3485 ι

219 3527 539 3586 consoleris
570 3544 635 3584 ex
669 3538 856 3584 sancta
892 3538 1226 3600 paternaque
1254 3531 1592 3601 benignitate
1622 3532 1835 3588 abbatis

221 3623 349 3685 tui,
392 3637 552 3691 quam
591 3636 622 3676 a
663 3632 716 3676 te
758 3622 1035 3677 inventam
1063 3636 1207 3692 saepe
1251 3622 1382 3677 mihi
1419 3637 1663 3692 praesens
1698 3638 1834 3695 gau-

217 3713 418 3769 dendo
470 3712 773 3782 pnedicare
818 3713 1061 3779 solebas;
1097 3728 1198 3784 ego
1229 3724 1444 3779 tamen,
1489 3714 1635 3783 quod
1685 3715 1752 3770 de
1783 3722 1835 3770 te

219 3808 491 3865 desidero
521 3808 618 3873 ²⁰⁰,
667 3809 980 3864 desiderare
1029 3823 1133 3862 non
1180 3809 1464 3863 desistam.
1515 3808 1832 3873 Orationes,

218 3916 376 3972 quas
406 3899 519 3967 tibi,
549 3916 674 3955 cum
706 3915 919 3955 mecum
950 3914 1124 3964 esses,
1149 3900 1312 3954 scribi
1345 3898 1618 3965 feceram;
1652 3901 1835 3955 nescio

217 4005 336 4060 per
366 4003 527 4058 quem
560 3990 653 4043 tibi
696 3989 937 4060 mittere.
957 3989 1180 4060 possim.
1214 3988 1377 4042 Lator
1408 3989 1552 4043 enim
1592 4004 1835 4059 praesen-

160 4140 165 4147 ,
219 4084 375 4138 tium
404 4097 501 4137 eas
551 4080 699 4137 ferre
730 4082 824 4136 tibi
869 4095 975 4136 non
1017 4088 1103 4135 est
1144 4095 1344 4144 ausus,
1387 4080 1583 4136 timens
1622 4097 1689 4137 ne
1727 4082 1832 4138 sibi

216 4172 606 4229 auferrentur.
640 4174 777 4229 Cum
815 4173 960 4227 enim
988 4188 1112 4228 eutn
1153 4172 1326 4241 prima
1352 4172 1469 4226 vice
1490 4171 1559 4226 ad
1601 4182 1651 4227 te
1681 4172 1833 4234 misi.

224 4266 384 4320 dicit
410 4281 471 4321 se
507 4274 725 4336 captum
752 4273 809 4319 et
843 4263 1233 4334 exspoliatum,
1278 4244 1562 4331 vestesque
1586 4276 1747 4327 suas,
1787 4263 1834 4317 si

214 4357 369 4428 quid
396 4357 537 4414 forte
565 4359 619 4413 in
650 4358 731 4414 eis
769 4357 915 4427 quod
949 4356 1061 4411 tolli
1102 4364 1286 4424 posset
1323 4356 1682 4423 inveniretur,
1721 4356 1836 4412 dis-

1923 523 2216 586 dimittere,
2244 528 2300 574 ut
2321 533 2386 573 ea
2405 531 2526 589 quae
2547 523 2752 570 aeterne
2783 519 3030 567 tenentur
3046 508 3218 580 possit
3245 508 3506 577 recipere.

1956 647 1963 655 -
1993 613 2185 668 Dicere
2224 626 2330 666 non
2356 621 2606 679 possum,
2645 602 3026 667 dilectissime,
3075 607 3279 671 quanto
3311 598 3510 668 gaudio

1923 705 2213 760 exsultavit
2260 719 2355 760 cor
2385 718 2598 766 meum,
2642 716 2764 755 cmn
2812 695 2991 752 audivi
3040 708 3069 747 a
3107 691 3305 747 dilecto
3340 687 3512 743 fratre

1922 796 2088 869 329
2106 806 2161 851 et
2187 795 2513 851 consobrino
2539 802 2725 848 nostro
2750 790 2948 844 domno
2970 780 3303 848 Folceraldo,
3330 789 3380 835 te
3404 792 3511 832 non

1924 866 2096 942 solum
2125 886 2191 940 ad
2217 883 2357 939 hanc
2382 898 2545 953 quam
2577 881 2745 936 habes
2785 886 3001 934 aetatem
3036 871 3380 946 pervenisse,
3415 866 3512 922 sed

1925 976 2085 1032 etiam
2117 974 2275 1030 bonis
2302 972 2652 1042 honestisque
2674 969 2869 1026 studiis
2900 965 3199 1039 profecisse
3229 972 3285 1016 et
3317 960 3368 1015 in
3394 957 3516 1017 dies

1923 1069 2210 1139 prolicere.
2242 1066 2350 1122 Sed
2382 1076 2438 1122 et
2464 1066 2591 1121 huic
2618 1077 2738 1119 meo
2763 1061 2961 1137 gaudio
2987 1057 3216 1113 multum
3245 1060 3332 1110 est
3360 1050 3515 1107 addi-

1927 1172 2075 1227 tum,
2119 1176 2244 1216 cum
2275 1159 2406 1215 mihi
2455 1157 2589 1213 dixit
2624 1155 2754 1228 quia
2794 1170 2883 1209 me
2920 1148 3271 1207 desiderabas
3306 1144 3510 1199 videre.

1926 1252 2132 1307 Memor
2166 1252 2312 1305 enim
2354 1258 2410 1303 et
2434 1256 2680 1303 servator
2707 1258 2918 1314 magnae
2955 1238 3205 1295 amicitiae
3232 1249 3351 1306 qua:
3384 1231 3512 1288 olim

1883 1361 1889 1371 '
1927 1344 2032 1399 fuit
2070 1344 2215 1399 inter
2242 1356 2330 1397 me
2360 1349 2418 1396 et
2454 1354 2614 1393 avum
2644 1346 2699 1393 et
2728 1345 2937 1407 patrem
2961 1341 3019 1387 et
3053 1338 3279 1384 matrem
3329 1334 3476 1393 tuam
3495 1364 3514 1389 ,

1926 1446 1982 1491 et
2012 1436 2292 1490 immensae
2335 1429 2644 1488 dilectionis
2679 1442 2843 1496 quam
2890 1423 3056 1479 habui
3091 1433 3221 1490 erga
3264 1426 3349 1482 te,
3392 1430 3514 1469 cum

1930 1528 2108 1584 adhuc
2132 1526 2388 1597 puerulus
2414 1536 2603 1577 esses:
2638 1535 2702 1574 ea
2725 1530 2941 1586 semper
2964 1514 3035 1545 ω
3065 1513 3132 1568 de
3164 1520 3217 1566 te
3246 1506 3516 1570 desidero,

1927 1621 2124 1691 quibus
2147 1619 2369 1673 meliora
2395 1632 2500 1672 non
2533 1627 2783 1684 possum;
2824 1617 3031 1664 etcum
3062 1605 3203 1660 bona
3238 1602 3306 1655 de
3341 1608 3396 1654 te
3422 1613 3520 1651 au-

1930 1713 2042 1779 dio,
2069 1713 2148 1766 sic
2168 1711 2409 1781 gaudeo,
2438 1717 2497 1761 ut
2521 1705 2641 1776 plus
2665 1718 2770 1758 non
2796 1699 3017 1771 possim.
3047 1695 3323 1749 Accensus
3354 1688 3520 1758 igitur

1861 1771 1905 1826 Β
1932 1771 2202 1858 desiderio
2229 1801 2303 1855 tui
2334 1771 2402 1854 in,
2421 1771 2551 1861 Deo,
2581 1811 2678 1851 oro
2703 1793 2869 1848 Deum
2901 1801 2960 1843 ut
2980 1788 3071 1842 det
3099 1785 3256 1841 nobis
3281 1780 3442 1837 simul
3463 1779 3518 1833 in

1931 1893 2031 1947 hac
2060 1893 2166 1946 vita
2186 1932 2202 1955 ,
2235 1890 2476 1960 quandiu
2507 1885 2705 1940 victuri
2742 1896 2959 1943 smnus,
3002 1872 3335 1938 conversari,
3366 1880 3423 1927 et
3464 1869 3519 1923 itt

1934 1984 2114 2038 futura
2162 1981 2508 2052 congloriari.
2559 1978 2710 2034 liude
2749 1979 2957 2047 hortor,
3004 1982 3219 2039 precor.
3265 1964 3517 2020 Obsecro.

1932 2073 2005 2128 mi
2053 2051 2439 2138 dilectisSime,
2497 2070 2661 2126 crede
2702 2082 2889 2123 verum
2937 2076 3059 2117 esse
3114 2056 3257 2128 quod
3309 2051 3522 2107 Veritas

1930 2173 2091 2235 dixit,
2117 2175 2173 2220 et
2205 2181 2328 2221 ama
2369 2163 2514 2241 quod
2559 2157 2994 2229 relinquentibus
3021 2149 3274 2208 sreculum
3301 2150 3524 2215 propter

1932 2283 1992 2323 se
2038 2263 2307 2336 promisit.
2356 2258 2539 2327 Incipe
2564 2267 2758 2324 parare
2785 2262 2898 2305 tam
2924 2256 3180 2315 magnum
3222 2244 3524 2308 quzestum,

1932 2330 2177 2411 accelera
2202 2351 2269 2405 ad
2301 2356 2510 2403 tantum
2547 2344 2757 2398 lucrum
2776 2380 2792 2405 ,
2836 2348 2894 2392 nt
2916 2349 3039 2406 qtae
3070 2330 3253 2386 mundi
3280 2334 3407 2383 sunt
3437 2340 3526 2379 re-

1931 2448 2203 2516 linquens,
2234 2439 2543 2507 centuplum
2571 2433 2827 2503 accipias,
2857 2427 3096 2485 etvitam
3123 2433 3381 2477 :eternam
3407 2430 3526 2487 pos-

1933 2509 2113 2596 sideas
2159 2509 2516 2607 ("uuln-xix,
2541 2528 2655 2597 29).
2682 2522 2836 2591 Quod
2857 2520 2903 2575 si
2937 2518 3032 2573 tibi
3058 2514 3200 2569 Deus
3228 2509 3523 2607 itispirave-

1935 2632 2039 2694 rit,
2088 2598 2256 2699 rogo,
2301 2619 2653 2682 charissime,
2696 2627 2765 2670 ne
2789 2611 3007 2691 dubites
3038 2613 3263 2677 propter
3304 2598 3525 2657 itineris

1932 2698 2175 2780 laborem
2216 2719 2403 2776 venire
2431 2715 2501 2770 ad
2538 2710 2773 2767 amicum
2799 2714 2856 2762 et
2883 2698 3344 2769 consanguineum
3375 2699 3528 2745 tuum

1937 2826 1990 2872 te
2002 2815 2421 2870 desiderantem.
2439 2803 2706 2874 Quoniam
2733 2802 2778 2855 si
2798 2795 2958 2854 simul
2973 2794 3119 2850 vixet
3132 2789 3295 2851 imus,
3316 2791 3519 2855 1manto

1937 2915 2182 2963 mttluum
2206 2911 2449 2958 nostrum
2478 2896 2734 2969 gaudium
2763 2891 2831 2945 de
2856 2883 3261 2942 nobisiuvicem
3289 2887 3529 2953 prtescus

1935 2997 2093 3052 nobis
2127 2995 2262 3057 erit;
2310 2999 2463 3046 tanto
2480 2963 2767 3058 'quidquid
2810 2991 2975 3048 grave
3006 2971 3304 3033 videbitur,
3342 2963 3521 3020 levius

1934 3087 2059 3142 erit.

2301 3186 2639 3246 EPISTOLA
2683 3181 2890 3238 XLVIII
2932 3177 3046 3248 (its)
3083 3174 3176 3226 θοι.

2508 3314 2573 3356 AD
2596 3304 2970 3351 ιΑΝιθιιΑκοωι.

2113 3413 2434 3488 Expostulat
2481 3412 2545 3465 de
2590 3405 2884 3474 honori/ica
2934 3399 3348 3470 compellatione.

2010 3528 2237 3586 Domino
2297 3532 2354 3579 et
2400 3518 2546 3576 Patri
2600 3531 2700 3572 suo
2762 3510 3060 3570 reverendo
3113 3501 3527 3574 archiepiscopo

1937 3624 2279 3685 Lmrnanco,
2308 3619 2478 3673 frater
2502 3615 2812 3674 ANSELIUS,
2844 3622 2975 3661 suns
2999 3603 3144 3674 quod
3172 3613 3321 3657 suus.

2011 3716 2164 3772 Sicut
2205 3711 2501 3768 Zacharias
2535 3705 2795 3778 propheta
2818 3700 2885 3755 ad
2911 3692 3394 3776 commendandam
3420 3702 3532 3743 suae

1936 3806 2236 3880 prophetia:
2265 3803 2645 3858 auctoritatem
2678 3796 2791 3850 fere
2822 3807 2918 3862 per
2951 3787 3196 3859 singulos
3226 3789 3412 3838 ver‘sus
3440 3795 3529 3834 re-

1936 3870 2072 3970 petit
2100 3916 2114 3950 :
2146 3895 2276 3949 Haec
2297 3893 2424 3947 dicit
2451 3889 2743 3951 Dominus;
2767 3885 2848 3939 sic
2866 3881 2997 3936 mihi
3026 3877 3092 3932 ad
3125 3870 3531 3933 inculcandum,

1940 3992 2085 4061 quis,
2119 3988 2209 4043 cui
2246 3994 2305 4041 et
2327 4000 2435 4053 quo
2474 3983 2659 4037 ultimo
2694 3978 2968 4046 loquatur,
2994 3971 3125 4026 libet
3155 3976 3213 4022 ut
3241 3975 3349 4022 tam
3375 3975 3531 4061 saepe

1938 4052 2185 4152 epistolae
2213 4052 2437 4135 nostrae,
2468 4086 2606 4143 quas
2630 4076 2829 4124 vestra:
2848 4064 3023 4134 dirigo
3045 4069 3283 4131 paternae
3308 4052 3532 4152 celsitu-

1939 4141 2073 4235 dini,
2104 4170 2158 4224 in
2188 4167 2366 4222 fronte
2387 4141 2589 4234 pictum
2630 4156 2924 4230 praeferant
2951 4172 2964 4206 :
2995 4149 3219 4205 Domino
3260 4154 3308 4199 et
3352 4141 3534 4235 Patri;

1938 4275 2013 4332 et,
2043 4232 2170 4318 suus
2203 4260 2344 4330 quod
2374 4232 2525 4313 suus.
2556 4253 2649 4309 Sic
2678 4249 2823 4307 enim
2854 4247 3018 4309 hanc,
3045 4257 3149 4297 non
3186 4239 3385 4301 dicam,
3415 4232 3533 4290 scio

1940 4357 2223 4420 simulare;
2254 4353 2349 4409 sed
2392 4347 2591 4419 sculpsi
2622 4346 2675 4400 in
2723 4347 2907 4397 mente
2951 4350 3069 4391 mea
3103 4332 3442 4402 impressam,
3472 4331 3534 4378 ut

212 4418 431 4509 eussas
453 4450 546 4504 ⁹⁰¹.
592 4451 746 4522 Rogo
767 4418 805 4517 ,-
836 4450 1031 4507 manda
1078 4418 1211 4505 mihi
1264 4464 1362 4519 per
1396 4418 1679 4519 epistolam
1717 4432 1836 4520 quia
1871 4472 1919 4532 ο
1944 4418 2218 4524 quidquid
2230 4458 2531 4519 proponam
2561 4441 2614 4495 in
2648 4430 2953 4505 incipienda
2982 4435 3165 4484 nostra
3184 4418 3533 4532 salutantium,

211 4544 386 4600 circa
413 4552 464 4598 te
483 4552 631 4600 sunt.
660 4542 944 4607 Dominus,
972 4541 1065 4610 qui
1086 4540 1316 4595 custodit
1343 4539 1541 4607 Israel,
1573 4542 1838 4597 custodiat

212 4645 281 4691 le
336 4633 402 4688 ab
439 4636 579 4689 omni
619 4633 794 4701 malo,
839 4632 1101 4687 custodiat
1137 4634 1372 4687 animam
1410 4644 1559 4688 luant
1583 4631 1842 4689 Dominus

213 4727 419 4804 (Psal.
449 4744 574 4796 cxx,
604 4729 680 4800 7).

715 4834 1049 4893 EPISTOLA
1090 4835 1271 4892 XLVII
1301 4837 1391 4891 ³⁸³.

876 4945 944 4986 AD
980 4944 1216 4986 PETBUI.

208 5025 315 5081 De
355 5022 587 5079 honestis
624 5019 933 5145 gratulatur,
954 5021 1175 5086 studiis,
1204 5029 1254 5074 et
1286 5019 1357 5073 ad
1381 5019 1645 5090 puriorem
1674 5021 1839 5075 vitam

215 5110 221 5115 '
930 5100 1175 5145 tortatur.

215 5110 221 5115 '
913 5100 1175 5145 hortatur.

303 5173 652 5240 Charissimo
689 5199 791 5239 suo
832 5183 1163 5240 consobrino
1200 5181 1408 5248 Pereo,
1434 5182 1607 5238 frater
1633 5181 1842 5241 Ausu-

1948 4510 2051 4602 lioc
2077 4510 2131 4599 εἰ.
2155 4510 2534 4598 consummata
2560 4536 2821 4602 appareat
2845 4533 3184 4595 expressum.
3209 4514 3346 4570 Cum
3369 4510 3536 4582 igitur

1946 4640 2051 4696 hoc
2089 4635 2246 4692 titulo
2274 4630 2431 4687 vobis
2459 4638 2570 4687 tam
2621 4636 2764 4694 saepe
2791 4618 3050 4679 scribam,
3075 4606 3368 4683 quzerendo
3396 4614 3532 4696 que-

1944 4747 2061 4796 ror,
2105 4737 2163 4784 et
2197 4721 2486 4796 querendo
2525 4690 2715 4790 qutero
2735 4729 2834 4770 cur
2872 4708 3003 4764 tnihi
3033 4712 3308 4771 nunquam
3335 4690 3534 4796 rescri-

1945 4782 2121 4887 batis;
2148 4782 2242 4875 sed
2276 4814 2462 4871 nescio
2487 4782 2573 4868 cui
2618 4817 2801 4865 vestro
2823 4802 3042 4858 domine
3069 4804 3124 4851 et
3158 4788 3332 4853 Patri,
3356 4782 3534 4887 prima

1947 4915 2254 4970 litterarum
2288 4915 2495 4963 notato.
2527 4905 2597 4958 At
2622 4901 2667 4957 si
2703 4911 2862 4955 servo
2904 4898 2958 4947 el
2993 4888 3103 4943 lilio
3127 4891 3311 4939 vestro
3339 4875 3537 4970 scribi-

1945 4968 2184 5072 tis,cur,
2218 5000 2365 5074 quod
2394 4997 2678 5052 destruere
2706 5002 2811 5042 non
2858 4978 3084 5053 potestis
3110 4990 3207 5047 per
3230 4968 3532 5074 oppositam

1949 5062 2316 5169 negationem,
2362 5090 2686 5146 subvertere
2722 5079 2793 5113 ³ου
2840 5074 3060 5132 tentatis
3108 5084 3207 5169 per
3249 5062 3534 5169 relativum

1948 5152 2401 5259 oppositionein?
2448 5177 2650 5232 Precor
2702 5172 2885 5239 itaque
2945 5174 3003 5220 ut
3054 5157 3271 5232 quoties
3325 5152 3543 5210 litteras

1503 5273 1737 5332 VARIA‘]
1779 5278 2182 5338 LECTIONES.

305 5367 382 5429 ’θ’
416 5365 495 5422 Ne
535 5366 732 5422 animte
758 5382 856 5421 ms.
886 5381 956 5421 ne
999 5362 1213 5419 animas
1288 5365 1357 5398 ¹⁹⁸
1388 5364 1621 5424 Szevitas
1664 5386 1765 5424 ms.
1797 5371 2004 5426 saevitia
2055 5370 2151 5404 συθ
2188 5364 2445 5422 Perficies
2488 5377 2585 5415 ms.
2628 5371 2693 5429 pe

2700 5354 2870 5411 rliciet
2940 5350 3011 5381 ²⁰⁰
3065 5346 3139 5401 Ex
3189 5353 3243 5397 te
3285 5334 3538 5396 desidero

202 5426 438 5497 made
466 5447 517 5492 te
545 5420 796 5493 desidero
868 5420 945 5468 “i
966 5436 1219 5491 Discusas
1247 5451 1345 5489 ms.
1375 5420 1647 5495 discussus
1665 5420 2111 5497 "'36='é'.i;.}'}od.
2139 5420 2252 5493 mis;
2267 5420 2461 5490 collata
2534 5430 2605 5462 '°'
2630 5420 2836 5497 'anue
2861 5435 3074 5491 semper
3112 5432 3209 5470 ms.
3232 5427 3297 5468 ea
3321 5420 3537 5476 semper

206 5511 304 5545 ὀδ
344 5524 476 5562 eum
501 5507 752 5579 prmdicto
778 5504 1084 5575 Exemptari
1119 5523 1217 5560 ms.
1250 5505 1443 5561 collata
1515 5509 1587 5541 ’θ’
1624 5511 1952 5568 Submerere
1993 5528 2091 5566 ms.
2135 5511 2452 5564 subvertere

1465 5598 1751 5660 JOANNIS
1787 5603 2067 5660 PICARDI
2104 5600 2334 5659 NOTAE.

302 5691 433 5764 (16)
479 5693 631 5775 lianc
687 5694 757 5775 ab
800 5691 1057 5775 Auselmo
1104 5689 1219 5762 jam
1258 5691 1472 5749 abbate
1520 5694 1778 5775 scriptam
1827 5695 2026 5771 liquet;
2078 5697 2250 5771 ipsum
2299 5692 2443 5750 enim
2495 5697 2553 5747 ut
2593 5685 2840 5745 abbatem
2888 5677 3218 5737 salutaverat
3264 5660 3535 5734 Laﬂfl’all‘

207 5780 349 5826 cus
381 5783 392 5818 :
422 5782 543 5824 eum
570 5767 635 5822 Α.
660 5764 831 5836 prima
863 5764 1163 5821 litterarum
1194 5774 1409 5821 notans.

1842 5897 1879 5915 ah

2227 5877 2273 5898 bu
