4056 6302
663 277 807 338 HIC

1224 279 1282 334 ς.
1324 278 1622 334 assensu
1656 276 2008 333 caurum.
2050 260 2368 332 ARCHIEP.
2400 274 2553 332 ore.
2589 274 2768 336 rans
2805 275 2894 330 ιιι.
2936 305 3010 318 -
3043 261 3367 341 aptsrouz.

3685 301 3796 362 Illo

661 391 994 466 dignationis
1032 403 1225 449 vestra:
1270 385 1585 463 Suscepero,
1614 402 1707 449 aut
1731 394 1940 448 videam
1973 394 2060 449 cui
2111 394 2249 450 scri-
2277 393 2326 456 Α
2351 406 2506 446 amor
2556 405 2738 458 meus,
2787 391 3059 461 quomodo
3100 394 3285 466 vigilet,
3325 400 3584 481 intimetur.
3636 375 3802 482 Quippe

661 484 826 551 bitis;
861 493 975 548 aut,
1005 482 1090 537 vel
1117 498 1222 537 non
1251 483 1461 538 videam
1483 484 1570 538 cui
1600 500 1706 538 non
1739 484 2001 540 scribitis.

1169 620 1504 707 EPISTOLA
1559 621 1741 676 xux.

1260 730 1327 768 AD
1350 729 1640 768 HENRICUM.

657 799 866 856 Gratias
912 804 1018 871 agit
1041 820 1135 870 pro
1181 820 1332 870 auro,
1367 805 1420 857 in
1474 821 1576 873 quo
1618 815 1792 858 tanien
1835 804 1952 872 plus
1987 805 2240 859 laudatur

723 874 900 947 daulis
930 875 1135 926 animus
1170 891 1328 942 quam
1374 891 1582 927 mimus.
1629 873 1698 927 Et
1737 875 1938 928 veniam
1976 877 2101 944 petit
2142 893 2239 947 pro

721 940 978 996 Osbcrno.

724 1030 948 1084 Domino
994 1033 1292 1086 rcvcrcndo
1321 1043 1374 1086 et
1398 1034 1592 1097 amico,
1627 1033 1844 1088 domino
1892 1033 2059 1104 priori
2097 1033 2239 1090 Heu-

649 1135 791 1184 ntco,
825 1121 995 1176 frater
1022 1124 1324 1187 ANSELMUS,
1358 1123 1609 1180 Salutem.

721 1212 938 1268 Gratias
969 1215 1118 1269 vobis
1148 1231 1372 1284 magnas
1407 1216 1585 1269 scribo
1621 1230 1718 1285 pro
1738 1232 1871 1270 auro
1898 1218 2041 1286 quod
2073 1217 2230 1270 misi-

646 1305 784 1368 stis;
807 1306 901 1360 sed
948 1305 1116 1360 multo
1167 1308 1399 1374 inajorcs
1423 1309 1584 1361 corde
1615 1319 1770 1362 teneo
1797 1325 1895 1378 pro
1925 1310 2066 1364 bona
2102 1324 2230 1381 erga

646 1410 737 1450 me
779 1395 1095 1461 voluntate,
1153 1414 1312 1467 quam
1389 1399 1707 1452 retinuistis.
1763 1399 1936 1466 Quam
1993 1402 2234 1470 quotidie

645 1487 821 1542 multo
873 1488 1070 1543 melius
1114 1499 1167 1542 et
1217 1489 1420 1543 clarius
1477 1491 1730 1560 experior
1761 1491 1814 1545 in
1865 1491 2062 1547 dilecto
2114 1508 2233 1548 meo

645 1578 920 1630 communi
979 1576 1146 1632 fratre
1189 1588 1378 1634 nostro
1409 1578 1682 1645 Mauritio,
1711 1595 1874 1649 quam
1911 1581 1962 1634 in
1996 1581 2232 1636 millibus

643 1667 762 1720 auri
787 1676 836 1722 et
865 1669 1095 1738 argenti.
1126 1669 1206 1723 Ab
1235 1671 1318 1724 bis
1342 1670 1485 1724 enim
1515 1671 1606 1740 qui
1637 1671 1704 1726 ab
1727 1686 1793 1725 eo
1820 1671 2041 1726 veniunt
2071 1672 2231 1728 audio

2347 485 2492 542 sicut
2519 485 2586 539 de
2616 493 2706 539 tuo
2741 483 2934 539 alfectu
2989 499 3111 556 erga
3148 502 3223 540 me
3247 501 3401 547 certus
3421 511 3488 560 es,
3527 498 3591 553 ita
3616 500 3677 556 de
3707 519 3802 559 mea

2347 589 2474 645 erga
2509 584 2560 628 te
2586 590 2690 630 non
2720 575 2958 630 dubitas.
2990 575 3187 630 Idcirco
3213 578 3350 647 igitur
3378 591 3613 656 tantopere
3635 593 3805 662 scripta

2347 677 2468 717 mea
2513 662 2778 732 postulas,
2811 671 2869 716 ut
2899 663 3040 732 quod
3091 663 3140 717 in
3175 665 3340 720 intima
3381 682 3530 727 mente
3563 675 3807 736 formatum

2345 754 2548 823 pariter
2575 753 2837 825 gerimus,
2864 755 2916 808 in
2963 755 3146 808 charta
3170 757 3401 826 scriptum
3431 762 3606 830 videas,
3623 767 3807 824 videndo

2346 860 2511 916 tegas,
2542 845 2767 916 legendo
2803 845 3160 921 congaudeas.
3196 844 3292 898 Sed
3324 849 3455 916 quid,
3485 851 3522 905 si
3549 869 3632 908 nec
3665 857 3804 910 oculus

2345 937 2490 998 vidit,
2525 951 2617 989 nec
2641 937 2789 989 auris
2810 924 3034 998 audivit,
3067 935 3164 1002 sed.
3188 934 3342 988 solmn
3367 938 3414 989 in
3439 940 3720 1014 cor_hominis
3741 961 3805 997 as-

2342 1029 2537 1093 cendit,
2588 1043 2748 1098 quem
2803 1028 3054 1083 affectum
3099 1037 3380 1098 praeparent
3418 1029 3649 1101 diligentia
3680 1035 3802 1094 corda

2342 1120 2689 1191 diligentibus
2729 1121 2821 1175 se?
2853 1119 2902 1190 (I
2930 1121 3148 1189 Canuti,
3175 1119 3248 1190 9.)
3278 1119 3438 1174 Testis
3464 1122 3586 1176 enim
3613 1124 3716 1177 mihi
3745 1134 3806 1181 est

2343 1223 2572 1281 experta
2613 1212 2951 1268 conscientia
2995 1222 3105 1278 tua,
3137 1212 3256 1281 quia
3290 1211 3350 1242 ¹⁰⁷
3381 1227 3466 1266 nec
3504 1213 3602 1267 visu
3638 1215 3708 1278 ²⁰⁸,
3731 1232 3804 1271 nec

2341 1305 2526 1360 auditu
2556 1321 2718 1376 sapor
2743 1305 2903 1374 hujus
2935 1304 3158 1360 affectus
3202 1321 3231 1358 a
3275 1321 3518 1377 quoquam
3551 1309 3803 1378 percipitur;

2340 1397 2441 1452 nisi
2479 1405 2742 1466 quantum
2778 1405 2960 1450 mente
2991 1397 3059 1450 ab
3085 1410 3390 1464 unocunquc
3414 1397 3681 1466 concipitur.
3704 1397 3802 1450 Cum

2340 1486 2501 1555 igitur
2549 1487 2691 1542 scias
2745 1489 2871 1556 quia
2926 1501 3086 1556 sapor
3143 1485 3426 1540 dilectionis
3458 1487 3518 1516 ’⁸⁸³
3557 1487 3709 1551 oculis,
3733 1502 3805 1540 nec

2338 1578 2561 1633 auribus
2577 1579 2916 1649 agnoscitur;
2942 1579 3034 1633 sed
3063 1577 3181 1632 solo
3206 1579 3376 1632 cordis
3401 1592 3485 1632 ore
3505 1577 3804 1632 delectabiliter

2338 1677 2585 1737 gustatur
2616 1686 2628 1722 :
2660 1667 2858 1738 quibus
2897 1668 3077 1721 verbis
3114 1678 3206 1721 aut
3233 1667 3421 1737 quibus
3452 1666 3613 1719 litteris
3635 1683 3750 1721 meus
3767 1676 3808 1721 et

641 1774 740 1813 vos
765 1777 886 1815 eum
938 1771 1088 1816 tanto
1140 1763 1344 1817 honore
1374 1771 1428 1817 et
1475 1779 1661 1818 amore
1692 1771 1946 1828 tractare,
1977 1774 2036 1818 ut
2061 1779 2228 1833 appa~
2263 1741 2306 1800 Β
2338 1767 2462 1812 tuus
2490 1773 2645 1813 amor
2673 1759 3052 1815 describetur?
3090 1759 3158 1813 Et
3185 1768 3358 1813 tamen
3390 1766 3438 1811 tu
3469 1757 3605 1812 instas
3632 1758 3684 1788 ²¹⁰
3704 1758 3802 1811 mihi

645 1860 764 1905 reat
807 1867 902 1906 vos
935 1869 1038 1907 non
1098 1855 1309 1909 modice
1365 1870 1450 1909 me
1505 1855 1818 1910 dilectorem
1859 1856 1976 1925 ejus
2021 1871 2226 1910 amare.

641 1939 876 1996 Litteras
905 1958 1040 2011 quas
1086 1944 1411 2000 charissima
1452 1945 1562 2000 [ilio
1605 1954 1787 2001 vestro
1835 1945 1990 2001 fratri
2043 1956 2230 2002 nostro

640 2019 864 2087 Salvino
911 2035 1136 2091 misistis
1192 2036 1293 2108 legi
1334 2057 1349 2091 :
1385 2039 1437 2091 in
1474 2039 1669 2106 quibus
1721 2048 1828 2092 tam
1880 2038 2132 2108 benigne,
2175 2048 2229 2093 et

633 2131 879 2179 vestram
919 2141 1044 2196 erga
1092 2142 1212 2180 eum
1249 2129 1595 2196 expressistis
1623 2129 1999 2205 dileetionem,
2023 2140 2078 2184 et
2121 2131 2224 2186 mei

2337 1851 2662 1922 importune,
2702 1860 2761 1906 ut
2804 1850 3000 1906 faciam
3032 1852 3176 1920 quod
3223 1850 3338 1905 fieri
3367 1864 3463 1903 non
3502 1858 3654 1920 potest.
3681 1846 3805 1902 Suili-

2333 1943 2478 1998 siant
2507 1944 2662 2008 nobis
2688 1944 3034 1998 conscientiae
3049 1941 3465 2010 nostra:,quibus
3488 1940 3606 1994 nobis
3629 1940 3804 1993 invicem

2331 2036 2534 2091 conscii
2579 2052 2766 2091 sumius
2787 2045 3055 2104 quantum
3091 2050 3190 2090 nos
3225 2034 3508 2103 diligamus.
3535 2030 3808 2099 Omnipotens

2331 2129 2472 2183 Deus
2503 2131 2581 2185 sic
2637 2140 2688 2186 te
2738 2129 2946 2200 diligat,
2975 2139 3030 2191 et
3083 2129 3353 2200 diligendo
3383 2136 3614 2198 protegat.
3636 2135 3682 2179 ut
3709 2124 3804 2178 nihil

2330 2221 2422 2274 fiat
2452 2238 2482 2274 a
2510 2232 2580 2286 te,
2609 2233 2700 2275 aut
2733 2223 2785 2276 in
2821 2231 2893 2288 te,
2919 2224 3092 2276 autde
3122 2231 3200 2287 te,
3229 2221 3326 2280 nisi
3343 2221 3475 2290 quod
3496 2219 3558 2272 illi
3588 2219 3810 2291 placeat,et

2327 2310 2422 2365 tibi
2451 2313 2726 2381 expediat.

635 2215 758 2285 plus
787 2233 947 2287 quam
979 2233 1192 2274 merear
1228 2220 1501 2274 indidistis
1534 2222 1883 2286 mentionem,
1917 2235 1974 2277 ut
2003 2225 2072 2278 ibi
2101 2226 2221 2278 ani-

634 2307 1025 2364 madvcrterem
1081 2326 1331 2380 magnam
1369 2312 1656 2380 quamdam
1715 2314 1988 2382 sapienter
2044 2316 2219 2370 laten-

634 2406 764 2461 tem,
797 2407 852 2454 et
871 2399 1105 2455 latenter
1129 2402 1428 2472 sapientem
1459 2403 1924 2473 deprecationem;
1952 2416 2222 2474 quatenus

628 2499 753 2556 ego,
783 2502 942 2558 quem
976 2492 1054 2546 sic
1087 2493 1415 2560 describitis,
1441 2495 1732 2567 benignum
1775 2514 1900 2567 erga
1931 2499 2086 2564 alios,
2121 2500 2218 2566 illi,
2308 2525 2312 2532 ·

629 2594 791 2648 quem
848 2581 929 2637 sic
966 2583 1209 2655 diligitis,
1242 2587 1546 2658 impendam
1581 2603 1757 2642 meam
1782 2604 1968 2644 curam
2005 2599 2062 2644 et
2085 2589 2214 2646 dile-

629 2669 894 2725 ctionem.
937 2671 1005 2726 Et
1032 2674 1104 2728 ita
1139 2673 1252 2740 fiat,
1283 2676 1498 2744 quando
1522 2676 1742 2746 quidem
1765 2677 1836 2731 ita
1862 2678 2044 2733 vultis.
2077 2678 2211 2735 Cum

624 2759 771 2814 enim
797 2775 921 2815 eum
948 2778 1126 2819 amem
1161 2774 1380 2836 propter
1402 2766 1568 2821 Deum
1596 2775 1654 2821 et
1683 2775 1904 2837 propter
1925 2768 2162 2838 seipsum
2194 2785 2209 2825 :

623 2858 679 2902 et
707 2851 834 2920 quia
866 2855 1154 2910 conﬁtetur
1182 2872 1240 2910 se
1275 2857 1512 2913 amicum
1543 2873 1665 2913 esse
1707 2859 1909 2914 domini
1938 2858 2207 2926 Gondulli,

623 2941 802 2993 adhuc
829 2956 1039 2998 crescat
1069 2936 1242 3012 amor,
1268 2948 1394 3016 quia
1423 2957 1510 3003 est
1535 2949 1768 3003 dilectus
1805 2948 2008 3004 domini
2046 2950 2210 3019 prio-

625 3029 701 3083 ris
732 3030 971 3088 llenrici.
1014 3035 1069 3088 In
1116 3037 1319 3092 eisdem
1351 3037 1567 3102 litteris,
1601 3037 1879 3106 cujusdam
1910 3041 2083 3110 culpae
2119 3056 2212 3097 vc-

621 3121 768 3176 niam
797 3134 1092 3194 spontanea
1126 3129 1454 3199 benignitate
1486 3130 1662 3186 eidem
1712 3131 1912 3186 dilecto
1943 3139 2125 3188 vestro
2155 3142 2210 3187 et

619 3229 744 3269 meo
790 3232 1108 3275 concessam
1168 3223 1370 3277 inveni.
1431 3223 1498 3278 Et
1547 3223 1674 3292 quia
1721 3224 1967 3278 servulus
2005 3232 2206 3290 vester,

615 3305 789 3363 frater
817 3321 1001 3366 noster
1043 3313 1339 3379 Osbcrnns,
1369 3331 1492 3369 cum
1538 3331 1603 3370 eo
1646 3316 1854 3384 pariter
1882 3331 1941 3370 se
1971 3332 2075 3370 non
2110 3333 2208 3386 per

613 3401 945 3468 superbiam,
966 3405 1058 3458 sed
1079 3422 1174 3475 per
1191 3406 1605 3474 imprudentiam
1624 3422 1879 3476 peccasse
1903 3409 2202 3478 cognoscit,

617 3490 845 3543 nec‘sibi
896 3493 1059 3546 sentit
1110 3495 1374 3548 indultum
1421 3510 1570 3560 esse;
1617 3505 1871 3550 maestum
1916 3503 2014 3565 pro
2045 3498 2202 3567 culpa

613 3587 670 3634 et
699 3579 989 3635 sollicitum
1015 3585 1080 3636 de
1111 3586 1262 3638 venia
1301 3586 1541 3655 percepi.
1567 3586 1766 3640 Precor
1789 3587 1954 3657 igitur
1975 3599 2034 3641 ut
2056 3589 2200 3656 quod

611 3667 667 3722 in
696 3684 782 3733 me
811 3668 1063 3737 laudatis,
1098 3689 1308 3728 mecum
1353 3674 1406 3727 in
1445 3675 1594 3730 vobis
1634 3677 1936 3732 cxhiheatis
1965 3695 1980 3733 :
2013 3687 2202 3747 quate-

616 3774 719 3811 nus
754 3775 961 3814 mecum
1011 3777 1176 3833 super
1197 3762 1539 3820 atilictioncm
1561 3765 1677 3834 ejus
1701 3767 1784 3836 pia
1811 3777 2088 3838 gestantes
2116 3769 2198 3823 vi-

607 3861 784 3913 scera,
809 3850 948 3905 sicut
967 3851 1187 3907 Salvino
1213 3844 1508 3910 indulsistis
1535 3866 1756 3926 propter
1772 3869 2005 3915 vestram
2027 3860 2196 3916 solam

604 3939 922 4008 bonitatem,
947 3944 1020 3998 ita
1045 3945 1293 4001 Osbcrno
1326 3947 1610 4002 dimittatis
1639 3950 1682 4003 si
1710 3951 1839 4020 quid
1870 3951 1922 4004 in
1948 3967 2044 4006 vos
2071 3967 2197 4022 pec-

602 4034 766 4098 cavit,
810 4047 1033 4105 propter
1090 4049 1326 4094 vestram
1379 4040 1794 4110 benignitatem,
1848 4051 1904 4098 et
1949 4053 2192 4099 nostram

602 4123 808 4179 charitn
818 4134 946 4180 teni.

2744 2425 2907 2497 33o
2936 2425 3276 2480 EPISTOLA
3332 2421 3394 2478 ιι
3429 2423 3509 2477 ιιι.

2905 2531 2972 2569 ΑΙ)
2999 2531 3309 2571 κλυιιιτιωι

2322 2607 2400 2662 De
2419 2610 2643 2676 acceptis
2663 2607 2900 2662 Mauritii
2927 2609 3134 2679 litteris,
3158 2619 3209 2663 et
3231 2604 3601 2679 proximopiltius
3620 2603 3662 2656 in
3674 2597 3816 2679 North-

2390 2673 2658 2732 mamiium
2696 2679 2889 2732 reditu.
2935 2678 3109 2732 Poscit
3153 2673 3413 2733 ut'secum
3438 2675 3615 2744 deferat
3642 2673 3817 2740 aphoris-

2395 2765 2503 2803 mos
2531 2766 2649 2803 cum
2674 2748 2882 2820 glossis.

2390 2863 2596 2917 Damno
2639 2861 2836 2925 amico,
2867 2859 3047 2926 fratri,
3085 2859 3201 2916 tilio
3246 2857 3554 2918 charissimo
3591 2853 3816 2912 lituum

2320 2950 2491 3006 frater
2513 2950 2816 3014 Auseuus,
2846 2951 2925 3008 sic
2947 2950 3221 3018 proiicere
3250 2949 3317 3004 de
3338 2946 3524 3000 virtute
3546 2944 3592 2997 in
3610 2942 3814 2998 νίτωιωι.

2319 3049 2378 3094 ut
2404 3041 2680 3099 adlta'reat
2706 3041 2888 3094 virtuti
2921 3042 3206 3096 virtutum.

2387 3130 2652 3186 Pcrlectis
2673 3131 2985 3188 dilectionis
3018 3143 3124 3187 tua:
3151 3149 3332 3204 nuper
3353 3126 3577 3186 dilectori
3597 3135 3670 3178 tuo
3684 3119 3820 3176 missis

2313 3222 2528 3288 litteris,
2561 3232 2614 3278 et
2659 3221 2885 3279 affectus
2917 3225 2993 3279 tni
3024 3227 3384 3295 expressione
3409 3240 3520 3280 sum
3551 3216 3818 3288 jucundam.

2310 3322 2365 3369 et
2389 3314 2596 3369 reditus
2617 3315 2690 3369 tui
2715 3316 3075 3384 promissione
3095 3332 3221 3371 sum
3239 3317 3554 3374 lmiiﬁcatus.
3575 3304 3818 3366 Sicntenitn

2309 3419 2431 3458 cum
2464 3405 2708 3476 diligenti
2740 3407 2870 3460 mihi
2899 3409 3103 3477 pariter
3131 3407 3410 3479 diligendo
3437 3403 3709 3474 respondes,
3725 3411 3819 3451 colt-

2307 3496 2545 3564 gaudeo;
2576 3497 2656 3552 sic
2695 3497 2879 3552 dilecti
2932 3499 3216 3555 dilectoris
3244 3501 3353 3555 mei
3382 3495 3641 3570 praesentia
3666 3499 3822 3556 semper

2306 3587 2411 3642 frui
2458 3589 2728 3644 desidero.
2781 3590 2854 3644 De
2899 3605 3007 3659 quo
3057 3593 3240 3646 reditu
3293 3601 3390 3648 tuo
3436 3604 3531 3644 nec
3569 3577 3825 3642 reverendus

2305 3679 2436 3734 milii
2469 3681 2912 3752 archiepiscopus
2939 3683 3244 3752 quidquam
3279 3681 3568 3743 mandavit,
3593 3679 3708 3732 sicut
3728 3671 3821 3725 olim

2304 3777 2356 3823 te
2383 3768 2592 3838 opinari
2649 3771 2701 3824 in
2746 3771 2974 3840 epistola
3020 3773 3262 3842 quadam
3305 3783 3396 3828 tua
3431 3763 3826 3827 monstrastiwm

2315 3860 2516 3915 domno
2561 3862 2762 3928 abbati,
2792 3863 2836 3917 si
2885 3863 3144 3929 redieris,
3171 3865 3517 3935 displicebit;
3545 3859 3665 3930 quod
3690 3858 3730 3909 in
3754 3867 3824 3904 ea

2299 3951 2418 4006 dem
2457 3953 2728 4023 scriptura
2769 3964 2824 4009 te
2855 3955 3048 4010 timere
3090 3956 3456 4026 signiﬁcasti;
3489 3963 3546 4010 et
3585 3949 3694 4005 mihi
3714 3941 3830 3998 valde

2298 4041 2552 4112 placebit.
2583 4046 2727 4113 Quod
2766 4055 2824 4100 ut
2871 4055 3001 4116 puto
3048 4063 3336 4117 nunquam
3374 4045 3638 4103 dubitasti.
3664 4038 3828 4094 Glossas

2299 4133 2600 4202 aphorismi
2629 4135 2674 4190 si
2721 4151 2911 4191 omnes
2943 4146 3097 4205 potes
3125 4138 3377 4194 scribere
3403 4135 3637 4208 gaudeo;
3660 4128 3728 4183 sin
3763 4139 3831 4177 ain

1109 4221 1440 4277 EPISTOLA
1500 4222 1540 4276 L
1580 4224 1670 4278 ¹⁰⁶.
2304 4233 2548 4290 tem,eas
2572 4225 2694 4296 qua:
2713 4237 2840 4282 sunt
2860 4227 3172 4284 Grascorum
3191 4241 3293 4284 aut
3321 4229 3685 4289 inusitatorum
3705 4216 3832 4273 nomio

1170 4329 1235 4368 AD
1265 4328 1608 4371 GONDULFUH.

1029 4402 1336 4460 Familiaris
1392 4417 1465 4460 est
1500 4403 1736 4470 cpistola.

667 4489 852 4546 Fratri
877 4493 1067 4559 frater,
1093 4496 1289 4552 dilecto
1312 4499 1564 4563 dilectus,
1580 4499 2185 4568 GounurroAusswus,

599 4583 654 4640 in
693 4583 794 4639 hac
815 4585 924 4639 vita
966 4587 1299 4654 diuturnam,
1338 4599 1392 4644 et
1421 4591 1474 4644 in
1502 4593 1618 4646 dies
1647 4593 2014 4662 proﬁcientem
2047 4611 2174 4650 sau-

595 4675 874 4741 Ctitatem,
913 4676 966 4731 in
1011 4677 1191 4733 futura
1219 4680 1384 4735 vitam
1411 4691 1690 4750 .eternam,
1722 4695 1776 4741 et
1799 4700 2014 4756 semper
2041 4687 2186 4742 sum.

593 4769 828 4825 cientem
858 4769 1196 4829 felicitatem.

663 4858 866 4917 Omnes
915 4872 1183 4934 quotquot
1209 4864 1488 4920 veniunta
1518 4865 1717 4921 domno
1763 4867 2054 4935 Gondulfo,
2093 4886 2181 4926 rc-

593 4951 777 5008 ferunt
819 4957 961 5025 quod
1001 4957 1213 5014 litteras
1263 4973 1413 5014 meas
1441 4959 1716 5014 desiderat
1760 4961 1991 5018 domnus
2034 4963 2180 5020 Gon-

593 5042 792 5098 dult‘ns.
837 5045 892 5099 ln
919 5049 1117 5117 quibus
1147 5049 1284 5106 bene
1315 5052 1436 5106 novi
1469 5052 1594 5122 quia
1625 5051 1758 5106 nihil
1799 5052 1942 5106 aliud
1993 5070 2182 5126 exspe-

588 5141 725 5199 ctas,
757 5135 856 5190 nisi
914 5146 975 5192 ut
1017 5148 1265 5196 mutuum
1310 5152 1512 5198 nostra:
1564 5143 1870 5198 dilectionis
1925 5143 2176 5198 allectum

591 5222 760 5294 legas.
795 5225 948 5293 Quod
989 5232 1206 5301 quidem
1253 5243 1438 5289 certus
1466 5250 1583 5290 sum
1616 5236 1743 5304 quia
1790 5252 1895 5290 non
1951 5236 2084 5290 facis
2119 5247 2178 5291 ut

592 5328 748 5368 amor
784 5324 930 5384 tuus,
959 5335 1029 5375 ne
1071 5323 1401 5392 obdormiat,
1433 5325 1628 5382 litteris
1657 5328 1954 5394 excitetur;
1987 5339 2083 5383 aut
2122 5337 2184 5382 ut

2295 4332 2423 4370 num
2477 4333 2545 4372 ne
2568 4318 2790 4375 deseras
2818 4321 2886 4352 ἰ’
2917 4321 3204 4378 admoneo.
3238 4323 3610 4399 Quodtamen
3636 4308 3836 4399 tempori?

2223 4451 2266 4505 Β
2295 4408 2348 4462 in
2385 4409 2563 4466 libello
2590 4413 2656 4467 de
2683 4411 2928 4505 pulsibus
2957 4413 3232 4470 insumere
3261 4397 3562 4476 deliberas,
3582 4407 3706 4505 inan
3728 4397 3838 4505 uta-tl

2299 4501 2690 4571 perliciendum
2733 4504 2995 4574 quidquid
3047 4513 3133 4560 est
3166 4505 3218 4558 in
3251 4492 3838 4584 aphorismoimpendas.’

2289 4591 2407 4646 Non
2444 4591 2590 4646 enim
2648 4592 2887 4661 ejusdem
2945 4592 3110 4649 libelli
3161 4594 3404 4652 scicntia
3458 4589 3607 4645 utilis
3647 4577 3841 4648 eshttiSi

2289 4685 2730 4753 frequentissimo
2776 4695 2832 4740 et
2877 4685 3298 4754 diligentissimo
3333 4701 3436 4738 usu
3479 4698 3538 4737 se
3586 4678 3671 4734 illa
3713 4683 3839 4728 occ“-

2288 4773 2562 4845 pautibus.
2591 4775 2647 4828 Si
2680 4775 2808 4844 quid
2839 4786 3016 4829 tamen
3045 4784 3166 4844 post
3187 4775 3597 4844 aphorismum,
3624 4777 3674 4822 et
3696 4761 3844 4818 δειλοί

2289 4875 2465 4936 potes,
2512 4865 2744 4921 libenter
2791 4867 3022 4937 accipio.
3073 4865 3149 4921 De
3194 4876 3436 4934 utroque
3481 4864 3583 4917 hoc
3627 4853 3846 4928 νηξάβκ

2292 4970 2487 5009 rnoneo
2511 4965 2564 5010 ut
2591 4956 2851 5026 quidquid
2878 4955 3073 5011 feceris
3103 4957 3517 5011 studiosissima
3541 4946 3854 5019 quuisitioae

2291 5056 2623 5111 correctura,
2653 5047 2874 5117 dignum
2925 5047 2995 5101 sit
3041 5046 3146 5102 dici
3202 5047 3534 5116 perfectum.
3575 5039 3704 5095 Malo
3739 5032 3847 5087 enim

2293 5140 2347 5194 in
2404 5139 2584 5210 ignota
2645 5140 3009 5210 inusitataqne
3058 5141 3329 5208 scriptura
3376 5147 3597 5208 partem
3635 5133 3852 5197 integram

2291 5233 2544 5298 veritate,
2573 5247 2734 5300 quam
2763 5241 2933 5285 totum
2965 5243 3279 5302 corruptum
3311 5229 3586 5283 falsitate.
3617 5223 3743 5276 Ante
3764 5228 3852 5313 oili.-

2287 5328 2377 5382 nia
2429 5328 2632 5398 gratias
2689 5327 2808 5391 tibi,
2845 5333 3078 5396 quantas
3130 5339 3380 5392 possum,
3419 5338 3570 5396 ago;
3612 5315 3730 5388 quia
3769 5307 3858 5362 ubi.

1885 5462 2120 5521 VARIE
2159 5462 2562 5520 LECTIONES.

674 5546 746 5578 m
782 5548 1242 5625 Cuiuprgnotutis
1269 5555 1469 5610 duobus
1507 5571 1630 5608 utss.
1665 5558 1856 5611 collata
1930 5559 2000 5590 ²⁰⁷
2034 5557 2414 5620 Conscientia;
2450 5556 2577 5625 quia
2618 5572 2715 5610 ms.
2746 5557 2797 5610 l.
2823 5554 3170 5612 Conscientia
3198 5563 3308 5625 tua,
3327 5552 3478 5625 quia
3558 5547 3632 5580 '”
3659 5541 3759 5625 N8}?

589 5613 945 5696 ειξξσλειιιξςιὶζ
994 5621 1210 5676 Picardi
1251 5641 1348 5696 nec
1379 5626 1494 5680 \‘islt
1572 5628 1641 5657 ¹⁰⁹
1673 5628 1810 5694 Quia
1859 5629 2166 5684 dilectionis
2215 5645 2340 5681 mss.
2383 5613 2507 5696 quia
2561 5641 2729 5696 sapor
2774 5625 3082 5681 dilectionis
3155 5625 3226 5656 ¹¹⁰
3265 5613 3518 5696 injustas
3569 5613 3863 5672 insainslﬂ

593 5685 657 5714 ἰ’
693 5682 822 5742 Cum
847 5690 1028 5746 iisdem
1060 5708 1182 5747 mss.
1213 5693 1403 5748 collata
1479 5697 1546 5727 ¹¹⁹
1586 5682 1887 5753 ὃὶιιῖιιιιὲιιι
1923 5682 2088 5756 eas...
2123 5682 2343 5758 deseras
2378 5682 2502 5754 ints.
2547 5682 2641 5753 sin'
2695 5705 2876 5756 autem
2904 5715 2915 5752 ε
2947 5712 3059 5753 eas.
3099 5746 3104 5749 .
3135 5711 3201 5752 ne
3255 5682 3502 5752 deseras
