4056 6302
231 383 358 444 “Il

1455 373 1583 430 LIB.
1623 372 1661 439 ι,
1693 347 1906 428 arts‘r.
1945 349 2080 427 Ltv‘

3349 365 3485 420 1192

229 507 439 568 cunque
479 496 559 552 sic
589 491 750 558 vivis,
782 502 841 548 ut
876 505 1184 563 quanquam
1221 505 1327 544 non
1366 503 1485 557 ego,
1517 488 1610 543 sed
1641 485 1810 556 Spiri-
1835 492 1884 549 Α
1912 485 2140 550 nachus,
2180 499 2276 554 per
2324 481 2606 553 prtesentis
2633 479 2703 512 m
2730 478 2852 534 vita:
2895 477 3261 545 sanctitatem,
3295 478 3488 534 futurae

232 598 317 642 tus
364 596 586 641 sanctus
639 592 690 638 te
726 582 865 637 bene
894 582 1076 635 vivere
1121 579 1386 644 docuerit,
1417 589 1592 631 tamen
1637 578 1808 631 honor

232 675 360 729 mihi
384 674 547 729 etiam
580 673 649 725 sit
677 671 818 724 inter
841 671 1052 741 ignotos
1078 677 1132 723 et
1157 667 1487 736 alienigenas
1520 665 1677 720 talem
1709 679 1807 717 nu-

232 765 391 819 trisse
433 747 770 830 discipulum.
801 761 975 814 Tanto
1004 760 1220 827 utrique
1246 759 1356 811 eris
1398 757 1504 810 Deo
1535 766 1589 810 et
1617 755 1808 808 amicis

232 853 325 906 Dei
371 851 608 915 c'tarior,
647 859 849 918 quanto
899 848 1066 901 fueris
1121 849 1170 899 iu
1227 846 1525 915 periculosa
1578 858 1807 899 conver-

231 941 442 995 satione
475 940 726 993 inventus
755 938 1048 1007 probatior.
1079 936 1228 1001 Vale,
1260 946 1312 989 et
1333 951 1465 990 cave
1492 950 1558 989 ne
1587 935 1811 1003 proruit-

233 1029 394 1082 tendo
437 1028 690 1091 reditum,
725 1035 778 1080 et
803 1041 906 1079 non
940 1024 1237 1090 redeundo,
1265 1024 1499 1077 amicum
1535 1031 1682 1075 tuum
1719 1022 1810 1075 de-

232 1119 406 1172 ludas.
440 1115 626 1171 Saluta
648 1116 906 1171 dilectum
930 1114 1155 1168 fratrem
1192 1124 1436 1167 nostrum
1475 1109 1812 1168 domuumm

234 1209 574 1264 Herluinum.

351 1311 354 1319 ‘
483 1293 485 1296 ⁴
731 1291 1064 1351 EPISTOLA
1112 1293 1196 1348 ιιι
1223 1293 1314 1348 “ﬁ

832 1423 899 1460 AD
924 1419 1222 1461 FULCONUM.

239 1494 308 1550 Ut
348 1495 576 1550 oblatam
625 1496 926 1565 dignitatem
975 1495 1258 1562 suscipiat,
1295 1509 1452 1564 quam
1490 1497 1602 1547 sine
1635 1493 1812 1548 mobe-

613 1565 811 1618 dieutia
841 1581 944 1617 non
977 1575 1140 1634 potest
1174 1578 1433 1616 recusare.

307 1657 518 1711 Domno
543 1665 597 1711 et
643 1655 789 1710 Patri
823 1657 1121 1710 reverenda
1146 1657 1240 1722 ιιι,
1269 1655 1446 1709 amico
1489 1653 1815 1710 charissimo

237 1746 498 1813 FULCONI,
528 1748 699 1802 frater
731 1748 1037 1812 Aussutus,
1080 1747 1159 1802 sic
1202 1749 1252 1801 in
1290 1747 1539 1818 praesenti
1570 1745 1675 1798 vita
1717 1758 1815 1813 per

1907 576 2107 629 mereri
2137 574 2472 628 felicitatem.

1977 666 2108 720 Cum
2135 666 2390 734 scriptum
2415 664 2480 718 sit
2513 681 2526 716 :
2553 661 2743 716 Omnia
2772 657 2858 730 {ac
2882 675 2998 712 cum
3022 658 3262 722 consilio,
3294 669 3339 712 et
3373 667 3488 728 post

1906 757 2104 825 factum
2155 772 2256 809 non
2302 753 2564 824 pmnitebis
2590 751 2778 820 (Et-cli.
2817 765 2987 813 xxx”,
3041 748 3169 819 2i);
3209 759 3265 802 et
3313 749 3488 803 alibi:

1909 845 2169 911 Quoniam
2196 843 2346 911 quasi
2391 852 2654 912 peccatum
2697 838 2962 892 ariolandi
3001 846 3073 891 est
3102 853 3409 906 repugnare,
3442 847 3490 890 et

1907 935 2059 1006 quasi
2073 933 2240 989 scelus
2258 932 2555 986 idololatria
2575 929 2711 983 nolle
2727 930 3048 999 acquiescere
3063 926 3111 997 (l
3131 927 3258 996 Reg.
3277 928 3488 998 xxv,3);

1907 1031 2062 1086 valde
2092 1029 2246 1085 nobis
2282 1027 2582 1082 cavendum
2613 1035 2695 1080 est
2736 1040 2801 1080 ne
2837 1035 3098 1088 nostram,
3143 1033 3335 1079 contra
3368 1041 3488 1078 om-

1909 1124 2059 1178 nitun
2128 1120 2447 1183 consilium,
2501 1118 2728 1172 nimium
2777 1132 3070 1186 sequamur
3126 1115 3490 1178 voluntatem,

1911 1212 2120 1266 etiamsi
2151 1220 2296 1266 recta
2326 1209 2481 1264 nobis
2522 1209 2787 1262 videatur.
2829 1205 3015 1274 Neque
3054 1208 3200 1261 enim
3232 1205 3492 1276 quidquid

1913 1303 2133 1372 singulis
2154 1311 2360 1357 rectum
2393 1300 2628 1364 videtur,
2655 1308 2860 1354 rectum
2884 1310 2999 1363 est;
3033 1299 3288 1368 quoniam
3319 1301 3494 1365 scrip-

1913 1402 2022 1446 tum
2052 1399 2136 1446 est
2164 1409 2176 1444 :
2209 1389 2306 1444 Via
2351 1389 2498 1444 stulti
2528 1400 2667 1443 recta
2705 1391 2761 1443 in
2803 1388 2967 1442 oculis
3015 1389 3130 1457 ejus
3172 1386 3356 1457 (Prov.
3387 1402 3484 1451 xu,

1913 1483 2040 1552 13);
2095 1491 2190 1537 et:
2219 1481 2356 1536 Sunt
2401 1481 2499 1535 vite
2521 1475 2638 1550 qua:
2680 1478 2924 1532 videntur
2970 1476 3266 1530 hominibus
3312 1485 3494 1538 rectm,

1911 1587 2135 1643 quarum
2187 1571 2311 1639 ﬁnis
2358 1586 2522 1641 usque
2551 1570 2618 1623 ad
2657 1567 2975 1637 profundum
3004 1564 3199 1634 inferni
3228 1561 3495 1616 descendit

1914 1659 2095 1730 (Prov.
2147 1675 2259 1727 XIV,
2293 1659 2404 1730 12).
2461 1659 2800 1728 Quapropter
2849 1671 2936 1721 ne,
2995 1667 3146 1708 more
3187 1654 3497 1716 stultorum,

1914 1766 2151 1807 errorem
2215 1750 2595 1806 reetitudinem
2651 1747 2991 1816 iudicantes,
3045 1754 3328 1799 teneamus
3383 1743 3498 1796 vias

233 1839 478 1892 divinam
511 1839 737 1908 gratiam
762 1839 993 1908 disponi,
1014 1850 1072 1893 ut
1095 1839 1147 1892 in
1171 1837 1352 1892 futura
1375 1837 1580 1892 sanctis
1603 1850 1813 1891 merea-
1843 1817 1886 1876 Β
1913 1855 2139 1911 quarum
2167 1839 2289 1893 nnis
2315 1853 2486 1908 usque
2512 1839 2579 1892 ad
2614 1835 2938 1906 prolundum
2967 1832 3162 1887 inferni
3190 1830 3493 1894 descendit,
3561 1862 3584 1878 .

243 1939 334 1983 tur
360 1931 579 2000 apponi.

313 2019 468 2088 Cogit
497 2033 584 2074 me
615 2019 785 2073 dulcis
814 2019 941 2074 mihi
983 2020 1245 2074 sanctitas
1280 2027 1458 2074 vestra
1490 2005 1602 2074 suis
1642 2019 1813 2088 preci-

233 2108 342 2164 bus
368 2111 701 2178 promittere,
746 2119 799 2163 et
839 2111 978 2179 quod
1026 2123 1240 2179 semper
1283 2111 1518 2165 servitus
1558 2124 1675 2161 mea
1707 2123 1812 2162 non

233 2200 604 2268 promittendo
652 2209 900 2270 prompta
949 2208 1052 2266 est,
1107 2208 1267 2268 prout
1313 2209 1520 2268 potest,
1575 2199 1810 2254 efficere.

233 2291 414 2346 Tanta
439 2306 670 2360 namque
691 2291 899 2346 vilitate
923 2291 1151 2362 deprimi
1173 2292 1285 2345 seio
1315 2291 1366 2344 in
1391 2296 1690 2358 conspectu
1719 2288 1812 2343 Dei

229 2395 388 2435 meas
415 2381 710 2446 orationes,
751 2389 807 2434 ut
850 2380 1010 2434 alicui
1060 2395 1152 2435 eas
1200 2381 1441 2449 polliceri
1470 2394 1556 2432 me
1584 2381 1809 2448 pudeat;

228 2481 292 2524 et
322 2471 403 2526 sic
431 2485 516 2524 me
558 2480 794 2531 vestrum
839 2473 1048 2537 devovi,
1079 2481 1138 2526 ut
1169 2486 1268 2542 pro
1297 2472 1447 2524 vobis
1486 2470 1814 2541 possibilitas

228 2574 361 2615 mea
390 2561 632 2630 quotidie
676 2577 834 2616 orare
879 2563 1111 2618 studeat.
1151 2564 1489 2631 Quapmpter
1509 2571 1565 2617 et
1604 2563 1658 2616 in
1689 2563 1808 2624 hoc,

230 2653 307 2708 de
335 2668 442 2722 quo
469 2653 596 2707 mihi
643 2653 838 2709 litteris
866 2657 979 2709 suis
999 2655 1214 2728 dilectio
1237 2665 1418 2712 vestra
1461 2669 1632 2724 nuper
1657 2669 1813 2708 man—

229 2742 386 2797 davit
418 2743 668 2813 negotio;
699 2752 755 2798 et
785 2746 838 2798 iu
867 2745 1118 2799 omnibus
1147 2761 1266 2814 qua:
1288 2745 1354 2800 ad
1400 2760 1495 2799 vos
1519 2745 1810 2814 pertinent,

227 2831 508 2886 orationes
530 2841 748 2887 nostras
763 2832 1167 2903 qualescunque
1185 2826 1486 2899 sint,'vobis
1499 2849 1602 2889 non
1625 2834 1813 2888 deesse

228 2921 444 2977 sciatis.
473 2922 709 2977 Consilio
745 2932 925 2978 autem
957 2933 1143 2979 nostro
1166 2924 1294 2979 licet
1321 2933 1501 2979 vestra
1527 2923 1810 2994 prudentia

226 3022 344 3064 non
367 3019 549 3079 egeat;
576 3019 756 3065 tamen
787 3011 911 3080 quia
945 3011 1176 3081 iubetis,
1209 3013 1446 3068 breviter
1481 3012 1609 3068 illud
1653 3011 1811 3066 sche-

226 3094 360 3150 dula
391 3111 629 3164 prmsens
659 3099 932 3154 exhibeat.
962 3100 1175 3155 Scimus
1204 3101 1420 3168 quidem
1445 3101 1698 3169 quoniam
1729 3109 1808 3154 tu-

227 3183 521 3238 tiusmest
535 3185 740 3240 homini
758 3186 1120 3241 infirmitatem
1145 3203 1297 3241 suam
1321 3202 1534 3255 semper
1554 3188 1810 3255 timendo,

223 3279 500 3342 quantum
558 3273 611 3326 in
657 3287 718 3326 se
763 3283 866 3340 est,
916 3285 1024 3329 tam
1075 3290 1326 3344 magnum
1376 3291 1514 3330 onus
1542 3275 1810 3346 refugere,

223 3361 398 3432 quam
431 3361 496 3417 de
527 3365 734 3428 viribus
759 3365 1074 3421 conlidendo
1103 3367 1357 3422 humeros
1392 3365 1552 3422 facile
1584 3370 1814 3424 submit-

225 3461 372 3509 tere.
409 3451 512 3507 Sed
537 3455 791 3522 quoniatn
823 3458 1082 3525 scriptum
1106 3466 1188 3512 est
1215 3475 1228 3511 :
1259 3457 1426 3512 Nemo
1451 3470 1682 3513 nostrum
1712 3461 1810 3514 sibi

221 3544 377 3605 vivit,
401 3552 447 3595 et
473 3549 620 3597 nemo
649 3545 746 3598 sibi
773 3547 1023 3610 moritur;
1053 3547 1142 3600 sed
1169 3549 1274 3600 sive
1302 3550 1542 3611 vivimus,
1574 3551 1680 3602 sive
1700 3566 1808 3604 mo-

221 3633 424 3696 rimur,
449 3632 888 3705 Dominisumus;
916 3636 993 3691 sic
1023 3653 1120 3691 nos
1147 3647 1358 3706 oportet
1389 3639 1530 3694 inter
1562 3641 1809 3696 timorem

219 3721 466 3790 propria;
507 3722 856 3789 infirmitatis,
896 3735 951 3779 et
993 3725 1353 3782 obedientiam
1399 3727 1692 3785 Dominicze
1717 3746 1811 3785 vo-

219 3810 479 3879 luntatis,
502 3815 588 3867 via
610 3814 951 3870 discretionis
974 3817 1242 3884 incedere,
1270 3830 1328 3874 ut
1354 3833 1604 3875 neutrum
1627 3822 1810 3876 videa-

219 3917 357 3957 mur
414 3904 665 3974 abiicere.
714 3907 770 3961 in
828 3909 1017 3977 primis
1063 3925 1190 3979 ergo
1222 3926 1318 3964 vos
1372 3912 1566 3966 divinae
1622 3912 1808 3981 pietati

218 4007 370 4062 puro
393 3995 590 4050 mentis
617 3994 910 4062 all‘ectrt,'ut
931 3999 1094 4052 vitam
1121 4010 1352 4054 vestram
1386 4001 1440 4055 in
1470 4003 1809 4072 beneplacito

217 4090 331 4138 suo
371 4084 641 4153 disponat,
668 4089 1038 4143 commendate
1073 4108 1087 4144 :
1119 4091 1309 4146 deinde
1359 4093 1586 4162 simplici
1629 4104 1808 4149 mente

216 4185 280 4229 et
336 4175 520 4230 humili
544 4188 761 4243 conatu,
794 4180 1206 4253 quibuscunqnc
1243 4186 1414 4239 modis
1437 4188 1681 4256 potestis,
1711 4205 1807 4244 cx-

215 4272 397 4331 cepto‘
433 4266 547 4319 solo
591 4277 839 4335 peccato,
872 4285 1010 4326 onus
1055 4274 1237 4328 subire
1271 4284 1536 4331 recusate.
1571 4277 1723 4344 Quod
1757 4279 1806 4336 si

214 4352 335 4407 nisi
367 4367 465 4421 per
505 4367 788 4423 peccatum
819 4360 1090 4418 declinare
1125 4379 1228 4419 non
1272 4367 1518 4434 potestis,
1550 4368 1806 4424 obedien-

1913 1945 2254 2001 nequaquam
2295 1929 2687 1997 unusquisque,
2717 1941 2815 1982 suo
2862 1924 3230 1978 inexaminato
3268 1921 3496 1988 iudicio,

1911 2021 2036 2075 vita:
2055 2037 2166 2075 suae
2188 2020 2348 2075 debet
2376 2020 2623 2074 ordinem
2654 2017 2996 2072 committere
3022 2030 3037 2080 ;
3060 2014 3155 2069 sed
3191 2012 3496 2082 diligenter,

1913 2125 1982 2164 ne
2029 2110 2409 2180 plurimorum,
2439 2119 2494 2162 et
2525 2109 2762 2162 maxime
2803 2106 3130 2175 sapientum.
3157 2103 3381 2171 iudicio.
3407 2108 3497 2154 aut

1911 2200 2252 2264 obedientiae,
2277 2208 2369 2252 aut
2404 2197 2818 2259 misericordiae,
2846 2203 2939 2248 aut
2967 2195 3200 2262 denique
3236 2191 3497 2247 cbaritati

1913 2297 2196 2358 repugnet,
2225 2289 2578 2358 perpendere.
2598 2287 2750 2342 Unde
2775 2285 2948 2354 magis
2973 2295 3055 2339 est
3079 2283 3379 2338 mirandum
3403 2296 3502 2335 cur

1913 2387 2093 2434 vestra
2150 2378 2410 2432 sanctitas
2462 2385 2757 2442 vestraque
2802 2373 3092 2442 prudentia
3149 2374 3261 2427 fere
3311 2380 3500 2425 c0ntra

1912 2466 2154 2521 omnium
2182 2463 2492 2528 consilium,
2518 2471 2709 2517 δοίητε)
2747 2461 3115 2516 obedientiam
3161 2461 3264 2514 sibi
3313 2460 3500 2514 divina

1913 2555 2268 2625 dispositione
2285 2553 2879 2623 perarchiepiscopum
2902 2567 3080 2616 suum,
3109 2550 3368 2620 et-regula
3379 2565 3493 2604 rem

1913 2650 2229 2705 electionem
2261 2649 2583 2718 iniunctam,
2613 2655 2805 2700 contra
2833 2643 3260 2700 misericordiam
3283 2650 3344 2697 et
3369 2643 3502 2696 cha-

1910 2741 2154 2805 ritatem,
2182 2753 2312 2793 oves
2331 2738 2432 2793 sibi
2471 2735 2793 2791 commissas
2828 2733 3084 2802 pastorali
3109 2747 3240 2786 cura
3271 2729 3502 2786 destitu-

1913 2840 2016 2895 tus,
2052 2830 2190 2901 lupis
2220 2827 2604 2883 infestantibus
2633 2824 2952 2879 lacerandas
2988 2821 3290 2876 deserendo
3333 2834 3503 2889 expc.

1911 2921 1991 2974 nit
2023 2938 2037 2974 :
2071 2919 2310 2989 quandiu
2339 2917 2421 2972 vel
2450 2931 2609 2970 unam
2640 2915 2953 2970 considerat
2982 2927 3076 2968 sua
3124 2926 3256 2966 cura
3305 2913 3372 2964 ad
3405 2925 3499 2964 sa-

1909 3009 2075 3064 lutem
2145 3021 2306 3079 posse
2367 3005 2656 3076 proficere.
2717 3004 3044 3072 Acquiescat
3095 3001 3260 3070 igitur
3314 3009 3502 3053 vestra

1911 3101 2174 3165 charitas,
2195 3098 2525 3168 acquiescat,
2551 3105 2606 3151 et
2627 3103 2704 3149 tot
2719 3094 2789 3124 ²¹⁹
2810 3092 3150 3147 orationibus
3171 3090 3398 3146 astricta
3431 3089 3502 3143 ad

1915 3191 2300 3247 monasterium
2337 3203 2496 3243 suum
2539 3188 2744 3250 redeat,
2771 3199 3070 3252 curamque
3091 3183 3361 3252 abiectam
3393 3181 3495 3235 mi-

1913 3282 2256 3340 sericorditer
2286 3287 2547 3342 resumat,
2584 3285 2645 3331 ut
2669 3276 2938 3331 desolatos
2966 3274 3298 3330 consolando
3326 3282 3382 3328 et
3410 3273 3500 3327 ad-

1907 3371 2167 3441 iuvando,
2188 3369 2384 3423 divina:
2401 3364 2788 3422 consolationis
2812 3373 2867 3418 et
2895 3362 3084 3417 auxilii
3103 3377 3498 3431 recompensa~

1913 3463 2114 3516 tionem
2143 3468 2434 3514 mereatur.
2465 3456 2602 3511 Nam
2647 3455 2942 3519 calumnia,
2970 3470 3090 3524 qua:
3117 3470 3214 3509 vos
3253 3455 3490 3507 maxime

1913 3561 2116 3607 terrere
2141 3549 2298 3614 solet,
2322 3553 2390 3602 ab
2411 3547 2606 3601 abbate
2636 3544 2695 3599 S.
2727 3543 2933 3599 Amulli
2984 3544 3063 3598 sic
3085 3553 3170 3598 est
3211 3557 3306 3612 per
3336 3558 3515 3596 comm

1912 3657 2124 3698 munem
2151 3640 2268 3709 eius
2291 3648 2347 3694 et
2370 3639 2596 3694 fratrum
2630 3635 2941 3690 monasterii
2965 3635 3131 3690 vestri
3166 3648 3496 3690 consensum

1910 3734 2197 3798 exstincta,
2229 3740 2289 3786 ut
2310 3735 2423 3802 iam
2455 3728 2599 3784 nullo
2625 3727 2785 3806 modo
2813 3741 2910 3780 vos
2945 3725 3218 3795 impediat.

2381 3837 2714 3894 EPISTOLA
2776 3835 2889 3892 LIV
2926 3836 3016 3888 ²²⁰.

2507 3942 2574 3980 ΑΙ)
2595 3940 2886 3980 ﬂENRICUI.

1981 4021 2048 4078 Ut
2075 4019 2446 4077 malevolorum
2476 4019 2730 4096 invidiam
2761 4027 2808 4070 et
2850 4015 3142 4072 calumnias
3168 4017 3426 4087 patienter
3509 4027 3512 4032 '

2561 4098 2836 4142 sustineat.

1981 4182 2206 4238 Domino
2227 4179 2441 4253 etPatri
2459 4194 2558 4240 suo
2579 4178 2922 4244 charissima,
2939 4177 3138 4232 domno
3163 4176 3330 4245 priori
3355 4175 3512 4232 llsu-v

1907 4289 2050 4338 meo,
2077 4271 2247 4328 frater
2280 4271 2585 4335 Ausaums,
2615 4269 2740 4323 vitae
2766 4266 3047 4338 praesentis
3078 4267 3340 4337 integram
3369 4283 3494 4338 pro-

1908 4362 2242 4433 speritatem,
2273 4369 2329 4415 et
2356 4358 2552 4414 futura:
2571 4367 2832 4414 attentam
2861 4356 3208 4412 felicitatem.

218 4443 568 4540 ter-subite,
601 4453 654 4498 et
703 4446 932 4540 sollicite
976 4461 1208 4521 portate.
1261 4453 1614 4526 Omnipotens
1662 4458 1805 4515 Deus
1837 4487 1882 4540 υ
1978 4459 2034 4513 Si
2077 4473 2172 4526 per
2192 4466 2432 4512 vestrum
2480 4453 2729 4508 nuntium
2772 4451 3079 4506 didicissem
3122 4465 3227 4520 qua
3259 4449 3518 4505 infamia.

215 4530 363 4583 nihil
389 4546 418 4583 a
451 4533 622 4597 vobis,
653 4543 745 4588 aut
773 4536 838 4591 de
862 4540 1014 4594 vobis
1050 4540 1162 4595 fieri
1189 4545 1490 4612 permittat,
1527 4547 1627 4602 nisi
1659 4550 1802 4616 quod

213 4618 303 4673 illi
333 4620 561 4688 placeat,
589 4632 644 4677 et
666 4625 820 4680 vobis
841 4629 1112 4697 expediat.
1533 4619 1542 4627 ’

706 4732 1040 4802 EPISTOLA
1059 4781 1062 4785 ν
1081 4729 1186 4798 Llll
1226 4745 1317 4798 ³³⁷.

793 4846 860 4885 ΔΙ)
890 4847 1233 4889 ουητειιωι.

258 4913 332 4969 Ut
370 4929 578 4989 propter
601 4917 919 4977 calumniam
948 4943 1048 5004 non
1070 4928 1282 4996 abjiciat
1310 4931 1478 5000 gregis
1503 4935 1764 4988 commissi

607 5010 609 5013 ’
911 5013 1112 5050 curam.

297 5077 508 5134 Domno
557 5093 611 5138 et
635 5082 783 5140 Patri
819 5089 1111 5143 venerabili
1148 5091 1328 5146 abbati
1359 5091 1675 5160 Gusnsno,
1699 5094 1800 5149 fra-

208 5177 316 5224 ter
345 5169 632 5229 Ansrzuus
667 5173 978 5247 Beccensis,
1008 5179 1114 5252 vita
1153 5191 1426 5249 peccator,
1460 5183 1644 5238 habitu
1683 5200 1799 5240 mo-

1907 4549 2276 4604 dill‘amaretur
2335 4545 2574 4601 charitas
2635 4551 2846 4610 vestra,
2914 4557 3021 4612 quo
3085 4542 3311 4610 dolore,
3375 4557 3519 4611 qua.

1824 4704 1828 4711 ,
1902 4645 2060 4715 33],
2121 4641 2338 4697 miseria
2373 4639 2707 4702 adiceretur;
2755 4647 2811 4692 et
2849 4637 3046 4699 exinde
3092 4653 3268 4693 meum
3310 4638 3516 4692 consi-,

1825 4800 1828 4806 ι
1907 4736 2032 4796 Iittm
2058 4743 2112 4788 et
2148 4731 2412 4798 auxilium
2448 4731 2827 4800 qumsiissetis,
2865 4729 3007 4784 sicut
3034 4728 3243 4790 dicitis;
3286 4737 3340 4781 et
3366 4727 3489 4780 nul-

1908 4824 2014 4888 lum
2065 4824 2417 4891 reddidissem
2461 4837 2777 4892 responsum
2839 4819 3077 4882 :fateor
3116 4820 3246 4888 quia
3296 4819 3492 4874 merito

1907 4901 2342 4978 admiraremini,
2375 4920 2432 4967 et
2452 4911 2706 4967 diceretis
2735 4924 2820 4964 me
2849 4908 3040 4970 fecisse
3073 4908 3218 4976 quod
3257 4923 3362 4962 non
3393 4909 3489 4962 de-

1905 5004 2139 5058 buerim.
2208 5002 2316 5058 Sed
2375 5004 2562 5058 eredat
2617 5002 2745 5055 mihi
2794 4999 3056 5055 sanctitas
3093 5009 3307 5063 vestra,
3361 5000 3513 5069 quia.

1908 5109 2183 5163 nunquam
2219 5093 2526 5165 huiusmodi
2567 5092 2816 5146 nuntituu
2861 5102 3101 5146 vestrum
3151 5091 3371 5147 memini
3404 5106 3490 5146 me

1904 5186 2141 5242 audisse.
2194 5186 2387 5241 Audivi
2437 5193 2616 5240 tamen
2662 5199 2692 5239 a
2745 5183 3099 5254 quibusdam,
3136 5200 3250 5242 non
3292 5185 3382 5254 qui
3429 5199 3488 5240 se

1511 5361 1746 5419 vitata:
1786 5343 2188 5422 moriones.

202 5511 370 5615 ω”ξ
397 5513 640 5600 Fratrem
676 5518 1230 5574 nostrumADominum
1262 5539 1358 5577 ms.
1391 5524 1440 5578 Ι.
1471 5505 1692 5581 fratrem
1729 5534 1876 5581 tuum
1906 5527 2188 5582 Dominum
2264 5528 2334 5560 ³³⁸
2368 5526 2497 5582 Cum
2533 5526 2746 5580 'duolms
2797 5524 3060 5594 pratrlictis
3106 5542 3229 5579 mss.
3281 5523 3478 5580 collata
3513 5505 3517 5510 ’

328 5583 396 5637 ΕΙ.
426 5585 598 5637 ῙἾὮΙΙῚ
637 5586 948 5637 lieverendo
977 5607 1104 5637 mss.
1129 5600 1183 5637 et
1211 5592 1352 5637 Patri
1391 5597 1684 5637 rnvnrmnln
1757 5597 1826 5628 ³η
1875 5597 2045 5637 ninam
2078 5599 2245 5637 Inlin'c
2275 5615 2379 5637 mn
2451 5598 2702 5637 nnnninm
2758 5595 2925 5637 [Illinc
3001 5595 3068 5626 "7
3118 5594 3246 5637 Cum
3295 5595 3482 5637 ﬁndant

377 5585 598 5666 lFralri
637 5586 948 5666 Reverentia
977 5607 1104 5666 mss.
1129 5600 1183 5645 et
1211 5592 1353 5666 Patri
1391 5597 1684 5659 reverenda
1757 5597 1826 5628 '“
1875 5597 2045 5663 Quam
2078 5599 2246 5653 tutius
2275 5615 2401 5653 mss.
2451 5598 2703 5666 quoniam
2728 5665 2733 5666 γ
2758 5585 2925 5666 tutius
3001 5595 3068 5626 ¹¹⁷
3110 5594 3248 5666 Cum
3295 5595 3482 5649 iisdem

197 5668 382 5736 infe;
411 5654 635 5736 collata.
676 5656 745 5736 ²ς⁸
790 5657 1078 5736 Prtescntis
1123 5679 1221 5717 ms.
1274 5663 1327 5719 ί.
1379 5679 1476 5736 per
1540 5657 1824 5736 praesentis
1885 5654 1963 5698 7"
1996 5668 2270 5735 Charitas,
2327 5679 2380 5725 et
2419 5654 2496 5725 to't
2542 5686 2661 5723 mss.
2691 5665 2935 5721 charitas
2963 5665 3270 5736 arquiescat
3304 5673 3360 5722 et
3401 5667 3488 5723 tot

198 5721 296 5756 ’⁸ο
328 5719 458 5777 cum
502 5727 742 5795 prwlatis
765 5743 888 5783 mss.
917 5719 1107 5784 collata
