4056 6302
530 320 675 379 H35

1074 316 1131 373 S.
1178 313 1476 375 ANSELHI
1509 310 1859 393 CANTHAR.
1896 306 2214 365 ARCHIEP.
2254 304 2406 363 OPP.
2454 304 2635 361 PARS
2677 305 2762 361 ill.
2789 335 2860 346 —
2887 306 3264 365 EPISTOLE.

3667 310 3802 374 λιιι

528 433 750 492 nuntios
791 438 1004 489 vestros
1054 429 1389 491 faterentur,
1435 426 1561 497 quia
1614 439 1724 479 non
1768 423 1904 479 bene
1948 420 2118 477 enatis
2145 424 2194 482 Α
2223 426 2433 481 certat,
2469 417 2561 486 qui
2594 433 2702 475 non
2731 432 2906 489 usque
2936 418 2995 475 in
3018 419 3182 479 linem
3212 430 3308 477 aut
3340 436 3544 487 suum...
3574 432 3693 483 iam
3715 424 3813 483 ειη.

530 521 675 592 apud
705 519 977 576 dominum
1003 516 1490 586 archiepiscopum.
1522 512 1632 568 Sed
1657 526 1781 567 cum
1810 524 2111 581 quaererem

530 624 757 686 propter
803 611 965 680 quid,
1014 607 1407 664 circumeundo
1446 604 1823 676 significantes
1868 602 2114 673 quaedam

532 699 1139 761 inconvenientia-nihil
1172 695 1810 771 certum-exprimebant.
1848 696 1984 750 Dum
2014 694 2117 763 igi-

532 806 624 850 tur
655 803 1029 864 exspectarem
1070 790 1362 847 certiorem
1400 801 1581 842 rerum
1624 786 1904 851 notitiam,
1936 783 2117 838 audivi

534 886 680 941 inter
705 900 802 939 vos
826 884 1092 951 integram
1114 879 1331 935 venisse
1362 874 1883 939 reconciliationem.
1917 874 1993 928 De
2023 874 2117 928 de-

543 976 749 1032 siderio
786 983 1002 1037 autem,
1044 972 1199 1043 cujus
1239 985 1336 1024 vos
1370 968 1507 1023 velle
1524 960 1814 1022 licentiam
1848 965 2051 1021 habere
2088 978 2120 1021 a

532 1066 739 1121 domno
769 1063 964 1120 abbate
989 1072 1045 1118 et
1065 1078 1097 1117 a
1136 1076 1223 1114 me
1250 1058 1603 1129 significatis,
1628 1057 1708 1112 sic
1747 1056 1874 1114 olim
1907 1056 2117 1122 audivi,

530 1155 718 1211 nescio
730 1153 849 1224 jam
878 1170 909 1208 a
947 1168 1088 1223 quo,
1125 1158 1186 1204 ut
1213 1148 1569 1217 intelligerent
1597 1159 1778 1202 meum
1804 1145 1872 1200 ad
1892 1145 1997 1201 hoc
2021 1145 2118 1200 de-

539 1247 771 1303 siderari
819 1244 1112 1310 auxilium;
1162 1257 1268 1296 non
1319 1249 1498 1294 tamen
1547 1237 1725 1307 expeti
1776 1250 2117 1307 responsum.

532 1338 641 1395 Sed
679 1337 935 1409 quoniam
981 1332 1322 1391 certissimus
1363 1346 1512 1386 eram
1562 1331 1820 1385 domuum
1861 1328 2117 1383 abbatem

534 1430 589 1486 id
616 1444 890 1500 nunquam
919 1443 1044 1485 esse
1081 1438 1502 1491 concessurum;
1534 1422 1729 1477 melius
1756 1436 1873 1477 rem
1906 1421 2121 1491 penitus

533 1521 753 1576 silentio
784 1520 1068 1589 tegendam
1085 1558 1102 1582 ,
1150 1532 1313 1589 quam
1342 1515 1545 1572 frustra
1569 1513 1740 1569 verbo
1761 1511 2118 1583 detegendam

532 1612 714 1683 putavi
745 1622 800 1667 et
827 1619 976 1681 puto.
1024 1609 1178 1680 Quod
1224 1617 1407 1664 autem
1447 1604 1690 1663 scribitis
1726 1604 1903 1673 quod,
1952 1603 2119 1658 mise-

532 1713 689 1759 rante
716 1705 854 1770 Deo,
883 1703 1081 1759 claruit
1106 1702 1342 1765 veritas,
1370 1699 1600 1757 confusa
1628 1705 1685 1752 et
1710 1695 2002 1752 obscurata
2033 1706 2120 1753 est

2215 509 2563 579 pugnatiouis
2617 510 3072 577 perseveraverit.
3100 509 3393 580 Scriptum
3446 522 3553 570 est.
3578 529 3814 584 namque

2217 599 2347 670 quia
2383 600 2655 668 patientia
2704 617 2834 671 opus
2860 602 3172 671 perfectum
3231 604 3383 658 liabet
3418 604 3586 676 (lac.
3616 622 3689 673 ι,
3723 608 3808 678 4);

2218 699 2276 745 et
2315 707 2329 743 :
2377 689 2447 745 In
2488 691 2741 760 patientia
2781 701 2951 747 vestra
2991 693 3321 761 possidebitis
3369 698 3579 750 animos
3620 710 3815 755 vestras

2221 778 2385 849 (Lac.
2407 795 2535 834 xxiv
2557 822 2585 846 ,.
2606 780 2713 852 l9.)
2740 780 2797 836 Si
2822 796 2950 837 vero
2978 792 3160 838 mente
3187 784 3576 854 amplectimini
3600 791 3813 857 patien-

2222 872 2350 927 tiam
2371 914 2389 939 ,
2423 882 2482 929 et
2509 872 2918 931 tribulationem
2957 875 3237 932 declinare
3271 879 3561 948 satagitis,
3584 881 3809 948 scitote,

2221 964 2333 1020 imo
2367 965 2520 1020 scitis
2555 966 2874 1036 patientiam
2912 982 3020 1023 nou
3045 983 3169 1024 esse
3203 970 3306 1024 nisi
3351 971 3407 1025 in
3446 970 3809 1029 tribulatione.

2219 1057 2460 1114 Gaudete
2483 1054 2653 1124 igitur
2674 1057 2732 1110 in
2754 1057 3184 1112 tribulationibus
3199 1096 3220 1125 ,
3257 1059 3479 1115 scientes
3496 1063 3626 1131 quia
3644 1063 3811 1119 tritta.

2220 1150 2349 1204 latio
2409 1147 2721 1218 patientiam
2765 1162 3041 1216 oneratur,
3099 1154 3355 1218 patientia
3409 1153 3808 1220 probationem,

2218 1237 2458 1306 probatio
2494 1258 2670 1311 spem,
2707 1257 2824 1310 spes
2847 1249 3019 1295 autem
3056 1258 3163 1295 non
3193 1242 3467 1311 confundit
3504 1243 3662 1314 (Jac.
3686 1260 3731 1305 ι,
3755 1246 3807 1310 3;

2219 1330 2374 1385 Rom.
2407 1347 2440 1387 v
2459 1372 2477 1399 ,
2498 1332 2588 1403 4).
2614 1331 2805 1386 Dicitis
2824 1347 2922 1387 vos
2950 1330 3097 1385 nullo
3119 1332 3279 1387 modo
3309 1348 3469 1402 posse
3498 1336 3813 1390 essevobis-

2222 1437 2348 1483 cum
2391 1423 2512 1479 sine
2558 1424 2771 1493 integra
2810 1421 3213 1492 archiprzesulis
3250 1422 3449 1494 gratia.
3489 1422 3593 1480 Hic
3618 1437 3811 1482 autem

2222 1517 2525 1585 respondeo
2552 1524 2749 1570 vestra:
2766 1513 3097 1583 prudentiae,
3129 1528 3393 1584 nusquam
3413 1528 3515 1570 vos
3543 1516 3681 1571 bene
3697 1532 3814 1572 esse

2220 1620 2414 1676 posse;
2448 1607 2493 1662 si
2520 1621 2643 1662 eam
2664 1645 2681 1671 ,
2709 1602 2855 1674 quod
2879 1619 2944 1657 ex
2976 1603 3129 1658 vobis
3152 1612 3268 1671 est,
3323 1619 3429 1659 non
3484 1605 3810 1671 habueritis;

2223 1699 2267 1755 si
2296 1713 2427 1755 vero
2450 1715 2572 1755 eam
2600 1699 2801 1753 habere
2825 1713 2929 1754 non
2956 1695 3419 1766 eontempseritis,
3458 1698 3552 1752 sed
3582 1712 3687 1752 non
3721 1713 3813 1767 po-

460 1842 479 1856 .
533 1796 743 1852 {alsitas
761 1806 816 1851 ct
838 1795 955 1865 ejus
980 1797 1288 1851 inventores
1312 1813 1327 1850 :
1356 1795 1552 1850 scitote
1571 1808 1657 1847 me
1677 1792 1861 1848 verius
1883 1792 2121 1863 gaudere
2149 1772 2196 1832 Β
2227 1790 2433 1854 teritis,
2459 1799 2516 1843 ut
2539 1805 2765 1845 necesse
2782 1789 2853 1844 sit
2876 1804 2972 1843 vos
2994 1788 3120 1841 alibi
3149 1800 3272 1842 esse
3291 1829 3305 1852 ,
3338 1803 3497 1856 quam
3521 1803 3647 1842 cum
3674 1788 3767 1843 illo
3788 1804 3807 1843 :

537 1889 606 1945 de
633 1887 915 1944 soliditate
937 1889 1219 1954 veritatis,
1259 1902 1429 1957 quant
1459 1884 2127 1953 owing-quandolnisn

530 1981 607 2035 de
633 1979 895 2050 ﬁgmemo‘
933 1979 1216 2041 falsitatis,
1265 1994 1427 2048 quam
1464 1980 1755 2046 nunquam
1787 1975 2010 2030 credidi.
2043 1975 2120 2030 De

540 2068 742 2126 invidis
763 2084 927 2136 vero,
958 2086 1095 2141 quos
1124 2062 1302 2126 adhuc
1326 2069 1666 2125 oblatrantes
1699 2066 2127 2137 insidiantesque

533 2163 817 2232 patimini,
849 2164 955 2218 hoc
983 2164 1105 2217 dico
1137 2163 1281 2231 quod
1307 2163 1488 2228 scitis;
1518 2163 1643 2232 quia
1672 2177 1889 2232 semper
1924 2162 2125 2217 invidet

533 2254 730 2310 vitium
758 2255 963 2308 virtuti.
991 2253 1050 2308 Si
1084 2255 1246 2324 igitur
1276 2254 1492 2309 invidia:
1519 2254 1898 2325 persecutione
1932 2267 2125 2308 carere

538 2344 736 2410 vultis;
784 2353 878 2398 aut
919 2344 1129 2412 locum,
1172 2345 1266 2400 ubi
1293 2344 1509 2400 lateatis
1557 2344 1809 2409 vitiosos,
1852 2342 2119 2410 invenite;

535 2446 632 2491 aut
668 2435 956 2491 virtutibus
1007 2435 1332 2490 renuntiate.
1380 2433 1489 2490 Sed
1528 2443 1780 2489 neutrum
1823 2434 2016 2487 horum
2044 2433 2125 2488 fa-

533 2525 719 2590 cietis;
756 2524 884 2594 quia
928 2524 1160 2579 alterum
1181 2533 1267 2580 est
1291 2522 1654 2595 impossibile,
1704 2521 1934 2577 alterum
1966 2535 2126 2577 exse-

533 2616 771 2672 crabile.
820 2617 959 2684 Quid
1003 2616 1170 2688 igitur
1213 2624 1413 2681 restat,
1471 2617 1577 2672 nisi
1620 2625 1680 2671 ut
1720 2615 1914 2672 armati
1958 2613 2126 2671 armis

530 2708 778 2780 iustitia,
802 2726 835 2763 α
859 2709 1060 2763 dextris
1086 2718 1134 2763 et
1159 2724 1192 2763 a
1229 2709 1459 2763 sinistris
1486 2709 1770 2762 transeatis
1786 2750 1801 2774 ,
1835 2722 1960 2762 cum
1983 2707 2128 2774 Apo-

540 2796 714 2864 stolo,
749 2813 840 2869 per
870 2797 1098 2868 gloriam
1132 2808 1179 2852 et
1218 2797 1627 2869 ignobilitatem,
1659 2813 1751 2866 per
1775 2796 2052 2866 infantiam
2076 2804 2126 2850 et

535 2886 727 2941 bonum
750 2887 949 2958 famam
977 2887 1072 2959 (II
1101 2887 1226 2942 Cor.
1256 2904 1341 2953 vr,
1368 2886 1432 2957 8)
1468 2906 1482 2941 :
1516 2897 1574 2942 et
1596 2888 1859 2958 quidquid
1889 2887 1987 2956 ipsi
2016 2899 2128 2941 mo-
2158 2946 2171 2953 η

535 2975 767 3042 liantur,
803 2993 1077 3047 nunquam
1120 2978 1187 3031 ad
1212 2993 1338 3044 eos,
1386 2980 1480 3033 sed
1526 2980 1591 3032 ad
1631 2994 1849 3049 gressus
1884 2988 2125 3046 vestros,

510 3069 667 3125 'forti
691 3077 746 3124 et
774 3070 957 3139 quieta
988 3078 1169 3123 mente
1199 3070 1520 3125 intendatis.
1549 3069 1608 3125 Si
1629 3072 1776 3125 enim
1802 3071 1966 3126 vestri
1989 3073 2127 3125 oculi

534 3175 739 3231 semper
777 3161 847 3214 ad
894 3159 1211 3226 Dominum,
1261 3162 1373 3230 ipse
1414 3161 1593 3216 evellet
1625 3161 1690 3215 de
1728 3162 1918 3232 laqueo
1971 3150 2130 3233 pedes

535 3263 731 3309 uestros
759 3250 935 3324 (Psal.
953 3267 1118 3316 XXIV,
1142 3252 1268 3324 £5);
1297 3254 1395 3323 ipsi
1413 3264 1543 3310 vero
1564 3255 1801 3310 incident
1821 3256 1878 3309 in
1899 3254 2129 3324 foveam,

532 3359 695 3415 quam
741 3344 986 3400 fecerunt
1030 3342 1216 3414 (Psal.
1261 3359 1372 3409 vu,
1428 3345 1557 3415 16);
1618 3355 1667 3399 et
1720 3346 1918 3416 captio,
1963 3360 2128 3415 quam

535 3436 969 3503 absconderuut,
1002 3437 1371 3506 apprehendet
1413 3452 1508 3493 eos
1556 3437 1740 3510 (Psal.
1767 3455 1931 3496 xxxiv
1954 3482 1969 3508 ,
2016 3443 2127 3514 8):

534 3541 695 3593 eum,
727 3528 867 3583 sicut
897 3526 1011 3597 jam
1049 3528 1251 3598 coepit,
1303 3527 1565 3584 eminebit
1612 3529 1779 3585 libera
1802 3533 2003 3588 veritas
2026 3575 2042 3599 ,
2075 3543 2131 3589 et

535 3616 607 3671 ad
628 3617 888 3687 gloriam;
919 3625 974 3672 et
999 3618 1264 3672 obruetur
1286 3618 1510 3673 confusa
1538 3617 1749 3674 falsitas
1767 3661 1783 3687 ,
1811 3622 1865 3676 in
1900 3623 2132 3694 ignomi-

537 3708 708 3762 niam.
780 3708 838 3762 ln
902 3723 1013 3780 quo
1082 3718 1263 3762 tamen
1331 3708 1559 3764 sollicite
1615 3724 1734 3778 vos,
1779 3711 1921 3767 sicut
1972 3713 2130 3768 decet

537 3797 837 3871 perfectum
859 3814 1075 3854 servum
1097 3798 1229 3865 Dei,
1259 3797 1553 3855 observare
1572 3814 1808 3872 oportet,
1845 3819 1917 3874 ne
1946 3805 2129 3861 inimi-

537 3908 727 3951 corum
780 3893 1096 3949 confusioue
1152 3895 1483 3967 gaudentes,
1553 3911 1674 3951 eam
1758 3897 2126 3967 exprobrctis,

535 3987 804 4059 exprobra
812 3989 917 4044 udo
925 3986 1259 4058 praedicetis,
1272 3988 1618 4057 praedicando
1630 3987 1935 4059 divulgetis,
1957 3988 2131 4043 divul-

549 4081 730 4147 gando
752 4079 1025 4150 augeatis;
1052 4095 1119 4134 ne
1146 4080 1197 4134 in
1224 4089 1515 4150 conspectu
1542 4078 1666 4144 Dei,
1706 4079 1908 4135 ultione
1946 4081 2126 4134 inimi-

536 4186 730 4226 corum
763 4170 1020 4226 delectari
1048 4171 1390 4242 judicemini.
1421 4174 1495 4228 De
1520 4183 1699 4228 vestra
1732 4172 1899 4242 igitur
1927 4172 2128 4227 libera-

545 4261 724 4327 tione,
757 4263 811 4315 in
838 4271 1049 4317 secreto
1076 4264 1304 4329 mentis,
1353 4265 1406 4318 in
1447 4276 1736 4333 conspectu
1770 4265 1896 4330 Dei,
1925 4266 2128 4336 gratias

540 4352 615 4406 illi
647 4353 852 4421 agendo
903 4355 1163 4423 gaudete;
1212 4354 1422 4409 illorum
1462 4371 1594 4411 vero
1639 4368 1951 4426 peccatum,
2012 4358 2127 4413 sive

2222 1896 2495 1950 nusquam
2542 1897 2639 1935 vos
2689 1879 2910 1947 melius,
2945 1880 3072 1949 quia
3119 1894 3385 1948 nusquam
3419 1880 3639 1944 rectius,
3683 1894 3809 1936 esse

2220 1987 2411 2044 posse,
2469 1984 2637 2043 quam
2663 1971 2953 2027 nummum
2982 1970 3069 2012 σω
3125 1989 3148 2023 :~
3196 1970 3349 2025 nulla
3401 1971 3544 2025 enim
3597 1972 3811 2028 ratione

2223 2063 2456 2118 demtum
2475 2058 2676 2129 abbas,
2713 2071 2768 2116 et
2802 2060 3002 2116 fratres
3029 2061 3205 2117 vestri
3228 2061 3395 2116 aliter
3424 2061 3811 2117 consulerent.

2223 2156 2359 2211 Nam
2386 2171 2492 2210 non
2523 2165 2630 2210 tam
2661 2154 2812 2226 parvi
2836 2154 3159 2217 aestimatur,
3188 2161 3284 2207 aut
3311 2161 3421 2205 tam
3446 2166 3641 2222 parum
3662 2167 3811 2207 alia.

2227 2259 2316 2304 utr
2335 2248 2642 2304 sanctitatis
2688 2255 2884 2301 vestrae
2924 2246 3248 2309 strenuitas,
3296 2253 3358 2298 ut
3391 2243 3486 2312 qui
3511 2254 3632 2298 eam
3665 2243 3808 2313 juste

2235 2349 2415 2411 potest
2434 2348 2651 2402 tenere,
2685 2345 2880 2405 sponte
2903 2344 2999 2391 aut
3023 2335 3181 2391 facile
3203 2335 3333 2391 velit
3351 2350 3416 2389 ea
3450 2350 3658 2391 carere.
3686 2335 3813 2392 0m-

2226 2432 2479 2501 nipotcns
2503 2432 2647 2486 Deus
2676 2429 2758 2483 sic
2779 2429 2955 2482 vitam
2980 2435 3217 2483 vestram
3258 2434 3513 2496 protegat
3545 2436 3602 2481 et
3630 2427 3812 2495 dispo-

2226 2534 2352 2589 nat,
2384 2530 2438 2580 ut
2471 2523 2722 2579 omnibus
2761 2519 3261 2591 impugnationibus
3302 2525 3361 2575 et
3399 2519 3815 2579 adversitatiints

2226 2616 2596 2688 praevalentis,
2634 2615 2778 2669 unde
2799 2626 3057 2687 coronam
3076 2611 3469 2681 sempiternam
3482 2612 3688 2683 ρει-θῇ
3673 2612 3791 2669 an"

2229 2707 2396 2764 Orate
2422 2721 2525 2777 pro
2551 2720 2660 2761 me.

2714 2794 3053 2852 EPISTOLA
3090 2793 3181 2849 LV
3220 2794 3312 2847 “'.

2802 2903 2869 2942 AD
2910 2901 3241 2941 IAUBITIUI.

2284 2997 2599 3053 Gratulatur
2624 2998 2763 3068 quod
2791 2998 2975 3050 audiat
3003 2980 3288 3066 Arnulfum
3310 2994 3757 3050 Grammaticus.

2154 3111 2202 3173 ο
2304 3092 2510 3148 Dilecto
2537 3106 2638 3146 suo
2667 3090 2821 3144 fratri
2852 3097 2907 3144 et
2936 3086 3047 3144 lilio
3080 3086 3361 3143 Msomrto
3416 3085 3590 3141 frater
3620 3087 3815 3141 Am-

2231 3200 2358 3241 IUS.

2305 3273 2493 3329 Audivi
2538 3271 2681 3343 quod
2707 3271 2854 3340 legas
2879 3286 2911 3326 a
2939 3272 3158 3328 domino
3187 3269 3436 3326 Arnulfo.
3477 3270 3631 3338 Quod
3657 3271 3704 3326 si
3728 3284 3816 3327 vc-

2232 3383 2352 3422 rum
2396 3377 2479 3423 est
2499 3407 2513 3432 ,
2545 3358 2723 3437 placet
2751 3364 2881 3418 mihi
2929 3364 3020 3434 qui
3043 3380 3261 3437 semper
3295 3368 3606 3438 profectum
3636 3382 3816 3441 tuum,

2231 3459 2372 3516 sicut
2395 3460 2507 3529 ipso.
2529 3474 2593 3514 ex
2622 3464 2775 3528 parte
2800 3469 3059 3529 expertus
3081 3452 3140 3515 es
3157 3499 3173 3525 ,
3214 3462 3519 3517 desideravi
3547 3479 3566 3517 :
3603 3442 3705 3520 nco
3728 3482 3817 3519 un-

2229 3567 2393 3622 quam
2435 3550 2622 3620 utique
2657 3550 2943 3621 plusquam
2980 3553 3158 3609 modo.
3203 3554 3396 3609 Audivi
3435 3571 3653 3626 quoque
3681 3558 3820 3626 quod

2231 3640 2351 3710 ipse
2382 3639 2612 3694 multum
2646 3639 2827 3695 valeat
2869 3640 2924 3695 in
2967 3641 3362 3709 declinatione;
3400 3655 3459 3699 et
3485 3655 3539 3699 tu
3568 3646 3679 3702 scis
3701 3646 3821 3717 quia

2229 3728 2517 3786 molestum
2542 3730 2671 3784 mihi
2699 3745 2911 3800 semper
2938 3730 3103 3788 fuerit
3129 3733 3312 3803 pueris
3339 3734 3648 3802 declinare,
3682 3737 3821 3792 unde

2227 3820 2387 3875 valde
2432 3821 2612 3875 minus
2643 3834 2804 3889 quam
2834 3821 2930 3875 tibi
2966 3824 3268 3891 expediret.
3309 3823 3439 3881 Scio
3470 3835 3523 3881 te
3555 3827 3705 3896 apud
3742 3840 3821 3882 Ine

2229 3913 2286 3969 in
2314 3912 2616 3968 declinandi
2648 3914 2876 3968 scientia
2904 3914 3220 3983 profecisse.
3280 3915 3486 3973 Hortor
3530 3920 3740 3989 itaque,
3769 3925 3821 3973 et

2230 4007 2452 4076 precor},
2510 4014 2566 4059 et
2599 4014 2659 4060 ut
2702 4005 2810 4060 lilio
2859 4006 3180 4063 charissimo
3226 4011 3513 4079 praecipio,
3558 4020 3825 4081 quatenus

2229 4095 2488 4166 quidquid
2511 4096 2578 4150 ab
2602 4110 2668 4150 eo
2709 4095 2939 4166 legeris,
2985 4105 3041 4152 et
3080 4097 3342 4168 quidquid
3393 4098 3543 4153 aliud
3592 4098 3824 4168 poteris.

2229 4187 2645 4259 diligentissime
2690 4186 2963 4242 declinare
2993 4189 3235 4245 studeas.
3266 4187 3381 4244 Nec
3423 4191 3631 4259 pudeat
3666 4200 3719 4246 te
3745 4190 3825 4245 sic

2228 4282 2282 4336 in
2313 4281 2416 4338 hoc
2455 4281 2672 4336 studere
2710 4280 2877 4335 etiam
2911 4282 3107 4351 quibus
3151 4282 3222 4314 '"
3266 4293 3317 4337 te
3359 4294 3525 4352 putas
3555 4300 3663 4340 non
3692 4284 3824 4338 indi-

2226 4390 2376 4445 gere,
2408 4377 2562 4445 quasi
2612 4393 2757 4434 nunc
2792 4376 2846 4432 id
2891 4375 3269 4431 recentissime
3310 4375 3548 4444 incipias
3578 4392 3595 4428 :
3637 4390 3746 4444 quo
3770 4382 3825 4429 et

539 4436 825 4538 eventum,
864 4460 962 4513 pro
992 4444 1097 4500 illis
1127 4446 1364 4510 orando,
1409 4448 1525 4502 miti
1555 4458 1736 4503 mente
1763 4449 2121 4504 dissimulate.
2155 4436 2293 4522 1);,“
2328 4436 2447 4537 qh“;
2488 4469 2632 4533 scis,
2671 4469 2790 4538 eius
2831 4467 3020 4523 audin,
3052 4436 3712 4532 co.,ﬁrmma"wﬁ&s
3748 4478 3829 4521 ω.

539 4531 696 4600 Quod
727 4545 903 4587 autem
935 4552 1030 4591 vos
1059 4555 1224 4608 super
1253 4540 1520 4609 frequenti
1552 4542 1914 4595 commotione
1946 4541 2116 4607 illius,

538 4619 704 4692 quem
726 4620 839 4678 fere
860 4638 1023 4694 super
1038 4640 1229 4682 omnes
1247 4627 1465 4697 diligitis
1493 4630 1761 4694 homines,
1786 4628 1944 4699 ειΙῖἲίςί
1972 4646 2123 4684 mon-

540 4713 758 4778 stratis;
794 4715 994 4770 uullum
1021 4716 1164 4770 aliud
1191 4718 1345 4772 video
1363 4717 1673 4786 consilium,
1703 4720 1802 4775 uisi
1825 4719 1951 4774 illud
1978 4726 2121 4790 quod

541 4810 627 4857 cst
651 4805 912 4873 optimum
936 4823 953 4858 :
978 4805 1092 4876 sola
1132 4806 1350 4860 virtutis
1378 4807 1679 4876 patientiae,
1725 4825 1886 4879 quam
1913 4810 2121 4881 jamdiu

542 4893 771 4949 viriliter
822 4898 1102 4961 tenuistis,
1175 4899 1641 4954 consummatione
1697 4916 1832 4971 opus
1888 4902 2121 4958 habetis.

543 4984 700 5040 Nullo
729 4988 872 5041 enim
919 4990 1077 5045 modo
1122 4989 1430 5057 efﬁcacius,
1475 4998 1569 5043 aut
1616 5000 1878 5062 quantum
1927 4993 1994 5048 ad
2032 4974 2155 5049 vos‘

545 5077 825 5135 honestius
852 5080 1108 5136 utiliusvc
1145 5078 1359 5151 fugietis
1387 5081 1454 5135 ad
1486 5081 1682 5137 mentis
1723 5067 1990 5152 quietem,
2036 5094 2129 5139 aut

545 5170 694 5226 illum
726 5171 1045 5241 placabitis,
1085 5184 1178 5229 aut
1206 5176 1414 5233 hostem
1444 5165 1747 5242 occultum,
1784 5176 1876 5246 qui
1902 5191 1997 5231 vos
2024 5177 2128 5233 hae

528 5263 662 5332 ipsa
694 5263 1035 5322 tribulatione
1058 5267 1366 5340 impugnat,
1390 5269 1745 5339 superabitis.
1783 5279 1841 5324 ut
1869 5285 2126 5325 coronam

545 5353 788 5409 victoria:
827 5357 1158 5428 percipiatis.
1191 5359 1315 5415 Non
1343 5361 1479 5416 enim
1508 5363 1874 5428 coronabitur,
1913 5363 2015 5418 nisi
2039 5366 2131 5435 qui

545 5444 773 5517 legitime
831 5452 1102 5506 certaverit
1150 5450 1245 5523 (11
1293 5451 1426 5507 Tim.
1468 5469 1539 5519 ιι,
1583 5454 1688 5528 3);
1748 5471 1848 5512 nec
1887 5457 2132 5528 legitime

2230 4573 2396 4623 neas;
2435 4569 2487 4614 et
2517 4576 2583 4615 eo
2613 4562 2877 4625 docente,
2914 4560 2959 4615 si
2991 4560 3043 4613 in
3070 4559 3252 4628 aliquo
3282 4558 3525 4624 falleris,
3560 4560 3615 4615 id
3653 4558 3827 4616 corri-

2228 4666 2351 4721 gas;
2384 4652 2603 4721 etquod
2633 4653 2882 4721 ignoras,
2925 4651 3194 4705 addiseas.
3236 4649 3292 4705 Si
3336 4660 3523 4705 autem
3560 4650 3700 4707 nihil
3735 4647 3823 4704 tibi

2229 4743 2387 4814 legit,
2421 4751 2476 4796 et
2512 4751 2598 4797 tua
2634 4744 2737 4798 hoc
2772 4753 2857 4798 est
2890 4742 3252 4813 negligentia,
3288 4742 3542 4812 displicet
3577 4743 3747 4807 mihi;
3773 4749 3831 4796 et

2229 4834 2351 4888 volo
2384 4842 2654 4902 quatenus
2688 4843 2747 4888 ut
2798 4834 2891 4887 liat
2933 4843 3195 4903 quantum
3239 4844 3425 4904 potes,
3476 4843 3736 4906 satagas,
3772 4840 3830 4888 et

2232 4924 2501 4994 praecipue
2528 4925 2593 4979 de
2628 4924 2854 4994 Virgilio
2880 4934 2935 4980 et
2965 4925 3085 4981 aliis
3120 4926 3471 4992 auctoribus,
3502 4940 3643 4995 quos
3677 4940 3711 4979 a
3747 4940 3833 4979 me

2234 5029 2341 5068 nou
2372 5014 2576 5084 legisti,
2615 5016 2857 5085 exceptis
2887 5017 3003 5083 his,
3035 5016 3088 5070 in
3112 5017 3308 5085 quibus
3332 5016 3515 5085 aliqua
3549 5014 3835 5085 turpitudo

2234 5113 2415 5159 sonat.
2453 5103 2605 5171 Quod
2653 5105 2695 5160 si
2735 5105 2915 5174 aliqua
2945 5117 2996 5160 te
3035 5105 3287 5162 obstante
3325 5121 3435 5160 non
3480 5115 3639 5175 potes
3664 5106 3742 5160 ab
3767 5118 3839 5159 eo

2236 5194 2444 5265 legere,
2476 5195 2561 5248 vel
2600 5196 2703 5249 hoc
2734 5196 2924 5259 stude,
2977 5205 3037 5250 ut
3082 5195 3376 5261 librorum,
3423 5211 3570 5266 quos
3618 5196 3837 5266 legisti,

2236 5300 2587 5356 quoscunque
2628 5295 2805 5356 potes.
2843 5295 2897 5342 et
2932 5287 3128 5356 quibus
3177 5288 3327 5342 horis
3375 5298 3567 5356 potes,
3611 5298 3762 5343 totos
3804 5301 3837 5338 a

2239 5378 2505 5449 principio
2535 5393 2704 5447 usque
2729 5380 2793 5432 ad
2823 5377 2982 5433 linem
3013 5379 3460 5455 diligentissime,
3496 5381 3645 5435 sicut
3668 5392 3838 5449 supra

2239 5468 2457 5532 monui,
2498 5468 2759 5527 declines.
2796 5468 3035 5526 Ostende
3063 5468 3231 5526 etia’m
3274 5471 3455 5526 eidem
3498 5468 3840 5526 citatissimo

1834 5573 2068 5634 VARI/ﬁ
2106 5579 2508 5637 LECTIONES.

592 5649 690 5745 in
707 5651 855 5745 9233
867 5655 1293 5745 *ταὶιὲιε
1321 5659 1596 5745 vpbiscum
1621 5680 1744 5745 mss.
1776 5667 1900 5745 quia
1928 5686 2194 5745 nusquam
2222 5672 2425 5731 rectius
2451 5689 2636 5733 esse...
2662 5674 2942 5733 nobiscum
3015 5676 3088 5710 '”
3111 5676 3247 5734 Cum
3282 5691 3389 5733 uno
3421 5689 3502 5731 ea:-
3557 5671 3835 5745 prodidit

548 5734 677 5778 nus.
700 5721 890 5777 collata
963 5726 1033 5758 ’θ’
1053 5726 1229 5784 Etiam
1261 5730 1459 5800 quibus
1479 5747 1575 5788 ms.
1606 5735 1769 5790 etiam
1794 5721 2073 5809 inquibus
