4056 6302
257 336 390 400 1123

1478 332 1602 387 LIB.
1635 331 1673 397 l,
1713 330 1928 388 EPIST.
1991 332 2130 388 LVI.

3385 345 3520 403 “‘26

255 456 422 512 amico
451 457 636 506 nostro
665 449 808 504 banc
830 445 1116 518 epistolam
1140 486 1156 511 ,
1184 446 1240 500 in
1284 459 1392 515 qua
1420 455 1481 500 ut
1509 444 1837 500 breviter'“
1866 448 1911 505 Λ
1943 443 2140 499 diendo
2176 446 2542 516 respondebo;
2597 446 2737 502 forte
2784 461 2892 503 non
2942 451 3087 520 quod
3131 451 3390 520 sufficiat,
3426 459 3521 514 sed

253 556 304 602 et
365 543 586 598 multum
646 539 766 608 ejus
838 554 940 611 pro
1015 546 1066 593 te
1125 539 1387 606 deprecor
1447 536 1826 598 dilectionem,

252 614 451 704 peto'nt
481 630 574 686 tibi
607 629 858 685 ostendat
884 637 1143 699 quantum
1181 626 1245 681 de
1267 639 1393 680 vera
1417 625 1532 695 ejus
1557 623 1828 679 confidere

251 735 464 793 possum
493 718 732 774 amicitia
757 736 772 773 :
809 725 862 772 et
889 716 1069 771 indico
1097 715 1167 746 m
1196 715 1322 784 quia
1350 713 1494 784 quod
1526 713 1617 767 tibi
1644 713 1826 777 faciet,

252 791 352 871 non
373 791 537 869 .alteri
572 793 736 883 quam
778 812 928 871 cordi
971 826 1094 866 meo
1133 809 1314 865 faciet.
1347 808 1446 862 Diu
1476 808 1620 862 enim
1649 815 1733 861 est
1761 822 1830 861 ex

251 922 350 976 quo
377 920 474 976 ego
518 913 573 958 et
619 904 735 973 ipse
764 902 831 957 de
861 909 1045 956 mutua
1077 899 1212 955 certi
1250 911 1438 953 sumus
1466 896 1702 951 amicitia
1729 913 1744 960 ;
1782 895 1829 950 si

246 1000 388 1067 ipse,
427 995 574 1064 quod
615 1008 714 1064 ego
758 1007 1035 1060 nunquam
1074 989 1400 1052 obliviscar,
1450 983 1723 1041 reminisci
1748 983 1829 1038 di-

247 1095 453 1158 gnatur.
505 1085 692 1140 Saluta
740 1083 888 1137 illum
937 1096 1101 1152 quam
1165 1076 1502 1134 reverentius
1552 1083 1705 1145 potes
1761 1090 1829 1129 ex

251 1184 431 1234 nostra
479 1185 668 1246 parte;
726 1182 784 1229 et
834 1175 1090 1229 domuum
1141 1171 1410 1242 priorent,
1465 1173 1522 1220 et
1571 1165 1828 1219 domuum

247 1281 422 1322 meum
454 1264 818 1328 Gondulfum,
860 1262 1103 1332 aliosque
1139 1261 1367 1316 domuos
1414 1262 1473 1310 et
1511 1253 1706 1309 fratres
1735 1269 1830 1308 no-

241 1365 422 1423 stros,
458 1357 552 1428 qui
583 1366 758 1412 tecum
788 1364 936 1411 sunt.
966 1354 1130 1418 Vale,
1162 1352 1235 1407 ﬁli
1282 1352 1354 1407 mi
1397 1351 1736 1412 dulcissime,
1774 1355 1830 1401 et

239 1467 314 1507 ne
362 1460 684 1507 contemnas
730 1447 1018 1505 consilium
1060 1444 1288 1516 paterno
1340 1455 1392 1500 te
1433 1441 1707 1514 diligentis
1749 1437 1831 1493 af-

243 1540 402 1596 fectu.
434 1538 588 1595 Vale.

727 1603 1063 1664 EPISTOLA
1099 1604 1211 1659 LVI
1249 1604 1345 1656 m.

793 1717 863 1756 AD
901 1713 1267 1755 ϐυιιιειιιυιι.

1933 535 2073 604 quod
2115 537 2245 590 mihi
2293 537 2526 592 videtur.
2559 537 2753 594 Comes
2797 541 3016 608 quidem
3056 553 3265 613 vester,
3304 548 3394 618 qui
3424 563 3522 602 ex-

1932 631 2362 683 communicatus
2396 629 2551 684 vobis
2580 629 2762 683 divina
2789 631 3189 689 celebrantibus
3220 650 3278 691 se
3308 637 3520 704 miscet,

1933 718 2064 772 mihi
2116 719 2331 773 videtur
2374 720 2649 774 humiliter
2693 721 3098 790 admonendus;
3158 743 3226 782 ne
3276 738 3522 784 contem-

1931 809 2111 864 nendo
2157 811 2482 865 sententiam
2514 814 2738 883 eorumj,
2777 811 2830 866 in
2870 812 3066 882 quibus
3104 816 3243 872 Deus
3289 816 3524 873 afﬁrmat

1932 913 1991 955 se
2022 900 2194 954 audiri
2222 914 2344 954 cum
2391 901 2709 964 audiuntur,
2739 911 2795 956 et
2837 905 3050 972 sperni,
3081 921 3205 962 cum
3251 923 3519 978 spernun-

1933 999 2049 1058 tur;
2087 1008 2146 1048 se
2177 993 2371 1064 ligare,
2399 1003 2530 1048 cum
2554 994 2717 1065 ligant
2765 996 2835 1027 ’³⁸
2875 1005 2930 1052 et
2958 999 3206 1066 solvere,
3251 1017 3375 1056 cum
3416 1003 3524 1058 sol-

1931 1091 2094 1148 vunt;
2129 1092 2388 1154 aggravet
2417 1099 2581 1155 super
2607 1099 2666 1143 se
2690 1089 2784 1143 Dei
2807 1087 3071 1156 judicium
3091 1129 3109 1156 ,
3139 1107 3170 1146 a
3197 1107 3304 1160 quo
3332 1092 3521 1165 fugere

1933 1187 2198 1240 nusquam
2243 1173 2406 1228 homo
2453 1185 2653 1244 potem.
2687 1175 2869 1244 Quare
2918 1178 3108 1233 melius
3149 1180 3222 1234 illi
3251 1192 3426 1249 esset,
3461 1192 3524 1238 ut

1931 1277 2028 1333 per
2053 1262 2326 1317 salubrem
2357 1265 2718 1322 humilitatem
2742 1268 3010 1323 abstineat
3037 1269 3244 1335 abhis,
3273 1287 3302 1325 a
3325 1274 3525 1342 quibus

1931 1368 2052 1406 eum
2087 1354 2380 1422 apostolica
2409 1367 2658 1428 segregat
2702 1361 2965 1414 sententia
2990 1402 3004 1424 ,
3057 1376 3218 1431 quam
3266 1379 3364 1432 per
3388 1381 3527 1435 pra:-

1930 1443 2254 1512 suntptiouis
2303 1455 2671 1516 contemptum
2735 1463 2798 1503 se
2850 1449 3060 1519 ingerat
3116 1451 3170 1504 in
3225 1451 3348 1517 illa,
3405 1468 3525 1523 quae

1931 1549 2207 1602 nunquam
2235 1535 2338 1589 nisi
2368 1551 2466 1604 per
2493 1538 2854 1594 humilitatem
2885 1543 3109 1610 quaesita
3145 1552 3374 1612 prosunt
3399 1585 3416 1610 ,
3465 1553 3522 1600 et

1930 1639 2146 1694 semper
2192 1626 2493 1682 inordinate
2543 1640 2869 1700 przesumpta
2899 1632 3116 1688 obsunt.
3169 1634 3279 1690 Nec
3326 1636 3524 1690 debere

1930 1717 2072 1772 enim
2107 1716 2251 1772 nullo
2279 1733 2377 1773 suo
2416 1722 2730 1785 commodo,
2779 1728 2832 1775 et
2881 1723 3201 1790 gravis-imo
3243 1738 3340 1777 suo
3378 1724 3522 1778 malo

233 1786 1010 1878 09.90015“f-FcOWlmnicﬂ’O,
1050 1790 1151 1878 fit}?
1180 1787 1824 1878 “cf”,fehif'ff’fi‘fff’f'fj
1861 1792 1904 1848 Β
1932 1822 2127 1877 cogere
2166 1823 2260 1862 vos
2291 1818 2380 1875 ut,
2409 1825 2535 1864 cum
2563 1825 2685 1864 eum
2718 1809 2993 1866 oifendere
3026 1813 3227 1878 nolitis,
3268 1813 3434 1868 Deum
3465 1823 3522 1869 et

303 1864 380 1920 De
406 1863 718 1933 presbyteris
744 1858 1206 1926 incontinentibus,
1247 1869 1296 1913 et
1333 1859 1397 1912 de
1440 1858 1602 1926 lapsis
1646 1872 1824 1910 sacros

305 1935 519 1988 ordines
551 1933 880 1986 habentibus.

301 2003 512 2056 Domno
533 2013 586 2056 et
604 2001 748 2054 Patri
776 1999 1072 2055 reverendo
1095 1998 1275 2053 abbati
1299 1997 1637 2063 CUILLELIIO,
1658 1997 1826 2052 frater

229 2092 550 2156 Ansewus,
591 2091 643 2144 in
672 2091 772 2144 hac
799 2090 904 2142 vita
935 2089 1247 2143 diuturnam
1285 2087 1736 2157 prosperitatem,
1771 2087 1826 2141 iu

228 2181 413 2235 futura
437 2191 698 2236 aeternam
723 2179 1061 2234 felicitatem.
1703 2174 1707 2178 ’

298 2272 382 2327 Ex
419 2287 528 2342 quo
575 2279 750 2326 vestra
800 2269 1046 2339 probitas
1090 2269 1223 2323 tnihi
1271 2283 1424 2323 suam
1475 2268 1692 2339 dignata
1743 2276 1827 2324 est

221 2364 479 2433 praebere
523 2361 806 2426 notitiam,
869 2369 1075 2415 tantam
1122 2359 1238 2426 ejus
1292 2360 1519 2429 concepi
1570 2360 1822 2416 dilectio-

219 2469 354 2509 nem
385 2463 448 2507 ut
471 2467 685 2522 semper
709 2453 828 2522 ejus
871 2451 1005 2506 mihi
1051 2450 1222 2504 dulcis
1251 2451 1324 2504 sit
1353 2451 1636 2505 memoria.
1669 2451 1822 2518 Quod

218 2555 493 2618 expertus
517 2560 636 2600 sum
683 2560 788 2599 non
837 2544 1109 2598 immerito
1136 2543 1336 2608 fuisse,
1372 2544 1629 2612 quoniam
1661 2555 1716 2600 et
1744 2545 1825 2622 vi-~

221 2647 336 2691 tam
389 2646 628 2691 vestram
676 2636 840 2706 332
895 2650 1082 2690 amore
1136 2643 1191 2690 et
1245 2639 1551 2692 reverentia
1604 2636 1821 2707 dignam

220 2726 427 2798 agnovi
479 2727 748 2788 existere;
801 2734 858 2780 et
903 2725 1286 2796 paternitatetn
1330 2736 1568 2782 vestram
1609 2729 1678 2760 ’⁸⁷
1715 2711 1820 2783 non

221 2819 344 2874 sine
377 2815 575 2872 affectu
605 2816 912 2872 dilectionis
940 2831 1069 2886 erga
1103 2817 1424 2885 parvitatem
1465 2833 1640 2874 meam
1676 2833 1818 2874 esse.

221 2907 386 2978 Saepe
438 2923 674 2978 namque
719 2907 914 2963 fratres
955 2923 986 2961 a
1032 2911 1185 2966 vobis
1225 2910 1538 2973 venientes,
1582 2923 1668 2962 me
1712 2924 1820 2962 non

215 2997 408 3053 solum
457 2999 763 3053 sanctitatis
798 3007 996 3054 vestrae
1052 2999 1314 3061 relatione
1370 2999 1816 3064 aedificaverunt,

215 3088 317 3144 sed
357 3096 419 3142 et
446 3087 774 3158 dignationis
808 3097 1001 3142 vestra:
1027 3088 1356 3143 salutatione
1383 3089 1816 3142 honoraverunt.
1846 3127 1891 3187 Ο

216 3179 415 3246 Quare
457 3178 583 3232 licet
610 3179 870 3248 quidquid
899 3180 1067 3233 estin
1117 3194 1202 3232 me
1251 3187 1360 3233 toto
1390 3177 1610 3232 minime
1649 3178 1822 3247 possit

217 3271 402 3324 tantis
433 3269 644 3324 meritis
673 3269 1030 3338 respondere;
1062 3284 1240 3323 meum
1284 3278 1462 3324 tamen
1491 3275 1604 3331 est,
1647 3283 1820 3337 quan-

216 3371 337 3415 tum
380 3360 590 3415 amoris
624 3368 681 3414 et
724 3359 1036 3415 reverentia:
1080 3375 1330 3430 possunt,
1382 3360 1660 3415 exhibere.
1712 3358 1819 3414 Sed

213 3449 340 3509 bace
371 3453 490 3507 Deo
522 3452 574 3506 in
606 3452 762 3507 nobis
790 3453 1052 3508 servanda
1081 3461 1136 3508 et
1158 3453 1403 3522 augenda
1428 3453 1774 3508 committens
1797 3493 1815 3519 ,

215 3545 285 3598 ad
313 3558 384 3598 ea
422 3543 490 3598 de
519 3543 713 3614 quibus
757 3559 928 3598 meam
955 3545 1274 3614 parvitatem
1305 3554 1488 3599 vestra
1533 3543 1818 3599 consulere

212 3633 452 3706 dignata
496 3644 579 3690 est
605 3636 919 3704 prudentia,
948 3651 1055 3691 non
1113 3635 1514 3708 praesumendo,
1556 3637 1648 3690 sed
1687 3636 1816 3690 obe-

1929 1900 2072 1954 sedis
2121 1901 2430 1968 apostolica
2475 1904 2853 1958 auctoritatem
2880 1906 3114 1975 graviter
3143 1907 3364 1962 irritetis
3394 1923 3408 1960 :
3452 1909 3518 1962 ad

1928 2007 2064 2059 quos
2092 1992 2384 2059 plaeamlos
2413 1993 2482 2023 ²¹⁹
2516 1994 2664 2048 illum
2698 1994 2999 2062 adjutorem
3028 1997 3228 2052 habere
3261 2013 3365 2052 non
3393 2013 3519 2066 pos-

1927 2083 2066 2135 sitis.
2116 2081 2350 2138 Facilius
2381 2098 2593 2154 quoque
2637 2095 2800 2154 atque
2844 2085 3126 2154 benignius
3157 2087 3518 2156 apostolicum

1929 2172 2043 2241 ejus
2079 2175 2314 2230 rationes
2356 2186 2770 2246 suscepturum,
2817 2179 2862 2232 si
2917 2193 3069 2232 suam
3105 2178 3254 2232 illum
3293 2190 3515 2235 sentcn-

1927 2266 2057 2320 tiam
2111 2269 2422 2338 cognoverit
2480 2268 2791 2322 reveritum.
2848 2268 3002 2335 Quod
3053 2270 3097 2325 si
3149 2285 3333 2326 comes
3373 2271 3517 2327 idem

1926 2355 2068 2409 hanc
2088 2357 2509 2411 admonitionem
2539 2359 2827 2425 respuerit,
2862 2359 3015 2414 scitis
3039 2361 3164 2428 quia
3195 2361 3264 2392 ’³⁸
3293 2361 3414 2430 plus
3437 2372 3519 2418 est

1926 2447 2070 2500 Deus
2100 2447 2369 2502 timendus
2409 2465 2569 2518 qttam
2609 2452 2790 2504 homo.
2835 2449 3178 2518 Quapropter
3203 2463 3295 2506 aut
3325 2468 3518 2509 secun—

1925 2539 2050 2593 dum
2093 2539 2205 2608 jam
2255 2541 2518 2608 prolatam
2574 2541 2924 2610 apostolicam
2979 2544 3337 2610 sententiam,
3384 2559 3518 2617 erga

1925 2630 2074 2684 illum
2105 2633 2390 2701 agendum,
2419 2643 2512 2687 aut
2540 2634 2712 2701 ipsum
2735 2635 3114 2704 apostolicum,
3144 2637 3257 2690 sive
3278 2635 3514 2705 aliquem

1923 2722 2040 2792 ejus
2062 2723 2206 2779 vices
2233 2733 2537 2791 gerentem,
2562 2726 2628 2780 de
2650 2726 2751 2780 hoc
2785 2727 2898 2796 ipso
2921 2727 3097 2782 denuo
3122 2729 3512 2784 consulendum

1923 2815 2195 2870 existimo.
2226 2816 2300 2870 De
2331 2817 2664 2887 presbyteris
2689 2833 2839 2882 vero,
2865 2818 2955 2888 qui
2983 2834 3042 2874 se
3069 2827 3254 2889 aperte
3280 2821 3517 2891 reproba

1923 2905 2165 2960 libidinis
2196 2907 2262 2938 ”‘
2312 2909 2728 2964 conversatione
2774 2910 2886 2964 Deo
2933 2909 3302 2979 reprobabiles
3354 2911 3517 2967 exhi-

1922 2994 2083 3060 bent;
2123 2997 2347 3051 omnino
2378 2999 2672 3053 tenendum
2704 3009 2787 3055 est
2824 3001 2967 3068 quod
2997 3000 3294 3070 apostolica
3331 3003 3517 3071 provi-

1923 3087 2101 3141 dentia
2168 3077 2541 3144 ecclesiastico
2575 3091 2834 3160 jnstoque
2874 3091 3079 3161 judicio
3105 3099 3160 3145 et
3215 3091 3393 3160 rigore
3443 3092 3515 3124 ²³¹

1923 3180 2224 3233 constituit.
2255 3180 2459 3249 Nempe
2497 3183 2802 3236 nullatenus
2843 3183 3098 3238 convenit
3143 3191 3204 3236 ut
3256 3184 3328 3239 ibi
3359 3199 3516 3238 reve-

1925 3276 2110 3323 renter
2162 3279 2370 3324 astetur
2399 3271 2491 3336 ¹³³,
2526 3273 2616 3325 ubi
2639 3273 2991 3340 pertinaciter
3034 3280 3222 3340 aperta
3250 3283 3302 3326 et
3335 3274 3515 3342 impu-

1923 3359 2070 3414 denti
2102 3360 2324 3414 libidine
2358 3361 2622 3425 fetentes,
2675 3361 2767 3414 Dei
2806 3372 2861 3414 et
2901 3371 3215 3416 sanctorum
3265 3363 3514 3431 prohibi-

1929 3452 2133 3504 tionem
2188 3451 2613 3515 contemnendo,
2655 3452 2828 3506 sacris
2879 3452 3138 3506 altaribus
3165 3451 3510 3519 deserviunt;

1925 3542 2034 3596 imo
2061 3556 2165 3594 non
2198 3542 2507 3596 deserviunt
2538 3541 2630 3596 sed
2659 3551 2919 3611 quantum
2937 3543 3002 3596 ad
3033 3543 3178 3613 ipsos
3199 3559 3511 3599 commacu-

1921 3632 2054 3688 lant.
2077 3631 2189 3703 (I7)
2214 3632 2326 3687 Non
2343 3646 2450 3702 quo
2462 3632 2583 3701 quis
2599 3647 2660 3687 ea
2679 3647 2799 3702 qua:
2821 3641 3074 3697 tractant,
3093 3634 3508 3700 contemnenda,

1556 3746 1790 3803 VARUS
1830 3742 2231 3802 LECTIONES.

288 3840 366 3872 ηδ
391 3839 512 3906 Qua
532 3838 767 3894 breviter
803 3857 898 3894 ms.
928 3855 1032 3909 qua
1064 3850 1124 3895 ut
1153 3841 1390 3894 breviter
1460 3841 1531 3871 ³³⁸
1573 3839 1639 3892 Ει
1668 3840 1850 3908 judico
1881 3845 2067 3909 uisset
2096 3835 2277 3909 indico
2349 3835 2654 3909 ξίοιέρζιίιια
2679 3853 2798 3889 cum
2821 3837 3023 3889 duobus
3048 3839 3352 3909 grwgromtis
3376 3855 3506 3894 mss.

212 3911 268 3963 in
322 3900 441 3962 uno
479 3910 652 3962 codice
709 3900 990 3976 compactis
1048 3920 1093 3962 et
1138 3926 1234 3962 ms.
1279 3909 1588 3962 Loraniensi
1620 3922 1638 3958 :
1668 3900 1714 3961 ἒι
1759 3924 1877 3962 cum
1911 3907 2062 3976 Edit.
2089 3900 2244 3976 Gelli.
2269 3914 2319 3976 et
2338 3903 2451 3976 Co!_.
2489 3905 2644 3958 1575.
2675 3919 2866 3958 etcum
2913 3923 3009 3958 ms.
3047 3900 3104 3960 Β.
3149 3907 3334 3975 Ebro/5
3367 3923 3386 3958 .'
3417 3910 3505 3962 ubi

215 3989 492 4032 tractatus
538 3979 602 4032 de
634 3972 954 4048 Presbyteris
1005 3978 1390 4031 concubinariis
1432 3977 1624 4048 legitur
1660 3978 1724 4028 ab
1783 3977 1863 4028 his
1928 3973 2234 4048 t'erbistlm
2290 3972 2628 4048 Presbyteris
2669 3987 2770 4027 etc.
2825 3976 2894 4048 ad
2935 3976 3050 4048 ilia,
3097 3972 3502 4048 tionfessionetn

210 4048 515 4118 compellit
574 4049 655 4118 77'"
688 4043 1072 4102 Patérnitatem
1123 4063 1297 4101 meam
1325 4063 1450 4118 mss.
1477 4043 1796 4118 parvitatem
1824 4060 2000 4118 meant
2044 4043 2186 4118 iidit.
2235 4043 2552 4118 pravitatem
2584 4060 2758 4118 meam
2794 4115 2804 4118 _
2833 4044 3066 4118 "“_(_jnn_t
3097 4046 3261 4114 ligent
3286 4063 3410 4100 mss.
3452 4057 3502 4100 et

214 4111 371 4170 Edit'.
405 4134 531 4171 cum
569 4117 740 4185 ligant
813 4119 881 4149 "9
903 4118 1181 4171 Pacattdos
1209 4134 1333 4170 mss.
1366 4111 1657 4186 placandos
1729 4116 1798 4146 ²³⁰
1831 4114 1949 4169 Scis
1971 4113 2096 4181 quia
2119 4111 2326 4186 uiss_.__et
2360 4111 2840 4186 _Edit..scitisquia
2917 4114 2985 4186 "l
3030 4111 3225 4183 Aperte
3275 4118 3501 4185 reproba

212 4187 474 4257 libidinis
503 4180 689 4257 ius—S.
726 4187 853 4240 Ebr.
881 4198 1063 4257 aperta
1087 4186 1320 4242 libidinis
1367 4180 1460 4224 ἠ’
1494 4185 1752 4254 Iustoque
1773 4187 1950 4256 rigore
1976 4180 2075 4236 ius.
2109 4181 2167 4236 S.
2211 4181 2338 4235 Ebr.
2358 4180 2612 4252 jnstoque
2627 4180 2830 4254 judicio
2861 4193 2915 4240 et
2947 4180 3121 4256 rigore
3193 4180 3503 4242 “’Astetur

1297 4325 1585 4382 JOANNIS
1618 4323 1892 4380 PICARDI
1919 4320 2154 4379 ΝΟΤᾸΞ.

226 4465 232 4471 .
285 4417 418 4484 (l7)
467 4416 585 4487 Non
611 4433 715 4486 quo
743 4416 881 4486 quis,
912 4435 973 4470 ea
1001 4434 1117 4487 qua?
1139 4427 1388 4480 tractant,
1414 4417 1807 4480 contemnenda,
1843 4421 1886 4478 D
1918 4429 2107 4487 omnes
2131 4413 2404 4487 historici,
2433 4414 2598 4487 etiam
2631 4413 2910 4487 Germani,
2942 4428 2999 4472 ut
3021 4419 3366 4472 doctissimus
3395 4419 3500 4474 Ge-
3575 4421 3582 4429 ’

209 4274 317 4312 ms.
369 4256 441 4312 S.
488 4256 614 4310 Ebr.
648 4264 823 4311 astent

211 4497 327 4542 etc.
364 4486 644 4540 lnterdicti
671 4487 929 4552 pontificii
960 4486 1245 4540 Auselmus
1277 4489 1614 4541 verissimam
1645 4487 1811 4540 edidit

213 4558 526 4617 rationem,
558 4557 642 4608 cui
668 4556 895 4609 similem
920 4556 1153 4626 aliquam
1182 4573 1286 4610 non
1308 4558 1675 4626 excogitantes
1703 4557 1812 4624 ple-

213 4628 407 4696 rique,
441 4627 770 4678 contendunt
812 4626 1061 4696 Gregorii,
1092 4625 1178 4678 VII
1219 4625 1634 4694 prohibitionem
1685 4643 1812 4681 san-

210 4695 372 4750 ctam
399 4703 452 4748 et
484 4695 657 4763 piam;
682 4696 770 4748 alii
797 4711 922 4750 vero
941 4695 1156 4762 itnpiam
1184 4696 1624 4749 etadversantetn
1643 4696 1812 4749 Evan-

209 4765 391 4836 gelio.
424 4764 750 4832 Sigibertus.
783 4765 1046 4836 Gregorio
1074 4764 1270 4830 alioqui
1303 4764 1721 4836 iufensissinnts,
1754 4775 1810 4818 ut

209 4834 458 4904 apparet
486 4850 552 4886 ex
577 4835 848 4904 opusculis
878 4834 1136 4888 adversus
1165 4848 1285 4887 eum
1316 4836 1552 4901 scriptis,
1577 4834 1808 4887 aﬂirmat

209 4903 269 4960 id
294 4903 473 4958 inovo
513 4903 777 4972 exemplo,
815 4914 890 4965 et,
923 4922 940 4954 ι
979 4912 1055 4967 ιιι,
1096 4903 1288 4971 inquit,
1318 4905 1499 4958 multis
1530 4904 1698 4957 visum
1728 4913 1810 4958 est

209 4973 637 5028 inconsiderato
682 4974 1011 5042 przejudieio,
1058 4977 1324 5026 sancitum
1355 4984 1543 5027 contra
1585 4973 1804 5026 Patrum

207 5043 584 5102 sententiain.
635 5045 991 5097 asserentinm
1049 5051 1388 5098 sacramenta
1441 5043 1807 5098 ecclesiastica

207 5127 385 5190 itaque
422 5127 516 5190 per
547 5113 716 5166 bonos
744 5129 813 5190 ac
840 5129 1035 5190 pravos
1067 5113 1343 5190 ministros
1373 5114 1607 5190 operari.
1647 5133 1664 5164 ι
1699 5113 1806 5190 [ις-

207 5180 356 5252 “(ibi
410 5181 714 5253 scriptores
741 5180 1010 5253 Sigiberto
1039 5184 1369 5253 posteriores
1397 5183 1513 5253 ejus
1540 5184 1678 5237 dicta
1724 5185 1806 5237 di-

205 5251 382 5315 cunt,
421 5261 476 5323 et
515 5251 631 5305 sine
667 5252 774 5323 ullo
801 5251 1011 5323 delectu
1051 5252 1223 5323 aliena
1263 5251 1659 5323 qualiacunque
1694 5255 1806 5323 suis

203 5321 570 5382 commiscet,
601 5321 806 5376 scilicet
846 5321 1125 5376 Matthazus
1155 5321 1327 5376 Paris.
1375 5321 1611 5378 Thomas
1655 5322 1803 5376 Wal-

202 5391 463 5461 si,ng._iu
494 5389 812 5461 Hypodigtn.
842 5392 1126 5456 Neustriaz,
1165 5393 1409 5446 Vincent.
1442 5392 1804 5456 Belvacensis,

200 5459 556 5531 nauclerus,
582 5459 840 5531 fleat—mes
880 5461 1231 5531 Frasquetius
1271 5478 1369 5516 ms.
1407 5462 1459 5515 in
1498 5473 1680 5516 nostra
1721 5463 1806 5516 Bi-

201 5529 514 5601 bliothec.,
567 5530 800 5586 Achilles
840 5529 1108 5587 Gassar‘us
1155 5532 1208 5584 in
1242 5532 1490 5601 Epilome
1525 5533 1807 5587 cltrouico-

201 5614 370 5672 tum,
406 5599 495 5654 ubi
534 5602 780 5670 exemplo
810 5602 1251 5656 llenritianurunt
1276 5599 1648 5672 episcoporum
1676 5601 1807 5655 Vor-

165 5716 172 5720 .
201 5669 424 5724 macia
453 5669 921 5741 congregatarum,
945 5687 1086 5726 anno
1111 5673 1266 5736 1077,
1297 5669 1617 5742 Gregorium
1647 5681 1805 5728 vocat

201 5741 713 5797 necromanticum.
768 5742 872 5798 Sed
919 5742 1070 5814 longe
1112 5743 1268 5797 aliter
1297 5743 1361 5798 dc
1401 5741 1466 5799 eo
1511 5743 1804 5816 loquuntur

1913 4483 2443 4558 nebrardus_lib._iv
2476 4485 2889 4558 Chronicornm,
2931 4499 2984 4542 ct
3013 4487 3258 4558 Papirius
3285 4489 3494 4542 Masso-

1913 4570 2012 4608 nus
2037 4553 2130 4627 lib.
2160 4569 2192 4604 v
2223 4552 2297 4606 De
2339 4552 2828 4627 Vitisﬂpoutilicum
2862 4552 3230 4612 Rmnanorum
3271 4559 3499 4627 diligen-

1915 4635 1994 4680 ter
2041 4625 2419 4697 observarunt.
2464 4623 2573 4678 Nec
2612 4626 2663 4678 id
2706 4642 2848 4697 novo
2880 4629 3148 4697 exemplo.
3184 4639 3276 4682 aut
3304 4623 3496 4682 eontra

1911 4703 2220 4769 sanctorum
2245 4692 2475 4769 Patrum
2502 4704 2736 4750 mentem
2762 4714 2790 4750 a
2823 4692 3085 4769 Gregorio
3127 4699 3292 4769 fuisse
3334 4701 3493 4769 iusti-

1914 4763 2290 4834 tututngliquet
2329 4778 2392 4815 ex
2427 4765 2508 4818 bis
2554 4781 2674 4834 qua)
2717 4768 2898 4820 retulit
2936 4763 3180 4821 Cratian.
3228 4766 3355 4819 dist.
3401 4766 3492 4829 52,

1911 4848 2031 4886 can.
2082 4831 2275 4884 Nullus
2304 4831 2650 4897 missamfet
2675 4851 2796 4890 can.
2851 4836 3054 4889 Prwtcr
3085 4839 3182 4889 Itoc
3211 4847 3401 4898 mitem,
3441 4837 3493 4889 in

1909 4918 2016 4973 quo
2069 4901 2318 4957 Urbanus
2365 4902 2615 4969 Gregorii
2669 4920 2952 4960 successor
2999 4916 3376 4973 argumentum
3426 4921 3494 4960 ex

1908 4968 2167 5045 Patribus
2202 4973 2419 5045 ductum
2461 4968 2906 5045 dissolvit._Lieet
2935 4968 3229 5045 Gregorius
3274 4992 3378 5029 non
3414 4976 3496 5029 ἰιιν

1912 5044 2192 5114 terttixerit
2230 5044 2568 5096 sacerdotum
2626 5043 3379 5114 conjugatornnrsacriﬁciis
3435 5054 3494 5099 ut

1909 5113 2180 5174 inanibus,
2204 5114 2296 5165 sed
2322 5113 2421 5166 hac
2445 5115 2768 5182 verecundia
2795 5113 3020 5182 permoti
3054 5116 3118 5167 ad
3145 5130 3202 5167 se
3231 5115 3488 5169 redirent.

1907 5182 2132 5250 Reliqua
2162 5197 2281 5250 qua:
2303 5181 2538 5235 nonnulli
2563 5181 2863 5237 obtendunt
2881 5181 3225 5239 incommoda
3252 5195 3300 5237 et
3333 5201 3492 5239 scatt-

1908 5251 2026 5307 dala
2071 5252 2197 5324 hinc
2225 5259 2364 5324 orta,
2417 5267 2521 5305 non
2572 5252 2680 5324 legi
2739 5255 2833 5324 sed
2866 5255 3159 5324 hominum
3219 5254 3489 5324 iniquitati

1907 5321 2162 5390 vertenda
2197 5319 2424 5390 quilibet
2457 5319 2712 5379 cordatus
2750 5323 3024 5378 fatebitur.
3081 5323 3212 5378 Nam
3246 5319 3492 5378 ut'rectc

1907 5392 1970 5444 D.
2015 5389 2326 5460 llieronym.
2359 5391 2517 5459 epist.
2571 5393 2638 5446 ad
2677 5395 2984 5448 Amandum
3016 5395 3202 5449 scribit
3239 5412 3252 5447 :
3310 5410 3326 5443 ι
3367 5394 3478 5446 Pu-

1907 5461 2058 5532 tridae
2091 5474 2284 5532 carnes
2307 5461 2451 5514 ferro
2491 5462 2729 5532 indigent
2761 5475 2817 5519 et
2845 5466 3106 5528 cauterio,
3143 5477 3239 5518 nec
3269 5473 3348 5517 est
3375 5479 3489 5516 tne-

1905 5531 2095 5584 dicinte
2122 5529 2302 5598 culpa,
2333 5533 2426 5584 sed
2451 5529 2706 5597 vulneris,
2731 5549 2854 5588 cum
2883 5533 3134 5589 clementi
3166 5534 3488 5588 crudelitate

1905 5616 2009 5654 non
2051 5602 2220 5669 parcit
2263 5601 2522 5663 medicus,
2570 5612 2631 5657 ιιι
2671 5614 2897 5670 parcat;
2931 5606 3102 5668 sawit,
3141 5615 3199 5657 ut
3227 5603 3487 5658 miserea-

1905 5679 2016 5740 tur.
2043 5689 2080 5745 __r
2112 5671 2430 5745 Gregorium
2478 5673 2648 5745 igitur
2670 5671 3144 5745 Necromauticutn
3175 5691 3297 5730 cum
3322 5674 3486 5745 impie

1903 5740 2190 5812 appellavit
2216 5740 2516 5812 Cassarus,
2542 5745 2595 5799 in
2640 5744 2743 5803 hoc
2775 5740 3280 5804 valde'disscntiens
3309 5759 3340 5801 ιι
3374 5740 3480 5802 Vo-
