4056 6302
261 381 395 440 ΠΞιι

1554 387 1686 443 LIB.
1727 387 1772 454 l,
1811 387 2026 446 EPIST.
2068 387 2243 444 LVIII.

3375 347 3522 436 mo

253 502 395 565 quod
443 505 552 546 non
595 499 952 566 pnesumant,
1009 493 1176 550 etiam
1238 494 1548 552 revocandi.
1605 495 1740 552 Nam
1777 498 1830 554 in
1864 508 1907 564 Α
1934 500 2082 558 circa
2109 499 2284 570 ipsum
2329 458 2476 564 sunt,
2499 494 2721 552 vidit'et
2743 492 2811 550 ab
2836 492 3026 550 eodem
3068 489 3297 559 audivit,
3341 499 3522 563 potest

255 583 389 647 illis,
425 581 473 636 si
499 591 852 647 revocentur,
882 581 1202 641 obedientia:
1235 587 1466 658 tegmine
1492 592 1840 662 przesumptfo

252 674 540 746 palliatnr;
591 675 644 729 in
679 675 798 731 istis
826 691 954 732 vero
984 677 1259 734 humilitas
1297 679 1618 737 obedientia:
1647 683 1841 740 robore

254 763 552 834 adjuvatur.
598 763 730 831 Qua:
752 767 1025 821 revocatio
1053 781 1159 822 non
1184 765 1580 835 indiliiarenter,
1613 772 1708 826 sed
1735 788 1842 826 mae

249 867 355 925 gna
409 854 618 925 praelati
681 855 1076 912 confessionem
1128 859 1471 930 suspicientis
1512 862 1840 918 discretione

229 943 496 1034 facienda
538 952 643 998 est.
683 944 838 1015 Saepe
887 961 1122 1016 namque
1164 949 1430 1020 contingit
1472 959 1531 1004 ut
1575 951 1698 1020 quis
1733 967 1837 1007 non

230 1046 345 1100 aper
374 1033 697 1088 immensmn
728 1036 973 1091 crimit-tis
992 1037 1272 1092 borronem
1292 1078 1306 1104 ,
1337 1048 1391 1094 et
1414 1054 1517 1109 per
1542 1042 1840 1096 vimimmi-

246 1122 418 1178 litatis
437 1124 734 1179 humanam
766 1127 1148 1181 verecundiam
1179 1138 1427 1198 superet;
1466 1130 1558 1185 sed
1587 1145 1684 1199 per
1707 1131 1839 1184 stul-

248 1213 379 1268 titiae
415 1216 670 1269 tenebras
689 1225 745 1270 et
782 1216 1134 1286 impudentiae
1178 1219 1476 1280 duritiam.
1537 1219 1835 1274 fteditatem

241 1305 469 1360 sceleris
493 1315 548 1360 et
569 1307 828 1376 pudorem
859 1325 964 1363 non
989 1311 1224 1375 sentiat,
1258 1322 1314 1366 et
1335 1326 1432 1381 per
1454 1312 1835 1383 negligentiam

241 1397 479 1452 ndicium
502 1413 659 1453 suum
681 1415 792 1454 non
814 1411 1054 1470 appetat.
1085 1402 1184 1468 Qui
1199 1411 1380 1457 autem
1404 1402 1831 1472 bujusmodiest,

243 1503 522 1559 nunquam
569 1491 643 1544 ad
692 1506 907 1547 sacrum
951 1492 1189 1550 obiciunt
1230 1511 1394 1550 suum
1427 1503 1522 1548 aut
1561 1497 1836 1551 vocandus

239 1589 332 1634 aut
371 1582 703 1636 revocandus
731 1591 834 1638 est.
893 1583 997 1638 Sed
1047 1599 1182 1640 cum
1238 1601 1336 1656 pro
1375 1586 1490 1655 ipso
1541 1586 1835 1655 praenitente

236 1670 511 1740 supplicat
549 1671 860 1741 humilitas,
912 1678 1152 1744 suggerit
1202 1677 1492 1741 contritio,
1548 1661 1835 1732 intercedit

236 1761 366 1816 vita:
394 1763 624 1818 mutatio
652 1783 668 1818 ;
702 1772 830 1820 tunc
847 1765 1107 1820 nimirum
1133 1767 1176 1821 si
1192 1765 1455 1836 praelatus
1485 1782 1590 1821 non
1628 1778 1739 1821 tam
1767 1770 1832 1822 de

1941 591 2623 662 interrogantibus-dicere
2675 603 2835 658 quam
2883 585 3110 656 epistola
3172 600 3295 639 mea
3350 585 3524 666 possit

1940 679 2267 735 describere.
2301 678 2454 746 Quod
2487 688 2668 736 autem
2714 678 2780 732 ad
2807 692 2894 733 me
2920 675 3134 739 attinet,
3188 675 3268 728 sic
3303 689 3389 728 me
3419 671 3522 728 sibi
3587 705 3596 710 -

1934 788 2046 827 non
2076 773 2302 826 invitum
2336 787 2460 826 cum
2499 781 2718 842 propter
2741 776 2989 834 vos,tum
3017 777 3236 838 propter
3263 767 3520 836 seipsum,

1933 873 2000 917 ut
2031 872 2238 917 taceam
2258 862 2527 918 fraterna:
2557 860 2844 917 cbaritatis
2879 859 3127 914 astrinxit
3160 873 3178 924 ;
3218 868 3276 910 ut
3299 857 3350 910 in
3377 856 3522 910 nullo

1930 953 2055 1022 ejus
2077 953 2381 1019 commodo,
2432 953 2577 1022 quod
2634 965 2862 1021 possum,
2913 965 2998 1004 me
3021 947 3180 1002 velim
3201 946 3281 1003 illi
3307 947 3524 1001 subtra-

1940 1042 2072 1098 here
2113 1040 2205 1096 '“.
2253 1041 2492 1096 Domnus
2544 1040 2844 1104 Osbernus,
2904 1055 3064 1110 quem
3106 1038 3180 1095 ad
3224 1053 3287 1092 se
3337 1031 3521 1093 ι·εάυᾶ

1937 1134 2237 1189 auctoritas
2289 1141 2470 1188 vestra
2513 1131 2688 1199 jubet,
2742 1132 2935 1195 fateor,
2990 1130 3125 1185 adeo
3179 1127 3350 1188 menti
3391 1141 3525 1182 mea

1929 1225 2144 1296 glutino
2173 1224 2480 1279 dilectionis
2508 1225 2834 1286 adlneserat,
2864 1232 2921 1274 nt
2967 1220 3083 1289 ejus
3125 1221 3522 1290 separationeut

1939 1329 2036 1370 cor
2087 1329 2266 1367 mentm
2329 1313 2543 1368 nonnisi
2589 1311 2720 1368 cum
2762 1311 2996 1382 quadam
3039 1311 3122 1366 sui
3159 1310 3396 1367 scissura
3443 1318 3526 1362 to-

1929 1404 2096 1460 leret.
2155 1403 2334 1459 Testis
2382 1405 2527 1457 enim
2575 1412 2660 1456 est
2683 1404 2756 1456 illi
2817 1419 2924 1456 non
2963 1412 3072 1456 tam
3132 1401 3305 1470 stylus
3367 1414 3525 1454 meus

1936 1509 2098 1565 quatn
2129 1492 2460 1548 conscientia
2481 1492 2606 1562 quia
2628 1494 2708 1546 sic
2736 1493 3010 1546 nobiscum
3037 1502 3118 1544 est
3141 1500 3522 1554 conuersatus,

1932 1596 1996 1640 ut
2020 1585 2095 1639 ab
2113 1586 2368 1640 omnibus
2400 1585 2554 1640 bome
2600 1581 2934 1654 propositum
2967 1583 3264 1636 voluntatis
3313 1581 3526 1639 sincere

1935 1678 2302 1748 diligentibus,
2376 1679 2497 1748 plus
2553 1687 2828 1733 mereatur
2903 1675 3151 1730 affectum
3207 1675 3522 1741 charitatis,

1934 1784 2100 1838 quam
2125 1770 2472 1839 asperitatem
2525 1769 2752 1838 alicujus
2803 1766 3109 1825 severitatis
3136 1766 3230 1820 ³⁸⁸.
3264 1766 3524 1833 Quamvis

234 1855 452 1910 aneritis
472 1855 763 1925 aliquibus,
786 1872 949 1926 quam
973 1857 1039 1912 de
1062 1870 1256 1928 magna
1285 1858 1662 1917 misericordia
1684 1868 1740 1914 et
1766 1859 1831 1914 de
1865 1845 1908 1900 Β
1935 1857 2122 1927 itaque
2147 1859 2513 1912 admonitione
2544 1873 2648 1912 non
2679 1866 2842 1924 egeat
2859 1865 3050 1911 sancta
3079 1863 3253 1912 vestra
3282 1855 3526 1926 benigni»

233 1945 589 2002 multitudine
617 1947 1030 2002 miserationem
1076 1948 1167 2003 Dei
1194 1947 1342 2003 illum
1388 1949 1733 2014 confortans,
1759 1950 1828 2004 ad

229 2036 320 2090 sui
347 2053 522 2111 ‘usum
561 2039 753 2093 invitet
779 2037 967 2102 ollieii,
1015 2047 1144 2107 puto
1185 2039 1310 2106 quia
1342 2054 1449 2093 non
1482 2046 1591 2092 tam
1626 2047 1829 2092 temere

227 2139 402 2192 quam
435 2125 945 2195 .prudenter'egisse
990 2125 1258 2180 videatur.
1289 2127 1385 2181 Est
1425 2127 1571 2182 enim
1602 2142 1744 2197 sane
1773 2129 1827 2181 iu

235 2217 548 2284 bujusmodi
581 2218 962 2289 prmvenienda
1001 2219 1460 2288 pusillanimitas,
1493 2218 1828 2274 excludenda

223 2313 583 2374 contemptus
646 2303 938 2377 suspicio,
1007 2304 1344 2359 ostendenda
1413 2303 1826 2367 benevolentia,

234 2396 550 2451 exhibenda
579 2396 907 2464 compassio.
933 2394 1049 2450 I-Ioc
1071 2397 1215 2449 enim
1247 2396 1405 2452 modo
1429 2397 1520 2467 qui
1549 2395 1682 2452 tales
1705 2406 1832 2452 sum

222 2495 449 2555 quanto
490 2486 778 2557 benignius
801 2526 814 2552 ,
847 2493 997 2566 tanto
1024 2485 1294 2542 eﬂicaeius
1328 2479 1395 2541 ad
1437 2489 1828 2559 perfectionem

229 2589 639 2647 provocamur,
704 2588 758 2634 et
810 2588 960 2634 tanto
1005 2579 1249 2634 strictius
1284 2580 1336 2634 in
1362 2580 1504 2636 bono
1552 2579 1830 2650 proposito

226 2666 506 2738 iigantur.
555 2668 713 2723 Betui
756 2670 913 2740 plura
962 2671 1028 2724 de
1069 2670 1289 2741 scriptis
1324 2669 1544 2725 Patrum
1574 2670 1660 2724 bis
1692 2669 1832 2724 inte-

226 2771 397 2824 sere;
439 2759 534 2814 sed
561 2759 686 2828 quia
714 2759 1026 2829 epistolaris
1055 2759 1327 2826 brevitas,
1357 2775 1484 2831 qua:
1503 2760 1616 2832 jam
1656 2776 1717 2816 se
1746 2759 1830 2814 ni-

228 2848 344 2903 mis
405 2849 628 2905 extendi
667 2851 958 2917 reclamat,
1005 2865 1114 2906 non
1161 2853 1469 2916 consentit,
1509 2851 1830 2922 simpliciter

226 2939 367 3010 quid
382 2941 448 2996 de
463 2942 1094 3012 inlerrogatissentirem,
1130 2943 1612 3015 paternitati333
1638 2954 1828 2999 vestrae

222 3026 424 3096 iussus
451 3031 702 3100 exposui.
735 3031 1095 3102 Omnipotens
1121 3031 1392 3088 »Dominus
1417 3048 1547 3096 vos,
1576 3033 1709 3088 et=in
1744 3032 1827 3088 bis

1933 1956 2040 2012 tas,
2067 1962 2186 2017 quae
2215 1963 2432 2017 semper
2478 1947 2634 2001 bonis
2683 1949 2875 2000 adesse
2928 1944 3085 2008 solet,
3133 1943 3413 2016 conmellit
3440 1957 3526 1998 me

1939 2048 2121 2093 tamen
2175 2037 2389 2094 tueritis
2437 2035 2649 2108 przefati
2702 2035 2890 2091 fratris
2940 2045 3252 2105 conttparata
3294 2033 3525 2090 .dilectio

1922 2140 2046 2185 toto
2064 2131 2279 2200 precari
2303 2138 2526 2195 conatu,
2554 2137 2824 2198 quatenus
2869 2142 2973 2181 non
3001 2127 3174 2181 solum
3227 2126 3353 2195 quia
3411 2126 3526 2195 ipse

1930 2221 2150 2284 meruit.
2197 2220 2290 2274 sed
2310 2228 2367 2274 et
2408 2219 2536 2287 quia
2575 2218 2753 2274 fidelis
2784 2230 2974 2271 servus
3007 2223 3188 2276 vester
3229 2214 3522 2278 desiderat,

1932 2310 2293 2366 desiderando
2347 2309 2601 2378 postulat,
2662 2308 2811 2363 illum
2869 2307 3102 2378 benigne
3155 2306 3522 2377 suscipiendo.

1921 2401 2184 2472 benigne,
2211 2401 2315 2454 nisi
2343 2401 2503 2455 aliter
2532 2401 2696 2453 vitam
2723 2399 2839 2466 ejus
2886 2399 2986 2467 ipsi
3022 2397 3219 2451 mereri
3251 2397 3522 2461 videritis,

1934 2493 2200 2547 tractetis.
2241 2489 2532 2553 Praeterea,
2593 2491 2850 2560 quoniam
2889 2505 2994 2542 non
3033 2489 3207 2542 audeo
3257 2488 3436 2544 dicere
3467 2500 3525 2543 ut

1934 2581 2083 2635 illum
2134 2583 2202 2636 ad
2247 2596 2344 2636 nos
2393 2581 2685 2651 aliquando
2743 2578 3084 2644 remittatis;
3121 2579 3243 2640 hoc,
3287 2587 3344 2634 ut
3372 2588 3521 2647 puto,

1931 2675 2162 2730 licenter
2192 2674 2313 2729 dico
2342 2674 2467 2743 quia
2499 2687 2774 2741 nunquam
2819 2670 2888 2725 ab
2917 2686 2982 2725 eo
3017 2670 3210 2724 sitiens
3240 2670 3520 2727 dissociari

1926 2766 2145 2822 vellem.
2180 2764 2451 2836 Epistolas
2496 2751 2656 2820 beati
2671 2762 2824 2818 Pauli
2865 2769 3045 2816 vestro
3077 2761 3332 2816 mandato
3367 2760 3522 2818 ,libe'n

1935 2867 2016 2912 ter
2033 2867 2289 2928 parentes
2328 2856 2483 2912 vobis
2511 2855 2781 2910 mittimus
2814 2871 2830 2920 ;
2863 2854 2978 2919 sed,
3025 2853 3280 2922 quoniam
3302 2853 3444 2923 quod
3469 2854 3523 2908 iu

1926 2949 2120 3004 eodem
2149 2948 2337 3002 codice
2362 2948 2430 3003 de
2464 2958 2644 3002 vestro
2673 2961 2837 3016 opere
2885 2953 2988 3009 est,
3033 2943 3161 2998 alibi
3214 2958 3320 2998 non
3353 2943 3523 2998 babe-

1931 3054 2071 3104 mus,
2105 3041 2238 3094 satis
2270 3040 2414 3094 scire
2439 3039 2680 3110 potestis
2708 3036 2836 3111 quid
2873 3051 2972 3090 vos
2999 3035 3289 3111 aliquando
3309 3035 3523 3094 factum

218 3128 288 3172 et
319 3119 375 3173 in
401 3122 655 3175 omnibus
677 3136 796 3189 qua:
820 3121 972 3175 vobis
1000 3120 1206 3190 agenda
1251 3129 1416 3185 sunt,
1455 3121 1535 3175 sic
1568 3121 1622 3175 in
1660 3122 1824 3175 recti-
1856 3185 1894 3205 Π
1931 3132 2012 3188 ire
2040 3132 2436 3187 desideremus,

230 3210 427 3266 tudine
477 3185 735 3286 veritatis
774 3210 1000 3281 dirigat,
1037 3185 1112 3264 iit
1144 3211 1362 3280 pro_eis
1406 3214 1644 3280 seipsum
1665 3185 1895 3266 vobisn

217 3300 521 3355 retribuat.
561 3301 616 3354 Si
649 3315 886 3369 praesens
921 3317 1095 3356 essem
1128 3315 1325 3356 coram
1357 3302 1544 3368 vobis,
1573 3311 1626 3358 et
1646 3317 1828 3358 eorum

220 3398 428 3446 sancta
473 3392 892 3462 congregatione
941 3401 1120 3446 vestra
1164 3393 1268 3462 (de
1294 3409 1396 3462 qua
1431 3393 1596 3448 multa
1631 3393 1770 3448 bona
1797 3409 1828 3448 a

222 3481 428 3537 multis
477 3481 823 3536 concorditer
869 3482 1064 3553 audio)
1123 3483 1350 3553 supplici
1410 3492 1590 3540 mente
1635 3499 1832 3554 corpus

229 3583 410 3628 totum
441 3582 840 3642 prosternerem
861 3617 876 3641 ,
909 3584 964 3629 et
1000 3583 1057 3628 ut
1088 3590 1172 3629 me
1201 3575 1469 3630 bonormn
1516 3591 1637 3646 qua:
1690 3575 1832 3632 Dens

220 3662 570 3734 operatnrin
605 3671 783 3717 vestro
809 3664 1172 3730 monasterio,
1222 3663 1275 3719 in
1308 3675 1626 3734 perpetuum
1659 3665 1829 3736 parti-

225 3755 414 3824 cipem
449 3753 502 3807 in
531 3752 773 3809 fraterna
822 3755 1094 3810 cbaritate
1125 3757 1500 3812 concederetis
1521 3797 1536 3822 ,
1565 3769 1828 3829 peterem.

224 3846 343 3901 .Scd
376 3846 635 3915 quoniam
657 3861 761 3916 ego
789 3845 894 3902 hoc
922 3863 1026 3901 non
1051 3862 1302 3916 possum,
1331 3863 1598 3918 prmsumo
1628 3865 1735 3903 non
1766 3849 1833 3904 de

223 3937 378 3993 meis
413 3938 657 4004 meritis,
688 3939 782 3993 seu
808 3940 873 3994 de
905 3948 1086 3993 vestra
1115 3939 1406 3994 sanctitate
1435 3955 1626 4010 rogare
1655 3949 1716 3996 ut
1738 3956 1835 3997 vos

221 4026 338 4083 aiioc
389 4042 491 4098 pro
543 4043 627 4083 me
654 4044 773 4083 'non
805 4027 1104 4084 *htuniliato
1146 4044 1420 4099 corpore,
1455 4032 1549 4085 sed
1603 4029 1833 4100 benigna

222 4129 424 4174 mente
458 4121 524 4174 ab
552 4120 759 4175 eisdem
793 4118 918 4173 filiis
945 4120 1142 4177 vestris
1179 4120 1311 4175 mihi
1347 4122 1546 4192 petatis
1618 4132 1834 4180 .cttcum

220 4211 342 4267 illis
370 4211 706 4269 concedatis.
739 4210 946 4267 Valete.
1609 4204 1611 4206 ’

717 4323 1059 4381 ΕΡΙὸΐΟΙιΑ
1087 4324 1227 4380 LVII
1257 4326 1345 4378 η’.

811 4451 878 4491 ΑΙ)
909 4451 1281 4493 ,ιλωεῑικαεωι

2402 3241 2737 3298 EPISTﬂLA
2769 3241 2924 3296 LVIII
2958 3242 3045 3295 ’“.

2530 3349 2598 3386 AD
2625 3346 2915 3386 HESRICUM.

1999 3425 2212 3482 Domno
2259 3430 2341 3480 et‘
2370 3424 2548 3480 amico
2597 3421 2942 3490 charissima,
3000 3423 3300 3479 reverenda
3355 3423 3524 3500 priori

1933 3516 2173 3572 llsmuco
2233 3519 2401 3572 frater
2450 3511 2752 3578 Amemus,
2796 3515 2850 3569 in
2892 3526 3038 3570 terra
3074 3515 3347 3572 seminare
3389 3503 3516 3576 san—-

1932 3607 2201 3676 ctitatem,
2236 3607 2288 3662 in
2321 3606 2459 3664 cmio
2490 3613 2696 3662 metere
2730 3604 3068 3663 felicitatem.

2339 3722 2415 3778 Ei
2429 3723 2770 3780 commendat
2795 3721 3124 3783 Ostiorum.

2007 3817 2244 3873 Dilectus
2298 3831 2452 3872 meus
2501 3816 2735 3873 domnus
2757 3813 3045 3872 .Osbernus
3074 3824 3280 3880 vester,
3312 3819 3405 3885 qui
3456 3817 3524 3881 ad

1928 3921 2032 3963 vos
2055 3905 2311 3970 redit’",
2353 3904 2432 3959 sic
2475 3905 2719 3974 pristina:
2737 3903 3304 3974 .vitmpenversitatem
3337 3914 3527 3974 sponte

1935 4005 2160 4051 accusat
2205 4002 2266 4050 et
2307 4000 2634 4048 exsecratur
2676 4007 2693 4057 ;
2750 4000 2936 4060 atque,
2969 3991 3290 4062 inquantum
3329 4005 3408 4048 .ex
3462 4009 3524 4067 ea

1934 4102 2100 4159 quam
2139 4084 2429 4141 nobiscum
2482 4082 2672 4138 habuit
2698 4081 3120 4140 conversatione
3148 4081 3336 4152 palam
3365 4091 3528 4137 etse-

1925 4185 2087 4234 erete
2139 4175 2378 4246 experiri
2435 4173 2615 4244 potui,
2669 4187 2749 4227 ate
2810 4171 2936 4226 vita:
2989 4171 3286 4226 laudabilis
3341 4186 3526 4227 amore.

1925 4267 2280 4332 accenditur,
2334 4273 2400 4323 ut
2425 4280 2531 4321 non
2567 4264 2839 4319 immerito
2870 4265 3098 4321 interior
3124 4264 3290 4320 homo
3331 4264 3450 4333 ejus
3474 4264 3525 4336 iu

1932 4359 2131 4414 ntelius
2183 4365 2282 4412 aut
2311 4357 2436 4429 jam
2481 4365 2742 4421 tnntatns,
2792 4366 2886 4412 aut
2932 4355 3123 4428 procul
3171 4357 3333 4413 dubio
3369 4355 3526 4418 facile

1936 4450 2232 4506 mutandus
2252 4450 2612 4505 existimetur.
2635 4450 2714 4509 Et
2739 4459 2935 4506 vestra:
2959 4449 3177 4520 quidem
3224 4443 3528 4516 notum'ést

229 4543 315 4601 De
357 4543 668 4617 Lanfrnneo
721 4545 1084 4617 nepoleibong
1131 4548 1388 4617 rescribit,
1445 4566 1540 4603 nec
1599 4565 1708 4605 non
1775 4552 1840 4603 de
1873 4522 1915 4577 θ
1941 4542 2240 4613 prudentie
2293 4542 2420 4612 quia
2469 4557 2744 4614 nunquam
2793 4551 2940 4596 tanta
2982 4542 3330 4613 benignitatis
3392 4559 3526 4617 opu:

471 4613 725 4669 Osberno.
754 4615 822 4669 Et
855 4615 1104 4670 mittiLB.
1128 4615 1288 4671 Pauli
1337 4619 1625 4688 Epistolas.

300 4726 554 4781 Domino
581 4735 637 4780 et
653 4725 810 4782 Patri
830 4742 940 4782 suo
975 4729 1294 4784 reverentiae
1346 4731 1576 4795 honore,
1604 4741 1662 4788 et
1680 4747 1840 4788 amo-

237 4835 318 4872 rts
366 4818 570 4872 ali‘ectu
617 4819 775 4872 matri
827 4819 1106 4875 catholica:
1155 4821 1382 4878 colendo
1426 4825 1837 4895 archiepiscopo

227 4907 571 4964 Lassus-sco
595 4909 762 4965 frater
802 4911 1085 4968 Assntuus
1114 4928 1266 4976 suus,
1300 4916 1444 4985 quod
1469 4931 1620 4972 suus.

312 5003 480 5059 Licet
504 5003 680 5057 rarius
708 5019 872 5074 quam
899 5004 1090 5060 debeat
1128 5007 1838 5066 iiuntilitatismeaziiueras

228 5106 479 5164 paterna
505 5095 766 5149 sanctitas
791 5104 974 5150 vestra
999 5097 1276 5168 suscipiat,
1312 5099 1627 5158 ﬁdelitatem
1656 5111 1835 5159 tamen

242 5186 405 5241 vobis
439 5186 678 5242 debitam
713 5199 808 5239 eor
831 5199 1008 5240 meum
1052 5202 1164 5241 non
1213 5188 1340 5244 alibi
1371 5205 1534 5261 quam
1563 5191 1616 5246 in
1657 5191 1839 5264 seipso

228 5283 512 5350 scriptam
567 5281 830 5349 integram
885 5289 1085 5336 servat.
1126 5280 1203 5336 De
1223 5282 1547 5337 charissima
1589 5297 1711 5338 meo
1739 5298 1837 5337 ne-

230 5383 376 5446 pote
422 5379 603 5425 vestro
648 5370 918 5443 copiosius
961 5371 1189 5426 nuntius
1234 5381 1432 5438 vester,
1475 5375 1568 5444 qui
1616 5389 1679 5431 ea
1717 5388 1840 5445 qua:

1938 4643 2026 4688 est
2053 4633 2409 4698 exhibitione,
2448 4643 2649 4703 quanta
2690 4633 2744 4688 in
2793 4627 2930 4688 nova
2956 4642 3012 4688 et
3035 4634 3154 4688 rudi
3181 4634 3248 4690 de
3279 4635 3525 4704 mprobis

1935 4725 2010 4779 ad
2052 4717 2252 4794 probos
2301 4740 2484 4780 mores
2533 4725 2908 4789 conversione,
2985 4738 3055 4780 ne
3103 4725 3243 4786 bona
3299 4725 3511 4793 incepti:

1939 4832 2062 4888 qua:
2087 4817 2283 4872 nutriri
2320 4825 2376 4880 et
2404 4818 2471 4872 ad
2499 4808 2800 4884 profectum
2848 4818 2970 4873 duci
3025 4823 3256 4883 possunt
3311 4830 3408 4886 per
3447 4815 3513 4869 l'o-

1943 4917 2124 4966 menta
2153 4909 2524 4980 benignitatis,
2557 4911 2921 4980 impediantur
2969 4917 3064 4967 aut
3109 4915 3260 4964 certe
3311 4911 3527 4979 fraganr

1934 5008 2034 5054 .tur
2066 5015 2166 5070 per
2211 4999 2586 5056 austeritatem
2628 4998 2959 5056 severitatis.
2994 4997 3203 5056 Precor
3262 4997 3526 5071 igiturdi-

1944 5091 2142 5147 lectam
2173 5101 2411 5147 vestram
2435 5089 2810 5151 sanctitatem,
2831 5097 3127 5165 quatenus,
3174 5088 3322 5145 sicut
3356 5089 3524 5166 vestri

1945 5181 2102 5237 decet
2151 5181 2533 5236 discretionem
2551 5178 2844 5250 regiminis
2901 5187 2960 5234 et
2988 5175 3211 5247 przefato
3237 5177 3400 5232 fratri
3424 5193 3486 5240 ex
3518 5208 3526 5214 -

1943 5275 2113 5346 pedit,
2143 5288 2359 5329 omnem
2385 5271 2671 5343 praeteritte
2710 5270 3087 5342 perversitatis
3125 5268 3244 5340 ejus
3273 5268 3525 5324 dissimur

1946 5369 2124 5424 lantes
2167 5365 2238 5398 ”"
2281 5364 2626 5430 memoriam,
2675 5363 2816 5419 lacte
2866 5363 3170 5434 perspicua:
3221 5360 3526 5417 dilectionis

1539 5547 1768 5603 VARIE
1792 5540 2208 5603 ’LECTIONES.

308 5659 396 5693 ’⁵³⁸³
429 5655 564 5710 Cum
614 5672 718 5710 uno
749 5672 847 5709 ms.
903 5655 1176 5711 Victorino
1229 5657 1286 5712 in
1337 5656 1530 5713 Codice
1556 5657 1650 5725 ΕΙ.
1670 5659 1762 5714 20.
1788 5658 1986 5715 collata
2085 5656 2160 5689 ‘“
2185 5654 2357 5712 Velim
2383 5651 2728 5725 subtrahere.
2756 5653 3060 5725 ntsrvelim
3091 5644 3526 5725 illiusubtralicre

237 5731 320 5762 ³³⁸
349 5727 679 5782 Severitatis
706 5726 1063 5796 magalicnjus
1084 5729 1390 5784 severitatis
1460 5728 1530 5761 ’⁸⁸
1559 5722 1693 5784 Ciuu
1721 5730 1902 5786 eodem
1942 5746 2042 5785 ms.
2075 5726 2268 5783 collata
2344 5725 2413 5758 ⁸⁵⁷
2451 5722 2614 5780 Redit
2657 5739 2756 5777 ms.
2789 5724 3066 5792 reducitur

237 5801 423 5856 lautis
455 5813 551 5848 ms.
581 5795 987 5850 dissimulantes

435 5889 719 5952 Parnm...
769 5862 1042 5951 CLvnt.

3152 5715 3234 5760 3"
3267 5715 3400 5773 Dissi
3412 5730 3529 5770 uss.-

3119 5878 3207 5943 '36
