4056 6302
564 303 694 358 “3|

1097 296 1154 354 S.
1197 290 1493 350 ANSELMI
1547 289 1900 349 CANTUAR.
1937 285 2254 344 ARClllEP.
2293 284 2444 344 OPP.
2491 285 2666 342 PARS
2709 285 2792 342 lll.
2825 317 2894 328 —
2922 286 3295 346 EPISTOLE.

3685 290 3818 348 H52

557 387 824 485 propositi
878 409 1133 464 nutriatis
1187 406 1426 462 melioris
1473 405 1778 472 infantiam,
1828 403 1934 458 nisi
1988 404 2142 467 forte,
2177 419 2220 473 Α
2253 401 2606 467 visitavimus,
2664 405 2916 471 quoniam
2948 404 3012 457 de
3053 405 3326 460 soliditate
3379 415 3583 458 mutua:
3627 417 3823 464 nostra

554 505 703 576 quod
745 519 850 558 non
894 511 1046 571 puto,
1099 501 1152 554 in
1197 499 1483 569 pristinam
1535 513 1638 552 non
1707 512 1774 559 ex
1825 495 2139 551 infirmitate

541 593 878 657 ostenderit,
911 591 1006 646 sed
1034 605 1100 645 ex
1131 589 1410 644 voluntate
1448 589 1670 644 redierit
1696 587 1978 642 malitiam.
2007 586 2139 640 Nul-

548 683 769 740 latenus
803 679 946 735 enim
991 678 1064 733 illi
1098 678 1457 750 opportunius
1503 676 1743 748 probatis
1794 675 2016 729 latuisse
2058 675 2140 736 di-

547 773 842 829 lectionem
884 772 985 828 sub
1036 771 1328 827 severitate
1373 785 1536 839 quam
1595 769 1766 824 sensit
1813 768 1867 821 in
1927 781 2136 830 errore,

554 879 719 934 quam
749 868 794 919 si
825 871 952 918 tunc
983 862 1219 934 patuerit
1243 861 1296 916 in
1328 860 1534 917 erroris
1563 859 1922 915 correctione.
1976 861 2134 913 Deni-

540 941 680 1026 "que,
711 963 772 1010 ut
795 953 927 1010 mibi
960 942 1193 1019 videtur,
1225 954 1293 1008 ad
1334 963 1498 1008 recta:
1534 953 1658 1006 vitae
1689 952 1964 1006 tramitem
2011 950 2137 1004 nul-

538 1047 640 1116 lus
670 1047 827 1103 debet
870 1045 1095 1117 impelli,
1144 1046 1248 1100 nisi
1278 1044 1370 1114 qui
1403 1059 1510 1099 non
1543 1052 1723 1114 potest
1752 1043 1974 1096 attrahi.
2007 1042 2138 1098 Pre-

550 1153 647 1194 cor
675 1137 864 1204 etiam,
893 1152 1010 1204 seu,
1066 1136 1246 1206 potius
1295 1136 1454 1204 exigo
1497 1149 1566 1190 ex
1616 1134 1818 1200 debito,
1862 1134 2002 1204 quod
2034 1134 2134 1189 sibi

546 1231 784 1287 invicem
817 1230 1017 1286 debent
1053 1229 1236 1295 amici,
1260 1237 1316 1282 ιιι
1340 1228 1482 1283 sicut
1507 1241 1697 1281 omnes
1733 1226 1943 1282 dilect:e
1997 1226 2130 1281 mibi

548 1320 879 1376 fraternitati
918 1328 1114 1375 vestra:
1167 1319 1390 1373 dilectos
1426 1317 1548 1372 volo
1605 1317 1850 1388 diligere,
1905 1317 1986 1374 sie
2035 1319 2133 1372 do-

546 1426 710 1467 mnus
753 1409 1030 1466 Osl;eruus
1084 1409 1137 1463 in
1186 1410 1530 1480 adipiscendo
1573 1422 1750 1462 meum
1793 1407 2133 1464 dilectionem

537 1501 776 1578 inultum
809 1500 910 1557 sibi
953 1500 1152 1570 gaudet
1175 1509 1412 1554 vestram
1448 1499 1706 1554 crevisse.
1736 1499 1949 1555 ‘r'alctc.

1046 1589 1377 1645 EPISTOLA
1408 1589 1524 1644 LIX
1554 1590 1647 1644 "9.

1125 1697 1188 1734 AD
1227 1697 1567 1738 GONDULFUII.

517 1795 622 1857 ιζΓε
645 1803 945 1858 muneribus
970 1802 1033 1856 ab
1061 1804 1172 1871 ipso
1198 1800 1372 1856 missis
1394 1802 1593 1871 gratias
1621 1803 1726 1871 agit
1756 1816 1850 1854 suo
1873 1808 1919 1852 et
1946 1797 2127 1870 [Iugo-

949 1874 1029 1926 nis
1051 1884 1204 1943 atque
1232 1871 1449 1926 Basilina
1485 1871 1713 1926 nomine.

615 1965 728 2022 Suo
781 1967 1025 2032 domino,
1068 1981 1166 2021 suo
1217 1965 1396 2030 fratri,
1437 1981 1534 2020 suo
1587 1967 1763 2021 amico
1805 1961 2128 2018 charissimo

543 2061 743 2113 domno
769 2058 1060 2115 Gonooero
1095 2057 1587 2124 fraterANSELuus,
1647 2068 1790 2128 quod
1822 2074 1943 2124 suo,
1976 2074 2126 2112 suus.

614 2150 750 2204 Cum
815 2159 870 2204 ιιι
913 2164 1020 2204 non
1065 2159 1219 2220 potos
1270 2158 1528 2220 precmus
1590 2165 1812 2205 mouere
1856 2149 2127 2221 pigritiam

543 2253 718 2294 meatu
743 2249 800 2294 ut
829 2241 923 2296 tibi
975 2241 1325 2296 salutatorias
1372 2240 1580 2296 litteras
1635 2241 1866 2307 mittam,
1905 2256 2128 2296 conv-(r-

549 2331 619 2386 tis
645 2339 697 2386 te
728 2333 794 2386 ad
818 2332 968 2387 aliud
991 2333 1304 2400 consilium,
1336 2341 1391 2388 ct
1409 2333 1591 2403 pulsas
1620 2348 1706 2388 me
1736 2334 1842 2388 tuis
1862 2334 2043 2398 donis,
2071 2341 2131 2386 ut

543 2421 629 2478 vel
654 2423 859 2494 gratias
898 2425 1172 2479 remittam
1205 2439 1225 2488 ;
1255 2432 1312 2478 et
1335 2439 1496 2493 quem
1543 2424 1818 2478 blanditia:
1854 2432 2129 2494 nequeunt

537 2512 611 2568 ad
645 2515 996 2570 scribendum
1047 2517 1344 2582 attrahere,
1397 2515 1590 2570 saltem
1645 2517 1819 2586 pudor
1861 2525 2026 2585 queat
2059 2513 2128 2568 ad

539 2606 746 2676 gratias
792 2607 1058 2678 agendum
1107 2607 1407 2676 impellere.
1469 2609 1585 2677 Ago
1629 2607 1795 2678 igitur
1855 2616 1957 2662 tuae
1995 2607 2130 2661 dite-

539 2699 731 2767 ctioui,
759 2714 880 2769 qua:
907 2699 1080 2755 dulcis
1117 2708 1199 2754 est
1223 2699 1542 2766 cordimeo,
1564 2700 1787 2770 gratias,
1819 2716 1924 2754 nou
1954 2715 2128 2768 quaa-

539 2798 656 2843 tum
699 2789 833 2844 milii
856 2790 1021 2844 chara
1055 2798 1182 2844 sunt
1216 2790 1355 2846 dona
1391 2799 1480 2845 tua
1517 2831 1532 2855 ,
1575 2791 1669 2847 sed
1703 2801 1965 2861 quantum
1998 2791 2127 2864 milii

523 2881 758 2935 ~cbarior
780 2889 864 2937 est
886 2881 1128 2937 cbaritas
1157 2889 1269 2948 tua,
1297 2897 1402 2952 qua
1438 2885 1575 2937 tittut
1601 2892 1656 2937 et
1689 2884 2039 2949 condiuntur,
2073 2893 2127 2936 et

519 2985 704 3038 quam
749 2972 881 3027 mihi
937 2973 1154 3041 sapiunt
1215 2988 1440 3027 munera
1505 2983 1617 3028 tua.
1667 2973 1841 3028 Tanto
1876 2987 2126 3042 .nantque

538 3060 759 3114 citarier
786 3068 870 3115 est
902 3061 1034 3116 mihi
1066 3063 1314 3117 eharitas‘
1336 3071 1450 3128 tua,
1478 3079 1640 3132 quam
1684 3063 1946 3133 quidquid
1990 3065 2123 3118 tnibi

2240 493 2552 548 dilectionis
2600 508 2706 549 non
2753 494 3162 556 dubitavimus;
3211 503 3266 564 et
3305 493 3430 562 quia
3509 498 3822 553 nuntiorum

2239 585 2595 650 sermonibus,
2627 600 2749 639 cum
2780 592 3142 655 opportunum
3171 583 3290 650 fuit,
3321 599 3419 638 nos
3444 585 3824 644 salutavimus.

2241 675 2348 745 Sed
2369 691 2433 730 ne
2460 693 2563 745 qua
2590 675 2874 730 occasione
2918 690 3074 730 amor
3128 675 3242 742 ipse
3273 673 3342 728 ab
3377 675 3560 746 aliquo
3613 687 3830 745 putetur

2241 775 2421 836 tepere
2451 807 2465 833 ,
2499 767 2754 836 expedire
2781 776 2913 836 puto
2943 775 3001 818 ut
3027 763 3319 834 aliquando
3346 765 3646 831 scltedulis,
3671 766 3824 835 quasi

2238 859 2488 914 scintillis
2519 859 2588 913 ab
2614 859 2845 914 invicem
2872 858 3255 922 emicantibus,
3302 857 3551 912 videatur
3598 859 3820 914 fervere.

2237 948 2350 1004 lloc
2373 950 2517 1004 enim
2551 950 2669 1019 ipso
2707 950 2833 1019 quia
2881 950 3283 1004 desiderantem
3321 949 3394 980 ’⁵⁸
3418 960 3468 1003 te
3511 950 3825 1006 desiderans

2237 1043 2438 1098 habere
2464 1058 2674 1097 ntecum
2699 1058 2804 1097 non
2833 1057 3047 1113 possunt
3074 1058 3088 1107 ;
3119 1056 3460 1111 nequaquam
3495 1042 3701 1109 minus,
3728 1043 3823 1098 sed

2237 1134 2411 1205 magis
2444 1145 2494 1188 te
2516 1133 2720 1205 diligo;
2754 1133 2880 1202 quia
2910 1148 3034 1187 cum
3078 1142 3131 1187 te
3165 1132 3245 1187 sic
3296 1131 3444 1201 diligi
3473 1148 3506 1186 a
3531 1131 3825 1202 majoribus

2235 1231 2290 1279 et
2321 1223 2634 1278 melioribus
2684 1239 2769 1278 me
2795 1223 2886 1288 "3,
2913 1231 2973 1275 ut
3008 1231 3060 1277 te
3080 1221 3355 1277 dimittere
3401 1223 3600 1286 nolint,
3632 1223 3821 1289 video;

2237 1314 2355 1385 plus
2379 1323 2432 1369 te
2463 1314 2790 1384 diligendum
2851 1312 3114 1382 intelligo.
3176 1311 3326 1368 Unde
3375 1313 3436 1366 fit
3463 1322 3524 1367 ut
3549 1328 3689 1383 pene
3727 1315 3825 1367 du-

2234 1402 2381 1457 bium
2426 1402 2558 1456 mihi
2591 1402 2664 1456 sit
2705 1412 2885 1456 utrum
2918 1402 3046 1470 quia
3096 1402 3176 1457 sic
3224 1410 3275 1456 te
3321 1402 3458 1457 facis
3509 1403 3819 1468 atttaliiletn,

2235 1492 2354 1563 plus
2375 1493 2670 1563 gaudeam;
2701 1508 2768 1546 an
2794 1493 2920 1563 quia
2947 1504 3052 1546 tam
3082 1491 3301 1546 amabili
3326 1491 3428 1546 frui
3451 1507 3560 1546 non
3581 1506 3818 1562 possum,

2218 1585 2356 1654 plus
2384 1585 2612 1640 doleam.
2643 1585 2843 1640 Verum
2875 1584 3131 1655 quoniam
3167 1585 3282 1639 scio
3303 1584 3431 1654 quia
3476 1600 3585 1638 non
3619 1595 3819 1639 tantum

2235 1685 2455 1745 propter
2498 1685 2878 1746 nte’quantum
2910 1687 3132 1746 propter
3165 1685 3217 1730 te
3243 1691 3274 1730 a
3300 1690 3386 1729 me
3420 1675 3590 1732 debes
3613 1677 3818 1731 amari:

2162 1761 2203 1819 Β
2233 1767 2404 1821 soluta
2443 1767 2742 1836 qumstione
2796 1775 3008 1821 certqu
3059 1765 3317 1834 estquia
3367 1766 3490 1835 plus
3548 1767 3719 1820 debeo
3748 1766 3819 1818 de

2234 1862 2499 1916 bonorum
2561 1861 2850 1929 przesentia
2899 1874 3020 1929 quae
3061 1867 3238 1913 tecum
3297 1867 3384 1912 est
3426 1857 3818 1926 congratulari,

2232 1966 2394 2019 quam
2419 1952 2485 2004 de
2508 1949 2754 2018 corporis
2781 1947 2855 2001 tui
2897 1946 3142 2000 absentia
3173 1961 3294 2014 qua:
3322 1960 3528 1999 mecum
3556 1953 3642 1999 est
3678 1959 3818 1998 con-

2235 2043 2459 2097 tristari.
2486 2041 2726 2110 Denique
2762 2054 2997 2109 semper,
3020 2048 3077 2090 ut
3109 2037 3217 2123 Deo
3238 2047 3294 2091 et
3324 2037 3482 2092 bonis
3511 2036 3822 2114 liomiujbus

2232 2133 2481 2187 amabilis
2501 2147 2673 2194 esses,
2703 2129 3033 2193 desideravi,
3068 2137 3122 2182 et
3155 2143 3252 2197 pro
3284 2142 3403 2181 mea
3433 2126 3818 2196 possibilitate.

2233 2234 2290 2276 ιιι
2319 2225 2448 2278 ιιιὶΙιὶ
2481 2225 2731 2278 conscius
2762 2236 2841 2288 es,
2873 2220 3052 2275 studui
3103 2218 3341 2288 quandiu
3373 2234 3588 2273 mecum
3617 2217 3762 2271 fuisti
3799 2232 3814 2270 :

2232 2331 2332 2370 nec
2364 2325 2543 2370 tamen
2575 2315 2903 2370 desiderium
2955 2315 3158 2370 idcirco
3183 2314 3370 2384 tepuit,
3429 2313 3555 2382 quia
3587 2311 3820 2367 studium

2231 2406 2444 2476 operari
2503 2421 2608 2460 non
2655 2407 2828 2476 potuit
2880 2406 3001 2474 plus
3048 2421 3210 2475 quam
3265 2419 3656 2470 mecumbcum
3708 2418 3818 2456 non

2231 2497 2377 2552 fuisti
2412 2515 2425 2550 :
2457 2512 2641 2553 verum
2679 2513 2785 2551 non
2818 2497 3125 2565 ubicunque
3177 2496 3400 2560 amaris,
3452 2509 3577 2550 esse
3621 2504 3816 2563 potes;

2229 2591 2324 2646 sed
2359 2591 2666 2660 ubicunque
2721 2591 2817 2654 sis,
2859 2591 3031 2644 amari
3064 2597 3119 2644 et
3169 2589 3341 2643 bonus
3387 2602 3511 2642 esse
3541 2595 3714 2656 potes.
3751 2583 3823 2638 Ut

2231 2684 2396 2755 igitur
2420 2681 2489 2736 ibi
2509 2691 2562 2736 et
2594 2681 2713 2735 talis
2739 2681 2837 2743 sis,
2861 2681 2951 2734 ubi
2979 2687 3033 2734 et
3055 2679 3271 2749 qualem
3301 2687 3352 2732 te
3378 2692 3500 2733 esse
3525 2675 3636 2729 \ult
3660 2675 3823 2740 Deus,

2229 2785 2285 2831 et
2316 2775 2412 2828 tibi
2448 2773 2685 2842 expedit,
2743 2771 2895 2826 salvo
2947 2779 3126 2825 tamen
3195 2778 3384 2823 mutuo
3440 2777 3652 2830 nostro,
3680 2765 3823 2834 quod

2231 2868 2405 2939 exigit
2458 2875 2679 2921 mutuus
2728 2879 2904 2928 alltfll',
2953 2862 3224 2918 desiderio
3255 2901 3270 2924 ,
3326 2871 3588 2916 exoretur
3635 2858 3771 2912 Deus
3803 2873 3821 2910 :

2227 2971 2282 3014 et
2311 2957 2568 3029 quoniam
2588 2955 2724 3025 jam,
2757 2955 3067 3024 ubicunque
3119 2954 3216 3022 sis,
3272 2953 3430 3007 bonis
3457 2949 3746 3005 amabilem
3771 2956 3823 3003 te

2231 3055 2358 3110 fecit
2405 3052 2727 3109 benedictus
2804 3051 2971 3105 Deus.
3027 3049 3215 3104 Saluta
3269 3049 3499 3104 dilectos
3548 3047 3746 3101 fratres
3769 3053 3827 3100 et

536 3152 743 3207 donare
793 3161 946 3223 potes
977 3192 992 3218 ,
1057 3161 1263 3223 quanto
1307 3169 1369 3208 ea
1597 3121 1768 3210 donas
1815 3121 1969 3226 ῥυιεε
1999 3171 2028 3208 ει
2076 3164 2126 3210 ω
2154 3121 2200 3186 C
2233 3145 2438 3199 amicos
2507 3151 2724 3197 nostros
2773 3143 3028 3198 domuum
3089 3140 3409 3193 llerluinum
3462 3147 3513 3192 et
3555 3139 3821 3218 domuum

533 3242 696 3315 longe
749 3245 1143 3311 transmittere,
1191 3255 1246 3301 et
1292 3247 1615 3302 cliaritatem
1667 3263 1772 3301 non
1833 3257 2042 3318 potesa
2074 3256 2126 3302 te

511 3325 830 3394 dimittere.
876 3338 969 3393 llla
1023 3322 1169 3394 enim
1210 3350 1436 3410 possunt
1483 3340 1601 3396 sine
1643 3355 1796 3396 mare
1850 3342 2121 3406 transire;

533 3430 630 3486 sed
670 3428 773 3487 ist'a
803 3447 908 3487 non
945 3441 1122 3501 potest
1144 3432 1212 3488 de
1249 3433 1414 3488 corde
1436 3433 1589 3488 exire
1636 3440 1770 3488 tuo:
1811 3433 1952 3488 hanc
1973 3442 2124 3488 certe

530 3528 650 3582 sive
675 3527 867 3594 dones,
919 3530 1033 3584 sive
1063 3545 1167 3583 non
1223 3529 1392 3585 dones
1449 3529 1604 3594 mihi,
1654 3528 1853 3598 aliquid
1910 3543 2127 3598 semper

533 3619 658 3673 scio
690 3619 740 3673 in
771 3628 822 3673 te
847 3620 1060 3675 fervere
1093 3637 1107 3686 ;
1135 3621 1262 3675 huic
1287 3621 1400 3676 sive
1423 3620 1613 3690 loquar
1639 3621 1730 3687 ²⁶⁰,
1756 3621 1870 3676 sive
1893 3630 2120 3684 taceam,

523 3723 752 3781 semper
778 3713 916 3766 scito
946 3726 1042 3766 cor
1068 3727 1247 3767 meum
1303 3713 1464 3767 simili
1514 3712 1704 3767 affectu
1769 3713 2118 3782 respondere.

529 3799 795 3858 Dominus
825 3801 977 3873 litigo
1007 3811 1060 3856 et
1087 3801 1307 3858 domina
1354 3801 1550 3856 Basilia
1579 3817 1718 3856 uxor
1760 3803 1876 3870 ejus
1899 3816 2122 3870 magnas

530 3895 631 3950 \ibi
655 3896 869 3966 gratias
920 3907 1086 3967 agunt
1143 3901 1240 3967 pro
1285 3897 1480 3968 gratiis
1537 3897 1644 3950 tuis
1693 3911 1827 3965 quas
1869 3895 2116 3960 mandas,

525 3991 633 4055 baro
683 3988 840 4042 donis
891 3989 995 4043 tuis
1047 4004 1168 4060 qua:
1230 3988 1422 4056 mittis,
1476 4004 1573 4057 pro
1617 3987 1959 4042 orationibus
2011 3989 2118 4041 tuis

528 4093 675 4156 quas
724 4095 822 4148 pro
853 4081 934 4136 eis
981 4080 1138 4148 facis,
1170 4089 1225 4135 et
1248 4097 1384 4150 quas
1410 4082 1489 4134 eis
1512 4081 1806 4150 promittis.
1842 4079 1954 4150 Ego
2004 4079 2120 4147 ipse

527 4167 853 4240 pmsentavi
895 4177 974 4230 eis
1000 4190 1224 4230 munera
1252 4186 1360 4237 tua,
1401 4184 1456 4230 et
1501 4176 1603 4246 legi
1634 4176 1845 4229 litteras
1891 4183 2032 4237 tuas,
2062 4183 2118 4228 et

529 4261 692 4316 retuli
717 4265 881 4318 verba
908 4274 995 4318 ttta
1024 4281 1038 4319 :
1064 4281 1185 4336 quae
1214 4265 1394 4319 omnia
1422 4265 1729 4336 gratissime
1757 4269 1812 4319 et
1838 4262 2116 4318 laetissime

522 4361 906 4420 susceperunt.

940 4467 1105 4539 334
1132 4438 1469 4525 EPISTULA.
1488 4469 1578 4524 Lx
1607 4471 1696 4524 ιω.

1118 4579 1186 4614 ΑΙ)
1221 4578 1544 4618 ιιιιυιιιτιωι.

499 4647 713 4720 ξΕετὶθίι
751 4647 815 4702 ab
864 4665 923 4703 eo
975 4650 1222 4722 epistolas
1253 4670 1272 4722 ;
1302 4664 1347 4705 et
1381 4670 1499 4706 eum
1548 4652 1814 4706 collaudat
1864 4651 2004 4710 quod
2048 4652 2112 4704 ab

705 4725 710 4734 “
954 4721 1192 4775 omnibus
1231 4727 1419 4792 ubique
1460 4733 1684 4776 ametur.

574 4810 811 4867 "-Domno
853 4819 908 4867 et
953 4811 1307 4868 dilectissimo
1368 4813 1522 4868 fratri
1571 4823 1626 4869 et
1677 4813 1786 4868 lilio
1837 4811 2115 4869 MAURI’I‘IO

523 4910 696 4956 irater
743 4903 1049 4969 Anseuws,
1091 4903 1355 4975 sapientia
1381 4913 1432 4960 et
1462 4905 1634 4976 gratia
1674 4905 1941 4975 proﬁcere
1977 4907 2118 4976 apud

524 4995 695 5051 Deum
723 5007 778 5053 et
807 4997 1072 5053 homines.

553 5165 557 5168 .
601 5089 718 5144 Diu’
753 5085 838 5146 est
879 5091 1023 5162 quod
1067 5092 1273 5147 nostris
1330 5107 1428 5148 nos
1470 5092 1701 5147 invicem
1757 5088 1953 5144 litteris
2007 5103 2113 5142 non

2229 3235 2529 3290 Guidonem
2564 3234 2656 3300 ³⁸³,
2685 3234 2941 3289 domuum
3001 3231 3273 3285 lilmerum
3303 3240 3359 3284 ct
3396 3231 3647 3284 domuum
3679 3215 3824 3282 lltil-

2228 3335 2468 3388 wardutu
2493 3331 2879 3389 consobrinum
2913 3329 3097 3384 domui
3126 3327 3388 3383 Osbcrui.

2727 3441 3064 3498 EPISTOLA
3094 3439 3208 3496 LXI
3241 3440 3330 3493 Μ.

2688 3549 2920 3591 υυιιΑΝυι
2950 3549 3018 3586 ΑΙ)
3049 3546 3356 3586 ΔΧΞΕιΜυΜ.

2225 3629 2368 3682 Laus
2408 3628 2813 3682 Meditatiouum
2861 3624 3118 3746 {insiluit
3147 3639 3302 3744 ῗᾳιιο
3333 3620 3492 3691 exigit
3535 3617 3603 3674 Β.
3657 3618 3820 3672 Panis

2989 3705 3144 3746 .mslo
3172 3711 3250 3746 as.

2989 3705 3250 3764 Lptalolas.

2295 3789 2580 3846 Dunannus
2633 3787 2748 3843 sola
2793 3785 3104 3856 dignatione
3156 3783 3251 3837 Dei
3307 3782 3479 3848 abbas
3527 3777 3805 3836 Casa-Dei

2223 3880 2440 3935 domino
2461 3879 2718 3933 Anseeuo
2747 3885 3008 3930 aeternam
3037 3873 3287 3927 salutem.

2291 3970 2612 4039 Bajoccuses
2637 3970 2742 4024 duo
2776 3968 2974 4022 litteris
3004 3965 3217 4029 imbuti,
3261 3962 3492 4033 juvenes
3524 3959 3808 4031 praeclarae

2223 4047 2552 4119 ltabittnlinis
2576 4062 2628 4116 in
2659 4059 2804 4115 omni
2839 4057 2996 4113 modo
3025 4072 3083 4112 se
3107 4055 3336 4111 habendi
3366 4073 3381 4119 ;
3416 4055 3594 4108 minor
3617 4066 3810 4107 eorum

2220 4157 2480 4213 vocabulo
2528 4165 2610 4210 est
2655 4154 2935 4224 Rogerius,
2999 4151 3137 4206 alter
3175 4160 3257 4204 est
3299 4147 3652 4204 Willclmus:
3700 4146 3810 4198 duo

2220 4248 2318 4312 illi,
2335 4255 2389 4302 et
2413 4255 2606 4316 praeter
2627 4260 2740 4309 eos,
2771 4245 2969 4313 plures,
2993 4243 3088 4297 sed
3113 4241 3346 4294 maxime
3370 4240 3444 4293 illi
3469 4238 3807 4292 distillaruut

2219 4341 2440 4394 auribus
2494 4338 2694 4393 nostris
2721 4337 2896 4390 oleum
2938 4335 3337 4390 elsuavitatcm
3373 4333 3450 4385 tui
3495 4341 3551 4385 et
3581 4330 3814 4384 nominis

2219 4443 2272 4487 cl
2298 4430 2589 4500 religionis.
2646 4427 2846 4482 Deinde
2882 4444 2896 4477 :
2932 4425 3107 4479 Terret
3137 4441 3216 4478 me
3263 4424 3364 4478 rita
3397 4439 3556 4486 mea;
3589 4433 3812 4487 namque

2143 4489 2192 4550 Β
2219 4526 2336 4595 (l8)
2361 4489 2633 4592 diligenter
2684 4519 2920 4574 discussa
2953 4517 3044 4584 ’6‘,
3077 4532 3198 4572 cunt
3235 4530 3300 4570 eo
3351 4515 3494 4583 quod
3543 4511 3806 4580 sequitur,

2221 4617 2480 4684 scriptum
2515 4613 2634 4676 hoc,
2669 4619 2722 4663 et
2769 4619 2966 4679 praeter
3001 4610 3127 4672 hoc,
3175 4607 3278 4661 alia
3318 4604 3564 4674 piissime
3591 4604 3657 4655 de
3681 4614 3810 4652 cou-

2225 4709 2351 4762 trito
2399 4705 2590 4775 spiritu
2625 4713 2737 4769 tuo,
2769 4712 2823 4756 et
2863 4702 2931 4756 de
2969 4701 3171 4769 pietate
3217 4698 3440 4754 contriti
3499 4697 3576 4751 tui
3628 4691 3808 4748 cordis

2222 4802 2364 4856 edita
2393 4806 2448 4854 et
2472 4797 2695 4866 scripta,
2719 4795 2836 4864 pias
2863 4801 3122 4862 przestant
3162 4792 3319 4846 nobis
3357 4790 3631 4860 lacrymas
3689 4796 3808 4837 tua;

2222 4893 2418 4961 legere,
2458 4898 2674 4944 nostras
2698 4888 2858 4940 edere
2888 4901 2903 4950 ;
2935 4885 3005 4938 ita
3039 4892 3096 4938 ut
3123 4895 3413 4952 utrumque
3472 4881 3732 4936 miremur
3753 4883 3811 4930 et

2221 4990 2273 5042 in
2305 4985 2466 5041 corde
2493 4994 2584 5039 tuo
2617 4984 2919 5038 redundare
2956 4990 3119 5034 tautte
3154 4993 3330 5031 rorem
3383 4972 3806 5030 benedictionis,

2217 5089 2272 5135 et
2315 5080 2434 5135 sine
2484 5092 2712 5133 susurro
2744 5074 3074 5130 descendere
3104 5070 3227 5124 inde
3253 5069 3430 5122 rivum
3469 5067 3525 5118 in
3553 5061 3808 5119 cordibus

1816 5241 2047 5298 VAIllIE
2084 5237 2483 5296 LECTIONES.

594 5359 668 5393 ³⁸⁸
681 5357 811 5413 Cum
836 5359 1015 5413 eodem
1038 5375 1136 5412 ms.
1166 5357 1360 5412 collata
1418 5357 1488 5389 ¹⁰⁰
1515 5357 1640 5413 Sive
1663 5358 1855 5427 loquor
1877 5372 1978 5427 ma.
1995 5354 2124 5427 sive
2148 5351 2347 5427 loquar
2395 5349 2462 5381 "“
2489 5344 2816 5427 Cumeodem
2839 5362 2936 5400 ms.
2953 5342 3145 5427 collata
3308 5340 3674 5427 Desultantcm
3695 5356 3800 5427 uti.

523 5411 948 5488 desiderante—ni
999 5429 1070 5460 ’⁸³
1098 5411 1267 5498 Diligo
1291 5444 1320 5480 a
1349 5411 1647 5499 majoribus
1677 5411 1761 5482 me
1782 5445 1884 5499 ms.
1910 5425 2058 5499 diligi
2085 5439 2114 5478 a
2140 5411 2434 5499 majoribus
2461 5429 2526 5499 et.
2539 5418 2848 5473 melioribus
2872 5433 2958 5499 me
3019 5413 3422 5499 ’δξξξεριιιιιιιιιι
3441 5411 3806 5499 etdominurn

520 5499 731 5557 Gondul

520 5515 731 5557 uortqu
774 5515 900 5553 num
923 5515 1016 5554 ms.
1053 5515 1366 5552 nernnnum
1414 5515 1468 5552 et
1499 5515 1614 5552 uom

510 5577 622 5625 an.
649 5578 696 5623 et
722 5515 871 5623 ἓάὶι.
907 5568 1024 5622 Pic.
1056 5568 1344 5639 diligenter
1373 5569 1614 5624 discussa

774 5483 900 5553 hum
923 5515 1016 5554 ms.
1052 5483 1366 5552 llerltiinum
1414 5483 1468 5552 εἰ
1499 5498 1756 5553 (lomnunt
1789 5483 2090 5554 GuidonEm
2168 5483 2237 5533 ⁸⁸⁵
2265 5490 2394 5546 Cum
2430 5491 2609 5544 eodem
2661 5504 2762 5543 ms.
2804 5488 2998 5542 collata
3072 5485 3142 5517 “°
3177 5484 3415 5554 Diligeut
3454 5491 3514 5538 et
3556 5483 3808 5537 discussa

1738 5679 2022 5737 JOANNES
2062 5676 2327 5732 PICARDI
2368 5672 2598 5729 NOT/E.

482 5824 507 5834 ν
586 5751 708 5822 (18)
741 5739 1020 5804 Hedilatio
1040 5749 1099 5816 Ξ,
1124 5766 1303 5817 supra,
1327 5766 1377 5818 p.
1405 5740 1530 5803 207.
