4056 6302
187 2685 197 2710 \

272 340 410 396 1155

1542 324 1667 381 un.
1702 324 1743 392 ι,
1782 321 2004 380 EPIST.
2044 321 2225 398 ant.

3392 312 3530 373 HS!

266 452 468 509 nostris
492 472 495 473 ν
520 452 653 503 nam
684 454 757 501 ita
789 454 875 501 est
903 458 1075 500 vere:
1122 448 1299 512 pietas
1343 448 1558 509 scriptae
1585 448 1688 493 ture
1714 452 1839 492 om-
1871 446 1916 494 A
1943 435 2213 506 diligendo
2247 439 2401 487 orate
2452 439 2512 486 ut
2572 430 2698 486 sim.
2763 427 2855 485 Sic
2908 426 3054 484 enim
3106 433 3291 480 vestra
3341 423 3446 479 erit
3474 430 3531 478 et

268 542 429 598 tionis
457 540 659 594 excitat
697 539 748 593 in
774 536 929 592 nobis
956 526 1213 605 pietatem
1254 531 1443 600 sopita:
1472 527 1845 598 compunctio-

266 633 348 688 nis
369 648 385 698 ;
408 630 543 686 adeo
564 638 622 684 ut
647 629 799 699 quasi
823 635 1003 682 mente
1029 624 1359 696 prosiliendo
1387 622 1842 691 eongaudeamus,

265 744 327 785 ea
357 722 628 796 diligendo
657 721 709 776 in
737 729 813 782 te,
840 717 926 775 vel
954 717 1136 788 potius
1165 715 1220 770 in
1246 708 1331 770 eis
1362 720 1413 768 te
1442 729 1458 777 ;
1484 723 1647 780 super
1667 723 1732 767 ea
1749 707 1844 772 "’,

264 829 318 878 et
343 833 444 890 per
470 831 534 872 ea
559 814 730 870 Deum
755 821 812 866 et
839 820 914 866 te.
954 807 1236 864 lntereede
1272 804 1456 875 igitur,
1501 801 1626 872 quia
1680 799 1847 854 inter-

264 909 461 965 cedere
475 914 651 977 potes,
674 917 773 973 pro
797 899 953 956 nobis
972 894 1432 953 intercedentibus
1457 902 1554 961 pro
1571 899 1622 944 te
1640 896 1700 942 ut
1720 900 1848 956 pos-

264 1014 451 1057 sumus
479 1012 496 1063 ;
524 1004 578 1051 et
612 994 769 1049 mitte
819 990 942 1055 alia,
978 988 1033 1045 si
1074 1002 1204 1058 qua»
1230 985 1453 1046 habeas,
1477 996 1510 1035 a
1540 988 1593 1035 to
1620 978 1845 1048 scripta,

262 1106 380 1163 quae
413 1102 519 1143 non
566 1086 885 1146 habeamus,
915 1090 1077 1136 notus
1104 1087 1164 1134 et
1194 1083 1416 1147 rogatus
1442 1073 1501 1128 in
1529 1071 1844 1133 dilectione,

264 1158 385 1250 qua:
413 1176 670 1233 continua
705 1181 789 1228 est
824 1170 982 1226 nobis
1026 1167 1334 1236 utrobique.
1380 1162 1655 1232 Rogamus
1678 1158 1849 1213 etiam

262 1249 316 1325 in
350 1283 580 1341 corpore
621 1268 740 1336 ipso
770 1259 1204 1333 congregationis
1236 1258 1499 1312 unitatem
1547 1249 1849 1313 societatis,

262 1369 318 1415 et
362 1367 415 1415 te
455 1370 555 1428 pro
604 1354 762 1410 nobis
802 1353 860 1408 in
905 1366 970 1406 eo
1020 1349 1169 1420 fungi
1218 1346 1491 1417 legatione
1541 1341 1852 1405 mittimus;

262 1450 390 1519 quia
442 1446 753 1503 redundans
794 1453 852 1497 tu
902 1440 1169 1498 charitate
1222 1435 1454 1492 ﬁdeliter
1490 1431 1700 1505 poteris
1750 1430 1854 1486 hoc

214 1578 215 1583 η
260 1552 480 1608 rogare,
507 1544 562 1592 et
604 1542 792 1605 regata
836 1533 952 1603 ipse
1000 1531 1151 1586 dare.
1202 1526 1388 1582 Parati
1426 1524 1602 1581 etiam
1653 1529 1856 1576 nostra:

262 1625 575 1683 dilectionis
602 1625 735 1680 dare
790 1623 1009 1693 pignus,
1064 1620 1259 1690 pignus
1309 1617 1575 1688 exigimus
1601 1629 1633 1667 a
1660 1612 1852 1668 vobis:

261 1733 362 1775 vos
384 1718 566 1790 eligite
590 1716 735 1787 quod
783 1727 1092 1785 possumus,
1136 1726 1166 1765 a
1208 1710 1406 1775 nobis;
1460 1721 1560 1762 nos
1603 1704 1855 1777 eligimus

1946 540 2077 580 vera
2100 526 2169 580 de
2190 540 2276 580 me
2298 523 2607 587 mstimatio,
2636 531 2692 578 et
2712 535 2835 576 vera
2884 533 3011 590 erga
3064 532 3153 573 me
3207 514 3447 581 dilectio,
3472 525 3532 570 et

1947 632 2139 672 secura
2163 615 2294 670 mihi
2325 616 2391 670 de
2421 624 2601 669 vestro
2624 626 2812 667 amore
2852 609 3169 668 exsultatio.
3224 608 3374 677 Rogo
3432 607 3532 660 ita-

1947 724 2073 778 que,
2103 716 2302 777 quanta
2332 719 2550 776 possunt
2599 702 2924 765 humilitate,
2955 700 3309 756 reverendam
3354 705 3530 767 pater.

1949 798 2174 855 n2t,.tem
2196 805 2456 861 vestram,
2480 795 2625 866 agite
2647 795 2849 851 sanctis
2874 794 3072 848 vestris
3093 790 3367 861 precibus,
3393 804 3531 857 qua-

1950 896 2111 941 tenus
2138 895 2193 942 et
2221 889 2366 956 quod
2403 901 2505 957 ego
2532 885 2711 941 adhuc
2768 883 2929 937 noxio
2956 897 3099 942 sum,
3138 896 3168 933 a
3215 896 3299 934 tne
3322 880 3536 933 aufera-

1951 986 2060 1039 tur,
2089 976 2306 1045 etquod
2335 977 2573 1030 nondum
2597 974 2803 1029 utiliter
2830 988 2974 1034 sum.
3033 971 3165 1026 mihi
3216 972 3485 1035 tribuatur
3516 1012 3532 1032 ,

1951 1075 2007 1121 et
2057 1065 2233 1129 vobis.
2292 1065 2437 1133 quod
2492 1051 2918 1119 misericorditer
2980 1061 3240 1131 indigenti
3287 1062 3536 1131 proximo

1951 1157 2272 1226 impenditis
2298 1157 2404 1221 ω..
2428 1156 2784 1210 retribuatur.
2818 1154 3045 1211 Nostras
3067 1168 3198 1209 vero
3242 1169 3342 1223 pro
3384 1154 3536 1209 vobis

1905 1286 1909 1289 τ
1950 1249 2250 1312 orationes,
2305 1246 2430 1317 quia
2478 1246 2713 1315 perviles
2764 1253 2913 1308 sunt,
2979 1244 3289 1305 reverenda:
3344 1253 3540 1298 vestrae

1952 1339 2278 1396 beatitudini
2317 1339 2634 1409 promittere
2686 1352 2794 1392 non
2843 1334 3055 1400 audeo;
3104 1336 3198 1391 sed
3242 1350 3357 1399 eas,
3409 1335 3537 1404 quia

1954 1445 2178 1501 poscere
2226 1428 2549 1501 dignamini,
2608 1442 2808 1497 negare
2856 1442 2962 1483 non
3025 1425 3214 1481 debeo.
3267 1424 3447 1491 Quare
3492 1425 3540 1480 si

1956 1521 2158 1592 aliquid
2188 1520 2272 1576 vel
2309 1529 2455 1587 sunt,
2486 1519 2571 1575 vel
2595 1519 2791 1575 vestris
2836 1516 3262 1588 suifragantibus
3329 1516 3542 1570 meritis

1956 1611 2154 1667 I'ututae
2180 1618 2308 1667 sunt
2342 1651 2356 1676 ,
2405 1611 2460 1665 in
2506 1623 2637 1664 vera
2674 1609 2943 1664 charitate
2972 1607 3044 1639 ⁸⁷³
3069 1614 3266 1663 vestra:
3316 1607 3447 1670 sint,
3486 1614 3544 1660 et

1959 1717 2293 1773 Sanctorum,
2330 1707 2420 1775 qui
2442 1705 2756 1760 monasterii
2780 1701 2933 1758 vobis
2981 1701 3241 1757 divinitus
3264 1699 3542 1756 commissi

262 1808 341 1842 ’⁸⁸
376 1782 649 1878 Epistolas
686 1782 840 1860 Pauli
866 1819 900 1858 a
932 1802 1107 1857 vobis.
1160 1799 1346 1869 Neque
1385 1795 1772 1869 pmlendimlls
1799 1794 1852 1847 in

1956 1802 2041 1857 vel
2067 1811 2213 1866 sunt,
2253 1801 2339 1854 vel
2363 1800 2535 1854 l'uturi
2589 1806 2735 1853 sunt.
2768 1797 2838 1851 Et
2865 1796 3113 1867 quamvis
3166 1803 3260 1848 aut
3313 1793 3541 1848 nimium

257 1912 330 1955 eo
360 1896 515 1953 dolos
534 1895 691 1967 quasi
732 1894 895 1964 primi
943 1892 1119 1964 parati
1154 1891 1421 1959 accipere,
1454 1896 1511 1944 et
1535 1900 1642 1941 non
1689 1885 1852 1955 primi

255 1988 442 2059 parati
480 1987 632 2054 dare,
674 1984 818 2056 quod
846 1982 1269 2039 remotissimum
1296 1989 1384 2035 est
1428 1993 1460 2034 a
1510 1985 1854 2033 sacramento

263 2077 598 2144 dilectionis,
628 2091 749 2146 qua:
774 2075 917 2130 Dens
941 2083 1045 2129 est.
1070 2072 1272 2128 Verum
1298 2070 1563 2125 ardentes
1586 2068 1855 2123 charitate

258 2183 375 2225 non
404 2168 768 2240 praeridemus
804 2163 1291 2238 quomodocuuque
1340 2162 1693 2232 postulemus,
1741 2174 1855 2215 om-

260 2259 429 2315 nibus
472 2265 679 2313 sanetze
725 2255 884 2326 hujus
930 2251 1288 2325 professionis
1321 2251 1498 2322 parati
1537 2261 1638 2306 nos
1665 2257 1723 2305 et
1759 2264 1855 2304 no-

258 2356 384 2403 stra
414 2347 699 2404 commode
725 2346 901 2416 petita
926 2359 1033 2401 non
1057 2357 1278 2415 negare.
1309 2342 1374 2397 Hi
1403 2342 1570 2415 igitur
1598 2342 1704 2397 duo
1742 2340 1855 2395 fra-

259 2448 384 2494 tres
407 2438 484 2494 tui
523 2437 791 2494 desiderio
821 2435 1037 2494 accensi
1064 2443 1117 2491 te
1134 2433 1488 2506 opitulantem
1518 2433 1588 2465 ⁸⁸³
1620 2433 1859 2488 habeant

254 2529 323 2584 in
346 2529 623 2597 oniaibus,
654 2528 783 2600 quia
802 2529 880 2585 de
909 2536 964 2585 te
987 2528 1187 2598 pendet
1222 2525 1477 2586 voluntas
1524 2524 1767 2581 omnium
1800 2523 1854 2577 in

257 2619 541 2677 erunibus.
956 2630 959 2633 '

742 2710 1075 2768 EPISTOLA
1106 2710 1245 2767 LXII
1274 2712 1367 2765 ³³⁷⁸.

865 2817 930 2856 AD
962 2816 1315 2857 υυΒΑΝῧυκλλ

721 2892 1014 2963 Respondet
1060 2893 1395 2962 praecedenti.

220 3016 221 3019 η
272 3020 273 3023 η
344 2984 579 3043 Domino
608 2991 664 3039 et
701 2981 851 3038 Patri
905 2980 1115 3036 merito.
1140 2980 1469 3047 sanctitatis,
1510 2995 1634 3036 eum
1674 2994 1861 3035 amore

259 3077 591 3140 revereudo,
638 3090 761 3132 cum
812 3075 1115 3131 reverentia
1156 3074 1409 3138 amando,
1461 3073 1718 3128 Dunssoo
1764 3072 1860 3126 ab-

263 3167 384 3222 bati
435 3166 672 3222 emnobii
746 3166 890 3235 quod
935 3165 1137 3221 dicitur
1170 3164 1433 3220 Casa-Dei
1462 3162 1637 3218 frater
1654 3162 1860 3218 Assur
1887 3139 1931 3198 (λ

260 3273 379 3314 ltus
432 3256 742 3323 Beccensis,
812 3258 921 3311 vita
977 3264 1252 3326 peccator,
1296 3254 1484 3309 habitu
1532 3251 1856 3310 monachus:

262 3347 356 3401 sic
382 3347 436 3399 in
467 3345 571 3401 hac
600 3346 708 3400 vita
732 3359 1087 3415 perseverum
1125 3345 1179 3399 in
1214 3343 1520 3415 proﬁcienti
1550 3343 1859 3408 sanctitate,

266 3444 335 3489 ut
376 3436 429 3488 in
467 3433 646 3490 futura
672 3437 911 3506 gaudeat
946 3437 1002 3491 in
1034 3435 1317 3492 suilicienti
1349 3433 1624 3490 felicitate.

254 3592 257 3595 Α
347 3527 560 3582 τέθεικε
590 3528 938 3598 paternitatis
977 3528 1205 3597 epistola
1268 3537 1544 3598 percepta,
1607 3542 1861 3598 magnum

238 3631 334 3676 se
362 3619 515 3675 cordi
562 3634 683 3675 meo
737 3620 994 3691 gaudium
1056 3620 1292 3675 infudit:
1325 3620 1423 3675 sed
1461 3621 1569 3674 vita
1619 3635 1737 3674 mea
1778 3633 1863 3673 re-
1928 3672 1938 3681 ,

265 3721 486 3783 specta,
523 3728 630 3767 non
657 3712 830 3769 solum
874 3712 1015 3769 idem
1039 3728 1098 3769 se
1117 3711 1372 3784 gaudium
1425 3710 1538 3768 lere
1593 3720 1764 3767 totum
1795 3711 1863 3766 de

265 3803 445 3860 corde
501 3819 622 3861 meo
671 3804 915 3870 refudit;
961 3804 1057 3859 sed
1118 3806 1337 3873 insuper
1402 3804 1598 3874 dignus
1660 3817 1863 3858 mmror

265 3906 517 3954 mentem
550 3912 724 3953 meam
775 3898 1013 3967 graviter
1068 3896 1324 3966 perfudit.
1371 3894 1506 3948 Nam
1535 3909 1603 3948 ex
1631 3908 1698 3950 eo
1718 3894 1861 3965 quod

265 3998 518 4044 vestram
540 3988 895 4059 sanctitatem
925 4001 1011 4040 me
1039 3986 1282 4056 ignotum
1309 3974 1695 4043 homunculum
1727 3990 1863 4040 adeo

265 4078 532 4133 dilexisse
576 4078 830 4147 cognovi,
877 4085 937 4131 ut
981 4091 1069 4131 me
1109 4076 1223 4131 suis
1275 4074 1472 4129 litteris
1510 4075 1577 4129 de
1609 4084 1716 4129 tam
1749 4075 1863 4129 Ion-

235 4169 480 4244 'gin’quo
518 4170 741 4225 visitare
767 4179 823 4244 et
840 4169 1079 4225 salutare
1130 4170 1469 4239 dignaretur,
1518 4183 1625 4223 non
1673 4168 1863 4223 imme-

236 4259 384 4314 rito
411 4242 513 4313 sibi
541 4260 653 4314 visa
672 4269 766 4315 est
795 4242 921 4314 'mea
944 4258 1142 4315 debere
1168 4257 1444 4314 exsultare
1464 4260 1527 4291 ³⁷³
1560 4257 1858 4312 humilitas.

264 4349 411 4413 Sed,
438 4366 562 4405 cum
586 4350 873 4406 considero
913 4365 999 4404 me
1036 4365 1376 4421 nequaquam
1421 4365 1450 4403 a
1498 4349 1651 4407 vobis
1690 4348 1858 4420 diligi,

1951 1894 2106 1964 quill,
2132 1903 2228 1949 aut
2279 1892 2413 1948 nihil
2448 1893 2524 1947 sit
2555 1891 2699 1961 quod
2731 1890 2882 1944 vobis
2904 1905 2970 1944 ex
3000 1904 3087 1943 me
3125 1887 3366 1942 concedo
3394 1927 3410 1953 ,
3442 1886 3543 1940 ali-

1952 1988 2087 2059 quid
2137 1995 2317 2041 tamen
2356 1999 2610 2055 magmnn
2639 1998 2670 2037 a
2702 1982 2858 2037 vobis
2899 1981 3188 2051 deposcere
3219 1977 3382 2049 335
3407 1992 3546 2047 przc-
3600 1970 3603 1973 ’

1954 2075 2459 2136 sumo.Prostcrnit
2493 2077 2675 2144 itaque
2697 2089 2756 2129 se
2798 2087 2952 2128 mens
3000 2087 3118 2127 mea
3167 2084 3351 2125 coram
3394 2083 3547 2124 reve-

1951 2168 2125 2225 renda
2152 2174 2334 2222 vestra
2375 2165 2730 2236 paternitate,
2760 2171 2815 2217 et
2850 2175 3037 2216 coram
3078 2159 3333 2215 ontnibus
3353 2167 3548 2212 vestrm

1954 2268 2161 2314 sancta:
2210 2254 2650 2329 congregationis
2702 2253 2982 2318 fratribus
3037 2250 3227 2306 humili
3278 2248 3550 2320 supplica-

1958 2351 2104 2405 tione
2134 2364 2356 2419 rogaus,
2401 2357 2676 2418 quatenus
2703 2362 2788 2401 me
2814 2360 3034 2402 servum
3065 2351 3327 2407 vestrum,
3383 2340 3549 2398 vestri

1957 2441 2274 2497 monasterii
2326 2439 2567 2504 fratrem,
2599 2436 2748 2492 velut
2788 2452 2954 2490 unum
2977 2450 3043 2489 ex
3075 2434 3227 2489 vobis
3259 2434 3311 2487 in
3351 2446 3550 2500 perpe-

1956 2540 2111 2589 tuum
2171 2529 2532 2593 concedatis,
2586 2537 2643 2583 et
2697 2540 2894 2580 nomen
2941 2539 3121 2577 meum
3175 2523 3423 2577 ultimum
3457 2522 3549 2575 ubi

1958 2631 2143 2679 vestra
2189 2621 2391 2691 scripta
2437 2628 2564 2674 sunt
2620 2617 2838 2672 nomina
2888 2613 3158 2670 subscribi
3211 2614 3439 2668 faciatis.
3470 2611 3549 2667 Ea

1961 2729 2112 2778 vero,
2173 2729 2294 2783 qua:
2350 2695 2547 2768 vestris
2602 2710 2874 2772 mandatis
2932 2707 3326 2778 respondcntur
3345 2713 3401 2760 et
3431 2720 3552 2774 quae

1962 2806 2313 2870 mandantur,
2350 2802 2634 2861 reveremli
2682 2802 2974 2858 dominiet
3000 2801 3200 2855 fratres
3251 2799 3423 2854 nostri
3455 2799 3551 2855 lilii

1962 2897 2129 2953 vestri
2157 2896 2248 2965 qui
2297 2896 2366 2950 ad
2397 2910 2496 2950 nos
2519 2902 2807 2959 venerunt,
2859 2891 3054 2947 melius
3090 2890 3361 2956 loquendo
3388 2904 3549 2959 quam

1964 3005 2063 3045 nos
2094 2989 2387 3044 scribendo
2429 2987 2753 3043 narrabant.
2799 2984 3154 3054 Omnipotens
3177 2984 3319 3038 Deus
3340 2983 3420 3038 sic
3457 2996 3554 3037 vos

1956 3074 2057 3135 idet
2081 3078 2391 3133 conversari
2445 3077 2501 3133 iu
2537 3076 2805 3132 Casa-Dei
2836 3075 2889 3128 in
2922 3075 3026 3129 hoc
3067 3073 3286 3138 saeculo,
3320 3079 3378 3126 ut
3412 3072 3555 3126 inter

1963 3172 2147 3225 beatos
2172 3172 2262 3239 qui
2306 3171 2551 3224 habitant
2589 3169 2639 3223 in
2681 3168 2841 3223 domo
2876 3168 2966 3222 Dei
3000 3169 3050 3221 in
3084 3166 3279 3223 stecula
3330 3165 3556 3220 saculo-

1963 3276 2083 3315 rnm
2138 3261 2369 3314 laudetis
2429 3262 2621 3323 Deum,
2668 3260 2887 3314 domine
2936 3259 3120 3323 Pater,
3167 3270 3224 3312 et
3270 3258 3550 3313 douiitciin

1963 3353 2176 3405 Christo
2205 3352 2419 3407 fratres.
2457 3353 2652 3405 Amen.

2440 3442 2773 3501 EPISTOLA
2818 3441 2979 3497 LXIII
3004 3442 3093 3495 '7".

2519 3551 2588 3589 AD
2622 3547 2999 3590 LANFRANCUM.

2181 3624 2249 3679 Ut
2282 3627 2542 3681 examinet
2578 3627 2773 3680 editum
2803 3641 2834 3678 α
2878 3640 2932 3678 se
2964 3622 3342 3694 Monologium.

2038 3716 2266 3773 Domino
2312 3733 2524 3782 servus,
2559 3717 2705 3772 Patri
2754 3716 2915 3781 lilitts,
2948 3716 3245 3772 revereudo
3290 3715 3557 3786 archiepi-

1965 3824 2128 3879 scopo
2148 3809 2467 3866 l..\.vrnasco
2493 3812 2662 3865 l'rater
2697 3811 2999 3865 Amemus.

2038 3899 2153 3970 (l9)
2171 3899 2646 3968 Gpnsculumillud
2674 3904 2816 3970 quod
2834 3914 3075 3972 paterna:
3101 3907 3292 3955 \‘Csll‘tll
3312 3912 3556 3954 censura:

1955 3991 2112 4056 misi,
2144 3991 2397 4046 libentius
2432 3994 2693 4061 ipsemet,
2723 3994 2767 4047 si
2814 4002 3177 4064 opportumuu
3220 3991 3430 4055 fuisset,
3457 4005 3555 4047 co-

1966 4096 2081 4134 ram
2109 4080 2225 4150 ipsa
2253 4081 2673 4136 examinandum
2686 4080 2757 4115 ³⁷⁸
2779 4084 3050 4154 legissem.
3076 4082 3229 4150 Quod
3258 4080 3384 4152 quia
3414 4095 3556 4134 nunc

1965 4184 2224 4226 essenon
2268 4181 2467 4242 potest,
2515 4173 2705 4228 vellem
2763 4173 2988 4228 multum
3032 4174 3243 4244 p:ecari
3288 4182 3558 4243 quatenus

1966 4259 2138 4314 dulcis
2165 4260 2296 4315 mihi
2341 4270 2562 4331 paterna
2602 4273 2784 4319 vestra
2831 4264 3116 4332 prudentia
3145 4263 3275 4318 illud
3320 4278 3426 4318 non
3463 4263 3557 4318 de—

1966 4349 2286 4420 dignaretur
2319 4352 2404 4407 vel
2439 4352 2680 4423 quolibet
2719 4355 2826 4408 aéio
2851 4355 3062 4425 legente
3089 4355 3294 4419 audire,
3323 4363 3379 4410 et
3412 4355 3557 4425 quod

263 4443 379 4498 nisi
404 4443 529 4512 quia
554 4443 877 4499 existimatis
899 4458 987 4496 me
1011 4443 1213 4511 aliquid
1243 4456 1386 4505 esse,
1425 4456 1550 4498 cum
1576 4441 1708 4496 nihil
1734 4443 1859 4509 sint,
1895 4469 1940 4528 υ
1966 4456 2034 4495 ex
2060 4455 2125 4495 eo
2155 4440 2269 4496 ﬁeri
2292 4441 2514 4498 deberet
2541 4446 2969 4515 preciperemisi
2992 4445 3244 4502 timerem
3267 4445 3558 4501 indiscrete

266 4532 522 4603 intelligo
548 4533 673 4603 quia
703 4548 809 4588 non
859 4531 1081 4604 diligitis
1118 4533 1281 4589 vilem
1312 4541 1367 4587 et
1389 4532 1860 4603 contemptibilem

261 4636 461 4678 eorum
488 4621 596 4678 Deo
615 4632 671 4679 et
702 4624 1008 4679 hominibus
1032 4638 1323 4692 personam
1369 4623 1535 4693 (quod
1566 4639 1666 4693 ego
1694 4622 1855 4694 sum),

262 4715 369 4770 sed
394 4723 678 4769 strenuum
707 4722 764 4769 et
804 4712 1032 4780 alicujus
1080 4715 1296 4768 virtutis
1335 4715 1534 4780 virum,
1569 4715 1712 4782 quod
1761 4731 1861 4784 ego

264 4806 464 4876 utique
491 4820 597 4860 non
628 4820 768 4864 sum.
807 4805 1153 4874 Quapropter
1193 4804 1390 4860 timens
1442 4820 1549 4859 non
1596 4818 1769 4859 sutum
1795 4822 1860 4858 ne

220 4946 226 4955 ,
264 4898 409 4954 mihi
441 4897 577 4953 nihil
594 4906 690 4951 aut
718 4912 908 4966 parum
937 4896 1110 4966 prosit
1136 4904 1317 4953 vester
1363 4911 1538 4962 amor,
1584 4896 1711 4967 quia
1752 4912 1859 4951 non

195 5033 200 5037 .
262 5001 397 5043 sum
420 4987 564 5051 quod
601 4986 842 5055 diligitis.
896 4988 993 5043 sed
1023 5003 1093 5043 ne
1122 4987 1517 5044 mihinimium
1537 4986 1682 5043 obsnt
1709 5002 1862 5043 meus

208 5104 213 5107 -
264 5091 453 5148 tepor.
481 5093 642 5148 quem
670 5078 723 5134 in
755 5094 841 5135 me
870 5094 981 5137 non
1010 5080 1385 5151 cognoscitis;
1435 5092 1653 5151 precor,
1697 5080 1859 5137 obse-

262 5179 451 5227 cront
498 5185 586 5225 me
633 5170 834 5239 putetis
879 5178 975 5225 aut
1019 5171 1265 5237 ametis,
1294 5173 1453 5241 quasi
1493 5169 1610 5242 jam
1634 5170 1863 5240 alicujus

263 5262 575 5334 spiritualis
603 5272 894 5332 provectus
931 5262 1034 5318 sim
1065 5279 1080 5329 ;
1116 5265 1215 5319 sed
1242 5264 1310 5319 ad
1361 5264 1466 5320 hoc
1508 5279 1596 5328 me
1624 5264 1853 5334 diligite,

1966 4531 2225 4588 molestus
2247 4548 2368 4590 esse
2393 4534 2640 4605 dignitati
2671 4547 2887 4604 vestrte,
2913 4553 3075 4609 quam
3113 4538 3300 4594 multis
3326 4539 3558 4608 magnis-

1964 4639 2070 4693 que
2105 4640 2286 4680 rerum
2339 4626 2611 4696 majorum
2650 4631 3144 4687 consultationibus
3189 4631 3558 4686 indesinenter

1962 4723 2283 4784 occupatam
2317 4730 2422 4770 non
2452 4716 2660 4773 dubito.
2703 4718 3070 4790 Quapropter,
3115 4720 3370 4789 quoniam
3420 4718 3551 4772 nihil

1963 4807 2043 4861 sic
2075 4807 2207 4861 mihi
2255 4808 2375 4863 volo
2404 4808 2640 4878 placere,
2675 4820 2733 4865 ut
2778 4812 2929 4867 vobis
2957 4812 3260 4882 displiceat,
3293 4812 3435 4866 sicut
3467 4824 3555 4863 so-

1965 4895 2068 4953 lius
2098 4906 2184 4953 est
2221 4909 2414 4955 vestrae
2464 4902 2812 4972 experientia:
2855 4902 3121 4974 judicare,
3150 4914 3410 4971 quantum
3462 4916 3555 4957 vo—

1970 4988 2053 5043 bis
2080 4988 2184 5045 hoc
2218 4989 2361 5058 quod
2393 5006 2478 5046 me
2507 4992 2732 5046 multum
2769 4992 2907 5046 velle
2948 4993 3216 5062 signiﬁco,
3249 4992 3445 5057 liceat;
3480 4991 3551 5045 ita

1944 5082 2041 5137 sit
2076 5081 2242 5138 vestri
2270 5083 2480 5138 arbitrii
2509 5083 2710 5154 eligere
2736 5092 2916 5143 utrum
2952 5084 3106 5139 vobis
3136 5085 3187 5139 id
3226 5084 3412 5140 libeat.
3444 5084 3555 5138 lloc

1974 5183 2150 5231 tamen
2198 5176 2363 5229 etiam
2400 5189 2524 5231 cum
2571 5176 2982 5244 importunitate
3020 5193 3051 5230 a
3100 5186 3279 5236 vestra
3317 5177 3554 5239 auctori--

1969 5275 2080 5321 tate
2117 5282 2224 5322 non
2262 5268 2504 5322 desinam
2534 5268 2771 5340 exigere,
2800 5278 3067 5337 quatenus
3102 5269 3166 5324 dc
3192 5270 3379 5324 eodem
3416 5283 3553 5337 0pm.

1559 5353 1794 5409 VARIIE
1832 5353 2238 5412 LECTIONES.

343 5422 418 5503 ’ξ’
446 5423 686 5503 Semper;
700 5439 765 5479 ea
795 5441 905 5503 ms.‘
919 5437 1081 5495 super
1107 5437 1171 5479 ea
1220 5425 1317 5503 If“
1337 5424 1570 5503 Eligite:
1596 5424 1847 5503 eligimus
1868 5441 1968 5480 ms.
1994 5430 2181 5503 rectius
2205 5425 2451 5503 erigite”
2478 5429 2748 5503 exigimus
2821 5431 2891 5463 ’δ’
2919 5430 3230 5503 Opitulante
3256 5447 3354 5503 ms.
3379 5441 3552 5503 opttu-

265 5492 1343 5584 {anteit-lt.A’an—tnferient—Anginc‘ollqtg
1361 5492 1484 5584 At"
1516 5492 1772 5584 Exttltare
1802 5511 1898 5549 ms.
1931 5497 2210 5584 multare“
2259 5492 2329 5584 :3"
2369 5492 2735 5584 Impendentis
2756 5518 2854 5556 ms.
2882 5492 3193 5573 impenditis
3267 5502 3338 5534 ’⁷³
3361 5492 3550 5559 ιη’νίίει

265 5564 543 5621 charitate
562 5580 661 5620 ms.
696 5565 750 5621 in
779 5580 900 5621 vera
926 5566 1192 5621 charitate
1264 5565 1336 5598 ³⁷⁸
1359 5563 1492 5621 Cum
1515 5565 1696 5620 eodem
1727 5581 1825 5620 ms.
1871 5566 2066 5621 collata
2140 5567 2211 5599 ⁸⁷⁵
2259 5563 2628 5627 Examihamla
2656 5589 2753 5630 ms.
2785 5563 3207 5632 exazni'nandmu

1502 5657 1783 5717 JOANNIS
1815 5657 2084 5716 PICABDI
2115 5660 2343 5721 NOTAE.
2637 5665 2645 5672 ’

343 5725 467 5799 (l9)
510 5727 635 5785 Vide
659 5738 811 5800 epist.
841 5728 932 5797 7i,
962 5730 1125 5802 infra.
