4056 6302
491 300 631 362 “53

1030 303 1088 360 S.
1124 302 1420 360 ANSELMI
1460 301 1810 358 CANTUAR.
1831 299 2074 356 'ARClill

2212 297 2362 356 OPP.
2395 297 2576 354 PARS
2611 297 2696 356 lli.
2724 329 2794 339 —
2815 295 3189 359 EPISTOLJE.

3635 306 3769 364 H36

488 424 663 488 s'cnlo,
689 423 804 477 sive
825 421 1028 486 audito,
1054 420 1166 473 sive
1191 417 1455 484 inaudito,
1485 416 1574 486 qui
1607 415 1724 471 fieri
1747 416 1960 482 debeat,
1987 430 2080 470 ve-
2108 426 2156 486 Α
2182 416 2426 477 obediat,
2457 415 2598 485 quod
2644 426 2730 470 est
2765 420 3131 473 coronandum
3163 430 3177 473 :
3211 421 3313 476 hoc
3351 425 3640 494 percipit,
3674 429 3781 484 hoc

488 527 602 572 atra
630 517 889 570 decernat
914 513 1232 567 auctoritas.
1260 512 1500 566 Titulnm
1551 522 1730 566 autem
1758 511 1962 566 nullum
2004 510 2077 566 illi

488 607 756 680 przeposui
785 625 798 659 :
823 606 1020 676 quippe
1049 607 1190 674 quod
1219 621 1557 676 nequaquam
1584 607 1714 660 tanti
1744 605 2074 670 existimavi,

487 706 548 751 ut
576 696 705 750 illud
734 711 833 749 suo
870 695 1088 749 nomine
1138 696 1409 765 dignarer.
1463 697 1522 750 Si
1568 696 1734 767 igitur
1773 705 1958 774 vestro
1987 711 2076 751 se-

488 789 626 844 derit
660 785 886 840 arbitrio
919 794 975 840 ut
1005 787 1152 856 quod
1178 787 1372 858 scripsi
1409 787 1753 857 scripserim;
1781 802 1810 840 a
1842 803 1948 857 quo
1978 789 2076 843 ba-

484 878 630 933 bebit
658 875 990 942 firmitatem,
1019 878 1086 932 ab
1112 891 1179 932 eo
1204 879 1404 934 habeat
1427 889 1484 933 et
1511 894 1704 934 nomen
1740 895 1755 932 :
1785 887 1841 933 et
1859 894 1958 949 per
1982 894 2078 934 vos

485 968 644 1022 detur
672 981 834 1023 servo
879 978 1082 1032 vestro,
1115 967 1309 1024 dilecto
1355 968 1511 1023 fratri
1539 979 1595 1024 et
1639 984 1904 1024 conservo
1956 985 2077 1025 meo

485 1059 684 1112 domno
731 1056 1006 1123 Mauritio,
1037 1058 1128 1128 qui
1170 1073 1309 1112 unus
1339 1068 1421 1114 est
1453 1073 1518 1113 ex
1565 1058 1669 1114 illis
1703 1073 1932 1128 quorum
1970 1073 2078 1112 ma-

487 1150 636 1204 xime
665 1151 867 1204 factum
909 1159 988 1204 est
1027 1152 1309 1205 instantia.
1345 1152 1400 1206 Si
1456 1158 1638 1206 autem
1695 1150 1855 1204 aliter
1895 1159 2077 1205 vestro

484 1242 755 1310 placuerit
805 1243 1064 1304 examini,
1102 1240 1382 1309 exemplar
1409 1241 1551 1310 quod
1590 1239 1739 1294 vobis
1772 1240 1946 1305 mitto,
1976 1255 2078 1294 nec

484 1331 618 1384 mihi
673 1345 771 1384 nec
819 1329 1046 1398 prmfato
1087 1329 1238 1384 fratri
1285 1331 1564 1395 reddatur;
1598 1330 1692 1385 sed
1743 1330 1924 1399 aliquo
1963 1330 2076 1385 ele-

481 1429 668 1475 mento
711 1428 805 1474 aut
852 1419 1130 1484 obrutum,
1162 1430 1255 1474 aut
1302 1422 1630 1488 demersum,
1683 1431 1777 1478 aut
1822 1437 2075 1478 consum-

481 1521 656 1583 ptum,
689 1522 781 1566 aut
807 1512 1108 1581 dispersum
1133 1512 1200 1567 de
1243 1513 1421 1567 medio
1447 1513 1558 1567 fiat.
1588 1512 1858 1582 Quidquid
1889 1523 2072 1568 autem

483 1602 609 1658 inde
633 1612 817 1656 vestro
865 1601 1132 1671 placuerit
1174 1601 1400 1670 judicio,
1427 1611 1488 1657 ut
1517 1602 1647 1656 mihi
1697 1601 1883 1671 aliquo
1916 1603 2075 1655 modo

483 1701 666 1747 notum
705 1692 819 1746 fieri
855 1691 1112 1760 jubeatis.
1156 1691 1396 1762 etllagito
1428 1707 1444 1748 :
1499 1701 1765 1762 quatenus
1799 1693 2076 1760 exemplar

2179 523 2310 578 ergo
2345 507 2514 562 frater
2537 517 2590 562 et
2617 519 2832 564 amator
2849 518 3028 564 chter
3049 512 3264 566 consulo
3289 523 3342 569 et
3367 514 3581 588 ﬂagito,
3603 530 3661 572 ut
3692 528 3784 575 to-

2180 598 2288 651 tius
2313 597 2434 652 vitae
2463 606 2638 652 status
2662 598 2747 652 his
2771 599 2981 654 duabus
3011 600 3216 655 nitatur
3242 603 3528 671 columnis,
3551 608 3787 664 scilicet

2179 687 2484 743 obedientia
2518 697 2572 744 et
2593 690 2877 758 patientia.
2905 691 2974 744 Et
2993 693 3212 761 quidem
3241 693 3309 749 de
3332 697 3786 765 patientia.bene

2179 777 2562 836 novitdilectio
2586 790 2771 835 vesua
2799 781 2943 849 quod
2966 797 3075 836 non
3098 782 3271 838 solum
3285 799 3409 840 cum
3431 788 3660 842 meritus
3679 804 3785 858 pu-

2179 868 2346 933 nitur,
2370 870 2632 926 violenter
2658 881 2742 926 est
2782 872 3078 940 exigenda,
3107 873 3203 929 sed
3226 874 3394 930 etiam
3427 891 3550 930 cum
3589 879 3786 936 imme-

2178 957 2315 1012 ritus
2342 956 2597 1028 afﬂigitur
2633 959 2868 1015 libenter
2887 971 2973 1016 est
2993 961 3321 1018 exhibenda.
3339 964 3416 1022 lbi
3435 968 3583 1023 enim
3610 983 3779 1027 exse-

2178 1049 2378 1102 cranda
2400 1058 2484 1103 est
2518 1049 2884 1119 impatientia,
2914 1067 2984 1106 ne
3013 1068 3220 1110 nocens
3246 1055 3523 1114 infelicius
3551 1061 3784 1118 damne-

2179 1148 2268 1191 tur
2297 1155 2311 1191 :
2339 1139 2430 1193 hic
2465 1143 2730 1195 servanda
2760 1151 2846 1196 est
2874 1143 3530 1212 patientia,ut.innocens
3563 1149 3784 1208 felicius

2178 1239 2488 1283 coronetur.
2522 1230 2597 1285 De
2621 1233 2930 1286 obedientia
2980 1249 3112 1289 vero
3149 1236 3250 1291 hoc
3293 1240 3518 1294 mandat
3545 1244 3782 1298 domnus

2177 1317 2366 1385 abbas,
2391 1321 2535 1388 quod
2575 1335 2677 1376 nec
2703 1322 2958 1378 dubitare
2985 1323 3057 1356 ³⁷⁸
3082 1340 3180 1380 vos
3215 1325 3486 1394 arbitror;
3515 1332 3778 1401 qroniam

2176 1407 2435 1477 quidquid
2480 1413 2780 1466 reverendo
2817 1413 3036 1468 domino
3065 1431 3129 1468 ac
3160 1415 3304 1471 Patri
3351 1432 3537 1476 nostro
3593 1424 3784 1477 archi-

2175 1496 2430 1574 episcopo
2467 1500 2775 1557 Lanfranco
2801 1505 3054 1566 obcditis,
3096 1506 3173 1561 sie
3205 1507 3333 1563 illud
3377 1512 3596 1582 accipit,
3627 1514 3786 1568 velut

2177 1589 2220 1643 si
2246 1590 2346 1644 sibi
2387 1593 2704 1648 obediretur
2743 1612 2758 1651 :
2800 1596 2909 1650 imo
2957 1607 3109 1651 tanto
3147 1601 3358 1669 gratius
3379 1618 3543 1671 quam
3576 1605 3622 1658 si
3669 1604 3781 1660 sibi

2175 1681 2491 1752 obediretis,
2519 1695 2726 1755 quanto
2771 1687 2888 1758 ipse
2923 1673 3024 1757 per
3064 1703 3239 1746 semet
3265 1692 3344 1746 illi
3385 1696 3504 1749 obet
3525 1695 3605 1749 ire
3636 1696 3786 1751 desi-

482 1784 626 1852 quod
656 1783 855 1836 retinui
887 1798 990 1836 non
1041 1781 1200 1836 aliam
1247 1784 1510 1838 sortiatur
1537 1784 1881 1846 sententiam,
1912 1798 2072 1853 quam
2108 1766 2151 1826 Β
2179 1771 2361 1838 ἀθηῑί
2393 1782 2448 1828 cl
2469 1787 2670 1844 quamo
2700 1777 2754 1830 in
2783 1791 2849 1830 ϐο
2883 1779 3025 1846 Quod
3067 1794 3176 1834 non
3217 1780 3392 1836 solum
3425 1782 3546 1852 ipsi,
3574 1785 3676 1840 sed
3715 1794 3781 1840 et

481 1873 610 1928 illud
643 1875 786 1944 quod
817 1874 962 1928 misi.
994 1875 1070 1930 De
1105 1875 1458 1930 dilectissimo
1500 1890 1640 1940 meo,
1661 1885 1854 1944 nepote
1875 1887 2077 1942 vestro,

479 1973 535 2018 et
563 1965 726 2018 corde
755 1972 810 2018 et
835 1979 929 2019 ore
969 1973 1022 2018 et
1053 1965 1302 2034 epistola,
1332 1973 1594 2034 quantum
1625 1979 1864 2034 possum,
1891 1966 2079 2035 dep;e-

475 2064 660 2109 ‘corut
699 2070 821 2108 cum
873 2055 1108 2125 primum
1144 2055 1294 2109 illum
1335 2057 1622 2110 sanitatem
1675 2057 1941 2126 recepisse
1987 2074 2079 2112 co-

477 2146 802 2214 gnoveritis,
847 2160 1188 2215 nequaquam
1238 2145 1354 2214 ejus
1385 2162 1469 2201 me
1527 2148 1744 2201 amabili
1789 2163 2078 2204 conversa-

481 2236 631 2289 tione
677 2236 881 2291 diutius
919 2251 1108 2291 carere
1158 2237 1391 2293 faciatis.
1450 2237 1645 2292 Verum
1696 2239 1896 2307 quippe
1951 2240 2072 2294 dico

479 2328 655 2394 Vobis,
694 2328 854 2384 talem
884 2342 944 2384 se
975 2329 1222 2384 exhibuit
1263 2330 1415 2395 mihi,
1441 2339 1495 2383 et
1519 2331 1729 2384 eunetis
1759 2330 1956 2385 nostris
1985 2332 2078 2386 bo.

480 2433 580 2474 nos
605 2421 913 2474 amantibus
935 2435 1115 2475 mores
1142 2430 1485 2490 praesentem,
1511 2431 1570 2474 ut
1593 2421 1768 2485 illum,
1795 2422 1839 2476 si
1872 2421 2076 2490 absque

478 2511 586 2566 ulla
617 2512 804 2566 suam
845 2513 1313 2578 ineonnnoditate,
1347 2527 1507 2582 quam
1557 2511 1706 2566 nullo
1734 2512 1892 2566 modo
1920 2513 2072 2566 volu-

477 2618 620 2669 inus,
647 2604 832 2659 reduci
879 2605 1080 2675 possit,
1112 2605 1422 2659 desiderare
1446 2617 1704 2672 cogamur
1733 2601 2036 2658 absentem.

943 2693 1279 2750 EI’ISTOLA
1326 2692 1483 2746 LXIV
1512 2693 1604 2746 ⁸⁷⁷.

1077 2803 1144 2840 AD
1175 2800 1468 2840 “ENMCUH.

727 2876 1089 2932 Ubetiientiam
1125 2890 1169 2932 et
1201 2878 1506 2940 patientiam
1541 2875 1786 2930 consulit.

554 2963 781 3021 Domino
815 2979 867 3022 et
918 2969 1075 3022 fratri
1102 2970 1447 3032 charissimo,
1486 2967 1686 3022 domno
1735 2967 1903 3035 priori
1935 2966 2072 3020 liss-

477 3071 604 3110 mco
642 3055 807 3110 frater
844 3058 1126 3112 Aassuws
1153 3074 1168 3124 ;
1196 3074 1292 3128 per
1321 3060 1634 3112 diuturnam
1677 3057 1874 3112 bonam
1905 3059 2072 3113 vitam

476 3150 680 3203 mereri
714 3158 972 3203 {etet-nam
999 3151 1212 3204 beatam
1241 3151 1430 3205 vitam.

546 3235 793 3292 Daunius
817 3237 984 3292 abbas
1013 3249 1068 3292 et
1095 3237 1324 3293 fratrum
1379 3249 1687 3294 vestrorum
1725 3241 2076 3310 congregatio

473 3327 585 3382 laeti
633 3339 1008 3398 susceperunt,
1062 3330 1436 3395 laudavernnt,
1481 3344 1806 3387 amaverunt
1851 3349 2075 3388 munera

479 3431 673 3475 vestite
722 3421 1050 3488 charitatis;
1107 3424 1200 3478 sed
1258 3424 1428 3478 multo
1450 3424 1636 3494 utique
1686 3426 1858 3497 magis
1905 3427 2076 3496 ipsam

481 3512 825 3578 cbaritatem,
862 3528 981 3581 qua:
1028 3529 1304 3582 nunquam
1370 3529 1476 3568 non
1519 3515 1630 3569 vult
1671 3525 1932 3585 quantum
1982 3534 2078 3586 po-

485 3611 610 3665 test,
663 3611 716 3658 et
764 3618 980 3673 semper
1026 3605 1142 3658 vult
1188 3605 1475 3674 plusquam
1531 3617 1731 3676 poteSt.
1781 3605 2079 3663 Gratanter

482 3707 699 3763 quoque
737 3695 978 3763 suscepit
1029 3695 1263 3750 domnus
1307 3679 1501 3761 abbas,
1528 3705 1584 3750 et
1629 3705 1912 3766 gratanter
1951 3697 2076 3768 legit

469 3797 537 3840 'et
560 3786 768 3840 audivit
808 3801 924 3840 mea
956 3787 1218 3856 parvitas,
1248 3788 1393 3857 quod
1418 3788 1700 3857 prudentia
1738 3798 1915 3843 vestra
1945 3805 2076 3845 con-

481 3875 661 3930 silium
691 3874 810 3943 ejus
843 3885 899 3931 et
927 3876 1120 3947 patris,
1156 3886 1212 3933 et
1254 3892 1430 3946 meum
1463 3885 1522 3930 ut
1556 3876 1742 3931 fratris
1778 3877 1986 3948 petivit,
2024 3889 2078 3934 et

474 3968 777 4024 secundum
807 3967 934 4022 illud
965 3984 1060 4038 per
1090 3967 1272 4023 omnia
1302 3983 1360 4022 se
1397 3967 1666 4022 facturum
1693 3968 1964 4036 promisit.
1986 3969 2078 4025 SLc

480 4074 678 4128 nempe
704 4058 860 4114 decet
882 4059 1206 4128 sapientem,
1237 4057 1470 4128 sapienti
1495 4057 1704 4112 scilicet
1726 4058 1802 4111 uti
1826 4060 2073 4114 consilio.

475 4150 714 4219 Sapiens
737 4150 937 4219 quippe
965 4149 1252 4205 consilium
1277 4157 1380 4216 est,
1414 4148 1556 4203 sicut
1583 4148 1757 4212 scitis,
1779 4149 1923 4219 quod
1945 4164 2076 4204 cou-

480 4243 814 4298 sulitomnia
855 4243 1034 4297 facere
1075 4257 1198 4297 cuiu
1244 4241 1494 4297 consilio.
1525 4241 1660 4296 Cum
1709 4241 1874 4313 igitur
1905 4251 2074 4298 totum

477 4331 583 4399 rei,
611 4332 676 4388 de
701 4347 805 4400 qua
835 4330 1116 4386 consulitis
1131 4328 1228 4396 ‘7’,
1259 4332 1525 4386 consistat
1547 4331 1838 4386 consilium
1865 4333 1916 4388 in
1945 4335 2076 4388 obc-

2180 1863 2268 1916 alii
2295 1879 2517 1934 proper
2547 1867 2721 1936 ipsmu
2750 1867 3018 1924 obeditis:
3046 1869 3307 1941 majorem
3332 1873 3492 1941 ipsam
3522 1887 3771 1932 vestram

2177 1956 2543 2012 obedientiam
2571 1959 2896 2014 considerat.
2930 1961 3251 2032 Quanquam
3292 1965 3336 2020 si
3360 1967 3776 2024 consideremus

2180 2060 2278 2101 nos
2302 2047 2372 2080 ²⁸⁰
2408 2058 2462 2102 et
2493 2049 2662 2114 illttm,
2713 2052 2798 2104 cui
2828 2064 2929 2107 vos
2957 2054 3181 2108 obedire
3225 2054 3547 2120 invitamns,
3597 2058 3778 2111 multa

2179 2140 2368 2208 procul
2414 2141 2578 2198 dubio
2625 2143 2678 2196 in
2723 2143 2880 2198 nobis
2924 2153 2981 2198 et
3021 2145 3074 2198 in
3117 2145 3208 2200 illo
3248 2147 3360 2201 sint
3401 2163 3499 2201 cur
3553 2164 3656 2204 nos
3697 2149 3780 2203 illi

2178 2243 2372 2302 sponte
2401 2235 2752 2303 studioseque
2781 2236 3001 2292 obedire
3041 2238 3351 2292 debeamus.
3377 2237 3587 2295 Valete.

2666 2327 3000 2384 EPISTOLA
3043 2329 3178 2383 LXV
3195 2331 3288 2383 Ψ.

2755 2433 2825 2476 AD
2862 2434 3189 2476 “AURITIUM.

2180 2508 2255 2562 De
2313 2506 2552 2563 Munritii
2595 2509 2899 2581 e:c_Anglia
2958 2513 3249 2566 reversione
3305 2512 3572 2581 Beccum,
3619 2525 3666 2568 et
3705 2531 3782 2569 σε

2638 2579 2925 2649 Monetogii
2964 2583 3302 2636 correctione.

2251 2689 2456 2745 Domno
2492 2700 2544 2746 et
2579 2690 2756 2755 fratri,
2785 2690 2895 2745 filio
2923 2692 3246 2746 charissima
3266 2692 3570 2761 MAURITIO,
3602 2695 3782 2751 frater

2178 2782 2482 2847 ANSELIIUS,
2527 2783 2667 2836 servi
2701 2783 3087 2850 reverentiam,
3127 2783 3314 2840 fratris
3360 2785 3647 2852 affectum,
3681 2801 3786 2856 pa-

2179 2871 2276 2924 tris
2303 2871 2656 2941 diligentiam.

2204 3017 2207 3019 _
2253 2960 2483 3031 Semper
2527 2971 2598 3028 te,
2629 2962 2983 3020 dilectissime
3011 2965 3106 3030 fili,
3137 2966 3412 3033 desidero,
3451 2983 3784 3038 semperque

2181 3062 2233 3108 te
2272 3070 2359 3108 me
2391 3053 2702 3110 desiderare
2735 3071 2844 3110 non
2869 3058 3076 3112 dubito.
3106 3059 3235 3124 Sed,
3281 3062 3536 3129 quoniam
3574 3074 3784 3119 neuter

2182 3157 2424 3202 nostrum
2453 3163 2583 3203 suus
2612 3157 2716 3214 est,
2749 3163 2850 3203 nec
2892 3165 3079 3205 sumus
3125 3151 3358 3207 invicem
3385 3153 3515 3207 alter
3539 3153 3783 3209 alterius

2181 3243 2283 3296 nisi
2323 3257 2418 3312 per
2447 3243 2732 3298 cliaritatis
2762 3242 3036 3308 affectuum,
3087 3246 3313 3299 consulo
3340 3257 3395 3300 et
3422 3247 3603 3300 hortor
3631 3263 3783 3317 qua-

2183 3343 2338 3388 tenus
2368 3336 2606 3404 quandiu
2631 3336 2708 3403 hi,
2731 3351 2869 3406 quos
2896 3336 3054 3391 nobis
3069 3339 3362 3407 prtnposuit
3384 3339 3564 3393 divina
3593 3339 3776 3409 dape»

2179 3426 2325 3490 sitio,
2373 3440 2474 3481 nos
2520 3425 2782 3494 jusserint
2820 3441 2943 3481 esse
2997 3439 3305 3497 separatos,
3341 3429 3546 3483 uellant
3581 3440 3774 3484 contra

2180 3517 2512 3572 voluntatem
2562 3517 2730 3588 336
2780 3533 2969 3573 eorum
3013 3519 3370 3590 exquiramus
3422 3520 3772 3576 cohabitandi

2179 3609 2626 3663 accelerationem
2656 3626 2670 3662 :
2711 3617 2766 3664 et
2796 3609 2840 3664 si
2873 3611 3108 3682 benigne
3141 3620 3330 3667 nostro
3353 3612 3627 3668 desiderio
3648 3628 3776 3668 con-

2179 3699 2470 3763 senserint,
2498 3699 2701 3754 nullam
2736 3699 3036 3756 inferamus
3065 3701 3401 3758 dilationem.
3431 3703 3773 3772 Quapropter

2179 3788 2320 3856 quod
2343 3787 2649 3842 audivimus
2677 3802 2776 3857 per
2799 3789 3055 3844 domuum
3087 3789 3410 3856 Robertum,
3447 3793 3574 3861 quia
3601 3796 3772 3846 timui‘

2179 3893 2280 3933 nus
2307 3886 2490 3934 noster
2511 3877 2954 3948 archiepiscopus
2987 3882 3237 3950 promisit
3265 3897 3326 3937 se
3371 3881 3533 3937 nobis
3583 3882 3773 3936 remis-

2178 3985 2366 4024 surum
2412 3971 2466 4025 in
2515 3973 2766 4041 proximo
2803 3981 2951 4026 tuam
2998 3973 3344 4029 dilectionem
3395 3991 3411 4031 :
3451 3975 3500 4029 si
3540 3974 3770 4044 benigne

2179 4067 2283 4114 tum
2311 4059 2454 4115 favet
2489 4061 2774 4128 voluntati,
2821 4075 2921 4116 nec
2966 4062 3166 4117 domno
3197 4061 3381 4118 abbati
3413 4061 3684 4133 displicet,
3713 4069 3768 4116 et

2178 4150 2310 4204 mihi
2338 4150 2490 4205 valde
2515 4151 2711 4220 placet.
2744 4150 2800 4207 Si
2831 4161 3012 4206 autem
3055 4168 3162 4208 non
3188 4153 3425 4225 benigne
3465 4155 3613 4208 favet
3637 4167 3766 4223 snp-

2179 4239 2424 4308 plicanti,
2460 4240 2554 4294 sed
2576 4256 2700 4295 eum
2728 4240 2993 4310 aliquem
3028 4257 3256 4297 rancore
3295 4243 3565 4317 permittit
3589 4253 3769 4298 extor-

2178 4326 2397 4402 quenti';
2432 4349 2534 4388 nec
2561 4333 2760 4389 domno
2786 4335 2966 4388 abbati
3003 4349 3104 4390 nec
3129 4335 3258 4389 mihi
3283 4335 3462 4404 placet
3485 4345 3546 4389 ut
3569 4337 3650 4390 sic
3680 4350 3766 4390 re-

483 4424 684 4478 dieutia
719 4433 774 4480 et
806 4424 1096 4493 patientia;
1139 4433 1194 4479 ct
1235 4426 1503 4494 scriptum
1543 4425 1612 4479 sit
1646 4425 1774 4495 quia
1809 4425 2071 4481 obedien-
2107 4447 2156 4505 ι)
2178 4424 2329 4478 deas.
2361 4422 2721 4492 Scripturam,
2762 4437 2924 4494 quam
2976 4433 3030 4478 te
3075 4423 3316 4478 instante
3340 4435 3397 4478 et
3425 4424 3750 4494 quibusdam

479 4517 620 4571 tiam
650 4517 854 4570 mavult
884 4517 1026 4572 Deus
1053 4533 1214 4587 quam
1244 4517 1573 4573 sacrificium
1598 4516 1650 4588 (Ι
1679 4517 1808 4588 Reg.
1826 4534 1918 4582 xv,
1942 4517 2065 4572 29."

481 4619 538 4664 et
567 4609 694 4676 quia
733 4608 985 4674 patientia
1036 4623 1164 4676 Opus
1211 4609 1497 4676 perfectum
1535 4610 1690 4663 habet
1733 4609 1878 4680 (Jac.
1910 4625 1949 4676 I,
1991 4612 2069 4681 4)..

485 4697 684 4754 nullius
728 4697 928 4768 justius
967 4697 1151 4766 petitis
1199 4708 1254 4752 et
1283 4698 1558 4766 suscipitis
1585 4698 1868 4753 consilium
1907 4716 2070 4770 quam

485 4789 628 4843 illius
668 4789 754 4842 cui
801 4787 1010 4842 debetis
1039 4786 1436 4853 obedientiam;
1478 4797 1535 4842 et
1581 4787 1787 4843 nullum
1843 4791 2072 4845 servatis

484 4881 799 4951 perfectius,
851 4895 1015 4949 quam
1062 4894 1184 4934 cum
1215 4877 1433 4935 fortiter
1487 4881 1683 4936 tenetis
1729 4881 2071 4949 patientiam.

487 4973 600 5028 lloc
630 4973 793 5043 igitur
823 4972 1057 5027 consulit
1094 4973 1326 5045 domnus
1357 4972 1547 5038 abbas,
1579 4973 1683 5028 hoc
1730 4984 1906 5046 rogat,
1933 4986 1988 5030 et
2013 4989 2073 5031 ut

487 5083 594 5122 non
624 5067 798 5120 solum
848 5065 1152 5121 consulenti
1201 5075 1258 5122 et
1305 5069 1515 5138 roganti
1547 5076 1726 5123 vestra
1775 5069 2072 5125 strenuitas

484 5161 826 5230 acquieseat,
851 5159 995 5227 quod
1020 5167 1099 5214 est
1129 5157 1457 5214 laudandum
1492 5177 1504 5212 :
1537 5160 1629 5216 sed
1663 5169 1716 5215 et
1740 5159 2070 5230 praecipienti

2180 4513 2302 4569 aliis
2318 4513 2582 4570 fratribus
2618 4512 2742 4581 feci,
2766 4522 2818 4568 et
2849 4529 3012 4584 quam
3041 4522 3097 4568 tu
3125 4512 3218 4569 tibi
3244 4514 3444 4570 debere
3475 4514 3764 4571 transmitti

2178 4604 2443 4676 precaris,
2467 4605 2684 4661 domino
2705 4612 2762 4660 et
2801 4603 2944 4660 Patri
2971 4613 3160 4660 nostro
3188 4604 3607 4676 archiepiscopo
3643 4620 3770 4659 exa-

2180 4696 2491 4751 minandam
2539 4711 2638 4766 per
2687 4696 2944 4750 domnmu
2997 4694 3276 4751 Robcrtun
3340 4695 3534 4760 mitto;
3575 4705 3632 4750 et
3673 4711 3770 4764 per

2179 4791 2457 4862 epistolam
2491 4789 2604 4861 (20)
2637 4788 2788 4844 illum
2818 4803 2970 4860 rogo,
3013 4795 3071 4842 ut
3093 4788 3138 4843 si
3167 4787 3314 4842 illum
3335 4789 3478 4843 destt
3493 4789 3546 4842 ui
3570 4788 3772 4844 debere

2177 4900 2285 4941 non
2333 4883 2578 4956 jusserit,
2625 4882 2720 4938 tibi
2764 4881 2956 4937 reddat
3005 4880 3284 4951 exemplar
3311 4882 3457 4952 quod
3517 4882 3768 4949 suscipit.-

2180 4974 2330 5046 Roga
2371 4974 2536 5042 igitur
2579 4988 2737 5037 eum,
2781 4971 2906 5027 siin
2955 4971 3204 5042 proximo
3245 4970 3526 5025 rediturus
3577 4985 3672 5033 es,
3704 4980 3776 5022 ut

2180 5067 2494 5138 priusquam
2553 5064 2770 5120 redeas.
2820 5063 3099 5134 praecipiat
3150 5063 3218 5118 de
3261 5063 3451 5116 eadem
3496 5063 3771 5130 scriptura

2181 5159 2324 5230 quod
2379 5164 2744 5228 prmeepturus
2793 5164 2899 5223 est,
2931 5163 3200 5226 quatenus
3248 5162 3343 5209 aut
3386 5153 3768 5210 confirmatam

1767 5274 1998 5331 VARUS
2038 5273 2442 5333 LECTIONES.

557 5363 627 5398 ²τ⁶
654 5367 744 5421 illa
772 5382 866 5420 sua
892 5385 988 5421 nis.
1018 5367 1125 5423 ulla
1149 5383 1246 5424 sua
1321 5371 1387 5400 ’⁷⁷
1418 5367 1550 5422 Cum
1577 5370 1754 5424 eodem
1775 5385 1874 5424 ms.
1906 5367 2099 5422 collata

1432 5440 1501 5472 ’⁸ο
1545 5441 1964 5497 Consuleremus
2013 5455 2114 5494 nos
2165 5455 2263 5493 ms.
2320 5437 2728 5493 consideremus
2757 5451 2856 5493 nos

479 5445 604 5506 tare
631 5455 725 5492 ms.
753 5440 894 5505 quod
940 5453 1040 5494 nec
1083 5438 1327 5494 dubitare

482 5507 559 5539 ³³³
580 5507 715 5562 Eum
745 5509 926 5578 aliquo
952 5525 1048 5562 ms.
1078 5513 1268 5566 rectius
1297 5525 1420 5566 cum
1451 5509 1630 5580 aliquo

2201 5369 2271 5401 ³⁷⁸
2315 5364 2642 5423 Consuluisti
2677 5381 2777 5420 ms.
2811 5362 3091 5421 consulitis
3191 5363 3262 5394 ³⁷⁸
3290 5362 3446 5430 Quod
3478 5375 3582 5416 non
3605 5357 3773 5414 dubi-

2201 5455 2263 5490 is.
2320 5437 2728 5490 consideremus
2757 5451 2856 5490 nos
2956 5434 3025 5466 ’“
3065 5432 3196 5490 Cum
3225 5435 3405 5489 eodem
3433 5448 3529 5487 ms.
3561 5430 3770 5485 collata

3111 5450 3196 5488 um
3225 5450 3405 5488 eadem
3433 5450 3529 5487 ms.
3561 5450 3620 5485 ιο

1701 5597 1981 5656 ,1οΛΝΝ18
2019 5596 2290 5653 PICARD'
2331 5595 2559 5654 NOTAE.

552 5667 673 5736 βο)
713 5667 882 5731 Epist.
921 5670 1008 5722 63.
1036 5687 1150 5725 sui).
