4056 6302
265 361 405 418 H37
1535 361 1665 418 LIB.
1706 361 1749 431 ι,
1785 359 2002 420 EPIST.
2040 360 2272 426 LXVIII.
3383 361 3528 419 “38

263 495 389 543 eam
416 487 594 537 tecum
619 474 857 545 deferas,
887 486 979 534 aut
1009 476 1338 536 destructam
1380 494 1505 536 esse
1535 480 1665 537 mihi
1705 477 1841 535 πνείει
1873 477 1918 536 Α
1951 474 2339 537 indesinenter.
2373 481 2429 530 et
2458 488 2554 544 per
2587 472 2951 529 obedientiam
3004 485 3214 527 mecum
3253 487 3359 526 non
3410 486 3531 530 esse

263 584 378 631 ras.
410 567 564 638 Quod
586 567 633 623 si
675 567 763 625 illa
795 578 1047 642 suscepta
1099 570 1280 626 redire
1316 570 1639 634 tardaveris,
1686 570 1841 626 mitte
1945 564 2116 621 tolero
2143 563 2246 619 nisi
2275 564 2641 633 impatienter.
2675 563 2867 632 Quem,
2902 572 2962 617 ut
2988 561 3218 621 dilectus
3250 561 3530 623 dilectum,

263 660 400 719 mihi
430 660 710 732 exemplar
753 662 824 696 ³⁸³
861 662 990 717 illud
1014 677 1176 733 quam
1200 663 1361 719 citius
1382 676 1480 733 per
1518 662 1682 719 fidum
1705 676 1843 718 non-
1943 668 2137 708 moneo
2156 663 2209 715 et
2232 669 2425 724 precor
2454 663 2512 708 ut
2543 654 2783 716 studiose
2816 653 2958 711 inter
3000 653 3147 723 ipsas
3197 667 3326 707 snas
3372 667 3533 707 occu-

263 755 399 814 ,ίωη
423 755 626 825 poteris
655 772 669 808 ε
695 766 962 825 quamn“
985 756 1030 811 si
1054 755 1185 827 quid
1216 755 1270 810 in
1315 770 1383 812 eo
1413 756 1555 812 idem
1591 756 1844 812 ἀοηιεηιιε
1942 742 2189 811 potiones
2214 744 2379 798 vitam
2403 758 2560 798 suam
2605 743 2862 799 discutiat
2891 759 2905 795 :
2952 750 3008 798 et
3041 743 3094 801 in
3128 741 3301 803 bonis.
3329 758 3449 811 qtae
3471 743 3538 798 de

262 856 452 913 ηοετειι
501 846 943 917 archiepiscopus
989 848 1320 913 corruerit,
1369 848 1665 903 secundum
1714 847 1844 902 ίιιιηι
1943 830 2035 885 illo
2056 831 2126 886 ab
2146 833 2396 888 omnibus
2425 833 2553 888 inde
2580 833 2923 890 venientibus
2950 834 3539 902 audio,qnotidiepro«

260 937 572 1008 corrigatur
606 938 768 1007 etiam
802 938 930 994 illud
957 940 1100 1009 quod
1144 955 1357 996 mecum
1401 940 1622 1006 retinui,
1649 949 1706 995 et
1745 955 1847 1011 ego
1948 920 2094 978 θθίθι
2119 939 2134 975 ³
2163 931 2218 976 ει
2239 923 2284 978 εί
2313 938 2421 992 ειιιει
2452 923 2506 978 in
2533 939 2600 981 θο
2628 925 2808 979 adhuc
2839 925 3055 985 Velefis-
3085 925 3321 988 ιιοιυῖθίε
3352 940 3540 994 Silii?"

262 1042 435 1084 unum
483 1044 549 1083 ex
581 1028 667 1084 his
693 1028 903 1085 duobus
938 1031 1032 1086 tibi
1067 1030 1177 1087 cito
1203 1032 1502 1087 remittam.
1527 1030 1584 1087 Si
1615 1045 1744 1088 vero
1768 1031 1849 1088 sic

261 1118 590 1182 sententiam
647 1119 1077 1177 confirmationis
1115 1121 1253 1178 idem
1295 1122 1615 1192 opusculum
1664 1137 1849 1184 susce-

262 1209 427 1280 perit.
444 1218 503 1264 ut
545 1208 744 1267 mulius
770 1211 1128 1269 correctionis
1155 1212 1400 1284 indigere
1415 1212 1711 1281 iudicetur,
1728 1221 1851 1269 tene

262 1300 490 1356 missum
530 1302 811 1371 exemplar
851 1304 1090 1374 quandiu
1139 1306 1377 1362 volueris
1414 1324 1430 1362 :
1466 1315 1701 1373 tantum,
1734 1308 1852 1364 sive

263 1390 339 1446 ita
386 1390 482 1459 sit,
512 1392 625 1446 sive
667 1392 848 1459 aliter,
898 1394 1157 1465 quidquid
1206 1396 1331 1451 inde
1381 1398 1636 1453 dominus
1667 1406 1852 1454 noster

260 1477 704 1551 archiepiscopus
750 1481 1119 1552 judicaverit,
1166 1495 1261 1543 aut
1302 1502 1411 1557 quo
1453 1489 1672 1544 nomine
1719 1488 1851 1544 illud

264 1571 470 1628 titulari
498 1570 747 1640 jusserit,
773 1575 969 1633 manda
994 1576 1125 1632 mihi
1162 1593 1261 1647 per
1287 1577 1569 1648 epistolam
1595 1594 1719 1635 cum
1741 1579 1849 1648 pri—

261 1676 412 1725 unum
444 1663 669 1735 poteris.
708 1663 896 1720 Saluta
922 1665 1178 1721 dilectum
1204 1666 1430 1723 fratrem
1463 1677 1712 1724 nostrum
1755 1670 1852 1724 do-

262 1766 451 1806 mnum
483 1750 822 1820 Herluinum,
849 1764 905 1810 et
931 1755 1150 1812 hortare
1168 1772 1292 1820 eum
1316 1759 1387 1813 de
1407 1758 1525 1813 vice
1552 1773 1691 1824 mea,
1713 1773 1855 1829 qna-5

263 1851 423 1899 tenus
481 1859 511 1898 a
572 1846 713 1901 bono
769 1846 1000 1917 incepto,
1056 1850 1200 1919 quod
1249 1848 1303 1904 in
1359 1865 1425 1905 eo
1470 1849 1603 1913 vidi,
1650 1850 1849 1908 nullius

263 1933 592 1991 transitoria:
636 1935 1012 1992 delectationis
1057 1955 1243 1994 amore
1285 1940 1665 1998 deliciat:sed
1709 1943 1851 1999 sicut

262 2025 331 2077 de
357 2023 446 2093 die
492 2025 544 2079 in
572 2025 714 2081 diem
759 2026 962 2082 ultima:
1002 2028 1108 2083 diei
1143 2033 1446 2101 apprOpiat,
1475 2034 1555 2089 sic
1605 2034 1850 2104 quotidie

261 2111 334 2193 ad
366 2120 739 2183 contemptum
790 2118 1193 2186 temporalium,
1241 2129 1292 2175 et
1339 2135 1582 2176 amorem
1615 2132 1851 2178 aeterno-

260 2215 384 2255 rum
413 2201 678 2272 proficiat.
702 2204 899 2261 Saluta
930 2207 1190 2264 domuum
1237 2210 1524 2267 Arnulfum
1558 2213 1850 2270 Belvaccn—

260 2304 378 2345 sem
414 2333 431 2356 ,
471 2294 726 2348 domnmn
783 2295 1114 2352 Hulvardum
1168 2299 1410 2371 Anglum.
1463 2304 1847 2360 consobrinum

260 2380 445 2441 domui
484 2382 733 2450 Osberni,
759 2395 814 2442 et
851 2386 1109 2445 domuum
1150 2389 1408 2458 Vitalem,
1442 2396 1699 2450 domuum
1739 2397 1850 2452 llo-

260 2485 479 2542 gerttm,
529 2471 751 2529 fratrem
791 2475 1119 2545 Samuelem,
1164 2481 1549 2541 Cadomenses.
1588 2485 1742 2543 Vale.
1794 2494 1853 2542 et

260 2561 469 2630 profice
492 2564 546 2617 in
575 2564 802 2623 Domino
835 2583 1069 2638 semper,
1097 2572 1439 2630 charissime.
1482 2592 1485 2595 ·

726 2654 1060 2715 EPIS’I‘OLA
1104 2660 1269 2717 LXVI
1296 2662 1385 2718 ηδ.

820 2764 891 2804 ΑΙ)
924 2767 1294 2808 ιΑΝηΛΝουιι.

262 2830 521 2893 Guidonis
538 2834 806 2894 Βασεηὼ
829 2843 1072 2910 neapliyti
1093 2844 1316 2967 reditum
1336 2846 1391 2901 in
1408 2842 1853 2903 Nortltntanmam

887 2926 1161 2967 concumsr
1207 2950 1227 2967 .

887 2926 1227 2982 concupiscit.

338 2992 524 3049 Amico
575 3010 675 3053 suo
722 2995 1077 3054 dilectissimo
1117 3011 1172 3055 et
1242 3002 1492 3064 dilectori
1537 3005 1852 3063 fidelissimo

265 3081 582 3139 Μηνυκοο
618 3086 786 3141 frater
811 3087 1113 3157 Ausncuus,
1152 3093 1399 3162 corporis
1433 3103 1488 3148 et
1515 3094 1710 3149 anima:
1730 3111 1853 3165 per—

264 3170 464 3226 fretam
493 3174 564 3205 ⁸⁸⁸
608 3175 857 3230 salutem.

336 3261 560 3328 Quoties
582 3273 776 3320 vestra:
804 3267 980 3323 dulcis
1012 3269 1145 3323 mihi
1178 3270 1499 3327 reminiscor
1520 3274 1850 3340 dilectionis,

260 3350 452 3421 utique
483 3354 643 3408 ardet
671 3369 757 3410 me
786 3366 896 3410 tam
917 3357 1093 3430 longa:
1116 3368 1314 3417 vestrae
1339 3362 1633 3420 dilationis.
1652 3364 1854 3432 Quam-

260 3442 349 3496 vis
374 3442 519 3496 enim
541 3443 803 3501 hactenus
828 3460 955 3516 spes
997 3460 1198 3505 vestra:
1250 3453 1634 3521 recuperandae
1661 3454 1853 3510 salutis

210 3548 214 3550 γ
263 3531 505 3587 maxime
543 3533 817 3588 consolata
843 3536 915 3590 sit
946 3537 1129 3593 cordis
1155 3539 1260 3616 mei
1286 3554 1545 3609 angorem
1573 3544 1640 3597 de
1668 3553 1850 3599 vestra

264 3621 533 3687 absentia,
577 3623 691 3693 jam
736 3634 914 3682 tamen
953 3644 1161 3699 nequeo
1196 3646 1303 3687 non
1347 3633 1681 3701 contristari,
1724 3637 1851 3705 quia

264 3718 378 3763 tam
411 3710 571 3780 longe
597 3720 651 3767 et
682 3713 837 3768 vobis
879 3716 992 3786 ipsa
1042 3719 1293 3774 sanitatis
1323 3721 1602 3790 perfectio,
1636 3733 1691 3779 et
1720 3724 1850 3779 mihi

193 3799 202 3806 ’
262 3811 447 3858 vestra
480 3804 811 3861 diﬂertur'“
840 3811 1088 3866 amabilis
1124 3814 1433 3881 praesentia.
1464 3814 1696 3880 Etenim,
1742 3828 1855 3872 non

261 3893 408 3948 situt
432 3896 593 3967 vulgo
622 3898 728 3974 dici
752 3900 913 3961 solet.
949 3902 1073 3972 quia
1103 3903 1246 3970 quod
1271 3902 1429 3974 longe
1451 3914 1534 3960 est
1571 3906 1640 3960 ab
1679 3907 1853 3963 oculis

262 3980 427 4054 longe
454 3997 540 4040 est
568 4002 598 4040 a
636 3973 802 4043 corde
831 4008 847 4044 :
878 4005 983 4044 non
1020 3991 1261 4060 inquam,
1284 3973 1595 4064 sicquanto
1621 3994 1853 4068 benigna

263 4085 447 4131 vestra
500 4081 857 4137 mansuetudo
904 4082 1115 4155 longius
1148 4083 1232 4141 vel
1284 4085 1402 4143 loco
1430 4097 1486 4145 et
1537 4098 1780 4160 tempore
1819 4106 1850 4145 a

261 4180 355 4219 me
384 4166 560 4231 abest,
577 4180 728 4225 tanto
751 4187 906 4227 amor
926 4174 1046 4245 ejus
1068 4175 1121 4230 in
1146 4192 1233 4233 me
1256 4180 1513 4248 tepescit;
1531 4182 1623 4235 sed
1647 4191 1853 4251 quanto

261 4257 446 4346 minus
484 4259 572 4315 illa
604 4261 708 4317 frui
744 4279 842 4333 pro
869 4275 998 4322 voto
1024 4283 1242 4337 possum
1262 4272 1357 4337 ⁸⁸⁷,
1382 4281 1531 4327 tanto
1556 4275 1728 4346 magis
1755 4277 1853 4330 de-

261 4345 531 4404 siderium
562 4351 680 4422 ejus
706 4353 759 4407 in
789 4356 904 4411 veri
942 4357 1223 4415 dilectoris
1269 4363 1433 4418 vestri
1468 4350 1648 4421 mente
1678 4364 1853 4423 ferve-

262 4437 391 4492 scit.
423 4438 761 4512 Quapropter
781 4447 1029 4513 quamvis
1059 4464 1182 4504 cum
1215 4450 1307 4504 illo
1338 4451 1481 4516 sitis,
1521 4454 1590 4509 de
1617 4470 1724 4524 quo
1753 4471 1854 4512 nec

264 4528 444 4582 audeo
491 4531 672 4586 dicere
718 4535 862 4603 quod
914 4551 1010 4592 vos
1054 4548 1263 4594 tantum
1311 4542 1554 4612 diligant,
1588 4558 1851 4613 quantum

263 4615 358 4672 ille
390 4657 408 4683 ,
455 4634 556 4675 nec
600 4621 773 4678 debeo
823 4624 1041 4696 exigere
1090 4637 1150 4682 ut
1196 4644 1283 4684 me
1329 4638 1537 4687 tantum
1589 4633 1850 4703 diligatis,

264 4716 532 4777 quantum
563 4709 711 4765 illum
745 4731 760 4766 :
788 4723 970 4769 tamen
1020 4732 1216 4787 rogare
1256 4734 1529 4788 prmeumo
1562 4732 1849 4792 quatenus,

264 4797 486 4866 quando
529 4802 761 4870 primum
802 4819 926 4859 cum
970 4804 1090 4873 ejus
1136 4807 1368 4881 benigna
1399 4814 1751 4869 concessione
1798 4823 1856 4869 et

262 4889 385 4942 sine
413 4898 594 4944 vestro
635 4892 979 4948 incommodo
1007 4898 1273 4965 poteritis,
1312 4910 1494 4957 vestro
1543 4903 1717 4972 reditu
1768 4919 1855 4959 me

266 4986 513 5032 vestrum
562 4980 794 5036 amicum
827 4982 1129 5044 Imtilicctis.
1159 4986 1346 5044 Salqu
1374 4991 1649 5046 vobiscum
1681 4991 1854 5046 domi-

266 5080 400 5119 num
429 5077 481 5121 et
516 5067 740 5125 fratrem
790 5088 970 5125 meum
999 5077 1384 5134 charissimum
1408 5079 1689 5143 dominum
1718 5081 1854 5137 Gui-

267 5156 468 5215 donem
498 5177 513 5212 :
537 5178 697 5232 quem
721 5177 889 5237 certe,
908 5179 968 5224 ut
990 5170 1706 5239 simpliciterconscientiam
1733 5189 1857 5247 cor-

265 5246 354 5303 dis
378 5251 483 5306 mei
515 5254 778 5323 aperiam,
806 5271 1017 5313 mecum
1045 5273 1167 5314 esse
1192 5273 1291 5330 per
1322 5275 1563 5317 amorem
1606 5262 1856 5320 desidero

1951 1019 2077 1067 sunt
2119 1011 2370 1083 vestigia,
2407 1012 2475 1067 ab
2504 1011 2588 1066 his
2633 1013 2851 1067 assidue
2875 1013 3115 1068 deficiat.
3139 1014 3311 1077 Ambo
3343 1012 3538 1068 valete.

2416 1100 2749 1159 EPISTULA
2775 1102 2958 1158 LXVII
2982 1105 3074 1163 m.

2556 1209 2625 1248 AD
2650 1209 2943 1256 ιιοςιςωωι.

2249 1280 2600 1337 Ρνωειοιαιιιν
2634 1293 2917 1337 venturum.
2949 1282 3242 1354 Rogerium.

2025 1372 2136 1427 Suo
2162 1373 2217 1426 in
2260 1371 2480 1426 Christo
2525 1372 2742 1437 dilecto,
2787 1373 3115 1436 desiderato,
3165 1385 3403 1442 sperato,
3448 1387 3545 1428 ex-

1953 1474 2225 1534 spectato.
2250 1463 2515 1527 Rooeato,
2570 1462 2742 1518 frater
2769 1463 3057 1520 Anseruos
3094 1478 3224 1521 suus
3273 1464 3543 1535 dilectus:

1954 1553 2100 1622 quod
2136 1553 2242 1608 Deo
2266 1553 2480 1623 gratius
2501 1561 2556 1608 et
2581 1553 2682 1608 sibi
2711 1562 2795 1609 est
2816 1553 3088 1609 salubrius
3128 1555 3425 1623 prudenter
3452 1554 3546 1610 eli:

1953 1658 2104 1715 gere.
2126 1654 2545 1714 perseveranter
2594 1654 2799 1709 tenere,
2838 1643 3070 1701 feliciter
3106 1659 3509 1700 consummare.

2034 1731 2188 1813 Quod
2216 1733 2387 1787 solius
2426 1732 2519 1788 Dei
2557 1735 2927 1790 commisimus
2968 1735 3220 1801 consilio,
3251 1749 3356 1793 non
3378 1736 3548 1791 audeo

1887 1831 1933 1891 Β
1964 1824 2184 1894 proprio
2227 1825 2521 1882 decernere
2555 1825 2800 1885 arbitrio.
2827 1826 2980 1882 Licet
3008 1827 3140 1882 mihi
3166 1837 3347 1882 tamen
3370 1843 3550 1891 meum

1951 1929 2202 1986 promere
2230 1914 2600 1970 desiderium:
2634 1916 2821 1986 utique
2862 1927 3020 1977 vexat
3069 1931 3155 1971 me
3191 1916 3379 1971 dtlatio
3428 1927 3545 1982 tua.

1959 2004 2149 2072 utique
2186 2015 2402 2074 torquet
2430 2021 2518 2060 me
2561 2007 2896 2076 exspectatio
2945 2006 3020 2061 tui
3054 2007 3392 2075 longitudine
3431 2022 3561 2067 sua.

1951 2092 2159 2149 Etenim
2188 2111 2290 2150 nec
2311 2095 2422 2150 vult
2458 2111 2557 2151 nec
2577 2105 2753 2166 potest
2775 2112 2872 2152 cor
2895 2112 3073 2153 meum
3094 2097 3364 2163 oblivisci;
3387 2112 3559 2165 quant

1951 2190 2101 2237 certo
2138 2198 2243 2240 non
2291 2183 2414 2246 dico
2449 2185 2777 2254 promisisti,
2814 2186 2908 2242 sed
2958 2185 3259 2256 prmdixisti
3296 2185 3427 2240 mihi
3469 2200 3551 2240 me

1951 2285 2108 2342 posse
2129 2283 2446 2343 exspectare
2473 2283 2526 2330 te
2546 2277 2848 2331 rediturum
2878 2285 2931 2332 et
2962 2292 3300 2332 mansurum.
3317 2277 3384 2332 Et
3406 2285 3551 2332 certe

1950 2361 2095 2431 quod
2124 2360 2327 2427 dixisti,
2345 2363 2489 2418 serio
2504 2362 2708 2419 dixisti.
2732 2365 2873 2439 Ergo
2902 2365 3188 2420 intendunt
3216 2365 3355 2419 oculi
3379 2368 3481 2421 mei
3503 2367 3553 2419 in

1950 2451 2210 2523 eloquium
2230 2462 2376 2507 tuum
2389 2454 2618 2509 dicentes
2633 2470 2650 2508 :
2665 2454 2891 2519 Quando
2903 2454 3253 2511 consolaberis
3266 2456 3396 2525 mea
3407 2454 3537 2521 Ρξᾳι

1950 2557 2142 2608 cxvnt,
2178 2543 2295 2615 82.)
2347 2544 2565 2600 Utinam
2607 2559 2711 2605 non
2756 2543 2932 2609 fallar,
2958 2546 3213 2614 quoniam
3246 2545 3459 2614 speravi
3503 2546 3553 2603 in

1954 2645 2007 2692 te
2027 2652 2043 2702 ;
2066 2636 2274 2692 utinam
2318 2651 2424 2691 non
2455 2637 2798 2701 erubescam,
2825 2637 3081 2706 quoniam
3118 2636 3425 2707 exspectavi
3462 2646 3515 2691 te
3537 2654 3550 2677 θ

1952 2726 2160 2780 utinam
2192 2742 2298 2781 non
2317 2727 2604 2794 mirentur,
2625 2743 2726 2784 nec
2752 2728 2934 2782 dicant
2964 2728 3062 2791 illi.
3091 2743 3228 2799 quos
3248 2729 3571 2798 praemisisti

1952 2815 2219 2886 primitias
2246 2814 2454 2872 fructus
2474 2817 2544 2849 ³⁸³
2573 2818 2675 2883 tui,
2699 2825 2756 2871 et
2777 2818 2971 2888 pignus
3017 2817 3282 2873 adventus
3315 2818 3411 2872 tui.
3445 2817 3563 2884 Cur,

1953 2920 2048 2961 eos
2084 2906 2376 2978 impegeris
2406 2907 2556 2972 illuc,
2583 2922 2691 2978 quo
2712 2920 2809 2961 eos
2839 2906 2922 2961 vel
2950 2907 3257 2976 prtrcedere
3300 2905 3382 2961 vel
3428 2908 3540 2960 sub

1952 2994 2107 3066 sequi
2152 2996 2608 3066 comtempseris;
2659 2996 2960 3066 praesertim
3004 3011 3128 3050 cum
3162 2995 3264 3064 ipsi
3312 2995 3552 3056 liuentis:

1955 3084 2092 3139 sime
2118 3086 2231 3141 sint
2274 3087 2342 3139 ad
2390 3101 2489 3140 nos
2519 3083 2776 3155 ingressi,
2802 3094 2858 3139 et
2902 3098 2933 3137 a
2975 3083 3132 3137 nobis
3171 3084 3409 3153 suscepti
3458 3097 3561 3153 spe

1874 3167 1926 3228 Ο
1956 3184 2060 3229 tua:
2098 3176 2520 3230 subsecutiouis.
2577 3176 2786 3246 Dirigat
2833 3175 3096 3229 Dominus
3154 3175 3205 3227 in
3257 3183 3554 3244 conspectu

1952 3278 2052 3317 suo
2088 3264 2229 3318 viam
2270 3273 2415 3318 tuam
2453 3262 2632 3334 (Psal.
2675 3279 2732 3328 γ,
2762 3263 2818 3332 9)
2846 3280 2862 3327 ;
2887 3273 2942 3317 et
2977 3263 3185 3317 directo
3231 3262 3396 3316 corde
3431 3272 3547 3327 tuo,

1953 3352 2148 3408 tribuat
2184 3353 2280 3406 tibi
2324 3352 2577 3406 Dominus
2611 3353 2903 3405 secundum
2950 3368 3041 3405 cor
3072 3364 3219 3404 tuum
3315 3360 3364 3406 et
3406 3366 3557 3421 omne

1953 3442 2230 3498 consilium
2258 3454 2408 3498 tuum
2455 3443 2730 3523 conﬁrmet
2756 3441 2928 3514 (Psal.
2957 3458 3074 3508 XIX,
3104 3443 3178 3514 5).

2410 3552 2748 3611 EPISTOLA
2777 3553 2983 3610 LXVIII
3010 3555 3102 3609 ⁸³⁵.

2499 3659 2566 3699 an
2614 3660 3003 3714 Lanrnucuu.

1957 3756 2037 3811 De
2079 3756 2344 3811 nonnullis
2371 3774 2403 3810 α
2452 3755 2754 3825 Lanfranco
2798 3757 3181 3812 animadversis
3218 3756 3273 3808 in
3325 3751 3570 3813 Anselmi.

2028 3826 2323 3894 opusculo;
2365 3842 2484 3894 qua:
2535 3828 2644 3895 ipse
2690 3828 2861 3881 sancti
2912 3826 3194 3896 Augustini
3244 3826 3573 3878 auctoritate.

2029 3905 2347 3965 propugnat.

2028 3984 2141 4038 Suo
2166 3983 2387 4038 domino
2427 3990 2489 4052 et.
2521 3984 2693 4050 Patri,
2726 3999 2913 4040 amore
2955 3993 3013 4040 et
3056 3984 3361 4039 reverentia
3418 3983 3556 4038 lilio-

1954 4093 2101 4144 rum,
2134 4077 2395 4133 Ecclesia:
2441 4079 2724 4135 catholicae
2768 4080 2932 4151 digno
2965 4079 3374 4150 archiepiscopo
3414 4078 3557 4145 Lua

1956 4184 2161 4225 τιμαεο
2191 4168 2360 4225 frater
2378 4169 2666 4228 ANSELIUS
2700 4186 2829 4227 suus
2855 4169 3191 4240 subjectione
3223 4184 3431 4234 servus,
3470 4168 3563 4226 af-v.

1956 4258 2105 4316 fectu
2138 4259 2302 4326 filius,
2339 4261 2585 4317 doctrina
2616 4261 2935 4332 discipulus,
2968 4261 3112 4333 quod
3140 4261 3331 4317 melius
3352 4269 3551 4331 potest.

2028 4350 2245 4406 Gratias
2283 4351 2579 4406 immensas
2615 4351 2728 4421 agit
2765 4366 2861 4407 cor
2891 4367 3073 4408 meum
3102 4361 3297 4406 vestrae
3327 4351 3562 4409 celsitu-.

1954 4439 2090 4507 dini,
2116 4441 2405 4510 quaeinter
2431 4450 2510 4497 tot
2542 4453 2596 4497 et
2622 4451 2801 4498 tantas
2828 4459 2940 4498 sua:
2990 4443 3268 4515 dignitatis
3316 4459 3551 4515 occupa-

1882 4505 1929 4565 D
1959 4505 2211 4589 tionesi‘”
2228 4547 2327 4588 nec
2341 4540 2599 4604 gravatur
2620 4547 2721 4588 nec
2746 4505 3076 4605 dedignatur:
3097 4535 3389 4590 otiositatis
3409 4505 3547 4589 mete

1957 4625 2344 4681 verbositatem
2374 4633 2598 4694 paterna
2636 4623 2970 4697 benignitate
2995 4626 3303 4692 attendere,
3329 4624 3564 4683 etbeni-L

1960 4732 2064 4788 gna
2085 4718 2348 4788 sapientia
2374 4718 2669 4789 corrigere.
2683 4716 2839 4787 Quod
2859 4719 3004 4775 enim
3027 4718 3234 4787 rogatis
3261 4731 3330 4773 ne
3353 4731 3450 4785 pro
3465 4714 3563 4779 his,

1960 4820 2090 4877 erga
2108 4822 2207 4861 vos
2239 4807 2458 4864 dilectio
2482 4822 2599 4864 mea
2623 4816 2885 4878 tepescat,
2907 4807 3033 4878 quia
3052 4815 3191 4862 teste
3210 4807 3318 4861 Deo
3347 4812 3402 4859 ct
3423 4819 3522 4858 san

1962 4898 2068 4953 ctis
2095 4896 2211 4966 ejus
2235 4899 2336 4955 hoc
2363 4900 2651 4956 dilectione
2670 4898 2848 4960 facitis
2863 4906 2949 4967 ;et
2970 4913 3069 4969 ego
3084 4898 3268 4968 utique
3291 4895 3451 4963 hujus
3472 4895 3571 4953 rei.

1963 4987 2309 5043 conscientiae
2335 4997 2528 5044 vestra:
2556 4987 2711 5043 testis
2732 4987 3044 5052 sum.Absit
3065 5002 3196 5058 ergo
3227 4995 3285 5038 ut
3316 4984 3446 5038 milu
3478 4984 3549 5038 sit

1966 5079 2254 5135 molestum
2285 5080 2558 5147 suscipere
2578 5077 3044 5147 consilinm,quod
3070 5077 3138 5132 de
3164 5075 3546 5131 transmarinis

1962 5154 2278 5241 partibus‘et
2295 5184 2396 5239 ego
2413 5184 2607 5234 magno
2628 5168 2899 5224 desiderio
2920 5169 3141 5240 peto’",
3155 5177 3208 5222 et
3222 5184 3323 5223 vos
3336 5167 3552 5222 sincera

1964 5260 2251 5316 dilectione
2266 5257 2496 5314 mittitis.
2525 5256 2818 5314 Gratanter
2849 5258 3033 5329 itaque
3053 5269 3336 5330 paternam
3361 5258 3548 5327 admo-

1551 5391 1641 5447 VA
1650 5392 1789 5450 ΜΕ
1827 5389 2233 5449 LECTIONES.

343 5498 415 5573 '1‘
441 5498 593 5573 Mitte
635 5501 912 5573 exemplar
950 5520 1049 5556 ms.
1078 5502 1235 5557 mitte
1257 5501 1390 5558 mihi
1422 5503 1704 5573 exemplar

265 5571 340 5610 ³⁸⁸
366 5569 616 5625 Defertur
640 5588 740 5625 ms.
761 5569 1009 5627 differtur

1813 5503 1883 5536 ἐι
1905 5502 2036 5557 Cum
2057 5498 2236 5556 eodem
2258 5518 2359 5556 ms.
2394 5501 2587 5557 collata

1111 5573 1180 5604 ’⁸⁷
1220 5573 1354 5627 Volo
1380 5587 1597 5642 possum
1647 5590 1747 5627 ms.
1772 5587 1872 5642 pro
1897 5581 2021 5627 voto
2052 5587 2269 5642 possum

2698 5502 2768 5576 ’ξδ’
2793 5503 3095 5562 Profectam
3123 5523 3201 5560 ms
3255 5505 3563 5576 perlectam

2384 5572 2455 5608 ³⁸⁸
2484 5572 2616 5642 (Iunt
2646 5574 2824 5628 eodem
2856 5592 2953 5629 ms.
2997 5575 3191 5630 collata
3255 5572 3266 5576 ’
3304 5575 3372 5610 ²⁶⁹
3401 5576 3562 5642 Quas~

266 5640 577 5716 pnetnisisti
619 5641 888 5711 primitias
914 5650 1118 5716 tractus
1146 5638 1434 5716 _nts._qnos
1456 5638 2288 5716 prmmisisti'primitias'fructus
2360 5642 2435 5674 "'
2470 5638 2603 5703 Cum
2631 5645 2811 5706 eadem
2842 5662 2940 5700 ms.
2972 5644 3166 5700 collata
3262 5645 3331 5679 ’νδ
3361 5638 3541 5703 06w-

265 5708 663 5783 pationemnts.
692 5712 1073 5795 occupationes
1144 5713 1215 5745 ’θ’
1250 5708 1394 5769 Géro
1424 5708 1520 5767 nis.
1564 5720 1697 5797 pcto
