4056 6302
524 374 659 429 ιιδθ
698 429 704 436 _
793 447 802 457 .

1077 379 1134 434 S.
1173 380 1474 436 ANSELMI
1514 383 1862 445 CANTUAR.
1893 351 2216 444 ARCHIEP.
2257 386 2412 444 OPP.
2449 389 2630 449 PARS
2664 393 2824 448 lll.—
2853 393 3230 454 EPISTOLE.
3261 369 3272 378 .
3665 399 3797 459 HK)

516 476 784 550 tuitionem
823 506 1061 551 vestram
1096 495 1352 564 suscipio,
1397 507 1453 552 et
1491 501 1768 556 humiliter
1799 506 2108 574 responsio-
2136 512 2178 567 Α
2213 505 2393 559 divina
2427 504 2728 577 Scriptura,
2763 509 2830 564 de
2861 509 3209 565 tribulatione
3236 513 3487 566 nascitur
3508 509 3796 582 patientia,

519 599 641 638 nem
685 593 924 638 nostram
961 597 1212 652 suggero.
1246 587 1322 642 De
1367 589 1472 644 illis
1491 593 1727 660 quidem,
1755 609 1873 662 quae
1921 597 1972 649 in
2013 597 2104 651 illo

515 673 776 740 0pusculo
803 674 944 727 dicta
968 684 1113 737 sunt,
1143 690 1263 744 qua:
1293 679 1494 735 salubri
1523 683 1858 752 sapientique
1881 687 2104 740 consilio

514 765 675 835 337
691 765 921 820 monetis
947 765 997 818 in
1022 776 1222 822 statera
1243 774 1440 827 mentis
1453 773 1702 827 solet-lius
1717 776 2062 844 appendenda
2083 793 2098 840 ;

513 865 568 909 et
583 871 704 908 cum
727 857 956 912 eruditis
987 858 1038 911 in
1067 860 1523 917 saeriscodicibus
1545 864 1904 929 cmulerenda;
1935 877 1988 920 et
2011 865 2098 921 ubi

516 947 660 1002 ratio
681 948 884 1011 deﬁcit,
917 950 1115 1005 divinis
1165 954 1576 1008 auctoritatibus
1613 957 1964 1025 accingenda,
1999 959 2100 1013 hoc

511 1050 567 1092 et
589 1048 707 1109 post
731 1051 1012 1108 paternam
1043 1043 1437 1113 amabilemque
1489 1056 1723 1101 vestram
1777 1049 2100 1104 admonitio--

512 1145 662 1195 nem,
692 1141 745 1185 et
791 1143 916 1186 ante
953 1132 1076 1198 feci,
1145 1145 1403 1200 quantum
1454 1138 1624 1206 potui.
1664 1139 1797 1192 Nam
1835 1141 1950 1194 [nec
1977 1156 2095 1195 mea

510 1222 613 1275 fuit
644 1231 872 1278 intentio
909 1242 1005 1294 per
1036 1236 1203 1281 totam
1233 1229 1377 1282 illam
1402 1231 1830 1300 qualemcunque
1854 1233 2096 1302 disputa-

508 1311 738 1378 tionem,
760 1323 819 1368 ut
841 1314 1068 1370 omnino-
1089 1315 1226 1369 nihil:
1254 1316 1324 1372 ibi
1350 1332 1652 1374 assererem
1694 1321 1766 1352 ’⁸³
1785 1361 1799 1385 ,
1827 1321 1930 1375 nisi
1954 1323 2095 1391 quod

508 1419 602 1464 aut
625 1412 925 1480 canonicis,
954 1423 1046 1468 aut
1076 1415 1216 1470 beati
1247 1416 1531 1488 Augustini
1569 1419 1728 1474 dictis
1773 1423 2093 1476 incunctan-

510 1511 592 1556 ter
610 1517 771 1571 pos.se
798 1503 1010 1559 defendi
1045 1507 1286 1562 viderem
1317 1525 1330 1560 :
1361 1517 1416 1564 et
1476 1526 1619 1565 nunc
1666 1512 2096 1583 quotiescunque

505 1606 568 1644 ea
598 1607 718 1661 qua:
752 1594 862 1648 dixi
893 1605 1148 1661 retracto,
1183 1597 1316 1652 nihil
1348 1599 1493 1654 aliud
1535 1616 1621 1655 me
1645 1604 1940 1659 asseruisse
1966 1621 2092 1675 per-

505 1685 684 1754 cipere
705 1700 950 1754 possum.
991 1689 1203 1744 Etenim
1253 1706 1315 1746 ea
1363 1708 1482 1762 qua:
1510 1709 1575 1749 ex
1598 1693 1787 1749 eodem
1834 1697 2093 1765 opusculo

503 1776 700 1831 vestris
741 1776 936 1834 litteris
965 1781 1287 1848 inseruistis,
1317 1793 1372 1840 et
1403 1788 1646 1856 quaedam
1691 1787 1792 1841 alia
1822 1804 1941 1857 quze
1983 1806 2090 1846 non

502 1867 835 1935 inseruistis,
874 1872 1016 1926 nulla
1051 1875 1182 1929 mihi
1211 1878 1557 1935 ratiocinatio
1605 1896 1748 1945 mea,
1797 1895 2091 1951 quantum-
2124 1857 2166 1911 Β

502 1959 635 2015 libet
683 1964 956 2020 vileretur
997 1970 1326 2035 necessaria,
1381 1976 1736 2040 persuasisset
1777 1987 1836 2030 ut
1885 1979 2091 2047 primus

502 2051 682 2105 dicere
710 2069 1118 2123 praesumerem.
1153 2059 1226 2112 Ea
1284 2063 1427 2115 enim
1460 2064 1572 2133 ipsa
1621 2067 1698 2122 sic
1751 2068 1941 2124 beatus
1983 2070 2091 2124 Au-

499 2143 748 2208 gustinus
768 2145 821 2198 in
853 2145 991 2200 libro
1030 2149 1107 2201 De
1135 2149 1392 2206 Trinitate
1439 2155 1552 2209 suis
1601 2159 1809 2228 magnis
1851 2159 2092 2229 disputa-

502 2231 737 2288 tionibus
759 2236 974 2304 probat,
1007 2249 1065 2291 ut
1088 2240 1279 2295 eadem
1325 2245 1478 2312 quasi
1505 2262 1620 2301 mea
1648 2249 1882 2305 breviori
1907 2251 1977 2283 ’⁸⁵
2007 2268 2091 2307 ra-

503 2321 856 2380 tioeinatione
883 2327 1165 2386 inveniens
1189 2373 1203 2396 ,
1229 2333 1348 2402 ejus
1373 2336 1611 2394 conﬁsus
1663 2342 1986 2397 auctoritate
2012 2344 2092 2398 di-

503 2426 708 2469 cerem.
738 2414 891 2482 Quod
921 2418 1061 2486 dico,
1088 2438 1194 2478 non
1221 2424 1423 2494 aliquid
1447 2443 1632 2482 eorum
1665 2446 1784 2500 qua:
1810 2433 1918 2487 dixi
1949 2435 2089 2504 apud

495 2525 598 2567 vos
632 2513 1004 2584 defendendo;
1029 2521 1124 2575 sed
1151 2537 1214 2576 ea
1247 2539 1454 2579 menon
1489 2540 1518 2578 a
1548 2543 1634 2584 me
1661 2530 2088 2600 pnesumpsisse,

499 2603 593 2656 sed
621 2603 689 2658 ab
743 2604 855 2661 alio
901 2611 1263 2680 assumpsisse
1293 2617 1650 2672 ostendendo.
1683 2618 2093 2684 Quomodoeun-

497 2709 604 2763 que
639 2696 784 2751 enim
815 2713 934 2754 sese
956 2700 1216 2769 habeant,
1248 2705 1516 2775 scriptura
1551 2709 1662 2777 ipsa
1708 2710 1791 2764 vel
1838 2712 2091 2768 servandi

499 2787 584 2842 vel
613 2787 832 2845 delendi
857 2791 925 2847 de
949 2802 1127 2848 vestra
1161 2801 1487 2854 auctoritate
1540 2798 1845 2868 jnssianem
1900 2818 2088 2872 exspe-

497 2885 629 2932 ctat.
663 2878 919 2946 Quaedam
948 2891 1149 2949 tamen,
1177 2902 1296 2955 quae
1321 2887 1393 2942 ibi
1436 2889 1568 2954 dixi,
1598 2891 1792 2947 melius
1816 2892 1975 2948 aliter
1998 2909 2091 2963 po-

505 2970 674 3024 tuisse
705 2971 836 3035 dici,
860 2981 916 3028 et
944 2988 973 3027 a
1004 2990 1092 3030 me
1119 2976 1198 3031 sic
1226 2993 1348 3033 esse
1382 2980 1523 3035 dicta
1557 2997 1663 3036 non
1715 2984 1852 3038 bene
1876 2994 1932 3037 ut
1960 2984 2094 3039 faci-

496 3056 605 3112 lius
632 3060 842 3127 possint
889 3061 1116 3134 intelligi
1153 3066 1294 3120 male
1330 3082 1492 3136 quam
1537 3071 1694 3132 bene,
1731 3082 1784 3125 et
1813 3073 1891 3126 sic
1913 3073 2089 3129 dillide

495 3144 564 3201 de
603 3161 724 3201 mea
752 3148 1064 3238 insipientia
1111 3160 1169 3206 ut
1196 3169 1300 3208 non
1333 3171 1553 3227 negem;
1599 3168 1654 3212 et
1674 3158 1754 3215 sic
1788 3162 2001 3216 confido
2025 3163 2090 3217 de

2209 613 2328 666 qtne
2373 615 2502 668 opus
2545 601 2828 667 perfectum
2862 602 3010 656 liabet
3036 601 3184 670 (Jac.
3238 619 3277 666 ι,
3323 599 3418 673 1);
3449 615 3504 657 ct
3535 606 3799 674 probatio,

2206 705 2326 758 qua:
2345 703 2600 760 operatur
2624 709 2786 762 spem,
2821 711 2938 763 qua:
2976 711 3079 748 non
3101 697 3374 766 confundit
3405 697 3585 766 (Rom.
3611 715 3667 761 v,
3698 699 3754 769 4)
3781 719 3796 755 :

2205 781 2390 852 utique
2422 799 2526 838 non
2559 783 2800 854 intelligo
2847 801 2951 840 non
2984 796 3192 841 tantum
3238 803 3357 842 esse
3401 789 3794 846 condolendnm

2205 883 2403 927 vestrae
2450 877 2726 930 sanctitati
2759 877 2810 931 in
2843 878 3210 944 tribulatione,
3266 888 3488 950 propter
3552 881 3794 937 laborem

2201 979 2363 1032 quem
2397 980 2463 1020 ex
2491 967 2576 1021 illa
2621 970 2915 1039 suscipitis,
2971 982 3236 1041 quantum
3302 977 3795 1044 congratulandum

2202 1067 2422 1124 propter
2441 1060 2828 1128 perfectionem
2855 1074 2910 1118 et
2930 1072 3103 1134 spem,
3135 1065 3204 1120 ad
3226 1083 3470 1136 quasper
3493 1069 3641 1122 illam
3671 1085 3800 1138 pro.

2201 1145 2383 1211 licitis.
2417 1149 2598 1204 Gloria
2627 1151 2788 1219 igitur
2842 1155 2894 1207 in
2949 1156 3179 1210 excelsis
3205 1157 3335 1218 Deo,
3362 1160 3447 1212 cui
3478 1160 3590 1214 vita
3613 1170 3796 1216 vestra

2199 1239 2278 1293 sic
2307 1240 2524 1310 placuit,
2559 1251 2618 1296 ut
2645 1259 2763 1298 eam
2787 1246 2853 1298 ad
2869 1248 3176 1317 exemplum
3205 1249 3505 1316 exaltaret;
3537 1251 3795 1306 etGloria

2200 1329 2253 1382 in
2285 1331 2515 1385 excelsis
2538 1331 2668 1398 Deo,
2688 1336 2776 1402 qui
2803 1335 2884 1389 sic
2907 1351 3004 1390 vos
3037 1337 3247 1402 dilexit,
3295 1338 3354 1393 ut
3400 1356 3497 1395 vos
3554 1341 3611 1396 in
3672 1343 3798 1410 igne

2200 1421 2568 1477 tribulationis
2633 1425 2957 1494 collocaret;
3037 1439 3309 1498 quatenus
3372 1446 3537 1499 opera
3611 1445 3795 1488 vestra

2197 1525 2369 1580 usque
2396 1513 2462 1566 ad
2495 1514 2906 1582 perfectionem,
2937 1527 2992 1573 et
3026 1533 3176 1588 spem
3233 1529 3474 1575 vestram
3527 1523 3796 1592 usquead

2195 1600 2434 1656 debitum
2462 1605 2627 1658 robur
2646 1616 3001 1676 excoqueret.
3019 1607 3152 1662 Nam
3180 1609 3224 1664 si
3253 1611 3593 1681 diligentibus
3626 1611 3796 1666 Deum

2197 1691 2371 1744 omnia
2401 1704 2748 1762 cooperantur
2774 1698 2830 1750 in
2857 1697 3046 1752 bonum
3071 1698 3249 1770 (Rom.
3275 1716 3391 1765 vm,
3423 1701 3536 1772 28),
3569 1717 3670 1756 cur
3708 1702 3796 1755 di-

2198 1779 2424 1849 ligentes
2483 1799 2605 1838 eum
2655 1799 2762 1840 non
2808 1787 2861 1841 in
2892 1788 3145 1843 omnibus
3190 1789 3539 1846 exsultantes
3583 1794 3793 1862 gratias

2194 1887 2359 1946 agant
2373 1891 2471 1946 pro
2493 1877 2672 1932 Itonos?
2700 1878 2792 1934 Sic
2819 1888 2995 1934 tamen
3013 1881 3115 1936 hoc
3142 1895 3304 1952 agere
3330 1882 3560 1951 debent,
3575 1896 3640 1938 ut
3657 1900 3799 1955 quo-

2195 1972 2339 2025 niam
2367 1971 2439 2003 ²⁹⁶
2463 1972 2640 2027 nescit
2663 1971 2826 2026 homo
2854 1981 3038 2025 utrm
3051 1989 3230 2028 amore
3268 1975 3456 2044 dignus
3478 1976 3546 2028 sit
3576 1993 3649 2030 an
3669 1978 3793 2030 odia

2195 2061 2392 2126 (Eccle.
2441 2077 2519 2126 ιι,
2555 2063 2631 2129 l),
2662 2064 2908 2117 serviant
2934 2063 3164 2118 Domino
3194 2063 3246 2117 in
3281 2065 3496 2130 timore,
3522 2076 3577 2119 et
3608 2065 3795 2119 exsul—

2195 2162 2309 2207 tent
2335 2153 2383 2208 ei
2409 2153 2462 2207 in
2495 2163 2751 2209 tremore.
2788 2153 2900 2208 Hoc
2923 2165 3101 2209 tamen
3139 2155 3317 2210 omnis
3347 2171 3538 2210 servus
3564 2155 3658 2210 Dei
3689 2155 3792 2209 ob-

2193 2260 2414 2300 servare
2435 2246 2617 2310 debet,
2651 2261 2719 2300 ne
2745 2246 3147 2303 tribulationem
3166 2247 3477 2318 patetquod
3509 2247 3793 2302 tribulatio

2194 2350 2298 2389 non
2323 2344 2428 2390 est.
2457 2334 2536 2392 Ne
2560 2352 2680 2391 cum
2713 2337 2766 2391 id
2793 2337 2937 2406 quod
2960 2352 3061 2391 nec
3099 2337 3302 2392 sentire
3345 2339 3526 2403 debet,
3559 2337 3791 2392 tribula-

2196 2426 2396 2482 tionem
2428 2427 2672 2495 deputat,
2707 2427 2779 2481 ibi
2805 2426 3130 2497 judicandus
3155 2428 3225 2482 sit
3263 2441 3329 2482 eo
3366 2427 3483 2497 ipso
3511 2427 3662 2496 quod
3689 2427 3790 2481 do-

2194 2516 2270 2571 let
2296 2517 2438 2587 quod
2463 2517 2648 2572 dolere
2672 2533 2777 2572 non
2804 2518 2986 2583 debet,
3019 2533 3088 2572 ex
3139 2517 3476 2574 infirmitatis
3515 2519 3789 2574 tenerita-

2195 2606 2323 2660 dine
2351 2607 2419 2637 ’θ’
2449 2606 2802 2661 succubuisse
2827 2607 2951 2672 ;ubi
2985 2621 3043 2661 se
3059 2615 3213 2676 putat
3237 2622 3334 2676 per
3356 2607 3633 2677 patientia:
3669 2607 3789 2661 for-

2171 2687 2484 2752 titudinem
2534 2698 2894 2767 superavisse.
2925 2695 3018 2752 Sic
3041 2689 3185 2752 c'nim
3231 2699 3553 2754 aestimando
3579 2713 3639 2754 se
3666 2713 3793 2754 esse

2196 2787 2422 2859 aliquid,
2451 2805 2573 2845 cum
2591 2790 2722 2844 nihil
2753 2791 2840 2852 sit,
2873 2791 2988 2860 ipse
3017 2806 3077 2846 se
3123 2791 3352 2846 seducit.
3382 2790 3585 2847 Hortor
3605 2791 3797 2862 itaque

2195 2881 2541 2935 sanctitatem
2571 2890 2830 2946 vestram,
2857 2890 2917 2936 ut
2962 2881 3110 2936 nullo
3163 2882 3324 2936 modo
3381 2881 3792 2937 tribulationem

2195 2972 2416 3039 putetis,
2441 2972 2582 3045 quod
2611 2987 2713 3027 nec
2737 2987 2933 3042 corpus
2980 2989 3081 3028 nec
3129 2975 3365 3040 animam
3410 2974 3573 3028 laedit.
3605 2972 3718 3029 Nec
3745 2975 3794 3028 si

2195 3061 2498 3116 adversitas
2517 3077 2705 3117 earum
2731 3077 2912 3117 rerum
2937 3079 3072 3132 quas
3093 3079 3281 3118 servus
3303 3063 3398 3119 Dei
3423 3073 3790 3123 contemnere

2195 3151 2373 3214 debet,
2407 3167 2501 3206 vos
2549 3153 2856 3218 contristat,
2887 3155 3129 3222 probetis
3155 3170 3250 3209 vos
3279 3153 3398 3224 plus
3419 3171 3583 3225 quam
3623 3173 3792 3226 opor-

493 3246 675 3292 vestra
730 3223 996 3310 sapientia
1032 3252 1088 3296 ut
1120 3258 1183 3298 ea
1210 3260 1370 3314 posse
1406 3221 1612 3320 Eat-ﬁgi
1655 3266 1890 3320 sperem,
1948 3253 2090 3320 Qua.
2118 3221 2162 3282 C
2198 3250 2274 3294 tet
2296 3241 2610 3296 transitoria
2642 3242 2932 3314 diligendo,
2966 3243 3146 3298 minus
3189 3258 3349 3312 quam
3391 3243 3550 3298 decet
3580 3254 3785 3298 interna

495 3337 719 3398 pr0pter
751 3331 896 3400 quod
944 3333 1009 3388 de
1038 3335 1227 3391 eodem
1270 3339 1532 3412 opusculo
1587 3341 1866 3399 vobiscum
1905 3345 2090 3400 confe-

497 3421 668 3475 rendo
692 3421 893 3490 dicitis,
930 3427 1136 3483 utinam
1190 3431 1487 3485 secundum
1518 3429 1808 3503 benignam
1838 3434 2086 3490 volunta-

494 3519 601 3564 tem
643 3514 737 3567 Dei
766 3513 940 3582 lierct,
967 3526 1027 3571 ut
1050 3527 1104 3574 ct
1133 3519 1199 3573 de
1241 3519 1331 3574 illo
1355 3529 1409 3574 et
1433 3522 1500 3576 de
1536 3523 1946 3595 quibuscur.que
1971 3525 2084 3580 vel-

493 3597 598 3655 lem
627 3599 832 3657 liceret.
1729 3629 1733 3634 ε

959 3695 1288 3753 EPISTOLA
1331 3700 1488 3754 LXIX
1532 3703 1621 3756 ’9’.

1062 3805 1130 3842 AD
1177 3804 1513 3847 GONDULFUM.

825 3897 900 3934 ue
922 3881 1190 3950 pontiﬁcio
1215 3884 1409 3937 honore
1437 3888 1756 3954 gratulatur.

566 3967 706 4024 Olim
760 3970 1112 4026 dilectissimo
1165 3972 1341 4039 fratri,
1394 3992 1537 4031 nunc
1566 3978 1878 4034 dulcissimo
1914 3981 2080 4044 Patri,

489 4058 620 4114 olim
653 4069 705 4114 et
739 4077 880 4115 nunc
905 4065 1201 4118 reverendo
1245 4064 1463 4122 domino
1505 4071 1796 4126 venerabili
1827 4072 2081 4142 episcopo

487 4152 777 4209 Gonnum-0
804 4152 972 4209 frater
995 4155 1280 4215 ANSELMUS
1310 4177 1525 4232 semper
1575 4179 1724 4228 suus,
1755 4163 1831 4218 sic
1862 4164 2082 4234 explere

488 4245 798 4315 episc0pale
823 4245 1082 4315 cilicium,
1117 4259 1172 4304 ut
1203 4261 1464 4308 attentum
1501 4263 1866 4324 consequatur
1917 4254 2081 4314 bene».

492 4333 698 4389 licium.

559 4427 864 4496 Antequam
920 4431 1049 4486 mihi
1073 4431 1259 4489 liceret
1314 4436 1639 4494 dulcissinnc
1691 4439 1964 4494 sanctitati
1989 4454 2078 4493 ve-

487 4525 615 4570 stra:
659 4516 867 4571 litteras
924 4523 1301 4579 exsultationis
1369 4543 1466 4595 pro
1516 4538 1694 4584 vestra
1749 4529 2076 4584 exaltatiorze

2195 3330 2438 3402 diligere.
2477 3331 2680 3402 Aperte
2708 3332 2852 3387 enim
2902 3333 3274 3401 unusquisque
3331 3333 3496 3387 homo
3544 3334 3784 3387 ostendit

2191 3435 2251 3475 se
2278 3437 2339 3476 ea
2369 3422 2616 3493 diligere,
2673 3436 2899 3491 quorum
2951 3424 3225 3477 laesionem
3275 3422 3383 3492 pati
3445 3437 3552 3477 non
3608 3432 3786 3492 potest

2189 3511 2310 3565 sine
2341 3511 2578 3567 tristitia.
2613 3510 2783 3566 Nemo
2822 3513 2968 3566 enim
3012 3511 3311 3566 molestiam
3343 3512 3456 3581 pati
3480 3513 3776 3574 existimat,

2190 3602 2295 3656 nisi
2319 3617 2442 3657 cum
2489 3599 2687 3657 in‘his
2732 3617 2853 3671 quae
2895 3603 3072 3673 diligit
3128 3602 3512 3657 adversitatem
3564 3602 3776 3656 tolerat.

2191 3693 2456 3747 Dilectum
2479 3692 2700 3748 fratrem
2725 3703 2970 3748 nostrum
2993 3693 3324 3748 Richardum
3349 3708 3414 3749 ea
3448 3709 3554 3762 qua
3586 3709 3776 3763 possu-

2189 3799 2310 3839 mus
2336 3784 2661 3839 charitativa
2685 3784 3048 3840 sollicitudine
3073 3795 3266 3840 vestrae
3285 3786 3600 3854 paternitati
3631 3799 3776 3839 cont-

2190 3877 2413 3941 mendo;
2447 3884 2713 3945 quatenus
2743 3890 2849 3930 non
2875 3875 2949 3929 illi
2979 3874 3157 3940 obsit,
3185 3877 3326 3943 quod
3358 3892 3386 3928 a
3421 3883 3606 3928 nostra
3647 3888 3772 3926 cou-

2187 3968 2496 4022 versatinne
2553 3967 2887 4038 sejungitur;
2947 3969 3038 4022 sed
3070 3968 3241 4039 magis
3268 3968 3346 4024 illi
3375 3969 3580 4038 prosit,
3631 3967 3772 4038 quod

2187 4069 2381 4114 vestra:
2415 4058 2770 4113 fami!iaritati
2800 4059 3164 4130 coniungitur.

2718 4149 3049 4206 EPISTULA
3073 4151 3232 4206 LXX.

2766 4259 2832 4296 ΑΙ)
2864 4256 3188 4298 IlAUlll'l'llfll.

2183 4358 2483 4414 Connnonet
2517 4369 2572 4413 ut
2603 4361 2890 4415 absentiam
2922 4362 3006 4414 sui
3034 4363 3287 4427 patienter
3307 4363 3510 4427 toleret,
3536 4360 3763 4430 quandi:

2563 4430 2704 4485 Deus
2735 4433 2799 4484 de
2834 4432 2937 4484 illis
2967 4433 3041 4485 sic
3067 4432 3402 4500 disposuerit.

2253 4522 2498 4589 Domino,
2534 4524 2656 4578 fatri
2688 4525 3030 4589 charissima,
3074 4526 3271 4578 (ἰοιιιιιο
3297 4524 3570 4579 MACRINO
3601 4522 3761 4576 frater

486 4611 724 4676 tu'tlcre,
755 4613 933 4667 audivi
990 4616 1130 4684 quod
1178 4631 1278 4668 non
1304 4617 1369 4669 ad
1414 4618 1679 4688 regimen,
1712 4621 1804 4673 sed
1827 4622 1891 4674 ad
1924 4619 2074 4676 labo-

2192 4611 2479 4676 Assecst,
2508 4615 2616 4669 Deo
2637 4616 2851 4684 placere
2881 4626 2934 4671 ct
2955 4615 3282 4670 hominibus.

486 4715 630 4764 rrm;
662 4716 767 4756 non
818 4703 884 4757 ad
930 4703 1346 4774 jucunditatum,
1397 4707 1490 4758 sed
1553 4707 1617 4760 ad
1672 4708 2072 4764 tribulationem

488 4791 638 4847 rohis
661 4805 987 4867 provenerat
1016 4794 1339 4865 pontificalis
1385 4796 1595 4851 electio.
1644 4799 1717 4852 Ex
1762 4816 1866 4855 una
1912 4802 2074 4872 igitur

485 4895 638 4950 parte
669 4887 790 4942 volo
824 4897 1018 4943 vestra}.
1068 4889 1374 4958 pateruitati
1415 4891 1787 4960 congaudere,
1832 4895 1970 4948 sicut
1996 4893 2070 4948 illi

484 4974 639 5042 cujus
661 4979 990 5046 przeteritam
1047 4979 1211 5032 vitam
1269 4978 1446 5032 divina
1495 4980 1668 5048 gratia
1709 4982 1808 5035 sibi
1859 4982 2083 5060 placere:

483 5066 740 5132 t'seadit,
779 5067 832 5121 in
864 5067 967 5123 hoc
1009 5069 1150 5138 quod
1183 5084 1278 5124 vos
1317 5069 1456 5123 inter
1504 5069 1773 5140 principes
1824 5063 2083 5128 Ecclesia!

472 5164 595 5212 suae
637 5173 1034 5215 connumerare
1087 5161 1358 5230 dignatur.
1411 5162 1490 5216 Ex
1538 5161 1706 5217 altera
1752 5179 1880 5218 vero
1920 5175 2072 5234 parte

484 5264 649 5318 cogor
686 5260 882 5305 vestrae
929 5248 1262 5307 fraternitati
1292 5251 1604 5316 condolere,
1657 5241 1821 5309 veluti
1873 5253 1945 5308 illi
1979 5256 2070 5325 qui

484 5355 549 5393 eo
575 5341 690 5408 ipso
715 5355 822 5410 quo
847 5343 1019 5412 magis
1048 5342 1321 5398 exaltatus
1355 5353 1459 5408 est,
1489 5344 1677 5413 majori
1726 5345 2071 5402 tribulatione

485 5441 761 5498 gravatur.
790 5431 896 5487 Sed
937 5434 1066 5490 item
1115 5451 1240 5494 cum
1297 5438 1580 5492 considero
1610 5439 1864 5507 quoniam
1894 5480 1908 5504 ,
1934 5447 2070 5494 teste

2255 4703 2405 4758 Licet
2427 4720 2533 4774 quo
2561 4714 2609 4759 te
2644 4706 2810 4777 magis
2834 4705 3020 4773 diligo,
3056 4721 3120 4760 eo
3154 4717 3205 4760 te
3231 4704 3402 4775 magis
3432 4719 3638 4759 mecum
3667 4716 3757 4756 ve-

2181 4793 2273 4847 lim
2309 4795 2543 4859 habere;
2587 4796 2706 4866 plus
2736 4807 2914 4850 tamen
2973 4797 3095 4851 inde
3129 4797 3325 4869 diligo,
3379 4798 3522 4851 unde
3568 4805 3617 4848 te
3655 4809 3756 4847 non

2179 4901 2401 4955 possum
2457 4887 2676 4940 habere.
2725 4886 2993 4952 Quoniam
3058 4888 3201 4940 enim
3265 4897 3315 4940 te
3349 4903 3454 4940 non
3490 4896 3596 4938 tam
3633 4882 3762 4937 mihi

2181 4994 2343 5048 quam
2390 4978 2496 5032 Deo
2532 4989 2586 5033 et
2613 4979 2702 5033 tibi
2734 4979 2928 5049 diligo;
2957 4980 3076 5047 plus
3106 4988 3157 5033 te
3208 4979 3395 5048 diligo,
3436 4979 3561 5046 quia
3603 4976 3760 5031 talem

2182 5080 2234 5125 te
2266 5069 2510 5138 exhibes,
2543 5081 2602 5123 ut
2640 5071 2732 5140 qui
2767 5079 2816 5125 te
2845 5071 3046 5125 habent
3076 5069 3478 5134 diliieileyelint
3505 5069 3760 5123 dilectum

2180 5161 2486 5226 remittere;
2522 5177 2683 5230 quam
2735 5163 2778 5216 si
2835 5160 2994 5221 facile
3023 5160 3221 5216 vellent
3248 5160 3552 5230 neglectum
3581 5158 3764 5212 dimit—

2181 5261 2313 5306 tere.
2342 5250 2542 5306 Precor
2573 5252 2756 5322 itaque
2795 5262 2846 5308 te
2873 5263 2930 5306 ut
2958 5252 3202 5316 fratrem,
3248 5263 3304 5307 et
3348 5267 3545 5306 moueo
3595 5260 3652 5304 ut
3693 5247 3768 5300 li—

2179 5344 2309 5398 lium
2354 5339 2740 5398 charissimum
2771 5359 2832 5398 ea
2861 5359 2989 5398 cura
3023 5353 3078 5398 et
3109 5343 3416 5412 diligentia,
3456 5356 3615 5412 quam
3670 5353 3768 5392 me

2180 5448 2396 5505 semper
2452 5449 2582 5504 erga
2627 5445 2679 5491 te
2727 5434 2982 5491 habuisse
3030 5435 3167 5490 bene
3187 5434 3318 5488 mihi
3368 5449 3428 5490 es
3471 5431 3708 5488 conscius
3738 5446 3764 5493 ;

725 5631 728 5633 .
1795 5573 2026 5628 νΑῐῖῐίΕ
2065 5571 2464 5628 LECTlONES.
2532 5625 2533 5628 η

561 5676 631 5705 ’9³
690 5677 1006 5732 Asseverem
1052 5694 1150 5731 ms.
1184 5692 1486 5732 assererem
1563 5681 1629 5712 ’⁸⁸
1664 5682 1916 5736 Breviora
1948 5698 2045 5734 ms.
2079 5683 2312 5740 breviori
2393 5682 2466 5717 ²⁹⁸
2494 5682 2624 5738 Cum
2665 5684 2842 5738 eodem
2888 5696 2988 5735 ms.
3028 5680 3218 5733 collata
3295 5678 3362 5711 ⁸³⁸
3395 5678 3459 5733 Et
3504 5676 3772 5747 quoniam

491 5759 588 5798 ius.
618 5758 676 5799 ut
705 5747 961 5816 quoniam
1037 5747 1103 5778 ’⁸⁷
1145 5747 1551 5805 Temeritudinc
1575 5766 1673 5805 ms.
1711 5752 2072 5808 teneritudine
