4056 6302
243 288 361 397 ιιιί

1511 329 1638 385 ue.
1664 329 1704 397 ι,
1749 326 1988 402 ιιιιιδτη
2009 329 2219 391 LXXII.

3348 302 3509 381 ms

242 458 500 524 quatenus
523 445 694 518 magis
721 459 785 502 ac
814 445 985 517 magis
1017 447 1085 503 ad
1121 459 1300 502 mares
1336 444 1508 501 bones
1533 446 1808 514 prolicias,
1838 448 1886 504 Α
1911 448 2068 517 gandi
2100 461 2370 503 nummos.
2405 446 2531 503 llmc
2549 446 2712 518 igitur
2735 453 2921 503 vestra
2936 443 3218 515 prudentia
3262 442 3509 501 sollicite

241 547 293 597 et
329 537 729 609 separationem
773 544 1035 600 nostram,
1087 536 1325 607 quandiu
1369 534 1579 606 jubebit
1627 544 1810 591 noster
1907 547 2119 594 caveat.
2148 538 2226 594 Ita
2271 539 2539 595 exteriora
2565 538 2719 594 vobis
2765 537 3052 593 commissa
3091 535 3378 605 disponite,
3433 543 3495 591 ut

241 626 487 684 dominus
517 634 573 681 et
620 623 781 682 Pater
813 624 1141 681 venerabilis
1191 623 1633 695 archiepiscopus
1678 621 1813 677 Lan-

1911 630 2170 688 interiora
2207 641 2386 688 vestra
2444 633 2695 688 mandata
2732 632 2825 687 Dei
2857 632 3167 702 diSponant,
3196 637 3250 684 et
3280 643 3498 699 semper

240 714 475 782 francus,
501 728 712 770 meeum
737 714 1029 784 patienter,
1046 704 1107 769 ui
1133 713 1373 769 divinam
1387 711 1814 783 dispositionem,

1952 737 2066 779 iens
2096 732 2277 779 vestra
2303 724 2448 779 dicat
2471 723 2583 779 Deo
2611 739 2626 777 ε
2668 722 2743 777 De
2765 722 2909 778 cultu
2931 732 3020 775 tuo
3040 721 3305 791 judicium
3325 735 3494 774 meum

243 806 433 862 toleres
458 845 475 873 ,
508 819 607 862 nec
636 805 690 861 in
713 805 894 875 aliquo
929 804 1004 871 id,
1035 804 1181 860 unde
1213 813 1265 860 te
1291 803 1464 874 magis
1491 802 1674 871 diligo,
1721 816 1819 872 per

1952 817 2131 870 redeat
2162 811 2334 887 (Psal.
2368 832 2484 881 xvt,
2508 815 2584 887 l).
2614 813 2710 871 Sic
2748 829 2849 871 vos
2891 812 3165 869 defendite
3221 827 3320 881 per
3364 827 3497 882 pru-

243 896 627 967 impatieatiam
681 895 918 950 minuas.
958 894 1219 963 Quamvis
1248 903 1253 907 '
1281 908 1517 963 namque
1570 900 1623 967 te
1664 892 1821 948 valde

240 989 455 1059 diligam
481 996 538 1044 et
571 974 879 1043 desiderem
902 1026 919 1053 ,
948 995 1010 1041 ut
1039 986 1171 1041 mihi
1204 1000 1416 1041 mecum
1449 970 1821 1039 Conversando

238 1078 540 1145 cohaerens,
572 1076 694 1149 plus
717 1085 897 1133 tamen
928 1085 1056 1148 opto
1102 1085 1163 1131 ut
1211 1076 1369 1131 bonis
1393 1073 1634 1130 moribus
1656 1073 1823 1128 indis-
1862 1142 1865 1143 ν

243 1168 538 1224 solubiliter
563 1168 852 1224 inhmreas.
883 1167 1018 1223 Tota
1049 1166 1214 1239 igitur
1237 1180 1366 1222 cura
1391 1174 1480 1221 tua
1499 1165 1606 1232 sitf,
1629 1171 1689 1218 ut
1707 1162 1823 1218 ubi-

242 1276 454 1331 cunque
479 1260 554 1316 sis
583 1261 662 1316 sic
689 1260 865 1327 vivas,
912 1267 973 1313 ut
997 1259 1198 1315 bonum
1228 1256 1503 1313 hominem
1532 1263 1589 1311 et
1610 1268 1825 1310 servum

242 1352 332 1408 Dei
354 1352 512 1408 decet
539 1369 555 1406 :
584 1359 637 1406 et
661 1360 846 1408 certus
870 1361 988 1408 esto
1015 1348 1144 1422 quia
1191 1350 1337 1406 Deus
1388 1349 1484 1405 tibi
1526 1347 1828 1420 providebit
1879 1353 1882 1357 '

240 1443 383 1513 quod
414 1442 510 1499 tibi
542 1443 816 1513 expediet.
1428 1522 1431 1523 ν

306 1538 312 1547 ’
424 1542 429 1547 ⁴
583 1538 587 1543 ⁷
700 1532 1031 1591 EPISTOLA
1070 1532 1235 1613 LXXI
1266 1534 1358 1590 ¹⁹⁸.

870 1640 938 1680 ΔΙ)
966 1639 1203 1683 PAULUI.

239 1734 481 1791 Laetatur
500 1736 564 1806 de
591 1737 705 1806 ejus
735 1735 1060 1805 provectione
1100 1735 1170 1789 ad
1198 1734 1473 1806 Aabbatiatn
1506 1731 1573 1787 Β.
1591 1730 1793 1806 Albani
1810 1746 1832 1797 ;

345 1818 391 1859 et
419 1801 644 1876 qualiter
679 1801 744 1860 in'
773 1822 835 1861 ea
862 1822 917 1861 se
959 1821 1136 1876 gerere
1171 1804 1352 1860 debeat
1385 1801 1697 1876 prwscribit.

309 1912 546 1975 Domino
587 1928 645 1973 et
670 1917 841 1983 Patri,
892 1915 1074 1973 abbati
1123 1915 1421 1972 reverendo
1474 1921 1529 1970 et
1567 1910 1836 1983 diligendo

238 2011 426 2071 PAULO
453 2010 623 2077 frater
643 2012 926 2065 Anssuus
952 2009 1031 2064 sic
1060 2017 1248 2064 sancte
1273 2008 1457 2063 vivere
1479 2005 1532 2060 in
1554 2001 1835 2076 temporali

238 2104 627 2174 prosperitate,
666 2112 725 2157 ut
753 2101 909 2157 beate
932 2102 1079 2156 vivat
1117 2102 1171 2156 in
1213 2108 1419 2156 aeterna
1449 2098 1731 2155 felicitate.

313 2195 501 2252 Gloria
531 2196 583 2249 in
615 2193 847 2250 excelsis
898 2194 1032 2260 Deo,
1090 2192 1244 2262 cujus
1290 2189 1606 2262 conspectui
1645 2188 1726 2245 sic
1786 2186 1840 2243 in

237 2284 462 2341 occulto
516 2285 624 2338 vita
652 2294 827 2347 vestra
880 2282 1084 2353 placuit
1139 2290 1197 2336 ut
1244 2296 1366 2338 eam
1416 2280 1485 2335 ad
1530 2277 1840 2348 exemplum

238 2372 417 2444 338
444 2372 497 2426 in
524 2380 711 2442 aperto
739 2371 1075 2437 sublimaret,
1112 2379 1169 2424 et
1194 2384 1316 2425 eam
1344 2369 1412 2423 de
1446 2378 1590 2424 terra
1631 2366 1696 2422 ad
1727 2377 1846 2420 cte-

238 2462 359 2516 lum
414 2477 511 2531 per
544 2461 791 2518 semitam
847 2460 1105 2517 \iitutum
1154 2459 1498 2516 tendentibus
1565 2471 1662 2527 per
1701 2454 1844 2510 viam

239 2550 649 2605 constitueret:
689 2558 954 2620 quatenus
999 2565 1107 2606 non
1157 2549 1325 2606 solius
1384 2563 1497 2605 sua:
1542 2541 1848 2602 sanctitatis

244 2642 613 2698 retributione
635 2644 693 2697 in
726 2656 892 2711 regno
933 2641 1142 2699 caelesti
1176 2641 1422 2705 laetetur;
1455 2638 1549 2694 sed
1575 2652 1672 2708 pro
1711 2634 1851 2691 mul-

242 2734 321 2790 tis
346 2747 491 2804 quos
516 2732 625 2789 Deo
649 2732 968 2797 lucrabitur,
998 2731 1254 2802 gaudium
1289 2729 1363 2784 illi
1390 2727 1664 2783 felicitatis
1689 2734 1851 2781 atter—

242 2839 337 2881 nte
400 2823 811 2894 multiplicetur.
860 2821 1120 2890 Quamvis
1172 2821 1317 2877 enim
1374 2817 1624 2874 barbaris
1672 2827 1853 2872 vestra

243 2915 484 2988 prmlata
520 2915 622 2971 ‘sit
676 2914 961 2980 sanctitas,
999 2928 1145 2984 quos
1167 2912 1349 2969 verbis
1402 2910 1598 2966 docere
1633 2917 1854 2979 propter

242 3002 566 3075 linguarum
596 3001 962 3058 diversitatem
984 3015 1088 3055 non
1114 2999 1338 3070 potestis
1357 3039 1372 3064 ,
1397 3012 1505 3052 non
1538 3006 1715 3052 tamen
1732 3011 1848 3051 om-

241 3093 392 3150 nino
423 3107 518 3148 vos
541 3093 682 3162 apud
727 3093 1028 3148 districtum
1059 3089 1304 3146 Iudicem
1346 3103 1610 3144 excusare
1641 3088 1853 3153 valetis,
1883 3108 1931 3171 ε

242 3185 296 3241 si
328 3184 477 3239 alios
528 3182 729 3238 lucrari
769 3182 880 3236 Deo
902 3180 1194 3250 negligitis.
1227 3177 1380 3245 Quod
1418 3177 1563 3232 enim
1607 3176 1713 3231 illis
1740 3191 1855 3230 ser—

242 3288 430 3333 mone
475 3290 582 3329 non
639 3273 867 3343 potestis
887 3272 1090 3337 dicere,
1145 3270 1253 3326 vita
1304 3267 1528 3338 potestis
1547 3265 1854 3321 ostendere.

243 3369 449 3425 Tanto
509 3380 748 3435 namque
801 3361 1073 3418 ellicacius
1120 3362 1320 3416 bonum
1368 3357 1644 3427 exemplo,
1695 3367 1859 3425 quam

241 3457 441 3514 verbo
483 3452 871 3526 persuadetur,
915 3460 1119 3523 quanto
1170 3451 1295 3506 boni
1342 3463 1522 3504 mores
1568 3448 1622 3502 in
1649 3454 1862 3502 tacente

243 3549 572 3618 diliguntur
602 3586 619 3613 ,
662 3554 717 3601 et
763 3544 1013 3600 facundia
1062 3543 1114 3597 in
1163 3549 1409 3612 torpente
1473 3538 1860 3595 contemnitur.

1918 905 2158 960 dentiam
2217 921 2248 960 a
2300 907 2642 971 nocentibus,
2699 915 2760 961 ut
2793 920 2890 976 per
2928 904 3326 974 simplicitatem
3367 901 3500 957 nulli

1918 995 2097 1051 velitis
2127 1009 2346 1063 nocere,
2369 996 2506 1051 sicut
2541 996 2816 1066 Scriptum
2843 1004 2927 1051 est
2954 1012 2968 1051 :
3003 994 3185 1050 Estote
3220 994 3500 1063 prudentes

1920 1089 2053 1139 sicut
2089 1093 2368 1154 serpentes,
2408 1093 2455 1138 et
2493 1084 2753 1153 simplices
2802 1084 2938 1138 sicut
2987 1081 3239 1137 columbae
3285 1080 3500 1150 (Matth.

1922 1192 1981 1242 ι,
2006 1175 2119 1246 16).
2154 1175 2245 1230 Sic
2284 1175 2552 1230 custodite
2588 1189 2678 1229 res
2715 1174 3027 1231 monasterii
3075 1173 3263 1237 vestri,
3291 1179 3351 1225 ut
3395 1187 3506 1226 non

1924 1265 2317 1325 obliviscamini
2376 1266 2520 1334 quod
2568 1265 2837 1335 scriptum
2885 1262 3093 1320 est:Si
3145 1263 3263 1334 quis
3313 1262 3508 1315 habens

1926 1358 2270 1415 substantiam
2297 1356 2481 1411 mundi
2505 1357 2691 1417 uiderit
2721 1357 2939 1426 fratrem
2979 1370 3131 1410 suum
3154 1354 3510 1408 necessitatem

1928 1447 2136 1511 habere,
2166 1455 2215 1502 et
2240 1445 2492 1501 clauserit
2520 1446 2722 1503 uiscera
2747 1462 2845 1500 sua
2870 1444 2936 1499 ab
2965 1459 3026 1498 eo
3047 1457 3068 1496 :
3099 1441 3359 1513 quomodo
3382 1434 3513 1494 cha-

1930 1540 2059 1595 ritas
2079 1539 2176 1594 Dei
2201 1547 2373 1594 manet
2418 1538 2677 1611 in‘eo?(l
2698 1538 2859 1594 Joan.
2923 1553 3019 1605 ιιι,
3075 1536 3182 1604 l7.)
3239 1536 3305 1590 Et
3343 1534 3517 1589 alibi:

1930 1629 2066 1688 Date
2086 1639 2136 1687 et
2156 1631 2369 1686 dabitur
2387 1631 2527 1687 vobis
2561 1630 2715 1703 (Luc.
2751 1647 2826 1691 vt.
2873 1629 2988 1699 38).
3046 1628 3138 1683 Sic
3185 1627 3403 1681 easdem
3427 1637 3518 1681 res

1933 1740 2132 1795 augere
2174 1733 2395 1790 curate,
2426 1731 2486 1778 ut
2513 1738 2544 1776 a
2570 1731 2750 1778 mente
2791 1737 2899 1776 non
2947 1720 3164 1776 excidat
3195 1735 3210 1771 :
3244 1716 3364 1771 Non
3393 1733 3520 1771 con-

1934 1816 2165 1886 cupisces
2192 1831 2299 1870 rem
2350 1814 2578 1885 proximi
2632 1814 2708 1866 ιιιὶ
2773 1809 2969 1886 (Exod.
3027 1825 3122 1875 xx,
3154 1808 3264 1878 Π).
3318 1805 3521 1861 Taliter

1936 1914 2229 1977 peccantes
2259 1906 2490 1978 arguite,
2520 1912 2581 1959 ut
2612 1918 2709 1959 nec
2733 1901 3027 1958 crudelitas
3063 1899 3224 1959 adsit.
3262 1912 3364 1952 nec
3390 1911 3522 1951 ava-s

1938 2000 2084 2066 ritia,
2112 1998 2237 2069 quia
2266 1999 2526 2067 scriptum
2546 2005 2633 2053 est
2659 2013 2675 2052 :
2720 1993 2782 2050 Si
2817 2001 3213 2064 prmoccupalus
3248 1990 3403 2058 fuerit
3427 1988 3523 2041 ho~

1938 2107 2024 2146 mo
2046 2093 2102 2146 in
2126 2089 2303 2160 aliquo
2321 2088 2534 2153 'delicto,
2560 2102 2674 2153 vos,
2697 2085 2787 2153 qui
2806 2081 3066 2154 spiritales
3087 2081 3230 2146 estis,
3253 2079 3523 2149 Imjusmo-

1941 2180 1996 2233 di
2033 2179 2276 2233 instruite
2302 2178 2357 2231 in
2377 2175 2567 2246 spiritu
2609 2172 2839 2228 lenitatis
2871 2188 2889 2227 ε
2916 2168 3254 2225 considerans
3282 2176 3331 2219 te
3357 2166 3527 2235 ipsum

1944 2284 2007 2322 ne
2030 2276 2077 2322 et
2107 2277 2163 2320 tu
2183 2266 2395 2320 teuteris
2424 2261 2566 2335 (Gal.
2608 2278 2684 2329 vr,
2714 2262 2767 2332 i)
2798 2277 2817 2315 :
2847 2261 2912 2316 Et
2937 2273 3126 2314 rursus
3159 2272 3172 2309 :
3206 2253 3387 2324 Neque
3407 2267 3529 2307 ava-

1945 2358 1992 2411 ri
2025 2371 2243 2425 regnum
2278 2353 2373 2409 Dei
2398 2351 2733 2423 possidebunt
2762 2348 2817 2421 (ἒ
2846 2346 2969 2403 Cor.
3008 2362 3082 2408 Vl,
3119 2342 3228 2414 ιο).
3278 2341 3396 2397 Νοιι
3452 2340 3516 2395 id-

1946 2446 2098 2501 circo
2141 2445 2279 2507 haec,
2323 2440 2673 2498 dilectissime
2727 2436 2895 2500 mihi,
2958 2442 3155 2489 vestrae
3219 2428 3533 2514 paternitati

1948 2537 2161 2601 scribo,
2197 2535 2339 2605 quod
2379 2539 2561 2605 putem
2601 2544 2698 2585 vos
2727 2525 2888 2583 aliter
2910 2538 3098 2597 agere;
3131 2521 3226 2577 sed
3276 2517 3539 2588 quoniam

1947 2644 2005 2688 et
2027 2644 2124 2685 vos
2144 2627 2403 2699 iussistis,
2435 2634 2489 2683 et
2513 2638 2612 2694 ego
2658 2619 2803 2676 volui
2826 2629 2884 2673 ut
2901 2619 3092 2672 litterae
3116 2623 3313 2668 nostrae
3336 2623 3430 2662 vos
3453 2621 3534 2661 se-

1904 2768 1911 2775 .
1951 2732 2248 2796 querentur
2271 2735 2285 2773 :
2308 2716 2524 2788 quodut
2540 2713 2715 2779 fieret,
2744 2722 2962 2764 necesse
2986 2706 3087 2761 fuit
3111 2701 3313 2772 aliquid
3334 2700 3549 2756 diceret.

2418 2798 2754 2860 EPISTOLA
2775 2796 2964 2854 LXXII
2987 2796 3077 2849 '°°.

2524 2908 2594 2946 AD
2635 2902 2972 2946 HUIPBIDUI.

1957 3018 2088 3076 Orat
2122 3023 2175 3070 ut
2204 3011 2317 3082 ejus
2348 3005 2663 3082 institutioni
2690 2999 2947 3082 uacet’qni
2995 3012 3119 3051 suus
3148 2993 3231 3051 Iud
3273 3006 3391 3045 eum
3438 2987 3563 3058 ειη-ἱ

2558 3074 2717 3129 stolas
2754 3071 2942 3139 defert.
3536 3086 3539 3091 ~

2026 3178 2237 3231 Domno
2265 3165 2496 3224 ctfratri
2520 3165 2592 3218 .in
2617 3161 2835 3217 Christo
2882 3153 3207 3211 charissimo
3256 3149 3547 3204 [lustratae

1958 3268 2130 3323 frater
2155 3263 2440 3317 Auseuus
2489 3250 2817 3315 Beccensis,
2868 3248 2979 3302 vita
3027 3252 3304 3314 peccator,
3355 3239 3546 3293 habitu

1959 3353 2276 3415 monachus,
2300 3358 2513 3404 terrena
2538 3358 2637 3414 pro
2657 3339 2968 3397 cmlestibus
2987 3335 3284 3406 despicere,
3304 3328 3549 3387 coelestia

1960 3463 2060 3522 pro
2089 3441 2321 3501 terrenis
2335 3435 2633 3510 percipere.

2031 3536 2274 3593 Primum
2323 3528 2528 3601 gratias
2566 3538 2688 3596 ago,
2738 3530 2794 3577 et
2834 3518 3071 3576 debitam
3095 3511 3437 3570 dilectionem
3465 3522 3552 3601 re-

244 3596 397 3696 Ριυέ
429 3596 618 3706 itaque
641 3633 862 3690 studere
885 3630 1033 3704 diligi
1059 3631 1126 3687 ab
1151 3596 1401 3686 omnibus
1451 3626 1864 3683 mansuetudine
1967 3628 2146 3683 tribuo
2169 3637 2269 3695 pro
2300 3596 2485 3675 vestra
2544 3611 2785 3685 gratuita
2836 3603 3238 3668 benevolentia,
3284 3612 3459 3702 quam.
3496 3596 3557 3650 in

246 3740 313 3787 et
341 3728 729 3784 misericordia
761 3741 925 3797 quam
965 3724 1142 3779 timeri
1196 3722 1358 3777 nimis
1381 3728 1595 3775 austera
1640 3728 1696 3774 et
1736 3716 1866 3773 nulli
1963 3720 2120 3776 vobis
2136 3729 2263 3786 erga
2299 3726 2389 3767 me
2415 3709 2575 3779 hujus
2622 3706 2764 3760 lator
2819 3698 3090 3756 schedulm
3123 3710 3183 3751 se
3234 3689 3559 3797 cognovisse

246 3828 527 3895 parcente
556 3781 1100 3888 justitia:caudcant
1125 3812 1411 3879 cujuslibet
1439 3809 1650 3864 ordinis
1685 3807 1865 3862 homi-
1968 3781 2227 3866 afﬁrmat.-
2251 3806 2325 3859 De
2350 3816 2457 3872 qna
2485 3816 2593 3854 non
2617 3809 2809 3867 parum
2832 3793 2949 3862 ipse
3000 3788 3279 3844 conlidens
3326 3781 3557 3895 multum

246 3870 365 3971 bes
400 3909 561 3966 vobis
583 3907 856 3964 commissi
888 3919 1009 3960 sese
1045 3901 1454 3962 commendatos
1483 3913 1602 3954 esse
1629 3896 1774 3952 Patri
1812 3904 1869 3952 et
1972 3916 2059 3959 me
2088 3906 2265 3971 rogat,
2300 3870 2533 3950 utilium
2582 3888 2725 3959 apud
2749 3894 2986 3939 vestram
3035 3879 3374 3936 dilectionem
3401 3870 3557 3940 adju-

246 4002 484 4080 pastori
517 4020 531 4059 :
562 4016 668 4056 non
692 4002 950 4055 horreant
977 4011 1097 4052 sese
1149 3993 1375 4050 traditos
1403 4005 1525 4047 esse
1560 3998 1792 4061 tyranno
1819 3996 1875 4043 et
1970 4005 2090 4052 γεω
2119 3963 2386 4063 quatenus
2429 3993 2625 4040 vestrm
2669 3979 2931 4037 doctrina;
2984 3971 3247 4030 beneﬁcia
3312 3980 3454 4070 quae.
3480 3963 3559 4066 illi

246 4052 551 4157 ἔκπιθι-ἰ.
592 4094 868 4149 Laetentnr
890 4090 1076 4145 amnes
1104 4085 1467 4143 consultorem
1491 4092 1546 4139 et
1571 4081 1854 4150 adjutorcn

1973 4052 2400 4142 misericorditer
2441 4070 2777 4144 impenditis,
2828 4064 3030 4122 nostris
3050 4059 3304 4132 precibus
3344 4052 3562 4110 invitati

246 4189 369 4248 sibi
414 4203 450 4243 a
491 4186 600 4241 Deo
653 4184 910 4249 venisse;
963 4194 1071 4235 non
1117 4183 1521 4247 conquerantur
1570 4172 1871 4227 alienarum
1975 4172 2238 4232 intentius
2275 4163 2618 4238 impendatis.
2671 4156 2826 4226 Quod
2878 4154 2925 4210 si
2963 4151 3119 4213 vobis
3167 4152 3432 4249 essetaut
3465 4157 3562 4198 no.

248 4297 463 4339 rerum
488 4279 815 4340 invasorem,
846 4281 939 4329 aut
984 4278 1384 4343 persecutorem
1413 4284 1440 4323 a
1467 4267 1689 4323 sinistra
1723 4273 1879 4335 parte
1976 4266 2125 4320 xium
2145 4271 2239 4318 aut
2262 4237 2473 4320 inutile,
2502 4269 2608 4308 non
2638 4250 2813 4306 dicam
2842 4261 2940 4317 pro
2968 4244 3097 4309 alio,
3124 4240 3219 4296 sed
3242 4237 3431 4306 utique
3461 4246 3580 4303 pro.

247 4375 533 4434 iri-uisse.
560 4369 697 4426 Sunt
719 4369 864 4426 enim
890 4365 1046 4422 multi
1078 4362 1282 4436 praelati
1322 4361 1491 4416 nostri
1521 4359 1752 4423 ordinis,
1783 4356 1875 4428 qui
1977 4370 2066 4411 me
2094 4354 2249 4425 ipso;
2284 4356 2377 4403 aut
2402 4344 2732 4408 nullatenus,
2786 4348 2880 4393 aut
2921 4336 3011 4390 vix
3055 4345 3249 4436 rogare
3270 4340 3585 4436 praeeuntes

246 4465 431 4539 quasi
485 4459 704 4518 solliciti
744 4471 811 4513 ne
861 4418 1173 4511 destruainr
1226 4465 1314 4505 res
1356 4448 1452 4504 Dei
1512 4448 1565 4502 in
1627 4444 1875 4539 manibus
1907 4458 1952 4514 ι)
1980 4461 2116 4502 rem.
2146 4442 2302 4498 Nunc
2328 4447 2533 4501 autem,
2560 4432 2941 4539 quoniamiiee
2972 4425 3321 4539 nosinm‘neﬁ
3363 4418 3581 4528 .inutile.

246 4533 499 4621 eiram,
573 4556 739 4620 agunt
793 4555 853 4602 ut
918 4543 1210 4612 dissipetur
1235 4540 1321 4595 lex
1385 4537 1477 4591 Dei
1524 4536 1577 4590 in
1619 4533 1871 4590 cordibus

246 4658 499 4702 eorum.
554 4639 687 4695 Nam
738 4643 948 4690 tantum
988 4641 1254 4687 conantur
1297 4641 1420 4683 esse
1463 4625 1774 4695 prudentes,
1806 4636 1874 4677 ne

249 4740 329 4794 ('e
370 4735 630 4804 i,.i.zntur
656 4728 725 4783 ab
753 4726 873 4781 aliis
909 4734 968 4777 nt
1006 4725 1135 4776 fiant
1185 4718 1350 4774 astuti
1404 4717 1471 4771 ad
1499 4714 1874 4784 decipiendum

248 4830 430 4886 alios.
481 4824 629 4877 Adeo
651 4828 776 4875 sunt
805 4818 945 4871 cauti
967 4857 980 4880 ,
1015 4829 1080 4867 ne
1121 4811 1254 4865 ﬂant
1282 4807 1515 4880 prodigi,
1548 4815 1603 4861 et
1630 4820 1750 4875 qum
1776 4805 1877 4858 ha-

246 4922 408 4978 bent
445 4919 542 4970 irr.
569 4911 901 4968 tienabiliter
936 4906 1245 4976 perdantut
1296 4901 1447 4955 avari
1503 4898 1653 4961 flant,
1682 4907 1737 4950 et
1757 4910 1877 4965 quae

216 5016 531 5073 -servaut,
563 5001 830 5058 inutllfter
863 5004 1196 5069 putrescant.
1256 4992 1345 5047 Sic
1369 4989 1606 5046 studiose
1634 4985 1809 5040 servis
1827 4993 1884 5040 et

248 5096 622 5176 pauperibus
658 5093 753 5148 Dei
780 5100 835 5147 ct
859 5097 1048 5146 sancto
1102 5088 1170 5119 '99
1228 5085 1344 5139 loco
1384 5095 1599 5150 semper
1630 5085 1885 5147 satagunt

249 5168 498 5260 aliquid
529 5183 814 5253 acquirere
862 5188 920 5234 ut
967 5177 1152 5233 dolose
1203 5186 1418 5243 semper
1459 5168 1618 5225 alicui
1678 5172 1885 5222 tentent

251 5258 502 5351 aliquid
535 5278 766 5333 auferre.
798 5271 1233 5329 Sicanimantur
1278 5266 1393 5321 zelo
1420 5260 1721 5333 corrigendi
1746 5258 1883 5321 stul-

253 5348 463 5431 tos—ut
486 5366 858 5423 accendantur
906 5358 1252 5424 crudelitate,
1301 5363 1390 5409 aut
1443 5352 1696 5418 cupidine
1728 5348 1881 5405 colli-

1978 4547 2063 4596 est
2094 4535 2188 4592 sed
2215 4527 2709 4600 incomparabiliter
2748 4522 2930 4578 utilior
2949 4518 3101 4574 vobis
3129 4515 3231 4572 erit
3269 4513 3450 4570 divina
3473 4526 3567 4566 re-

1981 4625 2223 4689 tributio,
2275 4636 2437 4692 quam
2482 4618 2620 4685 huic;
2641 4624 2823 4671 vestra
2853 4610 3068 4682 largitio
3096 4626 3110 4662 :
3138 4620 3238 4661 nec
3284 4602 3564 4665 audacter,

1982 4732 2083 4773 nec
2110 4713 2472 4784 impudenter,
2504 4716 2566 4763 ut
2590 4704 2823 4769 aestimo,
2853 4701 2945 4757 sed
2979 4693 3344 4752 amicabilitcr
3367 4702 3567 4758 precor
3630 4713 3632 4716 ν

1982 4815 2038 4863 et
2065 4779 2294 4861 obsecro
2338 4807 2610 4870 quatenus
2654 4785 3077 4850 reminiscamini
3120 4780 3266 4851 quod
3303 4779 3579 4870 scriptum.

1983 4904 2067 4953 est
2094 4912 2110 4950 :
2140 4892 2317 4949 Gratis
2337 4866 2630 4955 accepistis,
2660 4882 2822 4954 gratis
2849 4880 2972 4933 date
2992 4872 3207 4946 (Matth.
3239 4886 3295 4935 ιι,
3324 4870 3403 4940 8).
3431 4866 3577 4924 Nam

1984 4988 2085 5055 etsi
2115 4985 2183 5041 ab
2209 4982 2426 5041 homine
2451 4978 2700 5041 forsitan,
2768 4980 2827 5026 ut
2881 4983 2979 5023 vos
3031 4967 3271 5027 doceret,
3328 4959 3567 5024 emistis;

1984 5052 2206 5136 auribus
2228 5075 2444 5146 quidem
2469 5071 2769 5137 instrepere
2792 5062 2883 5118 ille
2910 5057 3110 5131 potuit;
3153 5055 3248 5111 scd
3276 5067 3371 5107 cor
3398 5050 3465 5106 ad
3490 5050 3574 5146 in-

1988 5137 2329 5237 telligendum
2350 5138 2573 5228 aperire
2601 5169 2707 5209 non
2742 5150 2938 5222 potuit.
2972 5147 3075 5202 nisi
3113 5145 3255 5199 Deus
3282 5185 3297 5204 ,
3340 5141 3425 5196 cui
3456 5137 3576 5237 nul-

1990 5259 2071 5311 lus
2097 5227 2246 5326 prior
2272 5227 2421 5306 dedit
2447 5254 2507 5302 ut
2553 5242 2944 5300 retribueretur
2972 5237 3045 5293 ei.
3095 5234 3152 5289 Si
3190 5232 3337 5288 enim
3368 5227 3576 5283 amicos

1991 5316 2208 5417 qni-nos
2231 5340 2481 5409 recipiant
2513 5336 2565 5389 in
2594 5344 2789 5389 trterna
2816 5326 3177 5394 tabernacula,
3206 5321 3401 5387 facere,
3422 5316 3578 5390 iube;

1593 5524 1822 5579 VARUE
1864 5513 2261 5578 LECTIONES.

349 5673 443 5713 ‘“
481 5669 616 5730 Cum
642 5670 816 5728 eodem
856 5683 953 5724 ms.
987 5664 1178 5721 collata
1253 5663 1319 5696 ²⁹⁹
1356 5660 1470 5725 Dei,
1514 5668 1700 5715 sancto
1728 5674 1826 5715 ms.
1865 5656 1982 5721 Dei,
2013 5664 2065 5711 ct
2098 5659 2287 5707 sancto
2371 5645 2439 5677 '°°
2470 5642 2598 5697 Cum
2627 5639 2802 5695 eodem
2833 5654 2926 5692 ms.
2959 5634 3167 5695 collattt
