4056 6302
509 238 649 316 ttts

1039 234 1098 299 Β.
1141 239 1439 302 ANSELMI
1469 245 1814 304 CANTUAR.
1855 245 2170 302 ARCHIEP.
2208 246 2368 306 OPP.
2395 250 2582 310 PARS
2638 253 2726 311 Ill.
2771 286 2826 297 —-
2874 257 3258 318 EPISTOLE.

3632 265 3772 324 ιιιι

503 356 632 412 iniu-
648 371 714 412 ae
734 372 1034 412 mammona
1097 358 1387 428 iniquitatis
1433 357 1586 431 (Luc.
1615 375 1726 424 xvt,
1749 342 1807 432 9)
1830 402 1846 427 ,
1889 367 2089 430 quanto
2116 363 2164 420 Α
2193 361 2382 435 deliter
2404 365 2692 422 serviendo
2733 363 2970 438 benigne
2991 373 3153 446 339
3178 376 3327 430 illum
3387 377 3454 432 ad
3483 379 3603 438 illos
3649 398 3778 452 per-

507 449 688 516 mag's
713 447 780 503 de
807 446 1162 518 intelligentia
1189 449 1454 505 veritatis.
1508 449 1679 516 Onod'
1707 451 1753 506 si
1778 466 1875 520 pro
1899 465 1986 506 me
2011 451 2093 504 ni-

2196 450 2369 506 duxit.
2395 453 2681 511 Retribuat
2707 460 2861 513 vobis
2909 459 3050 514 Deus
3074 479 3170 532 pro
3218 464 3306 518 his
3325 475 3378 518 et
3407 465 3534 523 aﬁis
3580 450 3781 528 vestris

507 538 584 592 hil
609 530 787 594 facere
819 538 1004 602 vultis,
1045 533 1175 608 quia
1206 538 1346 594 nihil
1390 540 1517 595 Inibi
1549 542 1785 606 debetis;
1812 543 1894 598 vel
1932 541 2094 598 facite
2193 541 2352 598 bonis
2379 536 2634 614 operibus
2687 530 3086 607 beatitudinem
3132 555 3537 623 sempilernam.
3567 559 3779 616 Bonum

505 637 566 681 ut
588 644 674 682 me
703 627 1000 682 debitorem
1023 636 1265 683 Vestrum
1299 629 1532 688 faciatis.
1572 624 1698 688 Krec
1728 633 1944 690 locutus
1969 641 2089 689 sum

504 727 603 784 pro
652 711 793 781 aiio;
819 718 914 770 sed
952 730 1122 786 pauca
1152 733 1255 787 pro
1282 731 1464 776 vestra
1498 722 1692 778 dilecta
1725 724 2088 792 fraternitate,

501 816 601 876 pro
628 819 733 876 qua
763 807 924 874 plura
952 809 1167 874 vellem,
1192 808 1536 883 subiungam.
1592 815 1932 881 Mementote,
1958 817 2091 873 eba-

501 905 724 960 ιςεςιηιι.
756 907 941 956 etstne
972 901 1368 959 interintssmne
1399 913 1916 975 mentepertractate
1943 906 2091 980 quod

500 993 761 1062 scriptum
787 1003 872 1050 est
903 1013 915 1048 :
949 995 1132 1052 Nolite
1156 997 1378 1068 diligere
1423 1005 1675 1056 mundam
1705 1019 1798 1057 nec
1849 1020 1911 1057 ea
1969 1019 2087 1062 qua:

499 1084 559 1138 in
584 1085 779 1139 mundo
816 1096 938 1142 sunt
955 1098 980 1153 ,"
1001 1090 1498 1154 quoniam'mumfus
1541 1088 1784 1146 transibit
1805 1103 1853 1148 et
1889 1109 2080 1149 concu-

2192 643 2369 688 autem
2412 637 2662 704 facientes
2718 639 2887 695 nolite
2936 641 3189 710 deiicere,
3248 655 3473 702 temnere
3519 651 3660 704 enim
3680 668 3781 710 suo

2189 723 2404 778 metetis
2425 736 2528 780 non
2564 726 2857 794 deficientes
2881 723 3081 784 (σῶαι.
3110 747 3186 796 vt,
3219 733 3296 802 9).

2613 816 2946 874 EPISTULA
3003 818 3214 877 LXXIV
3255 823 3346 880 ⁸⁰⁶.

2755 924 2823 964 ΑΒ
2862 926 3188 967 ιιιικιιυωι.

2404 995 2478 1051 De
2529 1015 2632 1052 non
2669 1000 2961 1070 eralgando
2995 1006 3198 1071 passim
3231 1003 3532 1076 Monologio

2257 1085 2484 1142 Domino
2524 1101 2580 1144 et
2611 1091 2754 1144 Patri
2797 1094 3092 1148 reverenda
3139 1095 3320 1150 abbati
3351 1097 3635 1156 RAINALDO
3664 1099 3784 1157 fra4

495 1175 749 1245 piscentia
771 1177 886 1246 ejus
913 1178 963 1249 (Ι
986 1175 1148 1234 Joan.
1177 1197 1247 1248 tt,
1272 1181 1363 1244 16,
1388 1181 1499 1253 Π).
1531 1182 1597 1236 Et
1645 1183 1769 1251 quia
1807 1187 1964 1238 amici
1983 1201 2076 1240 str-

2185 1188 2266 1233 ter
2291 1179 2573 1238 Ansewus
2601 1181 2851 1238 salutem.

497 1269 610 1354 eali
643 1264 826 1341 eum,
854 1274 1054 1329 inimici
1109 1276 1206 1331 Dei
1260 1279 1647 1333 constituentur
1693 1278 1835 1350 (Jac.
1897 1284 2078 1354 ινιιί).

497 1350 668 1429 Rogo,
697 1356 948 1429 obsecro,
969 1364 1135 1421 nolite
1181 1367 1408 1422 credere
1454 1368 1679 1434 mundo,
1735 1369 1900 1425 etiam
1955 1350 2079 1428 cum

495 1447 941 1521 favet;quoniam
971 1471 1076 1510 non
1112 1455 1255 1512 favet
1284 1467 1344 1512 ut
1390 1457 1589 1524 foveat,
1619 1462 1714 1516 sed
1743 1472 1800 1518 ut
1827 1464 2076 1522 sull’ocet.

495 1531 727 1597 Mundus
755 1544 900 1598 enim
926 1546 980 1599 in
1010 1548 1248 1604 tenebris
1270 1557 1372 1610 est,
1404 1560 1463 1606 et
1488 1552 1658 1623 gloria
1687 1555 1804 1624 ejus
1843 1574 1948 1612 non
1995 1569 2079 1615 est

493 1629 690 1700 gloria,
726 1635 820 1689 sed
859 1637 994 1707 ignis
1021 1652 1241 1696 vorans.
1271 1638 1447 1699 Nolite
1462 1660 1610 1715 ergo,
1647 1647 1949 1704 charissimi
1980 1651 2047 1684 ’σί

2253 1270 2582 1340 Opuscnium
2613 1269 2766 1339 illud,
2789 1276 2932 1344 quod
2971 1292 3001 1330 a
3036 1292 3123 1332 me
3152 1285 3300 1333 tanto
3333 1280 3514 1335 studio
3547 1281 3623 1336 de
3658 1289 3780 1336 tam

2181 1360 2336 1432 longe
2364 1363 2550 1432 petitis
2594 1379 2934 1434 nequaquam
2963 1367 3118 1423 vobis
3157 1369 3454 1435 mitterem,
3494 1372 3539 1426 si
3573 1381 3775 1428 vestra:

2177 1450 2439 1506 voluntati
2488 1465 2595 1508 non
2635 1454 2860 1510 obedire
2903 1458 3232 1526 potuissem.
3263 1456 3454 1515 Timeo
3483 1460 3630 1515 enim
3662 1477 3771 1524 ne,

2177 1557 2299 1597 eum
2330 1543 2540 1597 venerit
2587 1542 2651 1596 in.
2688 1558 2886 1599 manus
2909 1545 3215 1614 aliquorum
3271 1549 3362 1617 qui
3417 1551 3594 1621 magis
3638 1559 3776 1606 sunt

2179 1630 2372 1684 intenti
2419 1630 2816 1697 reprehendere
2866 1633 3010 1702 quod
3067 1635 3312 1698 audiunt,
3354 1652 3517 1706 quam
3570 1638 3771 1694 intellio

495 1693 524 1700 -
675 1693 686 1698 -
875 1693 907 1707 ν
1466 1693 1610 1715 --οη
1651 1693 1949 1704 -.._..--.....
2054 1693 2069 1718 ,

492 1720 660 1777 nolite
683 1736 907 1780 currere
946 1729 999 1782 in
1034 1743 1177 1796 eam,
1206 1731 1346 1787 sicut
1377 1735 1577 1803 papilio
1598 1736 1743 1792 volat
1772 1739 1824 1792 in
1855 1750 2075 1796 noctur-

2177 1737 2338 1792 gere;
2366 1722 2410 1777 si
2442 1693 2584 1778 forte
2619 1722 2691 1778 ibi
2729 1693 2964 1794 legerint
3019 1723 3226 1795 aliquid
3272 1693 3417 1795 quod
3463 1737 3627 1783 antea

490 1823 622 1863 num
646 1812 858 1883 ignem;
897 1817 1151 1885 quoniam
1191 1833 1352 1888 quem
1397 1821 1665 1879 demulcet
1714 1827 1966 1882 claritate
2004 1829 2074 1862 3“

490 1894 638 1955 hunc
664 1912 847 1971 postea
905 1915 1121 1975 torquet
1171 1909 1406 1966 ustione.
1437 1909 1482 1966 Ο
1507 1923 1713 1982 quanto
1749 1917 2080 1982 consultius,

490 1996 696 2056 quanto
720 1988 932 2047 felicius
957 1994 1343 2065 relinqueretis
1388 2002 1670 2067 mundum,
1719 2012 1780 2059 et-
1819 2020 2076 2076 sequere-

490 2077 622 2160 rnini
697 2080 974 2138 Cltt'lSllml
1002 2085 1018 2138 ε
1050 2094 1108 2140 ιιι
1134 2099 1254 2142 cum
1293 2089 1349 2142 in
1397 2089 1694 2160 majestate‘
1725 2111 1823 2150 sua
1876 2099 2077 2152 venerit

488 2157 760 2236 Christus,
806 2171 1127 2240 iudicaretis
1180 2179 1437 2233 mundum
1461 2157 1583 2236 cum
1612 2184 1828 2241 Christo
1857 2187 2072 2259 (Matth.

487 2270 627 2324 xxv,
653 2259 786 2328 δικ
823 2271 879 2317 et
904 2267 1201 2334 centuplum
1234 2269 1592 2339 recipientes,
1619 2274 1776 2330 vitam
1822 2287 2072 2337 retentam

487 2349 842 2418 possideretis
889 2352 1107 2425 (Matth.
1157 2372 1249 2412 xix
1279 2398 1297 2425 ,
1331 2359 1424 2432 29)
1451 2378 1464 2414 :
1495 2364 1639 2432 quod
1692 2367 1903 2432 utinam
1951 2371 2078 2438 ﬁat...

487 2437 682 2496 Amen.
768 2492 770 2495 .

927 2534 1258 2595 EPISTOLA
1309 2539 1519 2598 LXXIII
1555 2545 1643 2610 m,

1160 2644 1228 2683 A‘D
1249 2646 1402 2695 "Ml.

485 2711 828 2772 Commendat
861 2735 979 2772 eam
998 2735 1034 2773 α
1058 2715 1316 2777 cltar‘itate
1338 2725 1403 2778 ita
1419 2723 1704 2781 Beccenaes
1728 2738 1775 2782 et
1795 2729 2079 2800 woslibet.

557 2805 682 2861 Sua:
703 2808 1014 2862 reverendae
1060 2819 1117 2864 et
1162 2811 1496 2868 charissima:
1557 2817 1808 2881 dominae,
1857 2820 2071 2889 generis

485 2896 648 2951 simul
674 2905 729 2952 et
753 2897 879 2952 vita:
904 2899 1184 2955 nobilitate
1207 2901 1527 2957 clarissima:
1548 2904 1618 2936 '°‘
1647 2907 1936 2962 comitissze
1963 2909 2070 2962 los:

485 2985 656 3040 frater
674 2987 980 3054 ANSELIIUS,
1007 2989 1072 3043 de
1096 2992 1294 3044 virtute
1323 2993 1377 3045 in
1398 2982 1652 3048 virtutem
1693 2997 1975 3069 proiicere,
2004 3001 2070 3056 de
2097 3036 2142 3097 Ο

486 3083 702 3097 ἈΔ-Α-ιι
737 3073 992 3097 ,Ιε-..τι-.-
1029 3092 1047 3097 Α
1078 3077 1090 3097 I
1129 3078 1332 3097 --ᾼΙ--.-
1432 3095 1443 3097 _
1797 3085 1810 3097 ι

486 3083 706 3128 terrena
734 3073 997 3144 dignitate
1025 3077 1090 3130 ad
1120 3078 1339 3136 caeleste
1363 3095 1588 3148 regnum
1615 3085 1930 3141 ascendere.

559 3156 631 3219 Ut
668 3171 874 3218 taceam
902 3166 1005 3220 alia
1020 3177 1212 3222 vestra
1233 3170 1374 3224 bona
1391 3185 1574 3242 opera,
1612 3188 1709 3243 per
1727 3191 1847 3246 quae
1872 3193 2069 3237 nomen

484 3261 683 3308 vestrm
720 3255 1020 3313 nobilitatis
1044 3257 1200 3330 longe
1226 3259 1438 3331 lateque
1464 3264 1889 3337 circumquaque
1916 3273 2070 3328 suavi

484 3344 794 3400 sanctiuttis
816 3345 992 3418 fragat
1015 3349 1184 3405 odore
1217 3365 1232 3404 :
1275 3361 1424 3408 certe
1451 3355 1769 3431 hominibus
1784 3358 2072 3427 cujuslibet

485 3439 694 3494 ordinis
723 3440 790 3494 ad
815 3450 1054 3498 vestrum
1082 3448 1496 3515 monasterium,
1524 3449 1609 3504 vel
1629 3450 1696 3510 de
1731 3463 1924 3515 nostro
1955 3471 2077 3512 mea.

484 3533 734 3588 nasteriot.
751 3537 1034 3604 euntibus,
1078 3546 1159 3595 tot
1179 3549 1235 3594 et
1257 3548 1406 3599 tanta
1438 3541 1746 3609 impenditis
1771 3543 2029 3599 beneﬁcia
2053 3562 2066 3600 :

487 3629 548 3675 ut
576 3623 656 3678 sic
685 3623 794 3696 jam
830 3626 934 3682 illis
958 3629 1129 3684 simus
1154 3633 1379 3696 assueti,
1410 3641 1464 3685 et
1489 3633 1568 3686 sic
1593 3633 1748 3687 nobis
1768 3634 1878 3688 sint
1915 3635 2072 3689 fami-

487 3711 642 3767 liaria
662 3729 686 3779 ;
705 3725 971 3785 quatenus
992 3719 1150 3775 vobis
1173 3721 1343 3789 possit
1381 3735 1503 3777 esse
1522 3738 1812 3780 onerosum
1856 3727 1899 3781 si
1943 3743 2070 3798 gra-

487 3805 590 3860 tias
615 3804 789 3872 vobis,
814 3809 1016 3874 verbis,
1042 3811 1127 3865 vel
1152 3811 1349 3869 litteris
1376 3816 1694 3870 mandemus
1719 3830 1814 3886 per
1835 3818 2069 3888 singula,

483 3909 584 3949 nec
622 3895 677 3950 in
703 3895 860 3953 nobis
880 3899 951 3953 sit
974 3903 1118 3969 quod
1150 3902 1453 3958 retribuere
1484 3905 1752 3973 possimus
1770 3910 2069 3964 secundum

484 3995 662 4040 vestra
691 3990 904 4042 merita.
930 3989 1270 4063 Quapropter
1297 3995 1363 4048 ad
1412 3996 1581 4050 Deum
1638 4013 1735 4052 vos
1778 3999 2065 4065 mittimus.

481 4082 538 4129 ct
565 4074 713 4130 illum
738 4077 881 4133 inter
919 4095 1020 4136 nos
1047 4089 1103 4136 et
1131 4097 1226 4138 vos
1254 4083 1526 4153 ponimus,
1556 4097 1640 4154 ut,
1687 4087 1828 4143 sicut
1850 4098 2070 4159 propter

483 4165 638 4219 iitum
657 4164 831 4231 facitts
861 4169 1004 4237 quod
1039 4169 1219 4226 facitis
1246 4211 1262 4238 ,
1295 4172 1370 4227 ita
1425 4175 1541 4244 ipse
1595 4176 1747 4231 vobis
1794 4179 2067 4236 retribuat

475 4255 1016 4328 monobistmtibus
1070 4260 1143 4305 ³θὲ
1199 4261 1400 4319 facitis.
1455 4264 1693 4322 Instante
1735 4276 1912 4323 tamen
1974 4270 2065 4327 illo

482 4347 672 4413 fratre,
695 4363 860 4416 quem
889 4364 923 4403 a
967 4351 1080 4408 suis
1113 4353 1384 4422 [militum
1428 4357 1584 4411 nobis
1642 4358 1889 4426 misistis,
1922 4369 1977 4415 et
2011 4362 2062 4417 in
2096 4393 2143 4451 ο

481 4448 677 4503 magna
708 4435 1049 4502 desolatione
1087 4441 1531 4512 benignissimam
1574 4446 1900 4504 exhibuistis
1939 4465 2066 4505 con-

481 4525 804 4580 solationem
838 4543 858 4580 :q
886 4528 1028 4584 hanc
1063 4533 1372 4591 reverendae
1403 4537 1681 4592 sanctitati
1709 4549 1905 4596 vestra:
1928 4544 2057 4598 scri-

478 4616 562 4687 psi
582 4615 890 4686 epistolam,
923 4619 985 4678 in
1005 4634 1116 4689 qua
1159 4627 1572 4694 cognosceretis
1595 4629 1722 4698 quia
1758 4647 1863 4686 non
1907 4633 2066 4694 aliter

480 4711 611 4765 mihi
637 4719 848 4781 gratum
881 4719 966 4770 est
992 4712 1136 4781 quod
1173 4712 1246 4768 illi
1272 4713 1510 4784 fecistis,
1538 4734 1699 4788 quam
1727 4721 1772 4776 si
1802 4723 1941 4790 mihi.
1959 4724 2060 4794 ipsi

476 4809 620 4859 esset
647 4800 849 4856 factum
883 4817 905 4869 τ¹
929 4809 985 4856 et
1012 4802 1138 4872 quia
1185 4819 1379 4868 verum,
1405 4815 1488 4860 est
1543 4808 1802 4880 quidquid
1857 4813 1973 4884 ipse
2005 4824 2064 4870 et

478 4895 547 4948 de
571 4906 676 4953 suo.
692 4893 1020 4960 casudixit;
1070 4906 1126 4950 et
1179 4897 1309 4966 quia
1355 4905 1684 4968 praeceptum
1727 4910 1967 4959 vestrum
2005 4904 2065 4959 in

477 4983 738 5044 omnibus
758 5000 878 5054 quae
904 4986 1061 5043 nobis
1107 5003 1206 5060 per
1231 4988 1380 5043 illum
1409 4988 1730 5054 ,mandastis
1780 4995 2021 5064 servavit
2043 5011 2058 5048 :

477 5084 535 5137 et.
561 5085 739 5136 vester
763 5077 926 5142 homo
953 5080 1266 5148 secundum.
1295 5088 1536 5148 vestram,
1569 5080 1867 5151 jussiouem
1896 5083 1969 5151 illi
1993 5087 2060 5139 ti-

2175 1813 2517 1878 audiverunt,
2541 1828 2639 1868 nec
2661 1814 3159 1869 animadverterunt
3174 1855 3194 1880 ,
3216 1816 3404 1870 statim
3430 1817 3675 1873 clament-
3693 1819 3778 1855 W

2173 1916 2260 1957 me
2290 1902 2528 1958 inaudita
2555 1911 2609 1958 ct
2636 1903 2858 1959 veritati.
2895 1905 3256 1973 repugnantia
3294 1907 3603 1975 scripsisse.
3630 1905 3771 1976 Qui?

2171 1994 2277 2048 bus
2300 2008 2424 2048 cum
2470 1994 2630 2066 longe
2658 1995 2866 2066 positus
2893 1996 3223 2066 respondere
3264 2012 3370 2052 non
3413 2009 3631 2067 potero,
3654 2015 3766 2056 non

2172 2083 2349 2139 solum
2373 2085 2473 2155 ipsi
2505 2083 2792 2140 veritate
2817 2085 3318 2155 negando,veritati
3344 2104 3405 2145 se
3430 2088 3617 2145 favere
3646 2092 3773 2159 opi-

2172 2175 2479 2241 nabantur;
2523 2175 2619 2231 sed
2665 2185 2727 2231 et
2776 2175 2900 2232 aliis
2947 2186 3170 2242 temere,
3205 2186 3499 2247 antequam
3541 2180 3768 2234 audiant

2172 2268 2302 2338 quid
2346 2267 2419 2322 sit
2455 2266 2599 2336 quod
2648 2267 2750 2336 ipsi
2800 2267 3224 2336 reprehendant,
3273 2268 3641 2328 credentibus.
3674 2285 3772 2324 me

2173 2357 2426 2412 falsitatis
2453 2366 2778 2413 assertorem
2807 2358 3228 2426 persuadebunt.
3251 2356 3370 2412 Jam
3399 2359 3550 2414 enim
3575 2357 3768 2413 talium

2173 2463 2365 2522 passm
2401 2463 2521 2503 sum
2551 2448 2715 2503 nimis
2743 2447 3104 2503 aeeeleratam
3151 2449 3670 2518 reprehensionem,
3690 2465 3767 2505 ex.

2172 2557 2238 2596 eo
2268 2541 2412 2610 quod
2445 2547 2668 2597 secutus
2705 2540 2925 2594 beatum
2956 2539 3318 2610 Augustinum
3367 2541 3480 2595 dixi
3527 2542 3597 2597 de
3636 2556 3774 2610 per-

2172 2631 2321 2685 sonis
2371 2637 2426 2685 et
2477 2630 2552 2685 de
2591 2629 2895 2684 substantia
2947 2629 3066 2685 Dei.
3107 2629 3208 2696 Qui
3249 2642 3429 2684 tamen
3482 2646 3631 2686 nunc
3673 2645 3772 2687 oo-

2172 2728 2440 2791 gnoscunt
2471 2734 2530 2774 se
2551 2735 2659 2774 non
2689 2720 3035 2778 considerate
3061 2720 3510 2790 reprehendisse;
3557 2730 3612 2776 et
3661 2722 3773 2777 hac

2172 2809 2465 2864 occasione
2481 2809 2623 2878 quod
2649 2809 2800 2878 prius
2827 2824 2937 2863 non
2958 2809 3496 2877 animadvertebant,
3525 2811 3774 2881 gaudens

2173 2917 2234 2956 se
2253 2914 2601 2970 cognoscere.
2619 2887 2961 2966 Nesciebant
2980 2901 3124 2956 enim
3150 2903 3231 2966 sic
3261 2919 3365 2962 non
3396 2903 3515 2967 dici.
3540 2905 3776 2974 proprio

2173 2993 2242 3046 de
2286 2992 2400 3047 Deo
2439 3001 2553 3047 tres
2599 3007 2879 3062 personas,
2909 2993 3178 3062 quomodo
3227 3003 3337 3049 tres
3387 2996 3772 3064 substantias;-

2173 3084 2407 3154 qnadam
2466 3093 2644 3138 tamen
2699 3084 2943 3150 ratione,
2993 3084 3064 3139 ob
3117 3085 3469 3154 indigentiam
3523 3087 3769 3141 nominis

2172 3172 2390 3242 proprie
2445 3171 2803 3242 significantis
2858 3171 3002 3226 illam
3052 3171 3460 3243 pluralitatem,
3522 3189 3644 3243 qure
3705 3175 3764 3229 in

2172 3278 2383 3318 summa
2432 3262 2698 3317 Trinitate
2745 3263 3086 3332 intelligitur,
3145 3263 3371 3319 Latinos
3417 3258 3604 3319 dicere
3650 3274 3765 3319 tres

2171 3367 2432 3422 personas
2455 3352 2756 3407 eredendas
2792 3352 2846 3405 in
2879 3367 2983 3405 una
3011 3352 3352 3416 substantia;
3379 3352 3604 3409 (ἴρηκος
3629 3369 3770 3411 vero

2173 3461 2278 3498 non
2312 3443 2492 3497 minus
2516 3441 2746 3500 fideliter
2783 3450 2894 3497 tres
2941 3442 3278 3497 substantias
3307 3443 3360 3496 in
3391 3459 3498 3496 una
3529 3457 3761 3512 persona

2171 3534 2440 3590 confiteri.
2489 3531 2833 3602 Quapropter
2871 3540 3109 3588 vestram
3151 3533 3502 3586 vehementer
3529 3532 3764 3602 efﬂagito

2171 3624 2553 3688 sanctitatem,
2599 3631 2660 3676 ut
2708 3623 2850 3678 idem
2895 3623 3215 3691 opusculum
3255 3638 3360 3676 non
3410 3623 3659 3678 verbosis
3704 3631 3760 3687 et

2173 3713 2422 3783 litigiosis
2475 3711 2824 3777 hominibus,
2868 3711 2962 3766 sed
2997 3711 3412 3765 rationabilibns
3462 3719 3517 3764 et
3561 3710 3760 3780 quietis

2171 3800 2620 3868 ostendanQuod
2647 3802 2690 3857 si
2721 3801 3006 3871 contigerit
3034 3810 3093 3855 ut
3119 3801 3315 3870 aliquis
3341 3801 3419 3854 sic
3447 3800 3649 3870 aliquid
3684 3799 3756 3853 ibi

2172 3879 2568 3962 reprehendat,
2590 3901 2648 3945 ut
2675 3891 2804 3961 eius
2833 3892 2970 3946 ratio
3015 3891 3176 3961 digna
3224 3891 3378 3946 vobis
3405 3891 3494 3946 cui
3537 3906 3754 3960 respon-

2171 3986 2286 4041 deri
2317 3985 2531 4048 debeat,
2562 3983 2814 4038 videatur
2839 3999 2854 4036 :
2884 3997 3013 4052 rogo
3043 3992 3107 4041 ut
3132 3982 3260 4052 Inibi
3301 3982 3463 4050 quid,
3489 3995 3662 4052 quave
3684 3981 3754 4012 ³⁸⁸

2168 4076 2380 4130 ratione
2409 4069 2790 4142 reprehendat,
2829 4069 3154 4128 charitative
3179 4079 3271 4138 aut
3299 4069 3416 4138 ejus
3436 4080 3532 4123 aut
3565 4068 3757 4124 vestris

2168 4166 2366 4221 litteris
2395 4165 2695 4229 mandetis;
2721 4171 3011 4233 quatenus,
3042 4161 3324 4216 charitatis
3351 4175 3484 4231 pace
3499 4170 3557 4214 et
3575 4173 3754 4213 amore

2169 4258 2417 4312 veritatis
2453 4254 2708 4323 utrinque
2733 4263 2970 4319 servato,
3015 4262 3108 4308 aut
3158 4269 3245 4320 me
3289 4252 3432 4321 illius
3463 4252 3758 4323 reprebeth

2170 4349 2273 4414 sio,
2298 4357 2392 4408 aut
2417 4348 2568 4404 illum
2598 4361 2720 4403 mea
2751 4347 2992 4430 corrigat
3023 4345 3335 4414 responsio.‘

2657 4435 2990 4491 EPISTOLA
3050 4433 3265 4493 LXXV.

2736 4544 2804 4582 AD
2845 4541 3172 4582 ῦιιιιειιτυιι.

2417 4618 2484 4674 Se
2513 4619 2671 4672 amici
2711 4619 2998 4672 absentiam
3033 4616 3302 4685 trgerrime
3335 4615 3492 4684 ferre.

2240 4711 2479 4772 Damno,
2516 4708 2707 4772 fratri,
2736 4706 2946 4770 amico,
2983 4705 3182 4783 dilecto
3211 4704 3457 4758 dilectori
3478 4702 3760 4760 Cruento

2171 4809 2340 4875 frater
2364 4808 2662 4868 Asseuws,
2695 4803 2838 4873 quod
2873 4802 3113 4856 scribere
3152 4815 3257 4854 non
3298 4801 3460 4853 valet.

2246 4899 2430 4967 Dulcia
2463 4897 2592 4951 mihi
2617 4904 2766 4958 sunt,
2795 4893 2966 4948 amice
2995 4891 3325 4955 dulcissime,
3363 4908 3590 4946 munera
3632 4892 3751 4947 dul-

2169 4965 2381 5046 cedinis
2413 4995 2517 5048 tua:
2550 5002 2564 5038 :
2598 4983 2694 5040 sed
2727 4995 3068 5052 nequaquam
3110 4979 3378 5034 consolari
3409 4990 3636 5051 possunt
3659 4981 3750 5035 de-

2172 5083 2406 5138 solatam
2439 5080 2505 5135 de
2533 5086 2588 5138 te
2612 5090 2706 5143 cor
2736 5088 2916 5139 meum
2948 5088 2977 5133 a
3002 5072 3271 5136 desiderio
3296 5073 3602 5129 dilectionis
3628 5083 3745 5128 tua.

1728 5238 1956 5294 VARle
1979 5237 2385 5298 LECTIONES.

551 5371 622 5408 ⁸⁸⁸
649 5369 982 5435 (Ζῑιςιι-ἱεείιιιθ
1019 5389 1121 5428 ms.
1145 5369 1452 5429 charissim‘i

1573 5374 1642 5406 ³⁸⁸
1673 5373 1952 5450 gnaritate
1980 5392 2087 5450 ms.
2117 5376 2367 5450 claritate
2480 5373 2551 5404 m
2575 5373 2708 5450 Cum
2745 5373 2841 5450 eod

479 5444 816 5516 charissima:
844 5462 942 5499 ms.
974 5445 1256 5516 nobilitate
1281 5443 1598 5516 clarissima
1640 5444 1742 5516 _'°’
1773 5443 1882 5516 Pro
1909 5447 2063 5502 vobis
2092 5447 2432 5516 quibusms.
2459 5458 2557 5513 pro
2581 5441 2734 5516 nobis
2753 5441 2951 5516 quibus

480 5509 590 5566 lata
664 5513 733 5544 ³⁸⁷
763 5515 1083 5574 Audivcrint
1113 5528 1215 5572 nec
1234 5513 1760 5570 animadverterint..
1793 5515 2036 5572 clamant
2065 5502 2168 5577 tu}.
2199 5502 2484 5574 audierunt
2504 5526 2604 5574 nec
2618 5502 3156 5573 anintadvel'lel‘ltnl-o
3188 5504 3424 5568 clamem
3474 5504 3559 5577 ,³⁸⁸
3574 5502 3751 5578 0⁸³⁸⁸

395 5639 404 5649 δ
481 5591 578 5635 tua.
607 5597 779 5654 quave
