4056 6302
239 228 370 291 1185

236 432 576 491 metallorum
606 430 862 494 nitorem,
890 438 1110 483 omnem
1131 422 1370 494 lapidum
1398 418 1812 492 pretiositatem,

235 538 446 582 omnem
477 529 708 578 textura:
734 519 1079 582 varietatem,
1095 522 1320 580 renuet;
1344 512 1456 569 imo
1484 526 1593 569 non
1616 508 1817 587 poterit

234 614 497 672 consolari
550 629 582 668 a
621 612 859 669 scissura
904 624 1023 674 sua,
1076 606 1181 662 nisi
1215 612 1431 675 recepta
1461 602 1632 659 altera
1658 609 1817 671 parte

232 722 326 765 sua
353 707 524 764 scissa
557 705 738 764 anima
769 718 911 760 mea.
936 699 1115 773 Testis
1155 708 1241 755 est
1267 711 1439 769 angor
1480 693 1662 751 cordis
1705 690 1814 753 mei

230 800 330 857 hoc
354 800 535 869 ipsum
559 795 885 867 cogitantis;
918 789 1368 864 testes'lacrymte
1391 784 1815 842 obtenebrantes

231 890 437 954 oculos,
463 897 521 945 et
547 888 790 959 rigantes
818 884 1017 941 faciem
1063 891 1121 938 et
1168 881 1367 951 digitos
1410 878 1646 949 idipsum
1674 874 1814 932 seri-

230 980 438 1037 bentes.
455 978 525 1034 Et
553 978 773 1050 quidem
803 986 860 1035 tu
887 974 1122 1038 sciebas,
1149 966 1293 1029 sicut
1317 985 1419 1041 ego
1445 970 1583 1041 ipse,
1604 983 1731 1040 erga
1758 976 1814 1024 te

231 1069 577 1127 dilectionem
623 1083 799 1125 meam
823 1109 841 1135 ,
872 1067 967 1123 sed
998 1065 1185 1134 utique
1222 1078 1325 1136 ego
1354 1062 1469 1134 ipse
1501 1059 1811 1117 nesciebam

231 1177 373 1220 eam.
408 1160 511 1231 Qui
567 1176 668 1218 nos
715 1159 879 1218 scidit
924 1158 993 1215 ab
1043 1157 1302 1223 invicem,
1344 1154 1435 1210 ille
1490 1169 1579 1210 me
1628 1152 1816 1209 docuit

228 1263 493 1324 quantum
536 1262 587 1307 te
610 1249 889 1320 diligerent
916 1268 932 1306 ι
966 1263 1099 1306 vere
1126 1264 1231 1304 non
1262 1245 1423 1305 habet
1446 1247 1609 1302 homo
1636 1243 1815 1299 scien-

231 1346 363 1407 tiam
396 1346 522 1403 boni
572 1345 659 1403 vel
692 1344 844 1407 mali.
876 1343 970 1415 qui
1022 1357 1128 1401 non
1167 1340 1449 1410 experitur
1498 1347 1810 1406 utrumque.

227 1437 546 1512 Nesciebam
594 1435 742 1492 enim
791 1449 900 1491 non
954 1441 1212 1503 expertus
1260 1428 1567 1486 absentiam
1619 1436 1766 1480 tuam
1793 1465 1810 1491 ,

227 1541 393 1596 quam
421 1523 578 1583 dulce
605 1524 740 1580 mihi
787 1531 910 1578 erat
935 1537 1060 1579 esse.
1086 1530 1304 1585 tecum,
1354 1533 1516 1588 quam
1562 1529 1810 1570 amarum

225 1620 344 1679 sine
376 1627 430 1673 te
459 1632 598 1675 esse.
633 1616 738 1672 Sed
790 1625 847 1671 tu
899 1614 1068 1670 habes
1101 1629 1169 1669 ex
1208 1613 1327 1683 ipsa
1373 1618 1559 1666 nostra
1604 1606 1812 1675 disjun-

225 1710 410 1765 ctione
460 1715 781 1777 praesentem
836 1704 1088 1768 alterum,
1119 1717 1280 1774 quem
1331 1716 1438 1756 non
1489 1697 1671 1753 minus
1718 1695 1813 1750 aut
1841 1715 1887 1771 Β

226 1808 376 1856 certe
428 1797 548 1868 plus
581 1811 776 1863 amas;
809 1795 945 1850 mibi
991 1810 1120 1850 vero
1166 1802 1257 1860 ιιι,
1305 1800 1402 1859 ιιι,
1448 1792 1705 1861 inquam,
1753 1801 1817 1843 es

226 1888 465 1953 ablatus,
493 1895 547 1942 et
576 1886 754 1942 nullus
779 1900 880 1956 pro
920 1893 975 1941 te
1019 1883 1254 1941 oblatus.
1283 1883 1360 1938 Te
1404 1881 1570 1953 igitur
1609 1880 1662 1935 in
1691 1892 1819 1933 con-

225 1978 497 2035 solatione
528 1985 616 2035 tua
651 1976 939 2047 gaudente,
966 1974 1140 2031 solum
1171 1973 1302 2033 mihi
1331 1971 1530 2035 vulnus
1557 1968 1820 2025 remansit

226 2067 282 2123 in
313 2074 500 2122 mente
531 2083 544 2118 :
583 2063 811 2121 forsitan
841 2065 1141 2135 gaudentes
1186 2063 1254 2118 de
1304 2071 1360 2117 te
1402 2059 1752 2118 oll'enduntur
1784 2072 1816 2110 ιι

223 2173 315 2213 me
350 2158 452 2213 ista
484 2156 578 2212 tibi
606 2155 843 2210 dicente.
878 2154 985 2210 Sed
1013 2154 1062 2210 si
1089 2153 1187 2224 ipsi
1214 2152 1473 2224 gaudent,
1500 2148 1645 2220 quod
1673 2146 1819 2203 desi-

225 2253 498 2319 derabant
533 2259 809 2315 tenentes;
842 2262 942 2304 cur
997 2245 1290 2317 prohibent
1329 2243 1416 2300 vel
1459 2242 1645 2298 dolere
1673 2238 1815 2310 quod

219 2353 449 2412 semper
480 2349 629 2395 amat
653 2337 1007 2410 perdentem?
1035 2336 1114 2391 Ex
1143 2350 1204 2393 se
1233 2343 1495 2391 excusent
1521 2345 1629 2398 me,
1651 2331 1697 2386 si
1732 2344 1818 2387 me

220 2432 419 2493 vident
456 2432 510 2487 in
538 2445 618 2486 se.
653 2429 909 2500 Alioquin
934 2428 1020 2486 vel
1047 2437 1102 2484 tu
1131 2427 1371 2498 intellige
1397 2440 1562 2496 quam
1599 2438 1819 2492 compa-

217 2519 451 2585 tienter,
480 2534 642 2589 quant
665 2518 1011 2576 consolanter
1033 2518 1135 2588 ipsi
1162 2519 1279 2573 hate
1313 2516 1516 2571 faciant
1544 2532 1559 2568 :
1590 2523 1646 2571 et
1673 2515 1819 2570 unde

218 2608 482 2664 mitescat
508 2608 661 2664 dolor
693 2623 868 2675 meus,
896 2624 1057 2680 quem
1098 2623 1260 2665 nemo
1285 2606 1401 2661 vult
1422 2605 1692 2662 consolari
1720 2605 1816 2676 qui

216 2706 431 2770 potest,
454 2712 615 2767 nemo
640 2706 821 2769 potest
845 2697 936 2767 qui
968 2698 1102 2752 vult.
1120 2695 1229 2753 Sed
1263 2696 1353 2751 ille
1373 2694 1466 2767 qui
1491 2696 1672 2750 omnia
1695 2709 1817 2765 quae

217 2787 342 2843 vult
364 2795 567 2857 potest,
589 2788 671 2844 sic
697 2787 1010 2844 consoletur
1037 2804 1143 2853 me,
1172 2797 1234 2842 ιιι
1251 2787 1463 2844 nullum
1491 2786 1814 2853 contristet;

214 2879 303 2934 s’c
327 2878 533 2934 nullum
554 2880 858 2947 contristet,
882 2888 940 2934 ut
966 2893 1206 2935 amorem
1227 2879 1301 2934 tui
1326 2879 1593 2951 integrum
1619 2876 1819 2950 ubique

215 2976 538 3024 conservet.
579 2968 775 3024 Amen.

668 3059 1006 3134 EPISTOLA
1042 3056 1259 3114 LXXVI
1295 3058 1395 3115 κ’.

781 3164 851 3202 Δί)
897 3161 1244 3204 ουιιτειιυιι.

211 3228 443 3297 Gratias
465 3236 622 3306 refert
643 3252 665 3292 :-
683 3246 729 3291 et
758 3237 822 3293 de
846 3236 1127 3358 proposita:
1154 3233 1454 3307 qttmtionis
1484 3229 1743 3288 solutione
1761 3247 1818 3286 se

909 3321 1101 3358 excusa
1129 3343 1144 3358 .

909 3321 1144 3359 excusat.

293 3394 536 3450 Domino
563 3403 755 3465 sponte
785 3393 1051 3466 diligenti,
1094 3394 1292 3450 merito
1344 3392 1572 3461 dilecto,
1610 3407 1719 3448 non
1758 3399 1819 3447 ut

206 3491 418 3561 ignoto
465 3486 560 3542 sed
609 3495 667 3541 ut
705 3486 961 3547 familiari
991 3486 1168 3544 amico
1189 3485 1486 3544 Guaursno
1511 3484 1682 3540 frater
1708 3487 1815 3540 An-

207 3593 457 3643 ssuws,
510 3577 654 3648 quod
691 3592 841 3634 suus.

288 3667 355 3723 Si
390 3681 489 3722 cor
524 3683 705 3722 meum
739 3675 884 3722 esset
914 3666 1092 3739 lapide
1137 3666 1329 3724 durius
1358 3676 1415 3724 et
1445 3666 1620 3739 glacie
1663 3667 1818 3739 frigi-

207 3760 372 3825 dius,
409 3757 599 3830 utique
623 3758 848 3815 deberet
883 3759 1156 3816 calescere
1182 3766 1306 3830 igne
1333 3768 1532 3815 vestrae
1575 3759 1819 3816 dilectio-

204 3848 330 3912 nis,
384 3856 445 3903 et
471 3848 789 3905 mollescere
834 3848 955 3905 oleo
990 3858 1185 3904 vestrae
1231 3848 1405 3904 dulcis
1449 3849 1816 3906 allocutionis.

206 3938 410 3994 Tanto
437 3954 672 4011 namque
700 3939 933 4012 ﬂagrant
958 3940 1245 3996 charitatis
1275 3941 1505 4006 ardore,
1538 3951 1687 3996 tanto
1710 3940 1814 3996 fra-

201 4039 388 4115 grant
416 4030 771 4103 benignitatis
802 4033 970 4088 odore
994 4073 1013 4098 ,
1046 4041 1197 4087 tanta
1242 4032 1513 4087 suavitate
1560 4040 1687 4088 sunt
1723 4031 1815 4101 ju-

203 4120 442 4184 cunda,
477 4120 555 4175 sic
594 4130 721 4176 sunt
760 4122 994 4179 salubris
1032 4122 1418 4178 admonitionis
1460 4123 1707 4179 fecundae
1746 4124 1819 4157 ³³⁸

198 4207 429 4264 littera
478 4211 678 4280 quibus
721 4228 856 4269 mete
880 4213 1137 4283 parvitati
1168 4223 1349 4269 vestra
1389 4214 1610 4285 dignata
1639 4224 1726 4291 est
1755 4231 1818 4272 se

121 4333 132 4345 -
193 4301 512 4357 notificare
560 4291 1017 4371 duleif’dilectio,
1047 4313 1104 4361 et
1147 4305 1344 4360 dilecta
1397 4307 1715 4376 prudentia,
1755 4316 1817 4364 ut

1476 213 1603 271 LIB.
1640 214 1685 283 1,
1720 211 1940 269 EPIST.
1978 211 2234 270 LXXVII.
2846 266 2852 271 .

236 338 389 399 Certe
424 337 473 394 si
497 336 682 394 mittas
725 345 946 391 omnem
990 335 1296 387 aromatum
1324 325 1568 393 odorem,
1594 338 1812 382 omnem
1840 328 1889 391 Α
1916 322 2126 379 vultum
2155 322 2295 392 ejus,
2319 330 2377 381 et
2425 317 2649 379 audiant
2683 333 2854 379 annos.
2884 333 3019 377 meae
3047 332 3234 374 vocem
3270 316 3407 387 ejus,
3434 328 3493 378 et

3352 206 3496 264 1M6

1917 411 2128 467 fruatur
2151 412 2331 467 anima
2356 425 2475 468 mea
2500 410 2788 480 praesentia
2800 407 2920 479 ejus.
2936 409 3030 479 qui
3057 420 3146 462 me
3168 408 3495 478 tantoiguo-

1919 508 2005 555 tus
2020 499 2261 571 ignotum
2277 514 2462 556 amore
2485 499 2656 570 gratis
2680 486 3124 569 anticipavit,'qui
3147 513 3233 553 me
3259 504 3369 566 tam
3388 499 3494 553 uti-

1915 588 2042 651 liter
2084 591 2364 645 absentem
2389 590 2584 645 litteris
2620 589 2898 646 exhortari
2939 589 3008 643 ad
3033 587 3337 659 profectum
3378 598 3494 645 stu-

1915 677 2050 743 duit,
2083 679 2177 750 qui
2222 694 2309 735 tne
2359 689 2466 734 tam
2518 680 2809 750 prudenter
2840 677 3005 746 bona,
3052 678 3097 734 si
3146 693 3252 749 qua
3283 688 3411 735 sunt
3439 679 3493 733 in

1915 785 2024 836 me,
2051 771 2327 828 custodire
2353 771 2696 842 praemonuit.
2746 772 2811 828 Et
2838 770 3042 826 utinam
3075 770 3157 827 sic
3193 786 3320 826 vera
3349 780 3496 829 esset

1915 861 2271 927 existimatio,
2296 879 2483 933 quam-
2513 862 2655 917 fama
2701 862 2982 917 hominum
3022 872 3225 918 temere
3270 862 3496 932 loquen—

1917 956 2053 1010 tium
2096 950 2248 1029 quod
2301 953 2552 1006 nesciunt
2586 953 2652 1006 de
2688 966 2776 1007 me
2816 966 2912 1005 vos
2966 950 3187 1013 doeuit';
3218 951 3491 1017 quomodo

1916 1044 2227 1102 necessaria
2253 1041 2385 1097 mihi
2416 1051 2501 1098 est
2527 1052 2706 1097 vestra
2730 1041 3047 1106 admonitio,
3077 1055 3198 1113 qua:
3222 1056 3288 1096 ex
3315 1053 3492 1095 auun-

1915 1135 2100 1194 danlia
2144 1136 2299 1191 bona:
2320 1133 2617 1191 voluntatis
2646 1142 2701 1189 et
2738 1149 2803 1189 es
2838 1132 3091 1205 prudenti
3139 1131 3335 1199 intuitu
3388 1131 3494 1186 hu-

1915 1240 2090 1281 mante
2132 1223 2440 1293 fragilitatis
2470 1223 2763 1300 processit.
2795 1220 2901 1278 Per
2944 1222 3128 1277 omnia
3176 1220 3496 1283 benedictus

1916 1317 2082 1381 Deus,
2120 1315 2211 1387 qui
2244 1329 2342 1371 vos
2373 1324 2521 1370 tanta
2552 1315 2820 1369 charitate
2866 1313 3078 1379 ditavit,
3106 1322 3213 1366 tam
3258 1311 3497 1366 charita-

1915 1411 2023 1465 tiva
2062 1407 2425 1464 sollicitudine
2466 1405 2732 1461 incitavit.
2774 1403 2969 1458 Videat
3022 1402 3138 1473 ipsc
3167 1400 3500 1461 desiderium

1915 1513 2116 1573 meum,
2148 1506 2207 1551 ut
2237 1495 2530 1567 aliquando
2560 1509 2775 1551 merear
2803 1493 2873 1525 ³¹¹
2905 1494 2956 1547 ἰιι
2986 1493 3094 1547 Deo
3122 1490 3318 1561 placita
3363 1504 3498 1544 eon-

1914 1589 2224 1644 versatione
2255 1589 2335 1643 sic
2365 1597 2542 1642 vestra
2571 1586 2834 1642 societate
2861 1584 3064 1648 laetari,
3118 1592 3176 1637 ut
3206 1581 3349 1637 nulla
3378 1596 3499 1652 pose

1915 1685 2086 1740 simus
2114 1683 2363 1739 viventes
2393 1680 2693 1734 mutatione
2717 1668 3022 1734 dissociari.
3052 1676 3129 1731 De
3176 1673 3505 1744 quaestionis

1916 1777 2186 1832 solutione
2234 1789 2396 1844 quam
2445 1788 2475 1826 a
2507 1786 2597 1826 me
2633 1771 2811 1832 scribi
2848 1768 3097 1838 poscitis,
3149 1767 3343 1821 scitote
3370 1764 3500 1834 quia

1916 1882 2018 1924 nec
2045 1866 2215 1922 otium
2246 1880 2348 1920 nec
2375 1862 2687 1919 facultatem
2722 1861 2918 1924 habeo,
2948 1865 3007 1912 ut
3035 1857 3103 1912 ad
3144 1855 3496 1911 hoc‘credam

1914 1974 2002 2015 me
2027 1956 2295 2014 sufficere.
2327 1953 2552 2010 llabetis
2581 1952 2859 2009 vobiscum
2901 1949 3157 2005 domuum
3183 1957 3238 2003 et
3281 1946 3501 2003 Patrem

1916 2058 2160 2103 nostrum
2193 2044 2553 2101 reverendum
2601 2042 2853 2097 abbatem
2900 2039 3252 2103 Gerbertum,
3281 2037 3373 2109 qui
3404 2053 3502 2093 γοα

1915 2138 2002 2193 bis
2027 2139 2227 2209 desea,
2256 2149 2421 2206 quam
2460 2131 2782 2204 scripsistis,
2812 2129 3139 2201 qumstione,
3170 2138 3226 2184 et
3275 2129 3340 2183 de
3380 2127 3503 2182 aliis

1917 2243 2015 2299 pro
2039 2227 2237 2297 quibus
2280 2239 2379 2280 vos
2422 2223 2561 2279 velle
2588 2236 2766 2277 meam
2802 2220 2956 2275 adire
2984 2218 3306 2289 parvitatem
3335 2216 3505 2289 signi-

1916 2298 2140 2385 flcastis,
2154 2315 2350 2371 melius
2368 2320 2545 2384 potest
2564 2327 2805 2384 praesens
2831 2309 3204 2380 eolloqueudo,
3218 2323 3380 2378 quam
3403 2298 3509 2378 ego

1915 2407 1999 2463 vel
2026 2405 2315 2478 loquendo,
2343 2403 2429 2458 vel
2473 2402 2760 2459 scribendo
2797 2400 3133 2456 satisfacere.
3175 2397 3378 2452 Precor
3420 2404 3504 2449 ta-

1918 2514 2064 2565 men,
2095 2513 2162 2553 ne
2204 2494 2550 2566 despicienda
2576 2508 2753 2548 meam
2792 2490 3118 2553 fatuitatem,
3144 2487 3510 2542 eontemnatis

1918 2591 2096 2647 visere
2123 2595 2369 2644 nostram
2414 2583 2763 2640 charitatem.
2792 2580 2923 2635 Plus
2953 2578 3097 2635 enim
3128 2577 3288 2632 debet
3332 2575 3503 2630 amari

1918 2683 2159 2741 charitas
2214 2694 2378 2750 quam
2422 2676 2670 2734 scientia.
2710 2671 2941 2729 Scientia
2983 2670 3120 2725 enim
3153 2669 3341 2738 inﬂat,
3377 2667 3506 2721 elia-

1919 2776 2052 2830 ritas
2097 2788 2220 2829 vero
2256 2768 2487 2839 wdiﬁeat
2534 2765 2586 2837 (Ι
2618 2763 2743 2820 Cor.
2793 2778 2922 2824 vtn.
2954 2761 3031 2830 l).
3069 2759 3310 2828 Denique
3360 2771 3507 2827 quo-.

1919 2867 2063 2924 niam
2092 2864 2240 2920 utilis
2277 2860 2457 2917 omnis
2482 2856 2710 2914 scientia
2752 2852 2953 2926 pendet
2977 2867 3044 2906 ex
3075 2848 3344 2905 charitate
3369 2864 3383 2901 :
3416 2847 3504 2902 Es

1918 2973 1982 3011 ea
2014 2951 2470 3026 quippeuniversa
2514 2945 2600 3001 lea:
2630 2945 2855 3015 pendet,
2895 2952 2944 2997 et
2990 2939 3254 3011 prapltela:
3281 2935 3503 3007 (Matth.

1845 3050 1893 3113 (ζ
1925 3059 2073 3108 xxtt,
2108 3041 2222 3113 40).
2252 3040 2320 3095 Et
2346 3036 2604 3108 quoniam
2654 3032 2745 3087 ubi
2789 3032 2895 3086 duo
2927 3030 3002 3086 rel
3050 3040 3155 3084 tres
3202 3026 3509 3099 congregati

1917 3130 2114 3201 fuerint
2156 3130 2214 3183 in
2267 3126 2474 3182 nomine
2513 3122 2741 3195 (Matth.
2790 3136 2948 3185 xvm,
2982 3119 3083 3189 20)
3123 3118 3391 3182 veritatis,
3430 3116 3509 3170 ibi

1917 3221 2034 3290 ipsa
2059 3234 2120 3274 se
2139 3231 2261 3273 esse
2290 3216 2345 3269 in
2372 3213 2554 3268 medio
2580 3224 2773 3267 eorum
2828 3209 2960 3264 dicit
3017 3207 3245 3264 consilio
3289 3207 3343 3260 in
3372 3219 3505 3274 pro-

1918 3306 2178 3363 missione
2207 3302 2474 3364 veritatis,
2504 3299 2550 3354 si
2580 3295 2996 3353 convenerimus
3041 3294 3097 3348 in
3142 3308 3251 3363 quo
3281 3292 3505 3346 nomine

1919 3414 2041 3456 cum
2087 3394 2282 3451 affectu
2328 3390 2647 3455 cbaritatis,
2676 3387 2804 3459 quia
2853 3385 3029 3443 oderit
3074 3384 3232 3439 nobis
3272 3380 3499 3438 scientia

1917 3489 2184 3547 veritatis.
2222 3484 2376 3554 Quod
2408 3476 2461 3538 si
2482 3481 2678 3545 scirem
2718 3478 2872 3535 vobis
2899 3492 3021 3533 esse
3053 3475 3383 3531 voluntatem
3411 3487 3507 3528 ve—

1918 3581 2101 3638 niendi
2149 3579 2218 3634 ad
2248 3592 2377 3644 nos,
2418 3572 2734 3629 mandarem
2780 3577 2991 3626 certum
3033 3565 3198 3639 350
3246 3575 3457 3634 tempus
3472 3603 3509 3637 κ,

1918 3670 2136 3744 quando
2164 3669 2270 3726 hoc
2295 3680 2533 3738 congrue
2560 3666 2747 3730 fieret;
2775 3677 2843 3718 ne
2867 3660 3006 3716 forte
3033 3657 3346 3730 aliquando.
3373 3669 3501 3711 cum

1918 3761 2062 3817 domi
2087 3775 2194 3815 non
2219 3773 2418 3820 essem,
2453 3754 2732 3810 venientes
2779 3751 2931 3806 vobis
2958 3764 3155 3804 vanum
3180 3747 3419 3802 laborem
3446 3752 3503 3801 et

1920 3850 2053 3907 mihi
2083 3848 2363 3904 tristitiam
2402 3842 2678 3898 faceretis.

2309 3929 2666 3989 ‘EPlSTOLA
2720 3927 2956 3985 LXXVII
2994 3926 3083 3980 m.

2521 4038 2589 4079 AD
2644 4034 2878 4075 ADALAII.

1923 4140 1988 4200 Ut
2011 4141 2123 4213 ipsa
2153 4137 2309 4195 militi
2336 4135 2820 4213 veteruno_ntilitioe
2852 4133 3178 4188 vacationem
3207 4130 3443 4200 impetret
3469 4145 3504 4184 ιι

2574 4207 2686 4276 ﬁlio
2726 4208 2843 4260 suo.

1993 4312 2324 4358 never-enea:
2342 4296 2577 4353 dominae
2600 4309 2714 4350 sua:
2726 4294 3023 4350 comitissa:
3035 4290 3384 4365 (2|)Autut,
3400 4286 3506 4341 fra-

193 4392 353 4455 nolit
385 4392 680 4464 quiescere
714 4409 872 4459 mens
918 4411 1060 4462 mea,
1094 4397 1267 4455 donec
1292 4396 1510 4457 videant
1533 4396 1678 4459 oeuli
1704 4397 1813 4457 mei
1844 4394 1892 4454 D
1918 4403 2000 4448 ter
2023 4392 2308 4446 ANSELIIUS
2327 4386 2771 4463 Beccensis,svita
2797 4393 3073 4463 peccator,
3098 4382 3286 4438 habitu
3312 4391 3503 4435 mona-

1500 4504 1733 4561 VARME
1769 4502 2174 4561 LECTIONES.

269 4589 355 4625 ³⁸⁸
389 4588 533 4643 Cum
556 4591 731 4644 eodem
755 4607 854 4645 ms.
892 4591 1087 4647 collata

187 4659 269 4693 “’
317 4659 474 4715 Cum
520 4661 702 4716 eodem
732 4677 834 4715 ms.
861 4660 1057 4715 collata

1231 4593 1302 4625 ³⁸⁰
1327 4592 1594 4655 Facunda:
1622 4610 1721 4649 ms.
1746 4592 2010 4653 foecundae

2153 4592 2219 4625 ²¹³
2253 4592 2545 4663 Aliquanto
2572 4607 2785 4649 merear
2814 4606 2915 4647 me.
2963 4588 3255 4661 aliquando
3288 4597 3502 4642 merear

1415 4776 1703 4834 JOANNIS
1743 4775 2022 4834 PlCARDl
2054 4775 2287 4833 NOTE.

267 4868 410 4942 (21)
453 4868 659 4942 Adda}.
692 4868 785 4927 Sic
806 4869 1002 4942 lygitur
1025 4869 1165 4940 apud
1187 4869 1551 4942 Guilhehnnm
1582 4869 1807 4942 Malme-

184 4938 569 5013 sbnriensem
595 4939 781 5013 Ιιϋκιιι
812 4938 887 5013 De
909 4938 1271 5013 gestiregum
1306 4938 1627 5013 Anglorum,
1668 4950 1724 4996 et
1753 4941 1808 4994 in

181 5011 427 5066 Hister.
475 5008 710 5065 Matthtni
742 5008 1299 5079 Paristerum'quia
1326 5010 1380 5065 id
1398 5008 1655 5066 'nominis
1683 5024 1810 5079 pro-

179 5081 357 5151 xime
391 5079 618 5135 accedit
655 5080 722 5133 ad
751 5080 1039 5151 dictionem
1085 5080 1363 5151 Anglicam
1403 5081 1727 5151 Adeling._i.
1754 5094 1808 5151 e.

178 5149 607 5232 nobilgtrtnseu
645 5157 984 5232 magnetem,
1028 5150 1145 5206 haec
1171 5138 1813 5232 "qttoqgerdaldfuerit

178 5220 307 5302 tilia
344 5218 659 5302 Guilbeimi
688 5218 955 5302 Victoris,
975 5218 1298 5302 cognomine
1321 5219 1504 5302 Nothi,
1528 5220 1672 5302 regis
1695 5223 1808 5302 An.

178 5291 467 5361 gloriam,
495 5290 687 5361 opinor
716 5291 916 5347 rectius
942 5288 1069 5361 legi'
1086 5289 1277 5361 Adela,
1318 5298 1378 5361 ιιι
1414 5289 1575 5361 etiam
1596 5288 1659 5344 in
1688 5288 1807 5361 epi-

174 5349 364 5415 stolis
387 5349 583 5413 lvonis
602 5358 950 5416 Carnoteusis
976 5349 1044 5414 εἴα
1068 5349 1315 5415 eamdem
1337 5359 1392 5423 5,
1417 5359 1507 5423 82,
1534 5360 1656 5423 138.
1682 5349 1807 5425 ηε,
1838 5386 1841 5391 ι

175 5429 325 5494 151),
370 5427 517 5494 161,
543 5428 676 5495 203;
705 5439 761 5484 et
784 5428 1078 5486 Guilbelmi
1113 5428 1558 5485 Gemmeticensis
1585 5430 1678 5485 lib.
1709 5444 1810 5484 vttt

156 5499 437 5571 illistor.
469 5501 666 5571 ducum
708 5499 1227 5571 Northtnannol'um,
1272 5515 1392 5571 cap.
1422 5500 1492 5554 54
1528 5508 1584 5556 et
1616 5500 1705 5556 39.
1752 5499 1811 5554 In

175 5568 370 5642 hujus
404 5567 602 5626 Adelte
630 5569 858 5645 gratiam
886 5568 1039 5647 Hugo
1066 5568 1296 5636 Floriaci
1335 5567 1401 5628 ad
1429 5571 1669 5640 Ligerim.
1692 5587 1811 5628 mo-

1915 4869 2150 4936 nacbus,
2192 4867 2410 4938 scripsit
2437 4867 2717 4924 historiar.
2747 4867 2839 4922 lib.
2888 4879 2939 4919 vt
2983 4862 3054 4918 ab
3091 4858 3500 4938 Abrahamoad

1918 4929 2149 5010 nepotes
2180 4929 2359 4995 Caroli
2400 4937 2623 5010 Magni,
2646 4951 2884 5010 quorum
2927 4933 3324 5010 autograpbttm
3353 4929 3501 4984 misit
3540 4974 3547 4979 .

1914 5002 2064 5066 lvoni
2092 5008 2413 5065 Carnoteusi
2440 5002 2585 5061 ιιιῖηο
2603 5002 2764 5069 illo,
2794 5015 2850 5060 ut
2877 5002 3120 5058 notatum
3140 5011 3225 5055 est
3245 5002 3297 5054 in
3316 5014 3502 5069 exem-

1915 5077 2052 5150 plari
2081 5080 2287 5150 scripto
2312 5077 2659 5150 Bibliotheca:
2708 5068 3046 5150 Victorianus,
3086 5072 3313 5150 necdum
3359 5068 3500 5150 typis

1917 5140 2066 5203 dato.
2097 5140 2223 5205 Haec
2252 5147 2467 5202 tandem
2507 5145 2713 5203 calcata
2741 5144 2925 5201 surculi
2964 5157 3182 5214 pompa,
3224 5140 3502 5214 Stephano

1916 5218 2157 5275 Blesensi
2193 5218 2394 5274 comite
2433 5224 2489 5275 et
2515 5214 2742 5286 conjuge
2776 5208 3247 5286 extreniutn'diem
3290 5208 3497 5286 functo,

1919 5289 2107 5344 videns
2156 5288 2267 5342 filio
2306 5301 2430 5342 esse
2475 5279 2725 5353 legitima.-
2765 5286 2942 5340 aetatis
2973 5283 3041 5337 ad
3089 5296 3178 5338 res
3210 5279 3497 5353 gerendas,

1920 5357 2034 5414 Deo
2059 5359 2241 5428 nupsit
2279 5348 3181 5428 in,Partirénone‘Marciniacensi,
3215 5348 3356 5405 'cum
3389 5348 3500 5428 ξ’(-

1923 5438 2040 5483 trus
2060 5417 2388 5483 venerabilis
2413 5434 2672 5490 praeesset
2700 5424 2984 5490 Cluniaco,
3005 5423 3164 5490 cujus
3199 5417 3500 5490 auctorita-

1923 5441 2040 5483 trus
2060 5441 2388 5483 veneramus
2453 5441 2672 5480 recesset
2700 5441 2984 5490 uumaco,
3005 5441 3164 5490 cujus
3199 5441 3500 5475 auctorita-

1922 5506 2030 5552 tem
2057 5497 2276 5566 respicit
2318 5497 2369 5553 id
2411 5441 2788 5562 gartbenonis,
2820 5495 2885 5566 in
2923 5508 3033 5566 quo
3060 5491 3229 5566 Itan
3242 5497 3384 5566 post
3417 5488 3503 5566 vi:

1923 5578 2033 5629 tam
2052 5558 2303 5645 religiose
2323 5574 2600 5641 peractam
2628 5558 2859 5624 excessit
2876 5558 3024 5622 an'no
3049 5562 3207 5620 115⁸1.
3238 5558 3502 5633 Stephani
