4056 6302
235 306 290 365 Η
300 304 363 363 ιιι

1581 302 1711 362 LIB.
1747 308 1811 372 ιι,
1846 303 2063 369 ειιιδτ.
2091 306 2182 365 Ill.

3344 307 3373 362 ί
3384 307 3488 365 £50

234 417 459 482 abbatis,
508 425 562 473 et
609 427 876 475 terrarum
923 432 1058 488 quas
1106 418 1359 474 similiter
1407 430 1534 489 post
1564 417 1803 486 ejusdem
1836 421 1881 477 Α
1907 421 2015 475 rari
2042 419 2300 491 (Philipp.
2326 434 2387 485 ιι,
2418 418 2511 491 l3)
2551 432 2650 490 pro
2673 419 2813 477 bona
2851 418 3129 475 voluntate
3151 418 3241 484 "'i
3268 433 3487 475 conser-

232 509 429 564 obitum
458 507 725 574 emimus,
757 518 814 564 ut
841 520 1047 566 taceam
1094 511 1304 581 signum
1336 523 1614 580 maguum,
1661 510 1804 579 quod

232 613 293 651 ex
318 611 425 651 uno
451 596 632 653 fracto
664 608 721 654 et
746 599 920 656 altero
947 601 1293 656 discordante
1322 600 1607 671 improvidi
1638 601 1806 657 incus-

230 690 421 759 pimus,
457 691 553 744 sed
598 690 770 747 multo
820 692 974 762 plura
1020 707 1180 762 quam
1243 693 1803 764 prtecogitaveramus,

229 779 467 836 addendo
502 790 558 835 et
607 783 963 848 insumeudo,
990 784 1081 839 vix
1128 783 1490 853 perfecimus;
1538 791 1594 838 et
1651 783 1805 853 plura

230 873 351 939 alia,
383 873 439 928 in
465 875 666 943 quibus
691 875 859 930 multa
889 882 1088 946 praeter
1135 875 1389 946 prtedicta
1433 875 1804 943 expendimus.

228 965 293 1021 Et
315 964 535 1035 quidem
578 965 805 1021 multum
849 982 1016 1037 prope
1063 967 1238 1037 tetigit
1280 966 1349 998 ³⁸⁷
1378 981 1476 1021 uos
1532 981 1706 1020 annus
1742 965 1809 1019 de

232 1071 336 1127 quo
368 1071 560 1111 sumus
609 1064 881 1126 utcunque
904 1059 1136 1129 egressi;
1165 1056 1259 1113 sed
1283 1057 1440 1114 valde
1458 1058 1678 1127 propius
1704 1056 1805 1111 mi-

227 1155 389 1203 natur
420 1146 577 1201 nobis
609 1146 662 1201 iu
691 1148 920 1217 penuria
973 1148 1265 1203 multarum
1321 1162 1502 1202 rerum
1556 1160 1730 1202 annos
1756 1147 1809 1200 in

227 1254 382 1309 quem
422 1252 609 1294 sumus
640 1238 890 1307 ingressi.
919 1238 1024 1296 Sed
1070 1240 1236 1309 Deus,
1269 1240 1361 1310 qui
1412 1239 1477 1293 de
1507 1238 1636 1293 caelo
1688 1252 1812 1304 pro-

224 1333 389 1402 spexit
437 1349 594 1393 super
635 1334 776 1404 ﬁlios
802 1334 1077 1388 Itommum
1105 1334 1279 1404 (Psal.
1310 1349 1423 1397 ιιι,
1446 1332 1525 1403 ‘5),
1557 1331 1813 1401 respiciat

227 1440 394 1496 super
424 1440 527 1481 nos
556 1426 622 1482 de
646 1425 903 1482 cordibus
931 1426 1344 1481 abundantium.
1372 1425 1661 1488 Prmterea,
1687 1437 1812 1477 cum

224 1532 442 1588 semper
481 1531 739 1589 egeamus
779 1526 962 1572 vestro
1011 1517 1236 1573 consilio
1285 1528 1341 1573 et
1388 1515 1623 1581 auxilio,
1671 1528 1815 1569 nunc

225 1609 456 1663 multum
481 1616 662 1664 vestra
708 1618 763 1663 et
807 1608 943 1664 cieri
998 1607 1300 1679 indigemus
1349 1605 1726 1668 subventione,
1759 1604 1813 1658 in

226 1699 313 1754 his
340 1698 594 1754 videlicet
609 1698 867 1754 Ecclesia:
888 1707 1086 1754 nostra:
1110 1695 1498 1767 negotiis,qu:e
1519 1707 1615 1763 per
1636 1693 1813 1747 vivam

221 1790 580 1859 praesentium
609 1791 801 1847 latoris
832 1805 1022 1846 vocem
1074 1788 1227 1845 vobis
1261 1804 1482 1845 necesse
1526 1787 1815 1842 habuimus

223 1881 508 1936 intimare.
536 1881 745 1949 Quibus
771 1882 1022 1952 cognitis,
1053 1881 1098 1935 si
1130 1881 1258 1951 quid
1286 1882 1437 1937 scitis
1467 1881 1610 1951 quod
1637 1881 1701 1935 ad
1748 1894 1812 1935 ea

223 1972 386 2028 nobis
440 1973 697 2043 prodesse
748 1970 964 2037 valeat,
1039 1971 1363 2041 quantocius
1414 1971 1571 2026 nobis
1626 1985 1816 2040 preca-

221 2078 351 2117 mur
389 2061 463 2093 m
486 2062 747 2117 sanctitas
785 2072 964 2116 vestra
998 2062 1321 2115 remandare
1360 2060 1593 2116 studeat.
1630 2059 1704 2114 De
1730 2061 1816 2117 his

220 2151 373 2205 enim
399 2149 654 2205 omnibus
682 2150 942 2221 placitare
976 2149 1222 2219 cogimur
1250 2164 1433 2204 coram
1468 2165 1614 2221 rege,
1636 2149 1817 2206 Domi-

218 2243 349 2298 nica
384 2243 476 2297 die
502 2250 626 2310 post
656 2240 855 2297 festum
883 2239 1056 2293 sancti
1081 2240 1309 2308 apostoli
1334 2240 1599 2295 Andra-aa.

741 2349 1073 2406 EPISTOLA
1128 2351 1170 2405 ll
1229 2350 1318 2403 ³¹⁹.

789 2458 859 2497 ΑΒ
894 2456 1262 2496 ιΑΜιιΑιιοωι.

215 2534 556 2606 Deferuntur
584 2536 771 2606 gratice
797 2533 857 2588 ob
886 2532 1294 2606 liberalitatem,
1319 2541 1368 2586 et
1406 2531 1678 2606 speciatim
1714 2547 1809 2585 vro

369 2620 508 2659 auro
524 2601 665 2675 quod
695 2604 764 2656 ad
788 2603 1166 2677 conﬁciendum
1192 2602 1407 2655 calicem
1439 2601 1670 2655 miserat.

293 2695 421 2750 Suo
484 2694 783 2749 revereudo
834 2692 1056 2758 domino
1110 2700 1165 2746 et
1228 2690 1377 2745 Patri
1429 2690 1817 2760 benignissimo

217 2784 651 2855 archiepiscopo
680 2783 1000 2838 Lsnrnsnco
1023 2782 1197 2837 frater
1223 2783 1511 2838 Anssuus
1534 2797 1657 2837 cum
1686 2798 1843 2841 con-7

212 2874 409 2929 servis
432 2882 488 2928 et
518 2873 755 2929 dominis
794 2872 908 2928 suis
940 2871 1203 2927 fratribus
1235 2871 1525 2927 Becceusis
1553 2872 1812 2943 cteuobii,

210 2964 370 3034 quod
411 2962 516 3017 sui.
1072 2970 1077 2975 '

287 3053 525 3108 Gratias
576 3067 799 3123 magnas
843 3051 1167 3107 mandamus
1196 3051 1250 3105 in
1294 3051 1486 3105 charta
1519 3065 1729 3121 magna:
1758 3059 1815 3105 et

209 3143 505 3213 frequenti
536 3152 730 3197 vestrae
755 3141 1017 3211 largitati,
1043 3150 1099 3194 ct
1130 3141 1425 3194 immensas
1456 3155 1735 3194 servamus
1756 3142 1810 3194 in

203 3233 394 3288 corde
437 3231 717 3285 immensae
768 3237 822 3283 et
865 3229 1135 3283 continua:
1174 3228 1332 3283 boum
1365 3228 1653 3282 voluntati.
1681 3228 1814 3283 Cum

201 3321 400 3383 enim,
439 3319 549 3373 Deo
577 3318 869 3388 largiente,
905 3325 1052 3371 tanta
1086 3318 1158 3373 sit
1181 3327 1360 3373 vestra
1390 3317 1819 3384 abundautia,ut

201 3412 396 3468 toties
427 3408 727 3479 supplendo
764 3416 1007 3463 nostram
1065 3410 1300 3479 inopiam
1347 3425 1688 3480 nequaquam
1720 3411 1815 3465 de-

199 3513 485 3557 crescere
516 3497 722 3567 possit,
753 3497 941 3567 utique
987 3505 1136 3551 tanta
1168 3505 1251 3552 est
1286 3497 1426 3551 bona
1449 3496 1719 3563 voluntas,
1761 3507 1820 3553 ut

1908 520 2000 567 vet
2019 521 2330 582 utrumque,
2356 525 2518 582 quem
2542 520 2738 566 vestrae
2759 510 3038 566 sanctitati
3063 518 3142 565 tot
3167 510 3306 567 bona
3333 509 3489 565 nobis

1909 600 2168 656 tribuenti
2200 596 2460 670 optamus
2489 599 2896 664 retributorem,
2931 599 3040 653 imo
3076 596 3344 652 lenerauti
3393 598 3490 652 da-

1908 706 2028 747 mus
2090 707 2190 763 pro
2238 691 2399 748 nobis
2450 691 2750 747 debitorem
2803 700 2856 745 et
2905 704 3247 760 sponsorem.
3288 687 3494 743 Securo

1909 782 2076 851 igitur
2102 792 2160 838 et
2182 783 2429 839 hilariter
2454 796 2581 838 cum
2625 780 2844 836 milleua
2893 794 3056 834 usura
3088 778 3359 849 recepturi
3391 777 3492 831 im-

1907 875 2148 945 pendite,
2187 875 2329 930 sicut
2357 875 2497 930 bene
2528 872 2861 943 iucmpistis;
2891 870 3014 940 quia
3046 869 3230 925 fallere
3276 883 3375 924 nec
3394 883 3492 924 vos

1910 981 2010 1022 nec
2034 981 2132 1022 nos
2156 965 2430 1029 volumus,
2446 980 2549 1020 nec
2565 965 2851 1035 lldejussor
2871 971 3056 1018 uoster
3077 969 3273 1030 potest.
3292 960 3492 1015 Servos

1909 1068 1965 1113 et
1987 1059 2126 1114 filios
2147 1067 2378 1121 vestros,
2409 1056 2608 1111 fratres
2646 1066 2890 1118 nostros,
2922 1053 2989 1107 ad
3026 1062 3200 1107 vestra
3228 1048 3494 1105 mittimus

1913 1151 2141 1222 vestigia
2171 1168 2184 1205 :
2216 1158 2268 1205 et
2320 1148 2461 1206 sicut
2487 1154 2665 1204 vestra
2694 1155 2826 1202 eunt
2865 1144 3131 1214 jussioue,
3161 1144 3231 1198 ita
3263 1142 3344 1198 vel
3375 1157 3493 1196 ma-

1912 1252 2099 1307 neant,
2120 1241 2206 1296 vel
2231 1242 2473 1306 redeant,
2508 1240 2596 1294 vel
2625 1237 2888 1310 quidlibet
2916 1246 3095 1307 agant,
3114 1234 3374 1304 quidquid
3396 1247 3497 1288 nos

1911 1331 2380 1396 ordiuaverimus,
2427 1340 2607 1386 vestra
2663 1328 3040 1399 dispositione.
3090 1325 3262 1381 Filius
3312 1333 3497 1379 vester

1913 1421 2103 1486 abbas,
2150 1429 2212 1475 ut
2255 1421 2429 1485 aiunt,
2472 1418 2781 1485 Becceusis,
2824 1417 3090 1471 mutuavit
3138 1415 3209 1447 ⁸⁸⁸
3254 1429 3284 1467 a
3338 1427 3498 1469 servo

1914 1520 2095 1569 vestro
2134 1510 2303 1566 fratre
2325 1510 2580 1566 Anselmo
2604 1523 2795 1562 aurum
2836 1508 2977 1577 quod
3008 1521 3107 1578 pro
3143 1505 3312 1561 calice
3343 1504 3498 1560 misi.

1916 1603 2035 1658 stis.
2051 1602 2186 1658 Nam
2218 1611 2273 1658 et
2314 1602 2416 1658 iste
2453 1602 2544 1672 qui
2576 1600 2801 1656 calicem
2834 1599 3059 1663 faceret,
3088 1614 3193 1653 non
3220 1598 3455 1653 habebat
3481 1614 3495 1650 :

1916 1704 1970 1751 et
2013 1695 2103 1750 ille
2158 1695 2376 1750 interim
2428 1709 2562 1750 auro
2604 1708 2743 1764 opus
2792 1692 3045 1748 habebat.
3073 1692 3177 1747 Sed
3202 1692 3496 1746 secundum

1846 1771 1890 1831 Β
1921 1797 2140 1857 pactum
2168 1801 2359 1841 aurum
2388 1785 2647 1841 reddetur
2690 1786 2979 1839 formatum
3008 1784 3062 1838 in
3093 1783 3340 1847 calicem,
3361 1791 3415 1837 et
3434 1797 3498 1837 ea

1920 1877 2095 1934 forma
2118 1893 2238 1948 qua:
2264 1877 2420 1933 vobis
2441 1877 2616 1948 magis
2639 1875 2816 1946 placet
2845 1875 2898 1929 in
2938 1874 3129 1929 calice.
3149 1873 3370 1928 interim
3402 1888 3502 1927 au-

1920 1978 2027 2024 tem
2050 1977 2235 2024 utetur
2262 1982 2452 2024 servus
2471 1976 2652 2023 vester
2669 1980 2734 2021 eo
2763 1965 2933 2021 calice
2973 1980 3134 2034 quem
3164 1964 3323 2019 Becci
3349 1964 3502 2034 prior

1919 2057 2189 2113 habuistis
2213 2056 2304 2124 ³’²,
2344 2064 2400 2111 et
2422 2055 2734 2111 succedenti
2765 2054 2935 2124 priori
2982 2052 3234 2116 dedistis;
3261 2051 3354 2106 sed
3396 2052 3505 2105 sci-

1920 2157 2034 2204 tote
2086 2149 2213 2219 quia
2265 2164 2458 2204 aurum
2511 2146 2600 2202 illc
2660 2146 2972 2201 nullatenus
2996 2144 3065 2176 "'
3089 2144 3367 2207 crederet,
3397 2142 3499 2196 nisi

1917 2248 2099 2292 vestra
2160 2238 2510 2307 tldejussioue
2561 2254 2577 2291 :
2618 2250 2717 2293 vos
2769 2236 2912 2291 enim
2962 2231 3322 2301 tidejussistis,
3373 2232 3502 2300 quia

1914 2328 2176 2398 iussistis.
2203 2327 2351 2384 Satis
2386 2336 2565 2383 autem
2589 2335 2741 2396 patet
2769 2326 2857 2379 cui
2910 2325 2976 2379 sit
3014 2324 3284 2377 lideudum
3330 2338 3396 2376 ne
3431 2320 3504 2354 ⁸⁸⁸

1921 2420 2022 2473 sub
2078 2418 2258 2473 Patris
2312 2428 2368 2474 et
2418 2416 2619 2473 domini
2675 2412 3020 2483 lidejussione
3072 2413 3213 2467 filius
3276 2415 3547 2491 servum‘

1920 2510 2093 2566 fallat.

2342 2601 2503 2675 342
2533 2597 2864 2656 EPISTOLA
2895 2596 2956 2652 Ill
2980 2596 3051 2630 "'

2493 2729 2561 2767 Αιι
2595 2724 2934 2767 ϐΟΝῡίΠᾸ-Ἱῖὶί.

1917 2801 2012 2859 Illi
2046 2804 2380 2874 quantumvis
2416 2803 2655 2870 epistola)
2691 2800 3008 2874 familiarem
3044 2796 3331 2874 amicitiam
3380 2814 3508 2874 pro-

1988 2867 2239 2937 testatur;
2275 2884 2322 2926 et
2355 2867 2636 2926 Becceuses
2673 2867 2960 2925 monachos
2989 2885 3120 2939 quos
3162 2868 3216 2920 iu
3260 2867 3506 2938 Angliam

1990 2945 2173 3009 mittit,
2201 2944 2249 2997 ei
2281 2943 2629 2997 commendat.

1993 3055 2223 3110 Domino
2269 3062 2325 3108 et
2370 3054 2568 3116 amico,
2601 3048 2748 3106 Patri
2786 3058 2841 3104 et
2886 3049 3087 3113 Fratri,
3113 3046 3412 3103 reverenda
3452 3054 3510 3101 et

1922 3146 2119 3200 dilecto
2149 3145 2403 3212 episcopo
2457 3143 2749 3197 Gonnum
2792 3142 2960 3196 frater
3011 3142 3317 3205 Ansnwus,
3364 3137 3509 3206 quod

1921 3235 2049 3289 olim
2082 3235 2224 3303 quod
2263 3249 2329 3287 ex
2369 3248 2477 3301 quo
2507 3234 2680 3302 magis
2708 3246 2807 3286 nos
2840 3231 3150 3284 dileximus.

1995 3323 2319 3391 Quanquam
2391 3321 2628 3390 dignitas
2682 3320 3041 3388 episcOpalis,
3094 3327 3149 3373 et
3201 3312 3508 3372 reverentia

1925 3414 2233 3468 sanctitatis
2263 3412 2343 3467 sic
2373 3422 2611 3466 vestram
2641 3411 2773 3465 mihi
2805 3424 3090 3480 personam
3122 3406 3511 3479 superexaltet,

1930 3514 1991 3559 ut
2019 3519 2107 3558 me
2136 3503 2292 3557 valde
2319 3502 2461 3557 infra
2491 3504 2705 3557 deserat
2730 3519 2743 3556 :
2770 3516 2983 3570 semper
3012 3499 3372 3569 tamcu,quod
3396 3513 3503 3553 non

201 3588 567 3645 abundantia
605 3588 764 3661 citius
826 3587 1107 3641 exhauriri
1152 3602 1314 3656 quam
1368 3587 1507 3642 bona
1567 3588 1819 3645 voluntas
1930 3601 2145 3649 tumore
2169 3592 2262 3647 sed
2289 3590 2889 3662 amoredico,pristiua
2920 3585 3514 3643 familiaritasetfami-

200 3679 397 3735 minui
430 3680 623 3750 possit.
650 3678 715 3732 Et
740 3678 905 3739 Deus,
937 3677 1028 3748 qui
1056 3678 1199 3732 dedit
1222 3677 1367 3732 vobis
1392 3689 1440 3732 et
1464 3679 1590 3733 velle
1615 3690 1664 3733 et
1686 3695 1817 3749 ope-
1926 3684 2080 3738 liaris
2138 3684 2379 3739 amicitia
2429 3684 2497 3738 ad
2549 3682 2914 3737 mounlitatcm
2963 3677 3049 3735 me
3107 3678 3353 3734 sublevat
3394 3692 3409 3730 :
3453 3684 3514 3729 ut

1536 3768 1771 3824 VARIAS
1811 3771 2212 3827 LECTIONES.

281 3842 361 3911 ἰ]
414 3839 646 3911 Multum
699 3840 874 3910 tetigit
897 3856 996 3899 ms.
1025 3839 1252 3911 multum
1277 3854 1443 3908 prope
1467 3840 1645 3911 tetigit
1789 3842 1859 3873 ³η
1897 3841 2228 3907 Quantocius
2256 3855 2550 3911 precamur
2570 3856 2669 3911 ms.
2695 3837 3018 3911 quantocius
3044 3835 3512 3911 nobis-precantur

203 3912 283 3944 ⁸²⁹
306 3909 536 3964 Collata
560 3926 676 3964 cum
703 3899 880 3965 coactu
905 3926 1053 3979 ms.”
1082 3909 1151 3940 ³¹⁰
1182 3899 1291 3979 Pro
1316 3899 1411 3963 sua
1441 3899 1715 3979 voluntate
1732 3927 1830 3964 ms.
1862 3899 1962 3979 pFo
1985 3912 2123 3965 bona
2151 3899 2427 3963 voluntate
2499 3911 2564 3942 ⁸⁹¹
2592 3899 2851 3979 Mutinam
2884 3923 2982 3979 ms.
3019 3899 3276 3979 ululavit“
3313 3899 3513 3979 filia-

200 3980 385 4039 luiisti
426 3995 508 4100 niis
556 3979 822 4035 habuistis
908 3978 977 4010 ³²³
999 3978 1077 4032 11Ιὶ
1104 3978 1407 4034 nullatenus
1433 3994 1530 4033 ms.
1569 3977 1657 4033 ille
1688 3970 2001 4036 nullatenus
2073 3980 2145 4013 ""
2175 3980 2478 4035 F‘idcndum
2506 3993 2574 4034 ne
2597 3995 2694 4033 ms.
2722 3976 3034 4041 videndum,
3068 3988 3135 4029 ne
3208 3972 3277 4004 ³’⁸
3304 3970 3513 4026 Collata

200 4066 334 4100 tum
386 4064 458 4100 eo
498 4065 576 4100 ειη
604 4064 701 4100 ηαδ.

200 4066 334 4104 cum
386 4064 576 4102 eoaem
604 4064 701 4101 "t8.

1402 4139 1680 4197 JOANNIS
1710 4141 1980 4199 PICARDI
2015 4143 2245 4199 NOTAE.

197 4238 523 4310 superatus
545 4236 599 4310 et
624 4228 741 4298 ipse
762 4227 812 4310 in
840 4227 1107 4310 lacrymas
1129 4226 1331 4285 eﬂ‘usus
1353 4229 1485 4310 nihil
1510 4230 1819 4310 dicerepo-
1925 4250 2048 4310 cum
2080 4233 2582 4310 Northmauuorum
2602 4230 2820 4310 cap._9._
2851 4229 3033 4282 videre
3060 4234 3163 4289 est,
3205 4225 3385 4290 mitto;
3416 4222 3513 4279 ad-

200 4297 361 4368 tuit;
395 4299 516 4371 vix,
543 4297 722 4371 tamen
753 4297 1018 4371 eluctatus
1061 4298 1115 4352 in
1162 4314 1351 4354 vocem
1395 4299 1624 4371 absolvit
1656 4297 1814 4371 tilias,
1930 4305 2195 4359 missurus
2223 4304 2462 4367 tertium,
2493 4303 2583 4371 qui
2613 4297 2693 4357 sic
2735 4302 2898 4354 habet
2927 4316 2939 4351 :

199 4358 480 4439 datisque
506 4368 1025 4439 benedictionelnet
1059 4383 1247 4439 pacem
1282 4370 1555 4439 omnibus,
1584 4378 1693 4423 tam
1723 4358 1818 4423 ab:-
1850 4377 1895 4434 ι)
1935 4420 1975 4439 η
2048 4358 2051 4359 ⁷
2204 4438 2225 4439 η
2258 4358 2303 4439 ίι

197 4438 409 4496 sentes
431 4453 598 4506 quam
629 4446 921 4505 praesentes
949 4438 1240 4504 immortali
1263 4454 1356 4493 eos
1380 4438 1521 4493 Patri
1543 4453 1819 4494 commen-

199 4511 395 4573 davit,
434 4522 506 4561 ac
529 4506 868 4578 discedentes
895 4507 1047 4578 (quia
1073 4506 1191 4574 plus
1217 4524 1323 4578 non
1362 4510 1598 4578 poteratl
1626 4519 1684 4563 ut
1724 4526 1822 4578 pro

196 4596 264 4636 se
308 4574 919 4647 orarentqpostul:ufit.i_
957 4575 1117 4647 Dolor
1156 4586 1211 4631 et
1259 4574 1509 4647 lacfymze
1546 4574 1822 4633 orationes

199 4652 459 4709 ﬁebant,
500 4644 625 4714 quia
654 4646 742 4698 vix
775 4646 851 4699 ‘ab
874 4644 954 4699 eis
982 4646 1219 4712 psalmus
1249 4644 1558 4702 continuari
1587 4647 1818 4713 valebat,

198 4722 344 4772 dum
381 4716 628 4784 quisque
664 4714 891 4784 alterum
937 4715 1280 4782 respiciebat,
1309 4717 1461 4783 quasi
1490 4716 1601 4784 jam
1635 4732 1826 4772 cerne-

197 4798 293 4869 ret
326 4782 562 4869 patr-eiu
606 4784 775 4869 fratre
790 4782 1068 4869 orbatum,
1099 4782 1418 4869 erumpebant
1444 4782 1503 4840 in
1532 4786 1819 4869 laerymas.

197 4853 426 4913 Coram
462 4853 559 4908 illo
589 4853 846 4923 plangere
879 4868 1219 4922 nequaquam
1249 4853 1537 4918 audebant,
1569 4853 1692 4923 quia
1725 4871 1821 4923 spe

195 4928 358 4982 bona
396 4924 772 4996 laetabundus,
793 4937 906 4996 non
936 4923 1296 4996 lacrytnantes
1325 4925 1418 4978 sed
1448 4925 1819 4996 laetanteseos

196 5011 423 5052 Olltnes
461 4991 650 5047 videre
670 4992 900 5047 volebat.
930 4991 987 5047 Si
1012 4991 1163 5060 cujus
1186 4994 1237 5047 in
1269 4992 1537 5063 lacrymas
1562 4995 1822 5049 concitati

200 5066 539 5135 singultum
566 5062 856 5135 sentiebat,
881 5062 1349 5135 cogufestimisolita
1387 5062 1651 5135 gravitate
1676 5078 1825 5135 com-

198 5131 517 5206 pescebat.
557 5150 577 5184 ι
617 5131 1010 5206 _'_l‘audetn_die
1056 5133 1279 5206 sabbati
1326 5134 1557 5206 mediam
1608 5134 1827 5206 circiter

198 5200 456 5262 noctem
507 5216 585 5256 vn
616 5201 840 5255 Kalend.
881 5200 1156 5270 Septemb.
1196 5203 1597 5258 sanctissimam
1628 5202 1829 5258 etllavit

198 5278 507 5337 animum,
555 5270 755 5325 Christi
800 5270 1065 5325 incarnati
1097 5287 1243 5326 anno
1289 5272 1446 5334 1078,
1495 5289 1605 5328 sua:
1648 5274 1827 5327 aetatis

199 5361 372 5400 almo
424 5355 656 5400 Lxxnv.
706 5341 1059 5395 mouachatus
1104 5357 1247 5395 thv.
1290 5342 1610 5397 Cadaveriu
1652 5343 1826 5397 media

201 5416 459 5469 exedra:
486 5410 834 5482 eminebiticte
863 5426 988 5465 area
1017 5411 1317 5482 conditum,
1348 5412 1610 5482 nigroque
1650 5412 1828 5482 lapide

197 5478 722 5609 lvariisreliigiebus
742 5477 930 5535 caelato
959 5488 1157 5535 tectum
1181 5480 1304 5547 fuit,
1342 5477 1501 5550 quiem
1525 5477 1670 5552 ipsis
1696 5477 1828 5537 ocu-

224 5570 277 5609 ts
306 5570 396 5609 vu
421 5569 467 5606 ι.

224 5570 277 5610 IS
306 5569 467 5609 Vllll.

286 5624 451 5679 Tres
487 5620 670 5675 titulos
712 5620 884 5674 eidem
934 5618 1107 5674 factos
1134 5619 1369 5675 habebat
1413 5621 1532 5675 eod.
1566 5621 1823 5677 Beccens.

200 5706 480 5763 quorum
526 5690 678 5757 duos,
707 5690 829 5760 quia
873 5690 1010 5763 apud
1056 5688 1320 5747 Gemmet.
1354 5690 1448 5746 lib.
1480 5706 1531 5747 vt
1564 5690 1699 5748 Hist.
1729 5692 1827 5747 du.

1928 4420 2232 4475 Humanum
2265 4420 2493 4488 lapsum,
2520 4416 2902 4488 qucmriucere
2943 4430 3044 4488 non
3062 4412 3309 4488 potuisti,

1925 4490 2236 4545 Couditione
2266 4506 2439 4553 verus,
2468 4483 2630 4540 Pater
2651 4485 2923 4549 Ilerluine,
2955 4483 3159 4537 subisti.

1928 4561 2111 4613 Primo
2137 4558 2345 4628 quidem
2375 4552 2542 4620 miles,
2566 4573 2682 4627 qua?
2709 4566 2827 4608 sunt
2856 4554 3038 4628 mundi
3070 4552 3314 4628 tenuisti;

1926 4623 2347 4684 Sed.ntiseraute
2381 4628 2487 4681 Deo
2510 4623 2763 4679 mundum
2792 4634 2904 4693 post
2928 4623 3228 4687 deseruisti,

1928 4697 2267 4766 Paupertatis
2290 4714 2422 4752 onus
2456 4699 2714 4764 patienter
2734 4711 2881 4766 sa'pe
2894 4694 3087 4766 tulisti,

1929 4762 2073 4822 Nam
2102 4777 2192 4820 tua
2222 4762 2543 4835 pauperibus
2565 4767 2826 4835 sapienter
2848 4762 3185 4835 distribuisti.

1928 4837 2083 4891 Βριτὶ
2113 4832 2366 4904 fundator
2394 4838 2593 4905 primus
2616 4832 2732 4902 ﬁeri
2754 4832 3009 4905 meruisti,

1928 4900 2210 4976 lpsittsq‘ue
2240 4905 2344 4959 loci
2374 4900 2660 4960 monachus
2692 4912 2958 4969 rectorque
2987 4900 3155 4976 fuisti,

1938 4968 2338 5045 Vivere'quique
2369 4992 2571 5045 gregem
2596 4981 2835 5045 sanctum
2861 4968 3032 5045 tecum
3058 4968 3287 5045 valuisti,

1930 5044 1989 5101 Si
2018 5046 2147 5116 quid
2159 5037 2286 5100 eum
2313 5037 2587 5116 premeret,
2619 5042 2853 5116 demere
2868 5042 3036 5116 patris
3056 5037 3307 5116 doluisti,

1930 5110 2153 5170 Munere
2183 5110 2360 5168 divino
2388 5114 2480 5165 tibi
2512 5111 2815 5165 commissos
2842 5110 3088 5163 docuisti.

1929 5185 2067 5240 Ecce
2092 5185 2187 5239 sub
2218 5184 2318 5236 liae
2356 5182 2558 5243 tumba,
2589 5182 2721 5235 ciuis
2746 5194 2820 5241 es,
2857 5179 2945 5232 cui
2974 5178 3204 5233 membra
3231 5176 3441 5231 dedisti.

1931 5254 2207 5308 Laudibus
2233 5270 2356 5316 erqo
2375 5253 2474 5320 piis
2515 5249 2796 5304 Becceuses
2834 5260 3161 5310 venerentur.

1931 5323 2133 5393 Deique
2160 5325 2253 5377 tibi
2280 5323 2536 5376 Dominus
2560 5335 2772 5390 regnum
2798 5319 3019 5386 cwleste,
3050 5328 3347 5388 precentur.

2001 5412 2376 5484 Necrologium
2412 5410 2568 5484 Beeei
2602 5407 2964 5484 bis_paucul_is
3005 5408 3122 5484 eius
3164 5408 3371 5463 obitum
3394 5417 3515 5484 tug-

1931 5492 2109 5539 morat
2156 5501 2169 5536 :
2228 5473 2261 5536 ἴ
2298 5498 2369 5536 vn
2411 5480 2636 5535 Kalend.
2683 5473 2961 5547 Septemb.
3009 5473 3141 5533 obiit
3192 5473 3517 5547 venerabilis

1933 5554 2206 5609 memorize
2235 5552 2486 5608 dominus
2510 5551 2679 5607 abbas
2717 5546 3008 5607 Herluiuus
3033 5558 3220 5619 pastor
3244 5557 3300 5603 et
3319 5546 3514 5603 funda-

1934 5637 2020 5679 tor
2057 5623 2218 5694 hujus
2239 5621 2491 5680 ctenobii.
2533 5640 2552 5674 ι
