4056 6302
592 351 739 412 -ιιςι
797 423 802 429 ,

1149 357 1208 416 S.
1252 359 1554 419 ANSELMI
1583 363 1936 423 CANTUAR.
1976 354 2295 420 ARCHIEP.
2335 356 2489 416 OPP.
2531 356 2713 416 PARS
2750 359 2836 416 In.
2867 390 2939 403 -—
2962 358 3342 421 EPISTOLJS.

3726 372 3850 429 “32

598 481 1082 543 quantumcunque
1121 474 1385 545 dignitate
1421 485 1477 532 et
1512 478 1720 533 meritis
1766 487 2022 533 strenuus
2061 478 2146 547 epi

2250 468 2388 532 ,nisi
2467 467 2586 523 sola
2641 471 2780 526 bona
2841 470 3124 525 voluntate
3173 487 3495 542 cognoscam
3528 473 3629 542 ⁸⁹⁸;
3687 488 3853 539 tamen

598 581 796 636 scopus
850 574 907 621 et
953 567 1181 637 ignavus
1217 569 1513 624 monachus
1558 580 1913 640 separentur,
1964 587 2179 643 semper

2282 568 2460 613 vestra
2493 569 2619 615 uota
2666 559 2851 615 multis
2891 559 3197 630 benignitas
3250 562 3379 617 facit
3429 579 3517 619 me
3543 566 3613 620 de.
3642 583 3701 624 se
3727 586 3853 638 pm.

598 664 778 712 tamen
810 656 1112 713 Goudulfus
1160 667 1216 714 et
1266 660 1557 716 Anselmus
1600 660 1856 717 familiari
1890 663 2150 719 dilection:

2279 663 2517 712 sumere,
2558 658 2645 714 ut,
2679 665 2802 704 cum
2829 665 2969 719 opus
3017 660 3133 714 est,
3163 668 3269 707 non
3305 653 3545 709 dubitem
3596 661 3740 727 quod
3767 677 3852 719 vos

593 744 934 809 copulentur.
961 747 1301 817 Quapropter
1334 765 1613 819 nunquam
1643 752 1825 806 minus
1851 768 2175 823 prtesumam

593 840 660 888 de
703 834 857 890 vobis
906 849 1128 907 propter
1159 853 1399 895 vesnum
1452 842 1855 914 episcopatum,
1895 860 2172 914 nunquam

590 926 772 981 minus
793 929 1059 984 confidam
1087 940 1310 1001 propter
1339 942 1576 988 vestram
1624 936 2009 1001 sanetitatem;
2042 938 2171 1008 quia

589 1031 805 1078 semper
826 1035 993 1075 unum
1020 1035 1118 1076 cor
1145 1038 1352 1087 sumus,
1396 1035 1623 1094 propter
1656 1041 1841 1097 parem
1865 1026 2171 1085 dilectionis

587 1105 1040 1164 familiaritatem.
1068 1110 1181 1166 lmo
1226 1121 1380 1167 tanto
1404 1130 1606 1184 magis,
1637 1116 1728 1169 ubi
1773 1116 1911 1170 ratio
1954 1116 2167 1187 exiget,

586 1207 792 1266 quanto
824 1200 996 1271 magis
1023 1201 1178 1257 vobis
1226 1196 1465 1272 suppetit
1489 1216 1545 1260 et
1577 1205 1630 1259 in
1678 1208 1907 1261 terrenis
1935 1206 2167 1264 facultas

583 1302 653 1345 ex
695 1290 985 1359 dignitate,
1026 1301 1082 1347 et
1138 1293 1191 1348 in
1247 1295 1619 1366 spiritualibus
1669 1299 2049 1367 opportunitas
2096 1316 2165 1357 ex

582 1382 898 1436 sanctitate.
931 1381 1067 1438 Cum
1112 1386 1256 1439 enim
1314 1386 1365 1440 in
1416 1387 1520 1441 ltoc
1565 1404 1664 1456 par
1713 1389 1787 1443 sit
1817 1389 2067 1445 voluntas
2109 1394 2162 1449 in

582 1479 833 1541 utroque,
848 1480 906 1526 ut
936 1474 1184 1543 quisquis
1205 1476 1331 1531 velit
1356 1476 1585 1533 alterum
1612 1480 1869 1549 prodesse
1899 1493 2162 1550 quantum

581 1569 780 1630 potest,
816 1578 1043 1621 necesse
1086 1574 1170 1621 est
1195 1575 1256 1622 ut
1280 1568 1404 1637 plus
1438 1568 1528 1624 ille
1553 1571 1747 1640 prosit,
1773 1573 1862 1641 q'ui
1906 1574 2027 1644 plus
2066 1592 2163 1645 po-

582 1660 706 1706 test.
732 1652 960 1722 Oportet
1004 1670 1137 1727 ergo
1175 1668 1236 1711 ut
1278 1657 1398 1728 plus
1443 1669 1687 1716 vestram
1739 1662 1871 1718 mihi
1910 1680 2159 1737 magnam

578 1743 917 1800 devotionem
973 1751 1114 1817 apud
1170 1749 1338 1803 Deum
1403 1751 1664 1820 prodesse
1717 1755 1941 1820 curetis,
1991 1774 2155 1826 quam

2277 754 2383 793 non
2423 740 2702 806 dedeceat,
2737 750 3017 810 expetere.
3070 740 3206 797 Nam
3258 753 3314 799 et
3343 759 3443 814 ego
3476 761 3723 815 paratam
3764 768 3852 808 uo-

2275 839 2444 885 stram
2502 830 2677 888 fateor
2711 831 3040 887 voluntatem
3072 832 3138 887 ad
3190 836 3573 903 obedicudum,
3604 842 3653 896 si
3682 853 3848 898 vestra

2273 920 2575 989 paternitas
2605 935 2636 975 a
2666 936 2783 975 utea
2811 924 3080 991 parvitate
3114 923 3318 989 aliquid
3360 928 3613 999 exigeret
3659 931 3850 990 facien-

2274 1008 2429 1065 dum.
2462 1010 2674 1080 Quippe
2703 1019 2758 1065 et
2807 1011 3065 1075 citat-itas.
3098 1029 3260 1084 quam
3287 1014 3506 1088 semper
3535 1022 3696 1077 nobis
3726 1024 3850 1079 iuri-

2277 1115 2396 1155 ccm
2422 1102 2701 1173 debemus,
2730 1107 2871 1161 sicut
2911 1114 3130 1175 paratos
3177 1121 3277 1162 nos
3306 1107 3437 1164 facit
3456 1111 3527 1166 ad
3557 1113 3849 1180 obsequen-

2269 1191 2420 1257 dum,
2457 1193 2529 1247 ita
2576 1195 2804 1251 fidentes
2833 1193 3008 1250 reddit
3034 1196 3103 1250 ad
3132 1198 3485 1265 poscendum.
3518 1201 3852 1276 Quapropter

2267 1284 2548 1341 conlidens
2595 1287 2662 1342 de
2710 1297 2982 1358 pramepto
3029 1289 3317 1346 charitatis
3371 1301 3430 1348 et
3481 1297 3846 1365 experimento

2265 1382 2461 1429 vestrae
2488 1375 2935 1446 benignitatis,et
2954 1380 3288 1436 conscientia
3307 1390 3510 1440 nostrae
3537 1384 3842 1456 voluntatis,

2264 1466 2586 1522 commendo
2628 1476 2823 1523 vestra:
2866 1478 3107 1539 pateram
3137 1473 3394 1529 charitati
3423 1483 3482 1530 ct
3513 1476 3845 1536 cbaritatim

2262 1558 2580 1626 paternitati
2617 1558 2816 1614 fratres
2844 1570 3081 1629 nostros,
3124 1579 3263 1634 quos
3306 1565 3360 1619 in
3398 1566 3657 1639 Angliam
3686 1570 3845 1626 mitti-

2266 1663 2421 1714 mus;
2449 1660 2740 1720 quatenus,
2769 1654 2859 1708 ubi
2904 1670 3042 1726 Opus
3087 1657 3213 1720 erit,
3242 1667 3426 1714 vestro
3474 1644 3849 1720 sustineantur-

2262 1741 2699 1810 auxilio;vestro
2739 1755 2999 1816 regantur
3048 1748 3309 1815 consilio,
3337 1760 3522 1808 vestra
3570 1754 3843 1825 diligentia

577 1849 754 1889 meam
795 1837 939 1906 (quae
969 1839 1152 1908 utique
1200 1849 1296 1894 aut
1319 1816 1455 1897 fere
1496 1843 1639 1898 nulla
1670 1844 1775 1915 est)
1797 1816 2056 1915 prodeng
2084 1848 2156 1883 ιη
2188 1816 2232 1877 Β
2262 1830 2370 1885 vita
2399 1847 2588 1889 eorum
2621 1835 3033 1904 exquiratur,et
3058 1848 3242 1893 vestra
3259 1854 3491 1896 censura
3518 1843 3844 1914 approbetur

577 1925 729 1980 vobis
755 1929 1108 1996 exspectetis.
1139 1929 1248 1984 Nec
1273 1931 1377 1986 hoc
1408 1932 1553 1997 dico,
1581 1941 1640 1987 ιιι
1666 1950 1766 2004 pro
1810 1952 1943 1993 vero
1978 1940 2156 1994 amico

574 2029 693 2069 meo
725 2032 830 2071 non
868 2034 1044 2085 orem,
1069 2021 1211 2074 sicut
1234 2036 1486 2088 possum;
1517 2024 1609 2078 sed
1638 2033 1700 2079 ut
1720 2028 2003 2082 ostendam
2024 2030 2151 2099 quia

573 2103 736 2159 nimis
788 2121 979 2175 parum
1028 2118 1110 2163 est
1140 2112 1281 2179 quod
1331 2124 1894 2185 possnm:quatemts
1940 2121 2029 2177 ille
2058 2123 2150 2191 qui

572 2192 692 2261 plus
718 2204 921 2263 potest,
956 2196 1178 2266 adjuvet
1222 2202 1371 2256 illum
1414 2206 1505 2273 qui
1556 2207 1738 2263 minus
1763 2220 1970 2278 potest,
1996 2221 2056 2266 ut
2082 2213 2150 2274 ad

572 2282 716 2340 illius
753 2295 811 2340 et
845 2303 1004 2344 suum
1044 2306 1181 2360 opus
1208 2292 1328 2362 plus
1355 2296 1548 2365 possit.
1577 2296 1687 2354 Nec
1743 2300 1943 2357 idcirco
1969 2312 2152 2359 vestra

569 2388 665 2443 pro
684 2390 770 2430 me
794 2374 953 2432 debet
980 2382 1158 2436 oratio
1188 2382 1405 2453 frigere,
1429 2387 1557 2455 quia
1589 2404 1707 2444 mea
1732 2404 1832 2456 pro
1860 2392 2011 2448 vobis
2038 2411 2148 2451 non

567 2462 999 2537 valetmqualiter
1014 2468 1510 2546 fervere.Quisquis
1535 2479 1678 2534 enim
1702 2480 2145 2554 diligitaliquem,

565 2561 657 2607 aut
682 2570 779 2623 per
797 2555 1142 2616 dilectionem
1169 2565 1390 2631 prodest
1412 2568 1572 2623 alicui
1596 2586 1610 2622 :
1642 2570 1841 2627 scitote
1871 2574 1999 2642 quia
2024 2575 2147 2644 plus

563 2643 661 2698 sibi
681 2645 925 2715 prodest,
952 2664 1115 2718 quam
1145 2652 1235 2707 alii
1272 2653 1361 2708 ³³⁷.
1390 2656 1556 2713 Multo
1587 2675 1823 2731 namque
1864 2643 2038 2734 majus
2061 2675 2145 2721 est

562 2737 705 2804 quod
766 2747 912 2794 tenet
959 2741 1131 2810 ipsam
1190 2745 1533 2812 cbaritatem,
1562 2765 1725 2819 quant
1775 2744 1871 2808 sit'
1900 2753 1951 2807 id
1999 2755 2143 2823 quod

560 2836 782 2897 przestat
814 2831 902 2886 alii
928 2848 1028 2903 per
1048 2826 1392 2893 cbaritatem.
1422 2826 1517 2895 lsti
1539 2842 1682 2896 enim
1722 2844 1774 2898 id
1800 2845 1972 2900 solum
1996 2848 2142 2916 quod

558 2915 797 2972 charitas
821 2920 887 2974 ad
915 2931 1129 2993 tempus
1157 2933 1357 2992 potest,
1402 2930 1660 2985 trilmitur
1690 2932 1794 2998 m;
1822 2933 1898 2988 illi
1930 2915 2060 2992 vero
2086 2944 2142 2991 et

557 3004 645 3059 llic.
675 3005 787 3074 ipsa
828 3010 1069 3066 citaritas
1120 3015 1400 3083 tribuitur,
1430 3027 1484 3073 et
1539 3021 1592 3074 in
1648 3020 1832 3077 futuro
1875 3033 2139 3093 quantum

556 3093 668 3161 ipsa
700 3104 783 3149 est
810 3099 1502 3161 rctrilmitur.Coinmendo
1525 3116 1721 3164 vestra:
1746 3120 1986 3180 paternae
2011 3113 2139 3168 cha-

554 3186 699 3240 ritati
746 3197 801 3242 et
837 3185 1180 3248 clta‘ritativte
1216 3198 1531 3265 paternitati
1563 3199 1763 3257 fratres
1813 3211 2031 3260 nostros
2077 3216 2135 3261 et

553 3287 792 3341 vestros,
822 3295 959 3347 quos
992 3282 1045 3339 in
1075 3283 1326 3355 Angliam
1354 3288 1646 3354 mittimus;
1696 3300 1989 3360 quatenus,
2038 3295 2129 3350 ubi

550 3381 685 3434 opus
735 3371 862 3432 er't,
894 3383 1080 3430 vestro
1119 3377 1495 3434 sustineantur
1535 3381 1772 3447 auxiliu,
1809 3395 1994 3440 vestro
2045 3400 2132 3440 re-

548 3465 745 3522 gantur
807 3462 1034 3517 consilio
1074 3504 1090 3529 ,
1164 3475 1349 3522 vestra
1410 3470 1688 3542 diligentia
1753 3475 1866 3529 vita
1940 3492 2129 3535 rorum

549 3549 871 3614 exquiratur
922 3563 976 3608 et
1005 3565 1186 3612 vestra
1210 3574 1442 3616 censura
1474 3565 1804 3632 approbetur
1840 3567 1925 3623 vel
1954 3570 2129 3623 corri-

548 3645 722 3706 gatur.

1042 3735 1380 3795 EPISTOLA
1427 3741 1493 3795 ιν
1533 3743 1626 3809 m,

1116 3866 1140 3905 Α
1150 3867 1180 3904 ιι
1214 3869 1541 3920 ΒΑιυυιΝωεα

548 3926 1101 4020 Cammerrtlutisstmos
1146 3939 1429 4000 Becconres
1478 3948 1758 4020 monachos
1802 3949 1855 4002 in
1880 3950 2123 4020 Angliam

682 4017 987 4072 nartgnmes
1014 4017 1126 4077 ejus
1153 4026 1297 4066 rurae
1322 4030 1386 4067 ac
1412 4017 1651 4084 regimini
1677 4017 1974 4074 committit.

611 4108 837 4171 Dotnno.
855 4124 908 4167 et
938 4114 1078 4171 Patri
1110 4122 1406 4177 reverendo
1433 4123 1614 4180 abbati
1648 4124 1923 4184 Bumumo
1957 4129 2124 4185 l'rater

542 4200 845 4270 Amasenus,
875 4207 926 4260 iu
976 4208 1077 4264 hoc
1112 4212 1309 4268 smculo
1338 4224 1549 4280 sancte,
1594 4225 1651 4271 et
1677 4218 1729 4271 in
1757 4217 1939 4277 futuro
1966 4222 2124 4279 beate

543 4304 740 4348 νινρινθ.

609 4380 867 4446 Quamvis
892 4384 954 4440 de
976 4396 1151 4443 vestra
1168 4392 1458 4449 sanctitate
1480 4408 1567 4451 me
1592 4397 1726 4452 nihil
1751 4400 2119 4469 promeruisse

2264 1922 2347 1977 rel
2374 1925 2698 1984 corriaatur.

2820 1995 3158 2054 EPISTOLA
3217 2001 3282 2055 V.

2856 2106 2923 2145 ΔΙ)
2946 2108 3239 2150 ﬂENBICUM.

2516 2170 2631 2246 Ipsi
2657 2178 2861 2233 eosdem
2897 2179 3179 2236 Rea-enses
3208 2185 3560 2241 commendat.

2324 2264 2532 2320 Domno
2570 2276 2627 2319 et
2665 2266 2822 2324 fratri
2871 2270 3197 2327 cbarissimo
3235 2270 3481 2330 ﬂammeo
3529 2275 3700 2332 frater
3728 2279 3837 2334 Λιι-

2249 2371 2449 2413 ssuus
2478 2359 2729 2415 salutem.

2318 2448 2470 2504 Licet
2509 2451 2831 2507 charitatem
2882 2464 3123 2509 vestram
3154 2454 3479 2513 fraternitas
3525 2471 3704 2516 nostra
3738 2477 3826 2515 ra-

2246 2537 2363 2593 rius
2394 2539 2703 2611 alloquatur
2749 2544 2802 2597 in
2855 2545 3114 2613 cpistola,
3155 2561 3497 2619 nequaquam
3530 2559 3707 2605 tamen
3745 2549 3830 2605 di-

2246 2626 2408 2683 lectio
2466 2631 2692 2700 tepescit
2738 2631 2791 2686 in
2839 2635 3199 2689 conscientia.
3225 2634 3520 2706 Postquam
3573 2640 3714 2694 enim
3761 2643 3837 2697 de

2243 2733 2373 2775 vera
2431 2724 2644 2779 ratione
2706 2725 2923 2781 dilectio
2973 2725 3116 2780 inter
3166 2727 3518 2783 rationabiles
3565 2731 3826 2796 nasritur,

2244 2825 2587 2881 nequaquam
2621 2814 2762 2883 ipsa,
2791 2816 3032 2884 quandiu
3065 2817 3216 2871 radix
3254 2818 3411 2881 vivit,
3444 2822 3826 2886 exstinguitur.

2241 2901 2582 2974 Quapropter
2626 2921 2728 2962 nec
2773 2922 2874 2977 ego
2921 2922 3024 2962 nec
3051 2924 3149 2961 vos
3189 2909 3256 2963 de
3300 2919 3485 2963 nmtna
3540 2912 3830 2969 dilectione

2241 2992 2499 3050 debemus
2551 2997 2824 3061 dubitare,
2862 2999 3120 3068 quoniam
3176 2999 3250 3053 uti
3306 3011 3493 3055 mutua
3539 3006 3827 3072 prteseutia

2242 3098 2348 3138 non
2376 3084 2621 3141 valemus
2643 3129 2659 3153 ,
2694 3089 2790 3141 sed
2817 3103 3031 3158 semper
3060 3089 3114 3142 in
3146 3088 3263 3156 ejus
3292 3090 3616 3146 certitudine
3635 3108 3826 3161 perse-

2165 3153 2211 3213 C
2242 3188 2457 3241 verare,
2483 3177 2722 3245 quandiu
2751 3193 2973 3232 causam
3011 3178 3239 3249 originis
3278 3178 3398 3249 ejus
3434 3181 3827 3239 immutabilem

2242 3269 2512 3318 tenemus.
2545 3264 2877 3321 Commendo
2925 3276 3118 3321 vestra:
3168 3266 3424 3322 fraternae
3476 3269 3723 3325 cbaritati
3766 3280 3825 3327 et

2239 3354 2579 3409 cltaritativm
2626 3355 2980 3420 fraternitati,
3018 3358 3218 3414 fratres
3269 3367 3488 3414 nostros
3508 3369 3563 3415 et
3589 3371 3821 3427 vestros,

2238 3460 2375 3514 quos
2402 3446 2454 3498 in
2476 3435 2723 3513 Angliam
2758 3448 3054 3512 mittimus;
3086 3457 3374 3518 quatenus,
3400 3449 3494 3504 ubi
3521 3465 3661 3520 Opus
3686 3453 3811 3515 erit.

2238 3546 2420 3591 vestro
2471 3539 2842 3592 sustineantur
2868 3539 3071 3593 auxilio
3091 3580 3105 3601 ,
3133 3549 3316 3595 vestro
3351 3550 3615 3610 regantur
3643 3544 3820 3597 coasi-

2238 3622 2339 3687 lio,
2396 3634 2573 3678 vestra
2625 3624 2904 3695 diligentia
2961 3625 3067 3680 vita
3116 3642 3304 3681 eorum
3352 3623 3702 3707 exquiratur,
3763 3638 3819 3687 et

2236 3723 2416 3766 vestra
2440 3729 2669 3769 censura
2698 3714 3028 3785 approbetur
3055 3715 3140 3769 vel
3169 3717 3501 3788 corrigatur.

2803 3802 3135 3861 EPISTOLA
3161 3804 3248 3860 Vl.

2340 3910 2567 3951 ANSELIII
2598 3912 2668 3951 ΕΤ
2697 3911 2916 3953 ηιολκυι
2944 3913 3011 3953 ΑΒ
3039 3912 3309 3952 ΒΙΟᾹΠῦΟΙ
3332 3914 3402 3954 ET
3426 3915 3713 3955 ποιμνίοις.

2230 3984 2319 4067 De.
2353 3984 3018 4067 beneficiisogmtinsmgit;
3074 3985 3469 4067 etpecceuses,
3532 4004 3665 4067 quos
3702 3987 3817 4067 ejus

2298 4056 2555 4177 gustatum
2607 4056 2664 4109 in
2726 4055 2970 4123 Angliam
3028 4056 3224 4124 mittit,
3291 4055 3405 4126 ejus
3478 4055 3816 4126 providentia

2338 4124 2536 4177 imittit.
3064 4172 3067 4177 .

2303 4212 2417 4270 Suo
2437 4212 2761 4268 cbarissimo
2799 4213 3018 4269 domino
3051 4215 3330 4280 Brenno,
3376 4223 3436 4270 et
3467 4230 3581 4270 sua
3603 4215 3814 4270 cbaris-

2227 4305 2379 4361 simte
2400 4304 2631 4360 dominae
2654 4303 2880 4360 Renum
2910 4304 3025 4377 (23)
3062 4304 3232 4362 frater
3261 4306 3549 4363 Asssuus
3570 4316 3629 4362 et
3654 4306 3819 4361 fater

2231 4397 2509 4452 “tempus
2563 4394 2821 4467 parvulus
2864 4396 3185 4463 monachus,
3257 4412 3381 4452 cum
3419 4404 3532 4453 tota
3590 4411 3817 4469 congre-

1823 4489 1912 4545 VA
1922 4489 2064 4547 RIA']
2102 4484 2509 4545 LECTIONES.

611 4558 682 4652 ξκ
697 4561 1276 4652 ﬁliavere‘nullmes‘t,
1308 4576 1570 4652 prodesse
1599 4596 1697 4635 ms.
1724 4590 1826 4652 aut,
1844 4595 1975 4641 vere
1999 4581 2168 4652 nulla,
2189 4586 2282 4652 aut
2303 4577 2420 4633 fere
2446 4577 2590 4652 nulla
2618 4586 2722 4641 est,
2754 4579 3012 4652 prodesse
3082 4580 3152 4613 ""
3183 4578 3353 4646 Quam
3377 4579 3499 4635 aliis
3524 4598 3628 4636 ms.
3652 4596 3813 4652 quam

536 4627 629 4684 alii
696 4630 769 4665 m
789 4632 903 4688 Cha
913 4635 1048 4692 ritas
1077 4627 1930 4706 tribuit's..'a;;.;a.;1'rfiaaita;
1945 4627 1975 4638 ”
1997 4627 2321 4723 Ἐὂᾶᾶίᾰ
2330 4627 2808 4703 ἓὶιᾉὶὸᾶρᾶἷῗιιέξ
2824 4627 3819 4723 ’“ὶῖῖ’ἇοεηοεέἆιῖί’ὶιὶὶξ’ἶκῖέῖιόἓοιιιι

1501 4781 1505 4785 .
1709 4740 1993 4800 JOANNts
2016 4720 2307 4799 'ptcsnm
2345 4734 2582 4794 NOTAE.

602 4812 715 4893 (9:3)
754 4814 861 4899 Suo
888 4819 1199 4899 charissima
1226 4824 1440 4899 domino
1468 4826 1716 4896 Βῑεανάο,
1744 4843 1796 4887 ει
1836 4851 1949 4888 sum
1982 4833 2113 4889 clm.
2149 4838 2194 4893 ι)
2220 4828 2344 4899 bais
2370 4828 2540 4896 ipsius
2569 4826 2789 4885 liicardi
2835 4846 2974 4885 uxor
2999 4844 3099 4899 per
3120 4843 3447 4886 consensum
3483 4832 3636 4895 illius
3663 4833 3817 4889 dedit

531 4883 752 4969 rissima:
777 4887 1005 4969 dominre
1028 4890 1278 4969 Roftaidi.
1313 4894 1426 4969 Non
1453 4913 1520 4969 ex
1561 4883 2108 4969 line—tantu'tutitvulo,

528 4952 625 5033 sed
645 4963 701 5007 et
724 4970 790 5009 ex
820 4957 1228 5033 insequentibus
1249 4965 1411 5033 epist.
1435 4952 1677 5022 Anselm.
1698 4952 1897 5027 iiii-iit;
1914 4952 2100 5029 tiiééé'é

532 5041 566 5111 ι.
585 5021 798 5111 Quanto
822 5021 968 5111 enini
991 5030 1145 5097 plura
1180 5021 1318 5111 bona
1370 5021 2106 5111 nobisufacitis'et'pronii'tfi;

528 5092 618 5180 tis,
641 5111 681 5180 ἰ
722 5094 899 5180 liquet
926 5092 1022 5154 eos
1047 5115 1170 5180 esse
1199 5103 1272 5180 de_
1293 5107 1488 5180 quibus
1518 5092 1812 5180 He’rluinus
1834 5092 2109 5180 paradisi.

526 5165 822 5247 npltiarclia
859 5165 1151 5247 Beccensis
1191 5165 1489 5247 sttlr'tinem
1536 5165 1865 5247 diplomatis',
1912 5165 2111 5237 imi}:

524 5232 898 5306 elecmosyna's
927 5237 979 5292 in
1011 5255 1173 5313 suum
1198 5243 1423 5301 collatas
1447 5232 1864 5313 etendbium,et
1883 5232 2112 5307 collati;-

524 5317 613 5356 res
640 5318 906 5381 recenset.
926 5316 993 5381 et
1023 5311 1091 5365 de
1114 5311 1208 5381 liis
1234 5314 1449 5381 quidem
1474 5318 1552 5372 sic
1581 5336 1595 5371 :
1641 5337 1659 5370 ι
1702 5311 1888 5375 Eidem
1923 5336 2110 5375 mona-

525 5374 693 5452 sterio
736 5375 883 5452 dedit
908 5376 1193 5452 ficardtts
1216 5374 1357 5439 ﬁlius
1382 5384 1658 5444 Gilleberti
1692 5374 1905 5446 comitis
1927 5374 2106 5445 iman-

524 5444 706 5498 siones
733 5444 887 5511 duas,
908 5445 1102 5522 Tatiae
1125 5460 1181 5522 et
1210 5452 1517 5522 Estrabani,
1543 5468 1679 5514 teste
1696 5468 1751 5513 et
1771 5444 2106 5516 assentiente

526 5523 697 5596 uxore
734 5525 926 5596 S_ll:l.el
978 5518 1125 5596 filiis,
1154 5520 1388 5596 Rogerio
1427 5518 1830 5596 et'Gilleberto,
1873 5540 1929 5585 et
1968 5532 2105 5586 duas

525 5584 959 5668 partesndecimm
981 5587 1049 5644 de
1064 5584 1516 5668 llondéme‘resto,
1546 5606 1601 5668 et
1626 5597 1695 5653 de
1713 5584 2105 5668 Cypestedehe,

525 5649 677 5737 etde
702 5650 993 5737 fauentum,
1024 5666 1079 5712 et
1117 5660 1186 5714 de
1214 5649 1605 5737 Blacingeletb,
1630 5649 1688 5721 éi
1723 5649 2107 5737 It’e'sééfcéiﬁil

525 5712 676 5785 dunt,
699 5726 753 5775 et
782 5722 847 5778 de
873 5712 2108 5799 rorhecn‘taa;éi'aé'ifdiitkitieESnET‘éi‘ﬁi.

2220 4897 2396 4970 eidem
2429 4899 2764 4970 monasterio
2808 4900 2912 4956 ltoc
2938 4897 3081 4970 quod
3113 4901 3166 4954 iu
3197 4901 3438 4957 dominio
3468 4902 3709 4958 habebat
3745 4905 3817 4956 ad

2220 4965 2658 5039 [lamecelessam
2696 4978 2804 5023 tam
2848 4969 2902 5024 in
2930 4965 3092 5039 terris
3119 4987 3280 5039 quam
3325 4971 3378 5025 in
3405 4972 3533 5027 aliis
3561 4972 3754 5026 rebus.
3788 4991 3810 5025 ι

2220 5037 2313 5091 Sic
2338 5037 2390 5091 in
2420 5037 2711 5111 diplomate
2733 5041 2962 5111 signato.
2987 5037 3159 5095 Porro
3185 5040 3476 5111 Ricardum
3498 5040 3817 5111 parvulum,

2212 5106 2471 5179 quentia
2522 5107 2713 5179 fronte,
2745 5106 2985 5177 epistola:
3030 5118 3182 5164 notat
3218 5109 3463 5164 Anselm.
3499 5106 3645 5179 'pnto
3692 5125 3821 5165 esse

2214 5175 2372 5248 illum
2395 5176 2570 5248 ipsum
2603 5175 2873 5248 Helietisis
2898 5178 3215 5248 monasterii
3247 5175 3587 5248 postremum
3618 5181 3817 5233 arcbi~

2213 5246 2563 5317 mandritam,
2601 5246 2669 5300 de
2694 5262 2801 5313 quo
2827 5247 2966 5317 infra
2997 5248 3064 5303 ad
3088 5246 3260 5317 epist.
3284 5247 3409 5303 196.
3435 5249 3532 5304 lib.
3578 5265 3669 5306 ιιι.
3707 5248 3821 5303 Sed

2212 5327 2266 5369 ct
2282 5316 2436 5399 _lm_r_tc
2455 5324 2820 5399 parentesque
2844 5315 2966 5399 eius
2980 5315 3146 5399 fuisse
3172 5317 3393 5388 Anglos,
3417 5319 3591 5375 claret
3615 5334 3688 5373 ex
3718 5333 3819 5399 τρο

2211 5385 2421 5440 cabttlis
2441 5386 2683 5454 Anglicis
2728 5385 2908 5441 rerum
2934 5385 3427 5443 douatarum'nnnc
3450 5390 3819 5452 enumeratis.

2214 5460 2270 5507 et
2301 5468 2373 5527 ex
2404 5455 2660 5510 Anselmo
2697 5456 2809 5527 sub
2840 5456 3001 5527 linem
3031 5457 3277 5527 epistola!
3325 5458 3549 5527 aieute:
3583 5474 3603 5508 ι
3650 5458 3823 5513 Com-

2215 5525 2539 5596 mendamus
2566 5540 2698 5596 ergo
2730 5526 2883 5582 vobis
2912 5525 3074 5590 illos.’
3093 5537 3154 5580 ut
3185 5527 3326 5581 sicut
3373 5526 3576 5581 vadunt
3603 5527 3662 5582 in
3696 5528 3817 5581 An—

2214 5591 2401 5661 gliam,
2438 5612 2458 5645 i
2493 5603 2601 5669 etc.
2625 5591 2883 5669 :Iusuper
2910 5613 3102 5654 nomen
3131 5596 3356 5663 Robais,
3401 5596 3567 5669 pleno
3587 5607 3818 5669 guttura

2216 5672 2474 5731 permeat
2502 5664 2864 5735 Anglismum.
