4056 6302
602 308 630 366 Ι
645 308 743 365 [55

1203 305 1265 361 S.
1310 299 1613 359 ANSELMI
1644 294 1999 356 CANTUAR.
2028 292 2180 350 ABG}

2280 292 2346 351 LP.
2375 292 2526 351 OPP.
2557 293 2737 351 PARS
2764 292 2852 349 111.
2891 323 2964 337 -
2988 294 3378 354 ΕΡΙΞΤΟΕΕ.

3718 297 3847 354 ιιδθ

603 419 1181 486 ramerinsfuit,andio
1198 398 1328 488 quia
1356 419 1411 472 in
1441 415 1622 470 multis
1644 412 1947 468 inordinate
1969 425 2028 466 se
2050 411 2187 481 agit,
2217 415 2261 471 Δ
2292 410 2647 479 pcrmissione
2684 410 2797 477 iam
2851 420 3180 477 remoratur,
3224 411 3334 466 imo
3378 408 3616 478 iussioni
3674 422 3853 470 nostra

602 524 659 570 et
682 513 991 568 maximein
1012 510 1262 575 bibendo;
1278 510 1418 564 itaut
1435 509 1489 563 in
1512 505 1684 563 Gildis
1707 522 1830 563 cum
1851 505 2080 561 ebriosis
2103 504 2185 559 hi-

600 603 716 666 bat,
741 611 797 656 et
818 616 939 655 cum
959 601 1039 657 eis
1065 601 1366 655 inebrietur
1391 599 1481 653 ³³³.
1509 598 1665 665 Quod
1690 599 1733 652 si
1766 612 1953 652 verum
1977 605 2081 662 est,
2108 595 2186 650 di-

600 703 727 746 cttre
749 703 855 744 non
879 702 1101 758 possum
1123 697 1385 758 quantum
1413 703 1510 742 cor
1534 701 1710 742 meum
1733 686 1798 741 dc
1824 692 1971 765 tanta
1998 683 2184 738 fratris

599 780 904 853 perditione
924 779 1124 834 doleat.
1162 778 1280 833 Non
1312 778 1457 834 enim
1487 779 1577 832 diu
1606 778 1723 833 sola
1749 776 1855 831 erit
1882 777 1985 831 ista
2015 776 2181 831 mise-

606 873 677 929 ria
698 911 715 937 ,
744 871 839 926 sed
865 869 969 925 nisi
991 885 1050 925 se
1069 869 1197 935 cito,
1223 870 1335 924 Deo
1362 867 1706 938 respiciente,
1733 865 2060 932 correxerit,
2085 879 2183 933 per

597 979 716 1019 eam
750 964 818 1018 ad
847 962 951 1016 alia
1002 961 1248 1017 trahetur
1294 961 1487 1015 mortis
1531 950 1854 1030 praecipitia.
1908 958 2181 1025 Quantum

599 1053 764 1122 igitur
792 1051 959 1107 abbas
985 1049 1145 1106 debet
1168 1050 1459 1120 prohibere
1499 1048 1791 1109 monacho.
1823 1057 2032 1102 tantum
2058 1060 2179 1116 ego,

597 1142 987 1213 qualiscunque
1034 1151 1293 1211 peccator
1346 1142 1480 1207 sim,
1526 1156 1591 1195 ex
1625 1139 1717 1192 Dei
1766 1147 1822 1192 et
1869 1146 2179 1192 sanctorum

596 1235 714 1305 ejus
757 1244 811 1289 et
858 1242 1045 1289 nostra
1089 1233 1412 1288 auctoritate
1453 1230 1734 1302 prohibeo,
1778 1244 1848 1284 ne
1896 1237 2180 1300 postquam

597 1327 740 1381 hanc
770 1333 1012 1379 nostram
1042 1323 1462 1396 prohibitionem
1494 1320 1831 1392 cognoverit,
1867 1320 2097 1389 amplius
2122 1319 2178 1374 in

597 1416 775 1481 Gilda,
807 1416 976 1469 autin
1016 1424 1281 1472 conventu
1309 1428 1495 1469 eorum
1548 1412 1639 1483 qui
1683 1413 1750 1466 ad
1803 1412 2180 1467 inebriandum

598 1508 770 1563 solum
798 1510 1146 1573 conveniunt,
1198 1508 1384 1562 bibere
1426 1506 1627 1561 audeat
1670 1498 1761 1557 ³³⁵.
1809 1504 1922 1560 Hoc
1962 1518 2182 1574 quoque

599 1600 876 1667 praccipio,
905 1608 963 1652 ut
990 1599 1058 1653 de
1089 1598 1362 1669 praeterita
1393 1597 1817 1660 inordinatione,
1849 1596 1892 1652 si
1934 1611 2056 1651 eam
2088 1612 2181 1651 nco

597 1704 727 1759 gare
754 1704 859 1744 non
903 1698 1103 1758 potest,
1139 1688 1344 1744 domini
1386 1688 1556 1743 nostri
1586 1686 1881 1742 Lanfranci
1910 1687 2181 1755 archiepi-

2287 508 2472 568 aperte
2506 500 2781 556 contraire
2809 515 2920 554 non
2951 511 3189 555 veretur.
3221 499 3330 555 Nec
3358 500 3433 555 illi
3470 501 3673 557 mando
3699 511 3754 557 ut
3778 519 3853 558 re-

2288 590 2443 656 deat,
2507 605 2608 646 nec
2658 590 2897 645 concedo
2944 598 3005 644 ttt
3053 600 3352 646 remaneat.
3400 590 3678 659 Quasdam
3723 595 3852 649 enim

2286 694 2478 736 causas
2506 681 2743 748 intueor,
2791 683 2989 751 quibus
3046 681 3186 737 hanc
3232 681 3348 749 cjus
3394 684 3852 753 prmsnmptionem

2285 769 2522 827 tolerare
2541 772 2719 827 adhuc
2744 771 3136 828 dissimulando
3160 772 3471 842 compellor.
3512 774 3728 837 Verum,
3757 775 3852 828 nisi

2284 862 2520 920 celerius
2546 878 2605 919 se
2632 864 2961 928 correxerit,
2991 863 3310 934 postpositis
3338 864 3593 920 omnibus
3620 864 3720 929 his,
3741 865 3851 931 qui-

2284 956 2386 1011 bus
2414 969 2540 1010 eum
2567 954 2743 1009 adhuc
2773 963 3052 1024 exspecto,
3084 953 3289 1019 causis,
3318 954 3628 1025 regularem
3659 954 3710 1008 in
3742 969 3853 1008 eum

2283 1059 2372 1099 me
2416 1057 2677 1099 exercere
2717 1043 3065 1098 severitatem
3107 1054 3331 1097 necesse
3370 1042 3500 1096 erit.
3548 1041 3757 1097 Mallem
3784 1051 3857 1096 ta-

2285 1146 2408 1187 men
2432 1131 2501 1163 ³³⁷
2531 1130 2675 1187 illius
2696 1140 3048 1201 spontaneum
3071 1132 3491 1196 correctionem,
3516 1147 3681 1202 quam
3704 1134 3855 1188 ullam

2284 1222 2333 1278 ei
2365 1221 2569 1278 inferre
2599 1222 2920 1277 austerioris
2949 1222 3248 1292 disciplina:
3279 1223 3702 1292 correptionem.
3726 1223 3859 1279 Prze.

2286 1324 2436 1371 terea
2476 1314 2738 1384 scriptum
2785 1313 2937 1379 illud,
2980 1314 3125 1383 quod
3167 1314 3236 1369 de
3278 1329 3342 1369 ea
3373 1315 3858 1387 qumstione,quo~

2284 1407 2442 1462 modo
2471 1406 2696 1471 scilicet,
2723 1419 2848 1460 cum
2878 1403 3077 1460 malum
3105 1405 3241 1461 nihil
3264 1420 3387 1461 esse
3411 1405 3652 1470 dicatur,
3675 1422 3856 1464 nomen

2281 1497 2404 1570 ejus
2434 1496 2639 1566 aliquid
2668 1496 2958 1566 signiticet,
2995 1505 3186 1567 rogatu
3227 1497 3591 1566 quorumdam
3638 1498 3858 1554 fratrum

2284 1588 2352 1642 de
2381 1585 2579 1641 talibus
2626 1601 2712 1640 me
2760 1586 3093 1655 frequenter,
3126 1594 3186 1639 ut
3217 1586 3382 1651 nosti,
3418 1587 3857 1659 interrogandum

2285 1690 2458 1746 nuper
2501 1677 2630 1743 feci;
2682 1691 2782 1745 per
2824 1677 3172 1746 przesentium
3203 1675 3435 1732 latorem
3470 1677 3567 1733 tibi
3607 1679 3781 1742 modo,
3805 1689 3860 1732 ut

597 1750 769 1847 scopi,
797 1750 1119 1832 aut'domini
1146 1777 1382 1846 episcOpi
1418 1776 1688 1840 Gondulfi,
1716 1784 1810 1830 aut
1835 1785 2019 1829 vestro
2036 1750 2180 1844 jndi-
2212 1750 2256 1810 Ῐδ
2286 1766 2591 1836 postulasti,
2624 1766 2749 1821 huic
2784 1781 3056 1821 annexum
3085 1766 3330 1836 epistolae
3352 1767 3550 1823 direxi.
3582 1768 3641 1823 Si
3670 1769 3859 1824 malum

598 1867 685 1922 cio
723 1868 987 1937 ptenitere
1029 1884 1136 1923 non
1177 1868 1449 1938 negligat;
1502 1876 1557 1921 et
1605 1866 1860 1935 deinceps
1901 1880 2089 1920 curam
2120 1882 2183 1922 se

598 1955 937 2011 custodiendi
966 1957 1033 2012 ab
1059 1956 1323 2011 ebrietate
1353 1965 1408 2009 et
1437 1972 1466 2010 a
1516 1955 1801 2009 malitiosis
1831 1952 2015 2010 verbis
2057 1971 2181 2011 cum

600 2043 696 2099 Dei
727 2045 930 2099 auxilio
971 2046 1201 2101 habeat.‘
1229 2045 1300 2099 At
1341 2046 1386 2100 si
1432 2060 1491 2100 se
1517 2047 1791 2116 corrigere
1817 2048 2184 2103 nolueritom-

601 2133 766 2199 nino,
800 2133 960 2196 malo,
997 2142 1300 2203 contempta
1327 2134 1471 2188 omni
1498 2135 1730 2191 utilitate
1755 2141 1914 2206 quam
1941 2152 2036 2206 per
2056 2152 2181 2191 cum

603 2224 658 2278 in
684 2224 873 2294 Anglia
905 2225 1164 2280 debemus
1194 2224 1414 2289 habere,
1448 2234 1505 2279 ut
1544 2227 1610 2280 ad
1644 2241 1741 2281 nos
1772 2230 1871 2282 sub
1900 2228 2183 2298 disciplina

603 2316 872 2385 regendus
896 2316 1102 2380 redeat,
1132 2332 1294 2387 quam
1310 2326 1386 2370 -ut
1412 2317 1570 2387 longe
1599 2332 1629 2371 a
1653 2318 1934 2389 disciplina
1957 2320 2183 2389 perden-

601 2403 704 2459 dus
730 2414 1030 2460 remaneat.
1062 2407 1327 2461 Domuum
1357 2421 1485 2461 vero
1514 2408 1807 2463 llenricum
1838 2409 1904 2464 de
1932 2409 2182 2464 Gornaco

600 2486 835 2563 benigne
856 2509 987 2564 rogo
1013 2503 1074 2550 ut
1104 2496 1170 2551 de
1193 2510 1260 2550 eo
1294 2497 1437 2566 quod
1470 2497 1521 2550 in
1554 2496 1747 2553 litteris
1778 2498 1891 2553 suis
1919 2506 2029 2552 tam
2062 2509 2183 2552 stu-

599 2585 752 2640 diose
795 2587 1052 2656 postulat,
1105 2587 1377 2656 patienter
1415 2597 1470 2642 et
1517 2588 1701 2658 quieto
1744 2589 1927 2644 animo
1967 2589 2180 2656 toleret,

600 2674 772 2730 donec
806 2677 1038 2732 domnus
1076 2660 1348 2735 hicardus
1396 2678 1509 2748 (qui
1561 2680 1628 2734 ad
1665 2693 1765 2733 nos
1812 2679 1866 2733 in
1914 2680 2180 2749 proximo,

599 2766 742 2822 sicut
766 2781 802 2821 a
841 2782 970 2838 rege
1009 2768 1210 2833 audivi,
1241 2778 1504 2825 venturus
1532 2769 1657 2838 est),
1692 2771 1873 2826 veniat
1907 2789 1921 2824 :
1951 2780 2006 2826 et
2038 2771 2183 2841 quod

598 2866 730 2913 tunc
749 2858 815 2912 de
841 2858 930 2913 illo
951 2869 1006 2914 et
1027 2860 1093 2915 de
1115 2861 1271 2917 vobis
1291 2862 1543 2917 omnibus
1567 2863 1659 2932 qui
1689 2873 1910 2932 propter
1930 2863 2183 2918 eumdem

598 2948 855 3004 domuum
892 2950 1184 3005 Ricardum
1224 2952 1375 3007 missi
1419 2962 1568 3016 sunt,
1617 2963 1804 3009 nostro
1850 2963 1907 3008 et
1948 2953 2181 3007 fratrum

598 3049 910 3096 nostrorum
941 3041 1166 3097 consilio
1213 3042 1534 3113 dispositum
1567 3043 1752 3109 fuerit,
1799 3046 2030 3116 benigna
2080 3060 2182 3115 pa-

598 3132 787 3189 tientia
808 3142 863 3189 et
886 3133 1114 3204 patienti
1144 3134 1477 3205 benignitate
1497 3135 1788 3192 sustineat.

1123 3262 1463 3319 EPISTULA
1501 3264 1612 3320 Vlll
1624 3307 1638 3320 .

1095 3396 1161 3435 tu
1222 3395 1526 3437 IIAURITIUI
1592 3379 1682 3434 ⁸⁸⁵.

544 3515 547 3518 ν
594 3489 672 3544 De
710 3491 964 3545 monacho
1004 3491 1203 3547 diutius
1241 3505 1479 3549 morante
1512 3496 1567 3549 in
1601 3493 1769 3548 curia.
1807 3491 1876 3552 Et
1907 3494 1971 3548 tle
1999 3494 2173 3562 malo;

1170 3579 1240 3616 an
1280 3563 1480 3635 aliquid
1519 3565 1606 3618 sit.

663 3671 855 3727 Frater
883 3672 1185 3741 Ansswus,
1225 3675 1403 3731 dictus
1431 3676 1599 3731 abbas
1625 3674 1805 3740 Becci,
1840 3674 2038 3731 dilecto
2064 3676 2177 3731 fra-

544 3792 551 3841 ς
592 3763 661 3817 tri
691 3771 748 3818 et
788 3761 898 3818 fllio
922 3779 1022 3821 suo
1057 3764 1336 3823 MAURIIIO
1364 3766 1591 3822 salutem
1619 3773 1674 3822 et
1708 3765 1805 3822 Dei
1831 3767 2171 3825 benedictio-

594 3869 742 3910 nem.

661 3948 802 4021 Erga
832 3947 1057 4005 fratrem
1091 3951 1265 4019 illum,
1295 3952 1363 4008 de
1386 3968 1495 4022 quo
1522 3953 1677 4019 mihi,
1708 3953 1853 4023 quod
1888 3968 1974 4011 res
1996 3955 2179 4025 exige-

589 4026 707 4103 bat,
740 4039 1005 4110 scripsisti
1035 4043 1162 4112 quia
1186 4057 1285 4113 pro
1312 4042 1464 4098 lihitu
1492 4058 1604 4098 sua:
1638 4044 1956 4110 voluntatis,
1993 4047 2177 4116 negle-

592 4134 679 4183 cta
699 4128 926 4185 claustri
952 4132 1383 4200 conversatione,
1406 4144 1651 4189 moratur
1675 4135 1727 4188 in
1748 4135 1901 4190 curia
1918 4136 2057 4206 regis
2071 4135 2173 4202 ³⁸⁸;

587 4218 713 4275 volo
748 4229 806 4275 ut
842 4221 918 4277 ita
949 4224 1203 4296 deinceps
1251 4234 1307 4280 tn
1346 4233 1400 4281 et
1443 4226 1623 4281 caeteri
1659 4225 1855 4281 fratres
1886 4226 2057 4281 nostri
2084 4228 2175 4296 qui

589 4318 769 4366 tecum
807 4324 956 4381 sunt,
995 4330 1090 4372 vos
1135 4318 1398 4374 habeatis.
1444 4316 1502 4373 Si
1546 4317 1753 4373 venerit
1788 4318 1856 4372 ad
1901 4334 2013 4381 vos,
2046 4333 2173 4388 pcr-

2207 3087 2253 3152 C

2288 1857 2422 1913 nihil
2458 1867 2563 1925 est,
2596 1858 2868 1928 quomodo
2920 1872 3115 1913 nomen
3158 1856 3272 1926 ejus
3323 1858 3528 1928 aliquid
3572 1860 3861 1931 signiﬁcat?

2286 1951 2512 2014 Rursus,
2543 1953 2587 2007 si
2632 1952 2817 2005 audito
2863 1952 3081 2006 nomine
3127 1950 3254 2004 mali
3288 1950 3646 2021 intelligimus
3669 1953 3862 2021 aliquid

2286 2043 2429 2111 quod
2482 2044 2769 2098 horremus
2806 2050 2859 2097 et
2912 2041 3190 2097 vitandum
3244 2055 3569 2106 censemus,
3601 2044 3863 2112 quomodo

2285 2142 2380 2187 aut
2404 2131 2603 2187 malum
2636 2132 2768 2186 tnhil
2790 2142 2893 2198 est,
2916 2140 3010 2186 aut
3035 2130 3161 2186 mali
3191 2145 3386 2185 nomen
3411 2130 3550 2185 nihil
3577 2130 3863 2201 significat?

2286 2225 2394 2281 Sed
2432 2234 2488 2279 et
2523 2225 2696 2293 ipsum
2742 2223 2896 2288 nihil,
2938 2222 3069 2293 quid
3110 2222 3237 2277 est?
3273 2221 3473 2278 Verum
3506 2238 3632 2279 cum
3670 2239 3863 2294 nequa-

2285 2332 2448 2388 quam
2473 2314 2725 2370 dill‘erant
2757 2314 2890 2368 nihil
2920 2329 3062 2381 esse,
3088 2323 3145 2369 et
3172 2329 3280 2370 non
3315 2329 3437 2370 esse
3468 2315 3704 2385 aliquid,
3732 2333 3867 2386 quo-

2286 2409 2446 2462 modo
2472 2406 2576 2461 dici
2611 2414 2788 2475 potest
2813 2403 2945 2475 quid
2968 2405 3213 2476 sitquod
3245 2421 3352 2461 non
3394 2415 3481 2463 est
3509 2406 3754 2477 aliquid?
3778 2407 3868 2479 lp-

2284 2513 2405 2553 smn
2438 2506 2618 2551 tamen
2659 2512 2854 2552 nomen
2883 2497 3029 2568 quod
3058 2498 3313 2565 dicimus,
3350 2498 3489 2554 nihil
3524 2499 3615 2560 ³³⁸,
3646 2500 3690 2554 si
3731 2500 3866 2555 nihil

2285 2589 2576 2661 significat,
2618 2588 2669 2642 id
2708 2598 2792 2644 est
2838 2589 2883 2644 si
2932 2604 3038 2645 non
3089 2591 3365 2661 significat
3407 2591 3639 2661 aliquid,
3666 2606 3869 2646 nomen

2286 2695 2394 2735 non
2423 2689 2508 2735 est
2545 2697 2558 2733 :
2594 2681 2688 2735 sed
2735 2695 2932 2735 nomen
2973 2688 3079 2736 est.
3124 2680 3447 2750 Quanquam
3485 2682 3649 2753 igitur
3689 2682 3871 2738 nullus

2285 2770 2433 2827 dicat
2474 2772 2608 2826 nihil
2652 2785 2776 2826 esse
2807 2770 3035 2841 aliquid,
3065 2772 3159 2828 sed
3190 2788 3408 2844 semper
3433 2772 3568 2828 nihil
3591 2786 3711 2828 esse
3734 2773 3869 2828 nihil

2286 2877 2543 2933 cogamur
2589 2859 2747 2916 fateri
2790 2879 2806 2916 :
2848 2876 3008 2916 nemo
3047 2871 3225 2917 tamen
3269 2871 3449 2934 potest
3497 2878 3693 2919 nomen
3734 2860 3870 2919 nihil

2284 2950 2702 3019 significativum
2729 2964 2849 3006 esse
2869 2948 3109 3007 difﬁteri.
3141 2949 3342 3008 Verum
3370 2963 3603 3017 econtra
3628 2971 3645 3006 :
3689 2954 3736 3009 si
3767 2955 3869 3009 hoc

2286 3041 2460 3111 ipsum
2498 3056 2693 3096 nomen
2740 3058 2849 3098 non
2893 3042 3166 3114 significat
3214 3043 3371 3110 nihil,
3414 3045 3514 3100 sed
3549 3045 3785 3114 aliquid,
3814 3045 3869 3100 id

2283 3133 2430 3201 quod
2458 3130 2816 3203 significatur,
2848 3133 3066 3190 videtur
3111 3149 3216 3190 non
3244 3149 3407 3205 posse
3440 3150 3558 3191 esse
3579 3135 3736 3203 nihil,
3771 3136 3868 3191 sed

2278 3222 2455 3293 magis
2506 3222 2731 3292 aliquid.
2783 3221 2841 3278 Si
2880 3237 3013 3294 ergo
3059 3226 3203 3294 quod
3252 3225 3612 3295 significatur,
3643 3240 3750 3279 non
3781 3234 3869 3279 est

2244 3314 2435 3393 _nihil,
2468 3314 2562 3370 sed
2600 3313 2833 3383 aliquid,
2870 3314 3106 3384 qualiter
3146 3330 3335 3370 verum
3368 3317 3478 3370 erit
3502 3325 3561 3370 ut
3599 3315 3868 3386 signiﬁce-

2281 3413 2369 3460 tur
2392 3419 2490 3472 per
2518 3404 2621 3457 hoc
2644 3416 2864 3470 nomen,
2893 3403 3121 3469 scilicet,
3152 3403 3323 3458 nihil?
3350 3402 3564 3475 Quippe
3580 3406 3727 3475 quod
3744 3420 3869 3461 vere

2277 3497 2413 3553 nihil
2438 3497 2657 3561 dicitur,
2700 3510 2828 3551 vere
2860 3494 2994 3549 nihil
3030 3504 3145 3561 est;
3172 3504 3228 3551 et
3252 3496 3459 3553 idcirco
3500 3513 3608 3552 non
3638 3504 3723 3554 est
3755 3498 3855 3552 ali-

2277 3590 2428 3661 quid.
2463 3588 2643 3656 Quare
2669 3588 2716 3643 si
2761 3576 2906 3657 quod
2946 3587 3292 3659 significatur
3336 3588 3442 3645 hoc
3486 3589 3729 3660 nomine,
3760 3603 3865 3644 non

2277 3689 2365 3735 est
2392 3678 2547 3747 nihil,
2576 3678 2671 3733 sed
2702 3678 2940 3748 aliquid,
2983 3677 3443 3749 quemadmodum
3477 3682 3865 3750 consequentia

2277 3767 2493 3823 videtur
2518 3767 2806 3822 ostendere
2836 3783 2852 3821 :
2884 3764 3021 3820 falso
3058 3774 3116 3822 et
3155 3768 3455 3838 incongrue
3500 3779 3729 3824 vocatur
3768 3770 3869 3824 hoe

2224 3900 2227 3903 -
2276 3859 2515 3914 nomine.
2539 3858 2610 3913 At
2637 3866 2880 3923 econtra,
2904 3858 2951 3913 si
2980 3859 3277 3914 secundum
3300 3858 3576 3928 judicium
3604 3861 3864 3926 omnium,

2278 3948 2331 4003 id
2367 3947 2511 4021 quod
2559 3946 2871 4001 nominatur
2914 3946 3067 4011 nihil,
3118 3961 3246 4002 vere
3290 3948 3429 4002 nihil
3461 3955 3549 4003 est
3585 3956 3643 4003 et
3673 3963 3868 4018 ualua—

2279 4054 2440 4108 qnam
2468 4048 2552 4094 est
2579 4037 2779 4107 aliquid
2820 4054 2833 4092 :
2867 4052 3170 4106 usquamne
3198 4037 3415 4093 videtur
3438 4038 3649 4110 aliquid
3682 4054 3870 4094 consc-

2278 4128 2554 4199 quentius,
2576 4144 2741 4199 quam
2769 4137 2829 4183 ut
2857 4129 2959 4183 hoc
2986 4130 3162 4198 ipsum
3191 4144 3390 4184 nomen
3414 4129 3553 4183 nihil
3579 4129 3864 4200 significet,

2280 4221 2333 4276 id
2377 4230 2459 4276 est
2499 4236 2606 4275 non
2631 4220 2701 4252 ³³⁸
2724 4219 2992 4291 signicet
3020 4219 3089 4252 “°
3120 4219 3347 4290 aliquid.
3376 4219 3518 4288 Quid
3558 4222 3727 4292 igitur
3766 4228 3866 4283 est,

2279 4312 2407 4382 quia
2431 4312 2535 4368 hoc
2562 4326 2782 4378 nomen,
2809 4311 3059 4366 videlicet
3087 4312 3244 4378 nihil,
3276 4327 3381 4384 non
3414 4314 3693 4384 signiticat
3717 4310 3864 4375 nihil,

589 4397 745 4453 tnitto
772 4409 833 4455 ut
866 4417 987 4458 eum
1024 4406 1352 4477 suscipiatis,
1379 4404 1634 4461 fraterna:
1658 4406 1708 4461 'ei
1739 4405 2026 4461 charitatis
2052 4405 2172 4465 olli-
2204 4435 2255 4495 υ
2281 4404 2373 4459 sed
2406 4402 2643 4473 aliquid;
2682 4411 2738 4458 et
2768 4417 2877 4457 non
2907 4403 3179 4475 significat
3205 4402 3434 4473 aliquid,
3462 4405 3563 4460 sed
3586 4403 3762 4458 nihil?
3786 4403 3867 4458 An

587 4485 734 4541 cium
784 4489 1130 4559 impendatis.
1171 4494 1452 4551 Ostendite
1497 4496 1601 4551 sibi
1652 4503 1833 4551 tamen
1878 4511 1944 4552 ex
1993 4507 2172 4553 vestra

2280 4494 2504 4550 forsitan
2537 4509 2642 4550 non
2672 4504 2997 4565 repugnant,
3040 4495 3352 4566 significare
3380 4495 3514 4550 nihil
3543 4504 3602 4551 et
3632 4493 3869 4564 aliquid?

585 4586 766 4649 parte,
797 4594 894 4636 vos
923 4583 1097 4638 vereri
1128 4585 1197 4617 ³³⁸
1236 4602 1306 4642 ne
1338 4587 1390 4641 id
1432 4587 1725 4657 disrtliceat
1764 4587 1915 4642 mihi.
1951 4588 2175 4660 Arguite
2275 4584 2381 4641 Sed
2405 4586 2580 4642 sinon
2613 4594 2936 4656 repugnant,
2963 4595 3056 4641 aut
3083 4585 3409 4642 invenienda
3437 4602 3530 4642 res
3554 4596 3641 4642 est
3663 4587 3867 4655 aliqua,

588 4667 765 4736 illum,
794 4668 976 4727 debita
1020 4681 1198 4729 tamen
1235 4675 1522 4741 modestia,
1554 4675 1621 4731 de
1643 4692 1740 4732 sua
1767 4685 1913 4732 tanta
1949 4679 2173 4733 temeri-
2274 4690 2394 4747 quae
2424 4660 2495 4732 si't
2523 4675 2728 4745 aliquid
2758 4683 2813 4731 et
2849 4677 3018 4743 nihil,
3049 4677 3193 4747 quod
3222 4690 3329 4731 non
3371 4687 3556 4747 potest
3590 4676 3821 4747 intelligi
3851 4693 3867 4727 :

587 4767 701 4816 tate
727 4772 784 4816 et
811 4761 1196 4819 inobedientia.
1229 4762 1368 4819 Nam
1394 4778 1567 4834 neque
1590 4774 1773 4821 nostra
1792 4763 2039 4833 jussione
2073 4778 2169 4824 aut
2276 4777 2372 4822 aut
2410 4768 2529 4823 ista
2564 4782 2668 4823 vox
2705 4769 2918 4825 diversa
2954 4769 3390 4827 consideratione
3427 4769 3711 4840 significat
3740 4768 3875 4824 nihil

1823 4854 2055 4909 VARUE
2085 4856 2490 4916 LECTIONES.

656 4944 725 4977 ⁸⁸³
755 4943 985 5001 lnehriet
1008 4962 1108 5003 ms.
1141 4946 1440 5002 inebrietur
1534 4944 1604 4978 ³³⁸
1633 4944 1829 5001 Vivere
1876 4947 2072 5003 audeat
2098 4967 2198 5005 ms.
2230 4952 2413 5007 hibere
2439 4951 2637 5006 audeat
2731 4951 2801 4985 ³³⁸
2830 4951 3038 5007 Collata
3068 4969 3184 5008 cum
3211 4953 3390 5008 eodem
3417 4970 3520 5008 ms.
3544 4964 3593 5009 et
3618 4972 3741 5009 cum
3771 4970 3874 5008 tu.

586 5011 647 5069 S.
680 5011 937 5091 Ebrulphi
996 5016 1305 5091 A_{"__Curia
1339 5017 1502 5091 Regia
1534 5032 1658 5071 mss.
1691 5016 1839 5069 curia
1887 5016 2047 5091 {tegis
2119 5020 2188 5091 ω
2221 5020 2397 5077 Videri
2427 5039 2553 5076 mss.
2587 5022 2762 5078 vereri
2865 5022 2933 5054 ³⁸⁷
2965 5021 3188 5089 Tamen,
3233 5024 3376 5091 quod
3402 5041 3528 5080 mss.
3558 5036 3609 5078 ta
3626 5043 3652 5076 γι
3674 5040 3744 5079 en
3770 5039 3880 5080 nos

586 5086 896 5206 “Pengrqugd
994 5086 1063 5119 ³³⁸
1097 5085 1301 5142 Nomen
1332 5085 1464 5142 nihil
1492 5102 1615 5143 mu.
1645 5100 1841 5141 nomen
1869 5086 2022 5141 nihili
2117 5090 2185 5122 ³³³
2216 5090 2359 5147 Idem
2397 5106 2504 5147 non
2530 5094 2632 5146 ms.
2661 5090 2720 5146 S.
2750 5091 2880 5146 Ebr.
2907 5093 2958 5148 id
2979 5100 3065 5148 est
3085 5085 3192 5150 non
3250 5085 3335 5125 "‘°
3363 5092 3717 5166 Significaret
3744 5112 3877 5149 mss.

586 5168 721 5206 stum
746 5169 828 5206 tce

584 5163 852 5225 Signilicet

1078 5282 1089 5287 _
1753 5223 2038 5282 JOANNIS
2070 5225 2341 5286 PlCAl‘lDl
2382 5230 2615 5289 NOTAE.

581 5328 649 5393 ξι
670 5312 1528 5393 hocepistnlaritituloLaurentii
1553 5316 1851 5393 Primfactii
1867 5317 1943 5393 ad
1968 5315 2167 5393 librum
2273 5323 2608 5393 exemplaria
2637 5320 3003 5393 manuscripta
3036 5330 3284 5393 prostant
3336 5323 3397 5393 in
3436 5332 3630 5379 nostra
3668 5322 3880 5379 Biblio-

581 5382 662 5439 Dz
696 5382 1025 5464 senectutea
1058 5404 1117 5443 se
1142 5389 1597 5464 galliceversnm,
1627 5404 1769 5464 anno
1791 5387 1950 5464 “05.
1983 5388 2028 5464 .4
2058 5399 2163 5442 tres
2275 5382 2455 5464 theca:
2482 5392 2675 5464 Quem
2702 5407 2830 5464 vero
2859 5382 3185 5464 Laurentius
3220 5392 3573 5464 Primfactins
3619 5395 3881 5464 ejusdem

580 5454 850 5534 eaet-effem,
880 5457 1117 5534 glorietur
1145 5454 1203 5534 ἐι
1235 5458 1383 5534 noble
1422 5460 1598 5527 prime
1637 5458 1941 5534 L_oy§_oncle
1966 5460 2037 5511 du
2069 5474 2162 5534 rey
2271 5454 2527 5534 Ludovici
2558 5462 2810 5518 Borbonii
2856 5463 3087 5534 clericus
3129 5462 3421 5534 appellavit
3458 5454 3884 5533 grand'chaa-

581 5524 646 5606 (ἐς
673 5521 1030 5606 France..nd
1053 5528 1118 5581 de
1144 5521 1432 5606 Bouhrbon,
1453 5537 1618 5581 comte
1645 5521 2004 5606 de'Qfermont
2023 5539 2068 5581 et
2093 5521 2158 5581 de
2269 5532 2437 5606 brier,
2467 5534 2625 5606 hodie
2676 5534 2864 5591 dicunt
2891 5532 3063 5605 grand
3102 5521 3484 5601 clt'a'trtbellau:
3497 5545 3594 5590 aut
3633 5534 3884 5606 premis!

581 5588 823 5666 Foresta,
850 5588 1088 5666 reigncur
1127 5599 1191 5652 de
1237 5588 1493 5666 Beaujcu,
1545 5596 1711 5665 grand
1760 5596 2066 5661 Chatttbricr
2110 5607 2158 5652 et
2266 5588 2613 5659 clmm'bcllun.

579 5663 806 5729 premier
832 5663 951 5733 pair
975 5667 1039 5721 de
1083 5666 1309 5722 France.
1356 5663 1523 5735 Hujus
1547 5663 1730 5721 autem
1757 5668 2020 5722 versiunis
2051 5668 2155 5723 duo
2240 5732 2248 5735 Α
