4056 6302
245 266 360 338 tt'51

1524 233 1657 315 Ltii.
1698 259 1763 326 ιι,
1802 257 2024 315 EPIST.
2050 260 2117 315 x.

3347 262 3481 320 “58

242 405 285 453 οι
307 389 524 462 ahquid.
553 387 777 441 ροηειιιι
800 391 1033 449 nauaque
1068 374 1325 445 quoniam
1352 372 1470 428 hrec
1496 386 1622 462 vos,
1655 368 1801 425 scili-
1833 374 1880 431 Λ
1910 368 2071 426 ﬁcant
2100 371 2320 442 aliquid,
2352 381 2407 428 et
2441 372 2581 443 quod
2620 371 2957 444 signiﬁcatur
2995 380 3081 430 est
3120 373 3326 445 aliquid
3373 384 3481 433 non

243 495 315 543 cet
358 461 508 544 nihil,
547 486 807 549 quantum
852 472 921 526 ad
959 466 1440 540 signiﬁcationem,
1488 461 1804 517 nullatenus

245 574 403 632 differt
448 572 516 625 ab
540 584 629 634 eo,
660 565 804 637 quod
849 564 990 628 dico,
1024 577 1128 614 non
1168 558 1390 628 aliquid.
1421 553 1566 610 Nihil
1596 566 1807 622 quoque

245 669 334 723 hoc
378 660 636 734 apertius,
668 671 831 728 quam
862 653 1006 725 quod
1034 653 1150 706 haec
1179 649 1246 681 ⁸⁸⁸
1275 662 1379 703 vox
1400 643 1567 717 3M
1602 643 1812 698 scilicet

246 775 334 815 non
357 753 578 826 aliquid,
610 765 827 806 ontnem
864 762 976 802 rem
1007 743 1243 815 penitus,
1271 749 1326 797 et
1361 754 1521 794 omne
1553 735 1697 807 quod
1730 744 1813 790 est
1842 754 1843 757 η

246 824 453 920 aliquid,
490 842 762 901 intellectu
804 838 1224 901 removendum;
1265 824 1366 887 nec
1392 830 1613 887 omnino
1647 826 1812 881 ullam

245 958 370 1007 rem,
418 946 512 993 aut
554 935 771 1007 penitus
814 931 956 1001 quod
1000 926 1202 996 aliquid
1242 926 1312 980 sit
1353 921 1683 993 ponendum,
1717 933 1816 972 sua

245 1031 537 1104 prolatione
568 1023 860 1097 signiﬁcat.
901 1019 1006 1076 Sed
1037 1017 1292 1090 quoniam
1323 1014 1550 1070 remotio
1592 1009 1817 1078 alicujus

245 1101 316 1180 rei
342 1118 638 1193 signiﬁcari
678 1115 987 1170 nullatenus
1022 1119 1220 1182 potest,
1253 1108 1354 1163 nisi
1385 1121 1507 1161 cum
1543 1101 1818 1173 signiﬁca-

248 1217 384 1271 tione
406 1211 524 1280 ejus
552 1210 722 1280 ipsius
753 1207 910 1278 cujus
947 1201 1285 1273 signiﬁcatur
1314 1197 1564 1261 remotio,
1600 1208 1820 1262 necesse

248 1314 322 1363 est
353 1312 413 1358 ut
448 1304 562 1357 lucc
590 1315 693 1355 vox
725 1313 842 1368 quae
884 1306 971 1351 cst
1001 1294 1070 1326 ³⁵³
1107 1309 1211 1346 non
1237 1290 1459 1360 aliquid,
1492 1285 1823 1343 destruemlo

248 1401 294 1455 id
324 1397 469 1467 quod
492 1403 576 1449 est
598 1391 824 1463 aliquid,
849 1388 1119 1459 signiﬁcet
1145 1384 1366 1454 aliquid.
1394 1381 1660 1448 Quoniam
1696 1394 1824 1435 vero

247 1487 538 1544 auferendo
582 1497 745 1538 omne
784 1479 926 1549 quod
968 1486 1051 1535 est
1091 1475 1318 1545 aliquid,
1351 1472 1516 1527 ullam
1553 1469 1825 1541 significat

244 1578 557 1640 essentiam,
587 1587 748 1643 quam
775 1569 1047 1625 audientis
1072 1566 1373 1623 intellectus
1402 1562 1558 1633 quasi
1587 1561 1828 1614 existen-

248 1681 352 1726 tcm
381 1667 612 1724 retineat
638 1679 653 1718 :
682 1662 887 1718 idcirco
916 1675 1019 1713 non
1047 1657 1246 1728 aliquid
1283 1670 1406 1719 vox,
1452 1651 1650 1706 nullam
1682 1664 1820 1714 rem,

245 1769 335 1815 aut
360 1756 505 1828 quod
539 1755 611 1810 sit
639 1750 866 1821 aliquid,
895 1746 1187 1818 signiﬁcat.
1213 1745 1387 1815 Igitur
1417 1744 1531 1797 haec
1571 1756 1675 1795 vox
1719 1756 1823 1793 non

248 1846 448 1918 aliquid
477 1844 561 1900 his
591 1840 820 1898 diversis
850 1837 1153 1895 rationibus
1187 1835 1531 1903 aliquatenus
1561 1828 1831 1901 signiﬁcat

230 1955 357 1994 “rem
382 1934 696 2006 et‘aliqnid,
728 1945 785 1988 et
814 1931 1124 2013 nullatenus
1146 1925 1415 1997 signiﬁcat
1456 1936 1569 1977 rem
1597 1930 1693 1976 aut
1727 1920 1831 1975 ali-

247 2032 371 2102 quid
410 2048 424 2084 :
458 2029 732 2100 signiﬁcat
767 2024 938 2088 enim,
971 2012 1254 2090 negando;
1286 2026 1343 2072 et
1386 2028 1493 2068 non
1538 2012 1826 2084 signiﬁcat,
1872 2060 1875 2061 ν

246 2119 643 2177 constituendo.
670 2115 784 2170 liae
808 2113 1017 2170 ratione
1042 2111 1173 2165 nihil
1199 2122 1420 2168 nomen,
1443 2104 1586 2178 quod
1613 2103 1834 2174 perimit

246 2228 409 2268 omne
435 2210 579 2282 quod
607 2216 693 2264 est
718 2204 960 2274 aliquid;
993 2211 1042 2257 et
1077 2199 1405 2256 destruendo
1432 2181 1535 2253 non
1565 2194 1834 2265 signiﬁcat

247 2305 407 2368 nihil,
451 2302 545 2357 sed
602 2297 841 2368 aliquid;
894 2304 950 2350 et
995 2289 1374 2348 constituendo
1417 2303 1523 2343 non
1566 2286 1835 2357 signiﬁcat

246 2393 480 2464 aliquid,
511 2391 608 2447 sed
640 2388 796 2444 nihil.
825 2386 1169 2456 Quapropter
1191 2398 1296 2438 non
1332 2390 1418 2436 est
1445 2391 1666 2433 necesse
1700 2374 1835 2430 nihil

244 2462 374 2540 esse
412 2479 636 2550 aliquid,
661 2478 783 2533 ideo
807 2476 932 2546 quia
960 2487 1156 2528 nomen
1183 2470 1300 2538 ejus
1337 2467 1608 2539 signiﬁcat
1633 2462 1835 2533 aliquid

244 2571 496 2643 quolibet
540 2567 732 2633 modo;
773 2564 867 2620 sed
903 2563 1084 2633 potius
1124 2573 1347 2617 necesse
1388 2571 1511 2612 esse
1554 2553 1688 2609 nihil
1717 2568 1837 2608 esse

246 2659 405 2723 nihil,
436 2659 562 2728 quia
598 2671 795 2713 nomen
826 2650 1246 2725 ejussigniﬁcat
1276 2647 1483 2718 aliquid
1519 2645 1622 2701 hoc
1651 2644 1834 2700 modo.

245 2752 367 2808 lloc
401 2751 583 2819 itaque
608 2748 767 2803 modo
790 2761 895 2800 non
920 2753 1184 2814 repugnat
1217 2740 1416 2797 malum
1448 2738 1583 2795 nihil
1609 2752 1753 2804 esse,
1785 2744 1840 2791 et

227 2847 380 2903 'tnali
431 2842 563 2899 nihil
593 2855 715 2897 esse
751 2826 1209 2911 signiﬁcativum;
1254 2835 1297 2889 si
1330 2834 1409 2888 sic
1451 2830 1655 2901 aliquid
1690 2828 1840 2899 peri-

243 2938 451 2995 mentlo
474 2933 767 3005 signiﬁcat,
785 2940 845 2986 ιιι
866 2929 1066 2985 nullius
1091 2928 1169 2983 rei
1192 2926 1265 2982 sit
1284 2923 1714 2981 constitutivum.
1733 2919 1842 2975 Sed

243 3047 376 3088 cum
408 3030 511 3084 hac
536 3027 746 3082 ratione
776 3023 975 3079 malum
1005 3031 1061 3077 et
1082 3020 1218 3074 nihil
1255 3032 1386 3073 vere
1413 3014 1720 3086 significent
1742 3012 1843 3066 ali-

237 3123 420 3194 quid;
446 3130 503 3176 et
531 3129 709 3175 tamen
737 3116 880 3186 quod
904 3115 983 3169 sic
1006 3111 1343 3183 signiﬁcatur
1367 3123 1476 3161 non
1500 3116 1583 3161 cst
1611 3105 1834 3168 malum,
1873 3105 1883 3159 ἶ

241 3214 333 3269 vel
373 3210 515 3266 nihil
549 3217 634 3263 est
666 3217 845 3261 tamen
889 3211 946 3259 et
983 3201 1087 3255 alia
1129 3198 1343 3254 ratione
1363 3196 1470 3261 Ma;
1499 3210 1605 3265 qua
1637 3193 1844 3265 signiﬁ-

235 3311 386 3361 cant
439 3294 666 3368 aliquid,
697 3304 753 3350 et
786 3294 931 3364 quod
982 3290 1322 3362 signiﬁcatur
1365 3296 1448 3342 est
1487 3284 1713 3354 aliquid,
1750 3283 1843 3336 sed

232 3410 358 3451 non
416 3404 549 3445 vere
587 3386 811 3456 aliquid,
855 3385 949 3439 sed
989 3381 1145 3452 quasi
1189 3377 1413 3450 aliquid.
1446 3374 1612 3430 Multa
1648 3374 1846 3444 quippe

230 3486 521 3541 dicuntur
542 3477 839 3535 secundum
864 3474 1115 3538 fortnam,
1140 3485 1260 3543 quae
1278 3486 1381 3525 non
1403 3478 1529 3523 sunt
1549 3466 1843 3522 secundum

231 3589 410 3640 rem;
447 3579 507 3626 ut
530 3571 734 3635 timere,
765 3567 1060 3622 secundum
1089 3564 1322 3619 formam
1347 3561 1515 3628 vocis,
1541 3558 1741 3614 dicitur
1763 3572 1847 3611 ac-

228 3669 456 3727 tivum,
485 3676 607 3717 cum
638 3660 709 3716 sit
734 3659 1009 3730 passivum
1037 3656 1333 3712 secundum
1363 3669 1500 3710 rem.
1527 3652 1603 3707 lta
1632 3663 1848 3722 quoque

228 3757 478 3814 cmcitas
524 3750 722 3806 dicitur
748 3749 949 3819 aliquid
978 3747 1272 3803 secundum
1296 3745 1527 3799 formam
1562 3740 1842 3810 loquendi;

224 3865 369 3906 cum
420 3861 535 3901 non
567 3845 641 3900 sit
673 3842 876 3912 aliquid
921 3837 1216 3895 secundum
1263 3850 1399 3890 rem.
1428 3834 1583 3887 Sicut
1608 3832 1750 3887 enim
1784 3831 1850 3884 de

226 3941 444 4011 aliquo
476 3937 708 3993 dicimus
730 3934 857 4004 quia
881 3932 1042 3985 habet
1068 3930 1269 3992 visum,
1295 3935 1352 3982 et
1380 3925 1528 3979 visus
1555 3932 1637 3979 est
1667 3923 1719 3977 in
1748 3936 1846 3987 eo;

225 4034 309 4090 ita
340 4031 598 4109 dicimus
633 4027 758 4096 quia
801 4024 966 4079 habet
997 4021 1320 4086 czecitatem,
1348 4026 1404 4072 et
1434 4016 1652 4070 caecitas
1680 4024 1764 4068 est
1795 4014 1848 4068 in

220 4139 319 4189 eo,
355 4103 503 4177 cum
532 4119 647 4189 haec
672 4131 777 4170 non
806 4114 877 4169 sit
905 4111 1130 4182 aliquid,
1152 4110 1243 4164 sed
1277 4106 1456 4178 patius
1479 4119 1585 4159 non
1610 4103 1844 4173 aliquid:

216 4225 282 4274 et
313 4217 487 4272 hanc
518 4211 739 4273 habere,
775 4224 880 4263 non
916 4208 987 4262 sit
1018 4206 1219 4260 habere
1248 4202 1484 4272 aliquid;
1524 4203 1635 4256 imo
1662 4214 1729 4253 eo
1755 4215 1848 4253 ca-

218 4322 386 4375 rere,
413 4302 576 4375 quod
601 4311 685 4356 est
704 4299 927 4370 aliquid.
959 4297 1187 4354 Cmcitas
1211 4310 1446 4365 namque
1474 4308 1578 4348 non
1605 4290 1851 4346 estaliud

1911 465 2208 520 secundum
2257 481 2394 532 rem,
2451 466 2545 522 sed
2591 466 2889 521 secundum
2936 465 3169 527 formam
3209 466 3484 537 loquendi.

1912 553 2054 609 Nihil
2093 557 2238 611 enim
2272 572 2378 612 non
2408 557 2553 611 aliud
2593 557 2885 628 signiﬁcat,
2917 572 3081 629 quam
3126 574 3230 614 non
3261 558 3487 628 aliquid,

1913 657 2006 702 aut
2035 650 2338 704 absentiam
2362 665 2550 705 eorum
2587 664 2710 720 qua:
2740 656 2866 704 sunt
2900 649 3102 721 aliquid
3145 668 3159 703 :
3200 658 3253 707 et
3288 651 3490 705 malum

1913 754 2019 795 non
2045 751 2131 795 est
2156 740 2303 795 aliud
2339 755 2498 811 quam
2532 756 2639 796 non
2684 741 2905 807 bonum,
2936 749 3032 795 aut
3063 740 3311 796 absentia
3343 741 3493 805 boni,

1914 832 2007 887 ubi
2030 831 2189 887 debet
2216 820 2306 887 aut
2331 832 2550 903 expedit
2587 846 2709 888 esse
2745 831 2965 887 bonum.
2996 831 3149 899 Quod
3177 839 3354 886 autem
3388 846 3493 885 non

1915 924 2195 1013 estaliud,
2227 940 2389 995 quatn
2420 925 2663 979 absentia
2694 923 2811 993 ejus
2843 924 2985 994 quod
3012 933 3095 981 est
3121 923 3357 995 aliquid,
3391 921 3498 975 uti-

1919 1031 2025 1086 que
2055 1032 2161 1072 non
2186 1024 2270 1071 est
2302 1014 2525 1084 aliquid.
2563 1013 2758 1068 Malum
2791 1015 2954 1087 igitur
2982 1030 3113 1071 vere
3137 1024 3224 1070 est
3259 1013 3413 1077 nihil,
3444 1019 3502 1066 et

1914 1107 2053 1179 nihil
2082 1122 2185 1161 nou
2212 1113 2297 1161 est
2329 1104 2564 1173 aliquid;
2615 1113 2791 1158 tamen
2822 1106 3220 1175 quodammodo
3242 1114 3369 1161 sunt
3396 1103 3499 1158 ali-

1920 1197 2050 1268 quid
2084 1216 2095 1252 :
2136 1197 2262 1266 quia
2300 1197 2379 1251 sic
2409 1196 2681 1266 loquimur
2715 1199 2783 1252 de
2809 1198 2912 1261 his,
2947 1199 3101 1268 quasi
3129 1199 3237 1254 sint
3273 1198 3500 1268 aliquid,

1920 1305 2046 1345 cum
2085 1289 2314 1344 dicimus
2351 1286 2503 1352 nihil,
2544 1293 2628 1342 vel
2665 1287 2863 1342 malum
2904 1287 3070 1357 fecit:
3109 1297 3205 1341 aut
3236 1287 3388 1353 nihil,
3417 1286 3501 1342 vel

1925 1379 2124 1434 malum
2151 1387 2225 1433 est
2259 1379 2397 1446 quod
2428 1376 2550 1445 fecit
2572 1416 2587 1442 ,
2618 1377 2759 1431 sicut
2780 1376 3035 1443 dicimus,
3067 1375 3266 1447 aliquid
3298 1376 3381 1430 vel
3413 1376 3506 1430 bo-

1927 1485 2047 1523 num
2080 1468 2223 1538 fecit,
2249 1476 2341 1521 aut
2365 1465 2564 1537 aliquid
2592 1465 2676 1522 vel
2706 1466 2896 1520 bonum
2924 1466 3158 1537 estquod
3195 1466 3331 1519 fecit.

2436 1575 2772 1631 EPISTOLA
2806 1575 2878 1631 IX
2915 1575 3004 1629 ³⁸⁸.

2352 1685 2422 1723 ΑΒ
2461 1682 2739 1724 HONACHOS
2775 1683 3086 1724 BECCENSES.

1931 1757 2008 1812 Dc
2031 1773 2279 1828 vrospero
2303 1759 2387 1812 sui
2411 1758 2473 1828 in
2490 1757 2731 1826 Angliam
2752 1757 3009 1828 adventu;
3029 1771 3180 1826 quem
3212 1763 3259 1810 et
3281 1753 3509 1809 domina:

2445 1825 2583 1881 em
2604 1828 2709 1881 vult
2737 1827 2991 1880 nuntiari.

2004 1921 2229 1975 Domnts
2261 1927 2317 1974 et
2348 1917 2607 1973 fratribus
2629 1916 3001 1971 dilectissimis
3033 1916 3085 1969 in
3108 1915 3366 1970 Beccensi
3395 1929 3511 1970 σω·

1930 2013 2096 2067 nobio
2137 2011 2247 2066 Deo
2292 2009 2653 2066 servientibus
2697 2007 2865 2063 frater
2907 2010 3217 2071 Ansernus,
3249 2023 3438 2063 servus
3459 2014 3514 2061 et

1932 2117 2229 2160 conservus
2277 2116 2486 2166 eorum,
2525 2115 2741 2169 semper
2768 2107 2956 2154 sancte
2991 2099 3199 2163 vivere,
3229 2108 3279 2151 et
3302 2106 3516 2152 sancta:

1930 2195 2063 2249 vitae
2089 2194 2370 2264 praemium
2398 2191 2702 2261 percipere.
3376 2248 3377 2251 η

2007 2283 2196 2338 Sciens
2232 2291 2289 2336 et
2310 2290 2460 2336 certe
2487 2280 2665 2335 sciens
2693 2279 3063 2333 dulcissimum
3105 2276 3235 2333 miht
3277 2286 3515 2334 vestram

1936 2374 2282 2429 dilectionem
2323 2372 2572 2425 nuntium
2615 2384 2749 2423 meae
2789 2369 3180 2425 incolumitatis
3217 2377 3273 2422 et
3299 2382 3518 2438 prospe-

1939 2467 2116 2523 ritatis
2150 2475 2263 2522 toto
2312 2463 2509 2520 aﬁectu
2537 2463 2871 2528 desiderare,
2917 2476 3024 2519 non
3059 2459 3217 2530 potui
3243 2445 3519 2514 camdila-

1941 2559 2088 2613 tione
2116 2557 2294 2628 aliqua
2338 2556 2586 2626 fatigare.
2627 2553 2744 2623 Ipsa
2789 2552 2972 2623 itaque
3000 2551 3106 2617 die,
3146 2564 3249 2621 qua
3290 2549 3522 2603 domnus

1939 2649 2204 2706 Girardus
2252 2650 2410 2715 hora,
2445 2661 2567 2717 qua:
2601 2645 2803 2701 dicitur
2829 2645 3029 2715 prima,
3059 2657 3089 2696 a
3132 2657 3218 2697 me
3262 2656 3412 2695 mare
3441 2640 3522 2693 in-

1941 2754 2125 2812 gresso
2164 2739 2441 2804 discessit,
2479 2736 2660 2792 divina
2697 2734 2961 2806 protectio
2985 2747 3071 2788 me
3094 2731 3289 2787 vestris
3318 2730 3524 2784 oratio-

1942 2832 2103 2887 nibus
2133 2830 2186 2885 in
2215 2827 2495 2899 Anglicam
2540 2836 2744 2882 terrane
2792 2837 3050 2895 prospera
3095 2820 3441 2892 navigatione
3465 2825 3523 2872 et

1943 2921 2062 2976 sine
2110 2919 2379 2983 molestia,
2422 2933 2585 2987 quam
2629 2916 2782 2970 multi
2826 2914 3144 2985 navigantes
3181 2910 3297 2982 pati
3322 2910 3523 2978 solent,

1946 3014 2080 3069 hora
2111 3027 2255 3067 nona
2283 3010 2538 3081 perduxit
2582 3008 2650 3040 “7
2686 3025 2702 3061 :
2736 3016 2791 3062 et
2819 3008 2886 3060 ad
2917 3004 3198 3060 dominum
3226 3010 3279 3058 et
3306 3001 3527 3055 Patrem

1895 3098 1914 3121 ⁴
1946 3112 2191 3160 nostrum
2233 3098 2706 3170 archiepiscopum
2741 3095 3105 3151 Lanfrnncum
3151 3104 3376 3162 vespere
3406 3103 3529 3160 per-

1945 3196 2152 3262 venire,
2184 3202 2240 3249 et
2279 3207 2403 3248 cum
2447 3189 2643 3262 gaudio
2671 3186 2872 3257 suscipi
2923 3184 3065 3254 apud
3107 3172 3289 3236 villam
3334 3179 3528 3249 ipsius,

1945 3289 2166 3345 nomine
2194 3285 2459 3355 Limingis
2482 3281 2574 3346 ⁸⁸⁸,
2605 3279 2897 3336 concessit.
2927 3275 2983 3330 In
3012 3272 3250 3329 crastina
3272 3284 3401 3325 vero
3427 3269 3527 3323 itas

1946 3379 2156 3435 litteras
2203 3376 2418 3446 scripsi,
2461 3373 2655 3442 quibus
2680 3377 2736 3424 et
2772 3365 3055 3440 prtefatuni
3084 3360 3409 3419 desiderium
3432 3373 3527 3412 ve-

1946 3481 2119 3528 strum
2150 3466 2522 3538 adimplerem,
2550 3472 2606 3519 et
2631 3471 2878 3517 sanctum
2908 3457 3244 3528 propositum
3274 3459 3520 3507 vestrum

1946 3577 2165 3633 semper
2195 3560 2406 3615 fervere
2442 3566 2496 3612 et
2530 3556 2600 3611 ad
2645 3553 2869 3609 meliora
2911 3548 3173 3620 proﬁcere
3203 3557 3534 3601 commemo-

1947 3668 2064 3708 rem
2086 3650 2179 3706 ω.
2210 3648 2414 3704 Precor
2441 3646 2603 3717 igitur
2633 3653 2691 3697 ιιι
2738 3641 2926 3704 frater,
2963 3638 3151 3693 hortor
3177 3644 3235 3689 ut
3262 3641 3441 3705 pater,
3470 3638 3534 3684 ut

1948 3746 2028 3800 sic
2056 3743 2125 3774 ”°
2152 3739 2415 3797 studentis
2451 3738 2503 3791 in
2535 3749 2668 3804 pace
2686 3741 2742 3787 et
2770 3730 3035 3800 religione
3062 3725 3377 3782 monachica
3401 3736 3531 3793 con-

1949 3834 2187 3897 versari;
2212 3839 2483 3901 quatenus
2505 3836 2559 3882 et
2584 3840 2682 3880 vos
2702 3838 2770 3877 ex
2793 3822 2959 3877 vestri
2982 3820 3145 3874 studii
3176 3814 3531 3872 retributione

1951 3926 2177 3984 valeatis
2223 3918 2553 3982 beatificari,
2609 3925 2665 3972 et
2715 3929 2815 3986 ego
2843 3914 2910 3968 de
2970 3920 3153 3966 vestra
3200 3906 3532 3963 beatitudine

1951 4018 2275 4088 quandoque
2314 4006 2705 4079 congratulari.
2738 4003 3095 4074 Omnipotens
3137 3998 3395 4053 Dominus
3431 4010 3527 4050 sua

1950 4127 2050 4167 vos
2084 4109 2153 4143 ³⁸¹
2179 4105 2517 4179 protectione
2544 4102 2614 4156 ab
2646 4097 2797 4153 omni
2829 4093 3156 4150 adversitate
3178 4089 3450 4153 defendat,
3478 4093 3535 4141 et

1952 4218 2107 4259 suam
2146 4178 2300 4255 vehis
2329 4191 2789 4254 misericordiam,
2825 4202 2923 4257 per
2953 4185 3264 4241 continuam
3289 4178 3533 4249 corporis

1955 4281 2229 4349 ct'animae
2253 4284 2693 4358 prosperitatcm,
2716 4278 2988 4336 ostendat.
3014 4275 3269 4329 Mandate
3294 4272 3537 4344 matriget

214 4413 407 4470 quam
446 4410 566 4450 non
602 4394 770 4458 visus,
803 4399 898 4446 aut
922 4389 1165 4445 absentia
1194 4362 1373 4449 visus,
1399 4387 1487 4442 ubi
1513 4384 1847 4442 visusdebet
1880 4396 1924 4452 ι)
1951 4382 2179 4442 dominre
2192 4387 2388 4434 nostra:
2411 4371 2712 4442 Evae,quod
2731 4372 2797 4426 de
2818 4368 2926 4422 ﬁlio
2948 4382 3046 4421 suo
3070 4362 3424 4435 primogenita
3448 4376 3537 4415 vo-

212 4505 377 4546 esse.
415 4486 551 4543 Non
586 4485 734 4539 visus
768 4498 918 4548 vero,
950 4481 1035 4536 vel
1074 4480 1319 4536 absentia
1351 4479 1502 4534 visus
1532 4493 1636 4531 non
1682 4478 1852 4547 magis

211 4590 311 4638 est
339 4576 601 4650 aliquid,
629 4575 718 4630 ubi
756 4575 916 4629 debet
944 4587 1068 4629 esse
1094 4572 1261 4636 visus,
1296 4585 1460 4640 quam
1489 4567 1578 4622 ubi
1617 4583 1723 4622 non
1755 4569 1851 4621 de-

210 4677 317 4732 bet
369 4686 544 4730 esse.
589 4668 769 4735 Quare
805 4666 1023 4721 caecitas
1069 4679 1175 4719 non
1220 4662 1392 4731 magis
1431 4669 1515 4715 est
1565 4657 1769 4728 aliquid
1797 4657 1850 4710 in

210 4765 423 4827 oculo,
477 4759 617 4832 quia
646 4758 719 4813 ibi
751 4755 911 4812 debet
945 4768 1067 4808 esse
1101 4752 1285 4817 visus;
1322 4765 1484 4818 quam
1529 4764 1637 4802 non
1680 4747 1848 4811 visus,

206 4856 305 4909 vel
343 4849 631 4909 absentia
669 4848 819 4902 visus
858 4847 910 4900 in
943 4844 1119 4913 lapide
1152 4841 1240 4906 ⁸⁸⁵,
1270 4841 1359 4894 ubi
1383 4856 1489 4893 non
1518 4839 1678 4892 debet
1708 4852 1849 4892 esse.

210 4944 407 4999 Multa
442 4953 681 5012 quoque
723 4937 826 4992 alia
856 4935 1111 4991 similiter
1138 4933 1392 4989 dicuntur
1416 4930 1620 5000 aliquid
1664 4943 1855 5012 secun-

205 5038 358 5092 dum
394 5007 660 5089 formam
708 5030 981 5100 loquendi,
1006 5043 1127 5099 qua!
1163 5042 1268 5083 non
1297 5033 1424 5080 sunt
1453 5007 1858 5093 aliquidfquo-

174 5204 177 5207 _
205 5129 377 5183 niam
414 5126 518 5181 sic
550 5122 761 5178 scilicet
788 5121 1061 5190 loquimur
1083 5118 1154 5152 ³⁸⁸
1183 5117 1251 5172 de
1274 5115 1400 5180 illis,
1434 5114 1576 5170 sicut
1604 5113 1671 5168 de
1695 5115 1855 5167 rebus

200 5215 654 5275 existentibus.
684 5213 798 5269 Hoc
822 5212 987 5283 igitur
1023 5211 1183 5266 modo
1208 5208 1407 5264 malum
1441 5215 1493 5261 et
1522 5204 1653 5260 nihil
1683 5201 1853 5274 signi-

1959 4477 2167 4532 biscum
2189 4470 2376 4525 audire
2394 4467 2508 4538 pari
2523 4460 2789 4519 desiderio
2809 4466 3108 4528 exspectat,
3125 4465 3181 4511 ct
3202 4465 3260 4509 ut
3280 4461 3397 4508 oret
3424 4467 3533 4522 quo

1957 4569 2101 4623 sicut
2127 4564 2240 4620 suis
2259 4553 2881 4618 orationibusvobiscum
2896 4547 3204 4620 impetravit
3226 4561 3311 4615 me
3326 4561 3353 4598 a
3379 4544 3533 4601 vobis

1960 4652 2270 4712 timentibus
2295 4664 2416 4706 cum
2450 4643 2813 4718 prosperitate
2856 4640 3028 4699 abire.
3067 4639 3142 4693 ita
3190 4636 3440 4704 impetret
3472 4639 3533 4685 ut

1958 4749 2161 4805 possint
2184 4747 2251 4802 ad
2286 4758 2382 4800 vos
2409 4743 2707 4814 gaudenter
2734 4752 2854 4793 cum
2886 4732 3080 4805 gaudio
3116 4727 3313 4782 redire.
3368 4770 3375 4803 _.

2477 4827 2808 4887 EPISTOLA
2842 4823 2889 4877 Χ
2928 4822 3019 4874 ³⁸³.

2536 4934 2603 4973 ΑΒ
2641 4926 2948 4972 ποῡυιευη.

1992 5023 2230 5076 Lwlatur
2261 5019 2326 5072 de
2352 5012 2582 5082 Radit/fa
2614 5011 2682 5063 ad
2713 5008 3010 5075 religiosam
3042 5002 3199 5056 vitam
3226 4972 3494 5052 converso.

2029 5111 2223 5165 Frater
2268 5078 2588 5164 Aesculus,
2634 5099 2811 5154 dictus
2861 5094 3032 5149 abbas
3078 5087 3379 5146 Becccnsis,
3434 5078 3535 5136 suo

1955 5201 2084 5256 olim
2112 5198 2291 5253 amico
2327 5189 2813 5251 desideratissimo,
2848 5201 2992 5241 nunc
3017 5184 3238 5249 domno,
3269 5189 3327 5234 et
3354 5175 3532 5240 fratri,

1590 5294 1823 5357 VARIE
1856 5290 2256 5351 LECTIONES.

280 5410 367 5443 ιιι
399 5408 612 5474 Quam
634 5402 776 5474 quod
798 5404 913 5457 hinc
936 5417 1034 5474 nis.
1063 5396 1189 5474 Εριζ.
1211 5397 1468 5474 quoniam
1497 5391 1711 5474 quidem
1787 5390 1855 5423 ³⁸⁸

197 5485 381 5537 tione
406 5454 582 5532 ἷκε.
615 5454 715 5529 alia
759 5454 906 5526 ratio
969 5470 1069 5503 3“-
1113 5454 1270 5523 Vistis
1321 5477 1379 5520 ut
1436 5466 1488 5520 in
1517 5454 1704 5537 lapide
1737 5477 1863 5537 n_tss_.
1892 5460 2039 5537 visus
2081 5454 2159 5537 in"
2186 5454 2363 5537 lapide

1638 5532 1704 5571 I"
1753 5531 1940 5587 Solent
1969 5522 2255 5599 (perduxit:
2262 5541 2397 5599 1m;
2427 5522 2622 5599 solent)

189 5556 290 5609 sic
330 5547 691 5619 loquimur_
720 5542 808 5619 ’ξιξ
833 5540 1200 5619 Collatmcn‘m
1231 5540 1406 5592 eodem
1462 5553 1560 5589 ms.

191 5608 445 5691 iningiti
480 5613 936 5691 rny.__Limingis
1003 5612 1078 5691 ἠδ’
1119 5608 1527 5677 Commoverem
1573 5622 1673 5660 ms.
1712 5612 2111 5667 commonerem

191 5709 309 5750 vos
335 5683 368 5691 ν
402 5690 496 5723 ³⁸²
537 5685 754 5742 Collatn
782 5683 897 5739 cum
918 5683 1094 5737 eodem
1127 5696 1220 5734 ms.

1883 5389 1951 5445 Ut
1979 5390 2092 5443 lucc
2114 5400 2235 5456 qua:
2262 5394 2344 5456 est
2365 5399 2496 5456 nias.
2512 5378 2719 5456 _nt_lne_c
2748 5391 2851 5456 vo;
2885 5383 3007 5456 qum
3039 5377 3125 5428 est
3197 5365 3266 5401 ³⁸³
3293 5364 3532 5456 ἐπηρεα-

2462 5451 2530 5485 ³⁸⁵
2564 5451 2784 5506 Scilicet
2820 5436 3090 5517 loq'uimnr
3130 5456 3248 5517 Δηιξ.
3294 5436 3530 5517 διήιίρς.

2675 5522 2807 5574 hora
2837 5506 2977 5572 nona
3014 5513 3263 5583 perduxit
3335 5507 3406 5540 ⁸⁷⁵⁸
3445 5506 3534 5561 Li-

2235 5595 2303 5664 "?
2356 5593 2424 5651 Ut
2479 5593 2566 5648 hic
2603 5586 2704 5645 ius.
2735 5588 2896 5646 utsic
2924 5586 2987 5618 ³⁸¹
3021 5586 3128 5640 Sua
3160 5596 3258 5637 nos
3284 5596 3383 5634 ms.
3436 5592 3537 5633 sua
