4056 6302
551 354 694 412 1139

1127 351 1187 407 S.
1216 347 1516 406 ANSELHI
1550 345 1902 405 CANTUAR.
1935 336 2251 397 ARClllEP.
2285 337 2434 393 OPP.
2476 335 2657 391 PARS
2679 337 2764 392 Ill.
2789 367 2859 377 —
2886 336 3264 394 EPISTOLE.

3694 338 3818 393 ιιω

548 478 608 524 et
640 468 752 522 lilio
774 465 1117 526 chatissimo,
1151 478 1292 519 novo
1317 462 1522 518 Christi
1563 459 1721 514 militi
1752 459 2005 513 Ronctro
2035 454 2127 516 ³⁸⁸,
2165 459 2204 512 Α
2233 466 2356 505 cost
2399 451 2567 504 frater
2595 454 2881 507 Axssutcs
2909 450 3085 504 dictus
3127 448 3294 503 abbas
3330 446 3653 512 Becccnsis,
3688 449 3823 517 quod

548 574 648 628 per
675 564 1044 626 centemptnm
1067 564 1411 610 terrenarum
1440 562 1497 607 et
1522 552 1781 605 falsarum
1814 546 2129 603 divitiarum

550 648 773 715 adipisci
802 646 1050 701 caelestes
1077 654 1133 698 et
1159 658 1318 699 veras
1345 644 1563 699 divitias
1584 642 1680 695 ⁸⁸³.

620 735 803 792 Gloria
848 739 903 789 in
932 737 1149 791 excelsis
1194 736 1328 799 Deo,
1381 736 1474 805 qui
1508 737 1562 789 in
1596 745 1738 788 terra
1775 732 1866 785 dat
1909 729 2133 783 homini-

549 829 645 881 bus
675 829 870 881 bonam
912 827 1246 881 voluntatem
1280 825 1432 893 (Luc.
1462 839 1529 890 tt,
1563 825 1651 891 14)
1683 842 1696 876 :
1729 822 1886 891 cujus
1910 820 2129 877 evcelsa

550 922 774 974 dextera
825 919 1122 973 secundum
1164 918 1495 973 desiderium
1542 930 1724 970 meum
1776 914 2005 968 mutavit
2034 927 2131 966 vo-

547 1011 813 1065 luntatem
852 1011 1030 1065 dilecti
1062 1020 1116 1064 et
1141 1010 1435 1065 desiderati
1461 1006 1561 1063 mei
1590 1023 1620 1061 a
1656 1006 1895 1060 vanitate
1919 1003 2125 1069 seaculi,

548 1118 671 1171 qua:
705 1102 836 1157 nulli
868 1102 923 1156 in
959 1102 1067 1156 fine
1095 1102 1337 1171 prodest,
1367 1109 1422 1153 et
1453 1099 1708 1153 omnibus
1734 1113 1793 1151 se
1822 1096 2131 1173 amantibus

545 1196 734 1259 obest;
780 1196 845 1248 ad
884 1195 1191 1257 veritatem,
1234 1208 1355 1263 quae
1402 1192 1533 1247 nulli
1568 1206 1807 1259 unquam
1852 1191 2030 1255 obest,
2075 1198 2131 1244 et

550 1284 804 1339 omnibus
841 1299 901 1338 se
946 1284 1313 1352 quaerentibus
1349 1282 1593 1351 prodest.
1634 1280 1883 1334 Breviter
1911 1279 2006 1333 tibi
2047 1279 2130 1334 lo.

545 1393 708 1440 quor,
754 1376 1065 1431 dulcissime
1113 1374 1261 1430 cordi
1312 1387 1452 1435 meo,
1494 1371 1710 1437 litteris,
1752 1384 1914 1441 quem
1969 1386 2132 1441 super

548 1484 740 1522 omnes
780 1469 1047 1529 homines,
1097 1472 1234 1517 teste
1272 1462 1629 1525 conscientia,
1683 1461 1890 1526 videte,
1937 1468 1994 1514 et
2042 1460 2129 1515 eui

549 1560 776 1613 multum
801 1558 946 1626 loqui
978 1568 1073 1609 ore
1094 1555 1161 1607 ad
1189 1568 1277 1618 os,
1299 1551 1587 1622 plusquam
1614 1550 1773 1604 alicui
1806 1551 1860 1603 in
1886 1560 2030 1604 terra
2052 1552 2131 1605 vi-

548 1649 720 1710 venti,
753 1648 1023 1701 desidero.
1071 1642 1206 1698 Novi
1246 1643 1392 1697 enim
1435 1642 1729 1711 malignam
1758 1641 1960 1696 diaboli
1993 1642 2132 1695 invi~

548 1738 714 1803 diam,
739 1737 865 1806 quia
890 1738 957 1789 de
990 1734 1239 1789 manibus
1266 1734 1398 1794 suis,
1424 1732 1536 1785 imo
1560 1732 1625 1785 de
1650 1746 1745 1785 ore
1766 1746 1867 1786 suo
1906 1740 1956 1785 te
1986 1731 2131 1786 fren-

2232 539 2429 595 dilecto
2458 540 2600 609 patri
2632 541 2806 596 fidelis
2834 540 2998 593 tilitts.

2305 631 2361 686 Si
2393 633 2552 687 velint
2588 634 2831 688 scribere
2858 646 3021 701 quam
3056 644 3308 699 magnum
3333 636 3388 683 et
3417 644 3583 698 quam
3613 638 3823 698 gratum

2232 722 2305 777 sit
2335 722 2465 777 mihi
2490 726 2732 778 decuset
2759 722 2987 776 dulcedo
3011 730 3206 775 vestra!
3231 720 3639 783 familiaritatis,
3668 735 3823 789 quant

2230 826 2298 866 ex
2323 822 2500 867 vestra
2528 812 2890 883 promissione
2920 828 3008 867 me
3040 814 3251 867 confido
3271 814 3502 867 habere:
3535 823 3826 882 quantum-

2231 917 2338 973 que
2380 917 2499 956 eatn
2523 942 2538 964 ,
2578 903 2678 957 etsi
2710 918 2816 957 non
2859 904 3033 957 merui
3070 904 3350 973 accipere,
3396 904 3709 958 desiderem
3752 904 3823 959 vel

2232 994 2376 1049 fideli
2408 994 2686 1048 voluntate
2708 1035 2723 1058 ,
2758 994 2803 1048 si
2834 995 2992 1047 aliter
3021 1010 3230 1062 nequeo
3261 996 3491 1057 mereri,
3527 1012 3637 1050 non
3668 997 3824 1051 amit-

2234 1093 2382 1148 tere;
2418 1086 2643 1141 forsitan
2672 1095 2767 1139 aut
2800 1086 3229 1139 subtrahendum
3259 1087 3363 1140 erit
3392 1087 3629 1155 aliquid,
3666 1096 3726 1139 ut
3756 1088 3827 1141 vi-

2233 1174 2402 1229 debor
2432 1176 2645 1230 veritati
2674 1175 3055 1244 superaddere.
3087 1174 3193 1229 Sed
3214 1176 3357 1244 quod
3382 1176 3433 1227 itt
3461 1176 3692 1245 epistola
3720 1176 3825 1246 (23)

2234 1264 2303 1296 ³⁸⁸
2340 1281 2446 1319 non
2484 1266 2659 1321 audeo
2695 1263 3027 1320 sullicieuter
3060 1267 3447 1319 commendare
3469 1306 3484 1326 ,
3537 1267 3590 1318 itt
3632 1267 3826 1320 scrinio

2232 1357 2414 1411 cordis
2439 1357 2661 1421 curabo,
2690 1357 2802 1411 Deo
2826 1362 3008 1422 dante,
3038 1356 3270 1410 ﬁdeliter
3297 1370 3536 1410 servare.
3564 1356 3669 1410 Per
3691 1374 3825 1425 pne-

2233 1446 2466 1501 sentium
2489 1446 2687 1502 latores
2712 1446 2933 1511 fratres,
2957 1448 3231 1502 sanctitati
3252 1456 3465 1510 vestrm,
3490 1456 3551 1499 ut
3569 1448 3822 1516 cognovi,

2234 1539 2522 1593 dilectores
2551 1538 2859 1593 celsitudini
2891 1550 3084 1594 vestra:
3112 1539 3179 1593 de
3206 1538 3423 1601 scriptis
3449 1540 3649 1593 nostris
3677 1544 3826 1593 mitto

2236 1631 2378 1697 quod
2403 1628 2665 1697 jussistis.
2701 1631 2756 1685 ltt
2790 1646 2895 1701 qua
2923 1646 2982 1685 re
3010 1646 3119 1683 non
3158 1639 3267 1683 tam
3303 1630 3534 1697 alicujus
3566 1646 3654 1683 me
3684 1632 3823 1687 utili-

2239 1722 2358 1784 tati,
2384 1736 2547 1790 quatn
2580 1732 2775 1776 vestra:
2803 1722 2919 1775 scio
2945 1721 3150 1775 servire
3176 1720 3458 1773 voluntati.
3491 1720 3825 1791 Quapropter

546 1830 681 1881 dens
707 1826 1204 1882 tabescitevadcrc.
1240 1821 1395 1877 Unde
1417 1830 1604 1875 certus
1628 1836 1745 1875 sum
1769 1820 1895 1890 quia
1921 1830 1971 1875 te
1994 1820 2132 1874 mul-
2164 1806 2206 1865 Β
2234 1812 2279 1867 si
2330 1813 2382 1866 itt
2429 1812 2515 1867 illa
2558 1815 2783 1883 legendo
2824 1829 2922 1867 vos
2971 1814 3170 1867 frustra
3221 1823 3433 1881 tempus
3479 1812 3825 1881 insumpsisse

555 1918 627 1971 tis
675 1918 875 1983 modis,
940 1916 1174 1979 scilicet,
1228 1923 1323 1967 aut
1364 1913 1631 1982 gravitate
1684 1911 1963 1965 servitutis
2014 1912 2131 1977 Dei,

544 2024 710 2077 quam
764 2008 1010 2076 elegisti,
1054 2015 1155 2060 aut
1200 2004 1556 2059 delectatione
1603 2001 1874 2056 serviendi
1926 2003 2003 2055 illi
2036 2016 2135 2070 per

546 2112 789 2149 amorem
834 2096 1037 2156 szecnli,
1066 2109 1229 2162 quem
1285 2090 1554 2159 reliquisti
1602 2090 1697 2153 "‘,
1730 2090 1960 2145 tetttabit
1986 2091 2136 2145 deei-

546 2202 697 2255 pere.
725 2188 924 2252 Quare,
955 2188 1210 2253 qnoniam
1243 2198 1409 2252 spero.
1434 2196 1527 2251 per
1558 2181 1651 2235 Dei
1683 2183 1912 2250 gratiam
1942 2191 2132 2235 contra

546 2292 737 2331 omnes
770 2275 932 2347 355
968 2274 1086 2341 ejus
1119 2272 1384 2335 astutias,
1415 2271 1671 2340 quoniam
1711 2271 1766 2324 in
1805 2270 2041 2325 falsitate
2079 2279 2134 2325 et

547 2364 915 2419 imbecillitate
941 2373 1088 2429 sunt,
1117 2364 1161 2418 si
1186 2372 1334 2418 certa
1363 2378 1486 2430 spes
1514 2361 1693 2416 iubeo
1722 2376 1826 2415 non
1856 2362 2019 2426 absit,
2048 2377 2133 2415 tne

548 2454 645 2506 tibi
678 2470 835 2522 posse
865 2455 1150 2508 consulere
1179 2471 1192 2507 :
1227 2463 1282 2508 ct
1313 2470 1410 2523 pro
1440 2463 1592 2507 certo
1622 2453 1735 2506 scio
1764 2452 1969 2506 nullum
1999 2468 2133 2507 cott-

542 2543 723 2598 silittnt
761 2545 827 2597 ad
859 2560 1096 2614 prteseus
1131 2545 1401 2598 desilcrio
1434 2554 1523 2598 tuo
1558 2545 1728 2613 magis
1756 2559 1919 2612 quam
1953 2559 2131 2598 meum

544 2634 788 2690 suilli-ere
816 2636 907 2698 ³⁸⁸,
938 2652 1041 2688 non
1072 2635 1293 2689 habebit
1322 2636 1501 2688 anima
1536 2650 1653 2689 mea
1682 2636 1920 2704 requiem
1946 2652 1999 2688 ιιι
2024 2650 2130 2694 me.

550 2721 722 2777 donec
751 2724 819 2754 ³⁸⁷
853 2725 1099 2778 videatur
1124 2724 1267 2778 oculi
1300 2726 1403 2778 mei
1437 2724 1800 2779 desideratum
1833 2740 2012 2778 meum
2033 2764 2049 2789 ,
2079 2736 2136 2780 et

546 2812 852 2882 alloqttatnr
880 2832 941 2870 os
973 2832 1149 2871 meum
1179 2816 1590 2871 dilectissimum
1621 2816 1792 2871 lilium
1831 2834 2038 2881 tncttttt,
2080 2828 2136 2871 ct

543 2904 779 2959 instruat
798 2921 891 2959 cor
917 2923 1094 2960 meum
1114 2916 1306 2959 contra
1332 2906 1526 2959 diaboli
1546 2906 1727 2974 jacula
1759 2922 1956 2960 novum
1983 2922 2135 2961 cont-

545 2996 845 3048 tuilitonem
893 2998 960 3027 ³⁸⁸
1003 3012 1202 3050 meum.
1251 2997 1453 3050 Precor
1499 2998 1664 3066 igitur
1707 2998 2134 3067 omnipotentem

545 3083 716 3139 Deum
748 3088 838 3155 qui
864 3092 936 3139 'te
965 3087 1034 3140 ab
1064 3102 1249 3141 amore
1287 3087 1562 3141 sa:cularis
1592 3089 1849 3143 vanitatis
1879 3104 2133 3160 segrega-

543 3176 648 3237 vit,
682 3187 735 3230 et
765 3177 1161 3230 sanctissimam
1196 3186 1428 3231 matrem
1458 3179 1575 3248 ejus
1606 3196 1726 3248 qua:
1759 3189 1810 3233 te
1844 3181 1913 3233 ad
1957 3197 2015 3236 se
2047 3182 2133 3236 fu-

541 3266 777 3337 gientem
806 3268 906 3321 sub
932 3284 1026 3321 sua
1059 3268 1220 3322 tutela
1260 3270 1498 3338 suscepit
1517 3311 1531 3333 ,
1565 3281 1623 3323 ut
1653 3281 1704 3324 te
1734 3272 1804 3325 ab
1833 3272 1979 3327 omni
2012 3289 2133 3343 pers-

543 3357 852 3412 turbatione
889 3359 1084 3429 incepti
1123 3360 1379 3429 propositi
1411 3362 1745 3416 custodiant.
1782 3362 1967 3433 Teque
2006 3380 2134 3435 rogo

543 3464 640 3517 per
670 3450 817 3503 illum
852 3451 1005 3517 cujus
1035 3454 1207 3519 gratia
1249 3453 1549 3522 inspirante
1592 3453 1695 3509 hoe
1725 3456 1990 3525 incmpisti
2018 3497 2034 3520 ,
2066 3473 2135 3512 ne

464 3572 469 3578 .
544 3546 598 3587 te
626 3546 869 3591 terreant
901 3540 1021 3592 ulla:
1052 3540 1259 3593 insidia:
1282 3542 1366 3596 vel
1395 3544 1769 3612 suggestiones
1799 3546 2024 3600 inimici.
2053 3547 2133 3601 Ad

542 3627 649 3681 hoc
678 3628 821 3682 enim
854 3630 993 3683 idem
1023 3631 1277 3686 inimicus
1312 3642 1365 3686 te
1403 3635 1694 3689 molestare
1731 3637 1943 3702 nititttr,
1976 3648 2036 3692 ut
2065 3639 2133 3693 de

545 3726 600 3770 te
626 3717 768 3770 victo
795 3719 1057 3785 gaudeat;
1092 3719 1183 3773 sed
1217 3721 1357 3775 Deus
1398 3724 1465 3775 ad
1498 3723 1599 3777 hoc
1634 3724 1710 3778 illi
1750 3727 2047 3794 pertnittit,
2075 3739 2134 3783 ut

542 3806 747 3862 habeas
782 3809 849 3839 ³³³
880 3811 1021 3864 unde
1053 3811 1144 3865 tibi
1175 3812 1414 3867 victorirc
1452 3830 1709 3869 coronam
1741 3818 1853 3887 ipse
1887 3819 2127 3873 tribuat:

546 3897 714 3970 Nemo
748 3900 884 3953 enim
916 3903 1274 3967 coronabitttr,
1322 3904 1535 3960 dicente
1567 3907 1853 3974 Apostolo,
1904 3911 2005 3964 nisi
2042 3914 2132 3981 qui

540 3988 767 4058 legitime
789 3993 1057 4045 certaverit
1084 3992 1165 4062 (ll
1196 3992 1331 4046 Tim.
1362 4009 1423 4059 tt,
1448 3995 1527 4066 5).
1556 3996 1820 4067 Exspecta
1851 4000 2014 4070 igitur
2038 4006 2133 4057 do-

540 4096 646 4135 nec
673 4084 918 4149 veniam;
947 4085 1093 4152 quia,
1122 4085 1230 4139 Deo
1252 4085 1435 4151 dante,
1465 4088 1891 4144 consolationem
1917 4091 1986 4123 ³⁶⁰
2016 4110 2134 4147 om-

540 4173 692 4227 nium
720 4190 839 4242 qute
867 4176 959 4228 tibi
984 4191 1126 4230 nunc
1154 4166 1379 4229 molesta
1407 4188 1533 4231 sunt
1557 4181 1841 4249 suscipies.
1876 4182 2133 4240 Dominus

540 4264 809 4316 custodiat
843 4274 893 4318 te
918 4268 985 4317 ab
1016 4266 1161 4319 omni
1195 4265 1354 4317 tnalo.
1390 4266 1583 4320 Amen.

1054 4376 1384 4433 EI‘ISTOLA
1428 4377 1499 4431 Xl
1536 4379 1624 4434 ³⁸⁸.

1148 4507 1214 4544 AD
1249 4506 1522 4546 “IIGOSEII.

546 4575 626 4634 De
650 4577 958 4651 quibusdqnt
991 4578 1219 4651 Anselmi
1247 4582 1509 4651 opusculis
1539 4582 1603 4631 ub
1630 4583 2018 4651 archiepiscopo
2049 4600 2130 4638 reb

613 4645 841 4719 quisitis.
883 4645 948 4699 Et
986 4649 1123 4721 quod
1163 4664 1347 4701 nomen
1385 4650 1586 4721 abbatis
1627 4652 1679 4703 in
1724 4645 1878 4704 titulo
1916 4645 2128 4721 operum

616 4718 833 4772 suorum
862 4718 1146 4787 pra'ﬁxerit
1173 4727 1225 4769 ut
1257 4720 1715 4784 thttt'vocationem
1741 4718 2055 4776 excluderet.

618 4808 827 4863 Donum
850 4818 904 4863 et
932 4808 1078 4862 Patri
1108 4823 1229 4862 cum
1255 4808 1542 4862 dilectione
1573 4812 1896 4879 reverettdo,
1926 4822 1979 4866 ct
2003 4830 2125 4869 cum

545 4902 845 4961 reverentia
886 4901 1154 4971 diligendo
1194 4899 1537 4971 Lugdunensi
1577 4902 1981 4973 archiepiscoito
2021 4904 2127 4960 llu-

2232 1905 2587 1974 ptenituerit,
2632 1905 2758 1974 quia
2795 1904 2941 1975 quod
2987 1904 3191 1973 putatis
3236 1919 3342 1957 non
3388 1902 3675 1959 invenietis
3718 1904 3822 1960 ⁸⁸³.

2235 2010 2342 2048 non
2369 1996 2625 2059 mittenti,
2654 1997 2747 2051 sed
2775 1996 3013 2065 exigenti
3037 1996 3307 2064 imputare
3328 1995 3556 2048 debetis.
3582 1995 3655 2048 De
3674 2010 3821 2063 qna:-

2234 2086 2502 2142 stionibus
2533 2102 2659 2141 vero
2687 2087 2755 2141 de
2787 2087 2984 2156 quibus
3015 2100 3101 2139 me
3142 2086 3278 2140 velle
3316 2085 3559 2140 scribere
3599 2086 3741 2151 dixi,
3769 2096 3822 2140 et

2236 2182 2541 2235 reverentia
2571 2190 2751 2232 vestra
2783 2195 2870 2232 me
2901 2178 3133 2242 monuit,
3171 2177 3215 2231 si
3252 2176 3321 2208 ’“
3350 2178 3537 2233 dixero
3567 2188 3819 2246 quantum

2235 2269 2441 2323 dictare
2472 2270 2736 2338 impediar
2772 2268 2840 2298 ³⁵⁸
2862 2309 2879 2333 ,
2910 2267 2979 2321 ab
3023 2267 3164 2331 ullo,
3205 2268 3297 2336 qui
3335 2283 3507 2321 meam
3538 2284 3638 2322 non
3674 2271 3822 2323 novit

2235 2361 2726 2422 conversationem,
2755 2358 2905 2412 credi
2936 2373 3042 2411 non
3071 2358 3271 2425 poterit
3301 2357 3391 2410 '“.
3428 2356 3484 2411 Si
3508 2360 3713 2426 quando
3736 2368 3822 2412 ta-

2235 2468 2358 2507 men
2400 2452 2523 2506 inde
2559 2451 2692 2505 mihi
2733 2464 2831 2520 per
2871 2450 2962 2503 Dei
3002 2450 3233 2519 gratiam
3274 2449 3415 2517 quod
3459 2451 3578 2503 volo
3616 2448 3819 2506 efﬁcere

2234 2540 2439 2606 licebit,
2474 2551 2690 2605 vestrm,
2715 2542 2759 2595 si
2785 2550 2996 2610 potero,
3023 2538 3321 2608 prudentia:
3342 2550 3527 2593 notum
3550 2541 3671 2595 erit.
3694 2541 3819 2606 Fra,

2238 2644 2348 2689 tres
2383 2635 2625 2704 prtedicti
2666 2634 3091 2705 lacrymahiliter
3128 2636 3195 2689 de
3231 2635 3467 2689 interiori
3509 2637 3817 2689 monasterii

2235 2726 2318 2780 sui
2351 2738 2747 2796 conquerentes
2772 2728 3176 2789 destructione,
3215 2742 3310 2796 pro
3342 2739 3424 2779 me
3465 2726 3817 2779 obsceraruut

2235 2818 2431 2874 affectu
2465 2828 2523 2871 ιιι
2562 2819 2765 2871 nostris
2801 2820 3052 2887 precibus
3086 2820 3293 2887 paterni
3327 2817 3489 2871 vestri
3522 2817 3726 2871 consilii
3764 2818 3815 2871 in

2238 2911 2585 2964 tribulatione
2614 2926 2710 2962 sua
2745 2912 3050 2965 releventur
3079 2911 3448 2965 consolatione
3477 2926 3492 2961 :
3524 2908 3616 2964 sed
3634 2950 3649 2971 ,
3684 2910 3814 2963 sicut

2237 3013 2424 3059 nostro
2460 3005 2689 3059 consilio
2732 3022 2837 3058 nott
2885 3015 3006 3074 eget
3048 3015 3227 3061 vestra
3271 3003 3565 3075 sapientia,
3606 3005 3676 3058 ita
3721 3019 3813 3059 nec

2237 3095 2490 3166 precibus
2520 3095 2920 3150 benevolentia.
2974 3097 3032 3150 Si
3098 3106 3277 3150 tamen
3328 3098 3501 3166 placet
3546 3109 3599 3149 ut
3638 3096 3810 3150 dicant

2237 3188 2367 3256 quid
2394 3187 2497 3241 illis
2524 3187 2589 3240 ad
2617 3202 2850 3255 prtesens
2880 3189 3153 3255 expedire,
3194 3189 3369 3243 donec
3398 3189 3687 3242 visitatione
3726 3203 3812 3240 su-

2237 3296 2420 3350 perna:
2441 3279 2627 3349 gratia:
2655 3280 2706 3331 in
2731 3292 2919 3332 eorum
2942 3280 3171 3333 ecclesia
3199 3295 3297 3348 per
3326 3280 3585 3351 regularis
3612 3280 3811 3333 abbatis

2235 3372 2580 3441 praesentiain
2608 3369 2926 3423 monachica
2956 3380 3292 3425 restauretur
3325 3372 3531 3439 religio.
3555 3370 3771 3424 sentiam
3792 3408 3805 3432 ,

2234 3460 2445 3513 aestimo
2485 3457 2610 3526 quia
2651 3458 2843 3513 melius
2886 3468 2972 3513 est
3018 3470 3077 3514 ιιι
3117 3470 3294 3515 vestra
3344 3461 3559 3515 licentia
3608 3460 3805 3514 interim

2235 3552 2458 3616 eligant,
2493 3551 2582 3603 ubi
2614 3550 2909 3604 secundum
2942 3552 3278 3620 propositum
3311 3566 3470 3605 suum
3511 3552 3688 3604 vivant
3715 3550 3807 3604 uti-

2234 3643 2379 3709 liter,
2410 3659 2573 3711 quam
2604 3652 2664 3696 ut
2703 3644 2774 3698 ibi
2808 3654 3077 3713 cogantur
3104 3658 3352 3706 manere,
3383 3644 3494 3705 ttbi,
3534 3643 3804 3713 indigentia

2234 3732 2501 3787 bonorum
2532 3733 2777 3802 corporis
2796 3745 2853 3789 et
2880 3735 3075 3787 anima:
3106 3734 3288 3788 tristes
3317 3734 3499 3786 vivant
3525 3733 3802 3795 inntilter,

2234 3833 2327 3879 aut
2348 3824 2536 3878 eadem
2561 3824 2859 3893 indigentia
2886 3824 3297 3878 intolerabiliter
3316 3824 3526 3894 gravati
3548 3823 3805 3876 discedant

2236 3915 2628 3971 inobedienter.
2659 3916 2810 3981 Quod
2842 3916 2893 3969 in
2926 3916 3081 3970 titulo
3102 3915 3487 3993 epuscnlorutn
3520 3923 3802 3967 nostrontm

2236 4006 2441 4061 nomini
2472 4014 2658 4060 nostro
2686 4006 2868 4060 addidi
2906 4022 3101 4061 nomen
3138 4007 3382 4069 abbatis,
3424 4022 3531 4059 non
3572 4002 3686 4059 ideo
3712 4004 3802 4057 feci

2236 4107 2295 4151 ut
2322 4111 2608 4165 personam
2636 4106 2997 4151 monstrarem
3031 4098 3432 4151 honoratiorem
3457 4136 3472 4160 ,
3501 4096 3595 4150 sed
3630 4106 3685 4149 ut
3715 4109 3801 4149 no-

2234 4189 2397 4244 minis
2426 4189 2766 4243 excluderetn
2793 4192 3298 4257 :eqnivocationem.

2728 4301 3062 4356 EPISTULA
3105 4301 3193 4356 XII
3233 4302 3322 4354 "".

2795 4408 2863 4445 AD
2901 4407 3258 4448 IIELINASDUI.

2161 4472 2209 4533 Β
2244 4479 2506 4535 Hortatur
2533 4494 2585 4534 nt
2623 4495 2907 4551 perseveret
2942 4495 2989 4536 et
3022 4484 3221 4536 diaboli
3250 4485 3412 4537 variis
3449 4484 3803 4537 natationibus

2521 4569 2652 4621 quas
2684 4554 2953 4617 describit,
2984 4562 3283 4607 constanter
3310 4557 3536 4608 resistat.

2312 4635 2511 4691 Servus
2537 4654 2815 4693 servormn
2844 4639 2937 4693 Dei
2965 4641 3017 4692 in
3043 4639 3299 4694 Beccensi
3323 4642 3650 4696 monasterio
3668 4655 3805 4695 eom-

2237 4728 2569 4781 manentinm
2590 4768 2606 4792 ,
2641 4728 2807 4783 frater
2842 4733 3124 4784 ANSELIUS
3155 4729 3306 4784 fratri
3335 4730 3563 4797 dilecto,
3591 4731 3698 4785 lilio
3719 4733 3804 4784 de-

2234 4817 2472 4872 siderato
2502 4818 2835 4885 lleusasno,
2868 4820 3005 4875 bene
3031 4821 3258 4889 incepta:
3286 4820 3517 4875 feliciter
3540 4822 3804 4889 perficere.

2306 4908 2631 4966 Benedictus
2660 4911 2832 4979 Deus,
2862 4927 2893 4966 a
2924 4926 3030 4980 quo
3054 4928 3207 4965 omne
3232 4913 3416 4965 datum
3450 4911 3518 4946 ³⁸⁸
3547 4914 3804 4980 optiutttttt,

1836 4993 2071 5049 νΑιιιΑῐ
2112 4997 2516 5057 LECTIONES.

618 5086 691 5119 ³⁸³
711 5085 994 5156 Rndolpho
1022 5103 1118 5140 ms.
1146 5085 1427 5157 Rodnlpho
1500 5082 1572 5117 '”
1602 5084 1867 5142 leestcs
1888 5086 2104 5143 divitias
2140 5109 2216 5145 ms
2242 5093 2492 5149 caelestes
2511 5103 2565 5149 et
2587 5110 2745 5148 veras
2795 5094 3013 5149 divitias
3088 5094 3161 5125 ³⁸³

542 5172 708 5229 quem
734 5158 992 5227 reliquisti
1016 5157 1137 5233 m’“
1161 5156 1446 5211 Sullieeret
1473 5157 1849 5233 ms.__5t_tllic_cre
1921 5158 1988 5188 ³⁸⁷
2018 5157 2277 5233 Requiem
2312 5165 2481 5219 donec
2512 5182 2610 5217 ms.
2643 5166 2881 5233 requiem
2908 5167 2961 5219 in
2985 5182 3069 5220 me
3092 5156 3265 5218 donéc

548 5225 673 5284 tietn
703 5245 799 5281 ms.
834 5225 1255 5282 comtttilitonem
1289 5243 1466 5281 mcutn
1540 5228 1609 5259 ”’
1641 5225 1710 5281 Ut
1737 5228 1934 5283 habeat
1954 5244 2053 5282 ms.
2084 5225 2142 5285 ut
2164 5232 2365 5288 habeas

548 5298 972 5374 consolationem
1048 5298 1115 5328 ’“
1146 5296 1352 5374 Coltqta
1381 5312 1498 5374 cunt
1525 5297 1705 5374 eodem
1735 5315 1851 5374 ttts._
1908 5298 1979 5374 ξδ’
2013 5300 2123 5374 Sed
2146 5301 2208 5374 in
2226 5303 2455 5371 epistola
2487 5296 2705 5359 msfsed
2736 5312 2877 5374 quod
2907 5307 2959 5359 itt
2986 5304 3213 5374 epistola

2062 5370 2134 5401 m
2162 5370 2245 5426 Me
2262 5370 2312 5427 si
2337 5391 2436 5428 ms.
2468 5391 2554 5431 me
2585 5370 2808 5434 monuit.
2841 5378 2887 5430 si

1592 5437 1659 5468 "7
1684 5436 1890 5492 Collata
1944 5456 2063 5494 cunt
2095 5442 2274 5496 eodem
2322 5460 2423 5499 ms.
2454 5455 2502 5499 et
2549 5462 2668 5500 cum
2722 5445 2905 5501 Editlt.
2942 5443 3099 5503 Goth.
3152 5436 3201 5500 εἱ
3221 5443 3407 5499 Colon.
3472 5436 3627 5497 anni'
3658 5438 3813 5497 1573.

547 5371 676 5421 tatis
706 5368 989 5422 invenietis
1013 5384 1112 5421 ms.
1143 5367 1284 5435 quod
1313 5368 1515 5435 putatis
1544 5383 1649 5421 non
1678 5368 1963 5424 invenietis

548 5437 621 5472 ³⁸⁸
646 5436 760 5491 Non
794 5448 971 5507 potest
989 5454 1088 5490 ms.
1118 5454 1223 5490 non
1249 5437 1450 5505 poterit

546 5508 620 5539 ³⁸⁸
640 5505 812 5563 Omne
836 5511 1035 5564 honuni
1062 5508 1243 5561 datum
1268 5524 1366 5562 ηιξ.
1388 5517 1436 5563 et
1470 5505 1613 5561 Edit.
1640 5523 1801 5562 omne
1828 5510 2014 5564 datunt

3190 5093 3360 5160 Quam
3392 5162 3395 5163 ν
3417 5091 3680 5163 reliquisti
3700 5108 3808 5163 rats.

3383 5162 3455 5194 ⁸⁸⁸
3488 5162 3813 5215 (Ionttttililo-

2475 5234 2544 5266 “°
2581 5234 2715 5301 Quia
2747 5235 3174 5290 consolationem
3205 5250 3303 5287 ms.
3341 5234 3464 5297 quia
3507 5233 3616 5286 Deo
3658 5235 3814 5283 dante

2487 5322 2585 5359 ms.
2612 5307 2705 5359 sed
2736 5312 2877 5369 quod
2907 5307 2959 5359 itt
2986 5304 3213 5369 cpistola
3313 5302 3378 5333 “’
3409 5304 3563 5369 Quod
3591 5318 3695 5354 non
3719 5316 3816 5367 pti-

3007 5318 3213 5374 Eptslola
3313 5318 3375 5333 "‘
3409 5318 3563 5369 υιιοιι
3591 5318 3695 5354 ιιοιι
3719 5318 3815 5367 IIII-

3007 5376 3077 5452 '°_‘
3104 5374 3364 5452 Impediat
3386 5390 3486 5427 ms.
3533 5371 3815 5452 impediar.

1755 5615 2057 5709 JOANNIS.‘
2073 5622 2347 5682 PlCAllDl
2380 5627 2615 5686 ΝΟΤΆΕ.

624 5712 739 5782 (Ξὸ)
786 5711 850 5765 γ.
892 5710 1062 5780 Epist.
1100 5712 1192 5779 l7,
1227 5710 1389 5779 infra.
