4056 6302
283 341 405 396 “Gl

1519 316 1642 372 LIB.
1682 313 1725 368 ll
1780 306 1996 365 EPIST.
2055 305 2169 361 XII.

3367 290 3506 345 H62

273 461 318 504 et
355 461 496 502 omne
529 444 722 497 donum
769 439 1052 508 uertet-tum
1097 432 1374 492 descendit
1418 430 1557 501 (Jac.
1605 445 1652 494 ι,
1699 425 1828 495 l'i):
1863 430 1908 484 Α
1936 416 2108 473 fusius
2139 415 2410 478 scribere,
2440 411 2545 469 nisi
2577 412 2660 465 lex
2687 408 2926 479 epistola:
2965 412 3184 478 cogeret
3211 419 3296 460 me
3323 403 3507 460 brevi-

271 541 357 610 qui
385 536 573 592 avertit
608 533 784 588 oculos
821 541 936 585 tuos
975 545 1046 583 ne
1078 528 1284 582 videant
1325 523 1604 579 vanitatem
1651 516 1826 587 (Ρεηι.

270 609 446 691 exvut,
475 625 587 694 57),
632 633 685 678 et
728 622 904 677 erexit-
943 619 1176 674 animam
1224 626 1369 670 tuam
1402 616 1468 668 ad
1506 609 1835 680 sequendam

271 723 565 774 veritatem.
612 717 800 770 Restat
843 713 1025 782 igitur,
1064 715 1134 763 ml
1178 707 1480 763 desiderate
1503 742 1519 766 ,
1553 709 1612 754 ut
1650 697 1834 753 sedula

271 808 618 867 sollicitudine
657 814 989 874 pertractes.
1037 799 1161 870 quia
1199 812 1347 851 nemo
1377 795 1582 848 mittens
1621 803 1835 843 manum

269 902 336 955 ad
369 908 602 952 aratrum
632 906 680 950 et
714 894 988 964 respiciens
1015 900 1172 954 retro,
1209 898 1361 958 aptus
1391 894 1465 940 est
1495 897 1650 953 regno
1680 879 1836 934 caelo-

271 1005 380 1043 rum
409 985 560 1058 (Luc.
593 1001 668 1049 ix,
699 983 774 1052 6).
803 982 1072 1050 Antiquos
1091 979 1233 1034 enim
1259 975 1428 1031 hostis
1457 981 1604 1028 tanto
1629 970 1839 1026 enixius

271 1095 370 1134 non
407 1076 643 1134 cessabit
671 1073 1004 1134 multimodis
1037 1067 1505 1126 tecalliditatibus
1542 1063 1798 1118 invadere
1820 1098 1836 1124 ,

201 1242 211 1249 ἰ
264 1179 457 1239 quanto
491 1176 542 1223 te
563 1167 711 1222 videt
732 1164 1026 1221 studiosius
1051 1161 1184 1216 velle
1208 1161 1430 1228 laqueos
1451 1157 1565 1227 ejus
1587 1154 1838 1209 evadere.

262 1266 408 1332 Saepe
431 1277 672 1330 namque
703 1259 924 1336 reducet
951 1264 1074 1311 ante
1112 1253 1310 1310 mentis
1335 1250 1521 1307 oculos
1561 1263 1722 1317 quam
1751 1245 1841 1300 de-

243 1357 530 1414 lectabilia
562 1357 671 1411 sint
727 1369 790 1410 ea
838 1354 894 1409 in
924 1350 1119 1422 quibus
1156 1348 1344 1405 solitus
1384 1361 1444 1402 es
1483 1337 1795 1400 conversari
1826 1353 1840 1389 :

260 1458 314 1502 ut
336 1449 598 1504 continuo
619 1445 917 1502 subinferat
940 1457 1100 1513 quam
1128 1438 1340 1496 difﬁcile
1364 1436 1435 1492 sit
1462 1441 1674 1490 assueta
1699 1427 1847 1484 volu-

261 1548 403 1608 ptate
423 1553 640 1604 carere,
664 1553 826 1608 quam
849 1529 919 1592 sit
944 1532 1272 1606 impossibile
1291 1531 1345 1586 in
1373 1527 1604 1599 quodam
1628 1530 1846 1578 austero

264 1632 438 1702 rigore
468 1639 528 1684 ct
567 1629 736 1700 rigida
773 1627 1092 1683 austeritate
1123 1631 1232 1678 tota
1272 1628 1431 1675 aetate
1462 1625 1842 1686 perseverare;

262 1731 532 1791 quatenus
555 1735 624 1776 ex
649 1718 908 1774 memoria
930 1722 1160 1771 assuetae
1186 1706 1560 1767 delectationis
1585 1703 1704 1774 plus
1729 1702 1847 1756 hor-

265 1818 382 1864 reat
407 1810 624 1865 animus
646 1807 993 1863 sobrietatem
1019 1805 1142 1859 vitae
1168 1797 1520 1857 sublimioris.
1545 1791 1848 1863 Aliquando

265 1898 367 1953 sub
394 1899 578 1968 specie
605 1895 944 1952 discretionis
974 1893 1138 1962 finget
1166 1905 1225 1944 se
1254 1887 1521 1944 salubrius
1547 1883 1662 1948 tibi,
1688 1895 1848 1951 quam

227 2040 230 2043 .
268 1986 635 2058 proposueris,
667 1984 973 2049 consulere,
1006 1989 1066 2035 ut
1093 1979 1302 2036 scilicet
1336 1975 1658 2046 pravitatem
1698 1972 1854 2026 dese-

267 2094 397 2134 rens
441 2079 495 2133 in
543 2076 779 2132 clericali
823 2073 1101 2146 proposito
1147 2070 1397 2141 religiose
1443 2065 1672 2122 vivendo
1719 2060 1855 2116 velis

268 2170 568 2240 persistere
595 2169 685 2234 ³⁸³,
729 2175 789 2222 ιιι
824 2175 878 2222 et
908 2181 1004 2237 per
1030 2164 1155 2218 vita:
1184 2159 1576 2217 correctionem
1620 2154 1854 2208 animam

270 2271 421 2316 tuam
450 2260 626 2330 possis
663 2259 902 2323 salvere,
945 2271 1045 2311 nec
1073 2269 1171 2324 per
1198 2250 1635 2307 iudiscretionem
1663 2245 1858 2301 subeas

267 2364 412 2404 onus
438 2349 582 2418 quod
634 2362 744 2402 non
771 2346 944 2417 possis
973 2353 1212 2414 portare.
1245 2340 1396 2408 Quod
1428 2339 1470 2393 si
1505 2345 1556 2391 te
1586 2335 1655 2390 ab
1683 2335 1858 2388 inten-

271 2441 424 2495 tione
443 2438 778 2509 perfectioris
801 2437 921 2491 vitae
943 2434 1250 2489 nullatenus
1271 2430 1442 2485 averti
1475 2441 1632 2498 posse
1661 2439 1857 2496 cogno-

268 2532 443 2594 verit,
476 2530 632 2599 quasi
669 2538 845 2583 tecum
876 2527 976 2591 ire,
1020 2523 1366 2596 approbando
1399 2519 1730 2591 propositmn
1754 2556 1769 2582 ,
1802 2529 1862 2569 se

271 2621 584 2685 simulabit;
617 2619 713 2674 sed
747 2618 902 2687 juxta
932 2617 1036 2671 iter
1063 2616 1256 2684 laqueo
1282 2626 1483 2683 ponere
1520 2606 1863 2663 multimodos

270 2726 385 2768 non
416 2709 672 2765 cessabit.
702 2706 1006 2776 Aliquando
1033 2705 1250 2775 quidem
1296 2703 1422 2757 hinc
1458 2698 1636 2756 oblata
1665 2710 1861 2765 oppor-

273 2801 518 2858 tunitate
553 2797 850 2868 peccandi;
892 2795 1038 2850 illinc
1067 2792 1378 2849 stimulante
1406 2788 1703 2844 tentatione
1743 2799 1866 2838 sua-

273 2894 495 2951 sionem
538 2889 764 2944 callidus
799 2887 960 2944 addet
1004 2883 1333 2955 hujusmodi.
1377 2879 1512 2934 Tam
1540 2877 1738 2932 bonum
1785 2882 1868 2929 est

274 2985 428 3056 quod
458 2980 738 3038 decrevisti
780 2979 960 3034 facere
982 3017 997 3042 ,
1029 2987 1088 3031 ut
1121 2973 1418 3046 quamlibet
1446 2967 1867 3024 immensitatem

275 3080 557 3134 scelerum
595 3071 768 3142 possit
801 3073 1096 3126 destruere.
1130 3065 1346 3120 interim
1384 3076 1514 3132 ergo
1554 3056 1870 3114 satisfacere

271 3165 555 3224 voluntati
583 3174 684 3218 tum
716 3176 812 3216 cur
839 3160 1088 3223 hmsitas;
1117 3171 1239 3211 cum
1264 3154 1375 3208 cito
1401 3152 1514 3206 sive
1543 3147 1730 3213 multa,
1756 3146 1870 3199 sive

275 3273 466 3331 pauca
493 3261 712 3326 peccata
739 3261 824 3306 tua
851 3251 978 3314 sint,
1009 3248 1210 3319 pariter
1234 3245 1460 3302 dolendo
1489 3255 1594 3295 non
1620 3239 1691 3271 ³⁷⁰
1719 3234 1872 3292 dubi-

276 3329 372 3405 tas
392 3349 418 3401 ?
454 3344 753 3417 Aliquando
777 3356 907 3396 vero
936 3340 1116 3394 taliter
1143 3336 1429 3393 conabitur
1459 3332 1706 3400 decipere
1736 3344 1750 3382 :
1777 3329 1874 3383 bo-

277 3457 423 3498 num
456 3439 672 3510 quidem
700 3445 784 3492 est
809 3435 950 3506 quod
980 3434 1060 3488 vis
1087 3431 1286 3494 facere,
1319 3426 1411 3484 sed
1443 3440 1547 3479 non
1577 3429 1875 3494 opportune

283 3536 373 3600 ﬁt,
404 3534 508 3588 nisi
533 3547 653 3587 cum
685 3537 992 3598 tepescente
1019 3523 1237 3579 lascivia
1261 3518 1503 3591 juvenili,
1533 3531 1651 3586 qum
1669 3512 1877 3583 pondus

279 3627 442 3683 illius
472 3623 733 3694 regularis
764 3633 1006 3676 censura:
1041 3632 1145 3672 non
1183 3613 1396 3679 tolerat,
1443 3612 1556 3681 ipsa
1596 3605 1877 3662 maturitas

279 3715 474 3773 aetatis
519 3713 781 3781 religiosa:
821 3708 1070 3780 gravitati
1107 3722 1166 3762 se
1204 3710 1592 3771 eontemperat.
1641 3697 1792 3765 Quod
1833 3697 1875 3750 si

283 3807 500 3862 viderit
528 3814 578 3859 te
607 3805 674 3836 ³⁷¹
704 3803 775 3855 ita
819 3799 1166 3857 imbecillam,
1199 3804 1259 3848 ut
1299 3790 1549 3860 impediri
1595 3787 1762 3857 possit
1791 3795 1877 3838 tua

283 3896 552 3958 intentio,
585 3896 628 3949 si
661 3891 1052 3952 manifestetur,
1085 3885 1305 3942 omnino
1335 3881 1620 3938 conabitur
1647 3887 1704 3932 ut
1733 3878 1816 3931 his
1850 3892 1880 3930 a

285 3990 502 4062 quibus
549 3983 766 4041 retineri
799 3991 892 4037 aut
922 3981 994 4045 vi,
1027 3989 1117 4034 aut
1161 3991 1378 4040 amore,
1411 3981 1503 4028 aut
1532 3970 1708 4040 aliqua
1756 3983 1882 4038 pero

213 4145 215 4148 ,
285 4058 559 4140 suasione
583 4077 759 4147 possis
784 4115 798 4137 ,
829 4073 1064 4144 qualibet
1089 4067 1374 4124 occasione
1399 4062 1722 4134 publicetur.
1751 4058 1887 4112 Pro-

288 4177 485 4230 mittct
509 4173 671 4225 etiam
699 4168 822 4239 quia
851 4165 897 4222 si
922 4165 1118 4220 bonum
1150 4159 1291 4230 quod
1317 4154 1552 4212 intendis
1582 4151 1886 4222 aliquantu-

287 4269 418 4323 lum
448 4263 662 4318 dill‘erre
687 4257 943 4323 volu'eris,
969 4256 1136 4310 multo
1165 4248 1495 4306 fructuosius
1522 4254 1684 4313 atque
1704 4241 1888 4295 utilius

289 4362 490 4416 facere
516 4357 618 4410 hoc
642 4351 862 4423 poteris,
887 4359 937 4405 et
967 4347 1321 4417 plurimorum
1352 4338 1525 4395 salute
1552 4348 1686 4405 quos
1713 4342 1888 4386 tecum

286 4445 574 4506 attrahes,
603 4452 656 4495 et
677 4439 958 4496 commodo
979 4434 1220 4505 pecunia:
1247 4425 1574 4486 monasterio
1600 4421 1890 4494 profutura:
1922 4437 1966 4494 ο
1997 4411 2146 4480 place

289 4551 477 4614 quam
505 4534 739 4602 undique
770 4531 1007 4600 colliges.
1038 4524 1174 4593 Quid
1199 4521 1396 4578 etiam?
1423 4518 1563 4590 quod
1587 4516 1657 4548 ⁸⁷²
1689 4524 1738 4569 te
1765 4511 1892 4566 levi-

291 4607 428 4687 tate
459 4636 514 4680 et
539 4624 931 4703 inconsiderata
967 4615 1356 4673 acceleratione
1388 4607 1617 4666 tentahit
1643 4617 1890 4675 arguere,

292 4725 444 4795 quia
481 4730 530 4774 te
555 4701 659 4772 non
694 4716 866 4771 solum
895 4709 1284 4783 promittendo,
1322 4706 1416 4760 sed
1447 4712 1502 4758 et
1541 4701 1732 4770 pignus
1772 4712 1894 4768 pro-

295 4793 614 4876 utittendo,
654 4805 1008 4864 indissolubili
1051 4812 1174 4857 voto
1220 4797 1431 4854 voluisti
1479 4793 1890 4860 constringere:

296 4922 445 4965 cum
480 4901 828 4959 nihilominus
863 4905 917 4954 et
948 4896 1177 4950 fortasse
1222 4889 1414 4944 melius
1450 4885 1684 4955 idipsum
1726 4879 1893 4934 libera

295 5013 510 5072 posses
538 4995 814 5050 voluntate
846 4985 1149 5062 perlicere?
1176 4984 1257 5038 Ad
1293 4982 1408 5036 hwc
1443 4975 1656 5038 omnia,
1687 4971 1898 5028 charis-

299 5061 478 5157 sime,
511 5089 640 5160 quid
668 5083 1101 5156 respondendum
1133 5078 1234 5144 sit,
1261 5073 1452 5131 vellem
1488 5069 1765 5138 aliquanto
1799 5061 1900 5116 dif.

1940 518 2106 564 tatem
2145 521 2248 563 non
2291 504 2575 562 excedere.
2602 503 2794 572 .Breve
2824 500 2989 569 igitur
3023 507 3081 552 et
3116 511 3304 553 verum
3350 498 3510 551 amici

1939 601 2014 654 tui
2059 598 2270 668 suscipe
2307 604 2492 654 contra
2539 595 2644 650 ista
2684 592 2988 648 consilium.
3027 589 3130 656 Qui
3169 597 3322 660 putat
3363 587 3514 641 volu-

1935 699 2083 762 ptate
2125 687 2370 745 saeculari
2411 699 2630 749 carere,
2674 692 2728 738 et
2769 683 2821 738 in
2864 680 3122 738 exercitio
3165 691 3516 748 perseverare

1936 779 2192 833 virtutum
2218 776 2378 830 nimis
2398 787 2672 831 austerum
2695 773 2764 804 ³⁷³
2786 781 2839 827 et
2861 767 3217 839 impossibile;
3243 779 3515 834 nunquam

1931 865 2174 948 gustavit
2202 874 2461 935 quantum
2492 864 2562 920 sit
2590 878 2694 918 non
2723 861 2929 918 servire
2953 861 3046 915 sed
3077 860 3342 928 imperare
3369 855 3516 909 vitiis

1941 973 2037 1028 per
2066 971 2302 1011 amorem
2341 963 2393 1009 et
2423 969 2569 1023 spem
2604 953 2840 1008 cmlestis
2869 952 3018 1020 regni
3041 990 3056 1016 ,
3096 948 3419 1002 laudandum
3460 956 3517 1000 et

1941 1047 2276 1104 delectabile.
2310 1045 2410 1112 Qui
2443 1053 2595 1113 putat
2624 1043 2813 1098 melius
2851 1042 2952 1096 sibi
2983 1055 3102 1096 esse
3139 1037 3304 1110 3&6
3331 1037 3385 1091 in
3419 1037 3523 1091 ha-

1940 1139 2054 1194 bitu
2085 1135 2322 1193 clericali
2359 1134 2612 1203 religiose
2649 1133 2830 1186 vivere
2859 1131 2948 1194 ³⁷⁸,
2991 1145 3151 1199 quam
3182 1127 3366 1182 subire
3405 1139 3524 1178 mo-

1943 1229 2182 1285 nachicae
2225 1229 2348 1281 vitae
2385 1227 2593 1296 pondus
2633 1223 2974 1294 importabile
3017 1240 3030 1274 :
3071 1220 3383 1274 consideret
3425 1231 3523 1287 per

1945 1331 2115 1377 totum
2143 1320 2399 1374 mundum
2424 1326 2622 1386 quanta
2649 1315 2918 1370 hilaritate
2939 1313 3155 1381 utrique
3183 1309 3354 1375 sexui,
3378 1307 3526 1362 omni

1943 1412 2110 1476 aetati,
2141 1420 2195 1464 et
2221 1409 2364 1464 omni
2396 1409 2575 1478 generi
2605 1407 2879 1460 hominum
2912 1405 2984 1459 sit
3007 1402 3215 1472 pondus
3242 1399 3369 1454 illud
3399 1413 3528 1453 ean-

1946 1503 2128 1559 tabilc.
2168 1501 2315 1558 Sciat
2360 1500 2522 1556 etiam
2572 1498 2697 1568 quia
2748 1496 2902 1551 valde
2945 1494 3212 1550 difficilius
3257 1502 3342 1548 est
3383 1491 3524 1546 inter

1945 1594 2230 1652 saeculares
2255 1607 2351 1665 per
2380 1591 2600 1646 liberam
2632 1590 2988 1651 voluntatem,
3019 1601 3179 1656 quam
3209 1585 3347 1639 intra
3377 1581 3526 1638 clau-

1947 1693 2119 1741 strum
2171 1683 2558 1738 monachorum
2605 1679 2706 1736 sub
2753 1676 3038 1748 disciplina
3090 1674 3364 1732 custodire
3409 1671 3534 1725 vita:

1879 1776 1924 1836 Β
1951 1775 2316 1829 sanctitatem.
2357 1771 2473 1825 Non
2510 1770 2630 1826 dico
2670 1783 2813 1824 nunc
2855 1768 2996 1838 quod
3036 1764 3369 1836 propositum
3411 1760 3536 1814 vitm

1953 1866 2095 1920 inter
2127 1878 2316 1917 omnes
2344 1863 2478 1918 vitas
2505 1861 2750 1916 altiorem
2775 1860 2996 1929 gradum
3026 1857 3297 1925 contingat
3324 1852 3536 1907 humili-

1951 1957 2102 2022 tatis,
2123 1970 2284 2025 quem
2309 1954 2468 2008 altior
2487 1953 2732 2023 sequitur
2751 1949 3038 2014 exaltatio;
3064 1947 3169 2003 nisi
3191 1947 3318 2015 quia
3339 1943 3536 2007 nullus,

1952 2055 2014 2101 ut
2035 2046 2225 2103 melius
2247 2045 2410 2109 vivat,
2434 2041 2685 2097 monachi
2712 2039 3042 2111 propositum
3067 2038 3283 2100 deserit,
3307 2042 3361 2088 et
3382 2047 3542 2088 omne

1955 2151 2124 2206 genus
2152 2134 2428 2189 hominum
2462 2133 2527 2185 ad
2554 2130 2928 2185 monachicam
2959 2129 3124 2181 vitam
3153 2133 3213 2178 ut
3237 2122 3410 2192 magis
3431 2121 3543 2176 Deo

1956 2226 2278 2296 propinquet
2297 2223 2592 2279 concurrit.
2632 2222 2730 2289 Qui
2758 2219 2994 2290 peccatis
3021 2217 3171 2272 addit
3205 2223 3423 2284 peccata
3448 2213 3542 2279 ³⁷⁸.

1957 2318 2084 2388 quia
2134 2324 2474 2386 peccatorum
2515 2314 2756 2368 omnium
2803 2319 3080 2380 exspectat
3129 2306 3500 2360 remissionem
3527 2343 3545 2369 ,

1959 2409 2190 2464 amando
2213 2414 2490 2476 peccatum
2507 2444 2521 2470 ,
2549 2402 2740 2472 probat
2765 2416 2824 2456 se
2850 2414 2956 2454 non
2983 2412 3189 2459 amare,
3215 2405 3270 2450 et
3293 2395 3412 2449 ideo
3438 2407 3548 2448 non

1963 2499 2155 2555 mereri
2198 2506 2544 2567 peccatorum
2579 2491 2970 2550 absolutionem
3003 2489 3094 2542 ³⁷⁸.
3133 2487 3234 2554 Qui
3273 2485 3453 2541 differt
3493 2484 3550 2539 in

1963 2589 2201 2644 futuram
2241 2596 2296 2643 et
2345 2585 2574 2641 forsitan
2641 2599 2746 2638 non
2804 2582 3038 2636 futuram
3080 2585 3294 2634 aetatem
3320 2615 3337 2642 ,
3378 2575 3548 2629 vitam

1965 2693 2119 2734 suam
2147 2676 2420 2744 corrigere
2441 2715 2457 2742 ,
2485 2681 2692 2728 certum
2730 2671 2928 2726 bonum
2959 2666 3181 2722 dimittit
3220 2679 3318 2736 pro
3345 2663 3548 2727 dubio;

1965 2781 2021 2828 et
2054 2768 2451 2827 contemnendo
2484 2765 2626 2835 quod
2659 2763 2866 2835 perdit,
2903 2761 3098 2832 probat
3137 2773 3196 2814 se
3231 2772 3338 2812 non
3371 2768 3555 2810 amare

1967 2863 2112 2932 quod
2138 2869 2434 2931 exspectat,
2467 2868 2522 2912 et
2545 2865 2784 2911 meretur
2811 2869 2916 2908 non
2947 2851 3214 2920 accipere.
3243 2848 3344 2914 Qui
3375 2855 3557 2902 certus

1969 2968 2078 3007 non
2123 2961 2206 3006 est
2249 2967 2308 3006 se
2342 2958 2501 3003 tanta:
2537 2960 2657 3002 esse
2703 2943 3060 3006 constantiae,
3107 2949 3165 2994 ut
3207 2938 3356 2993 nullo
3396 2937 3557 2990 modo

1973 3042 2113 3098 ﬂecti
2143 3044 2315 3113 possit
2353 3058 2382 3096 a
2415 3041 2556 3096 bono
2581 3035 2858 3108 preposito
2877 3075 2893 3100 ,
2942 3032 3162 3088 omnino
3193 3028 3330 3084 celet
3361 3028 3558 3081 bonam

1975 3136 2327 3198 voluntatem,
2375 3141 2433 3184 ut
2461 3129 2671 3183 nonnisi
2701 3143 2824 3183 eum
2865 3127 2919 3179 in
2949 3139 3084 3192 opus
3115 3121 3257 3184 exit,
3303 3121 3562 3188 appareat

1976 3225 2027 3278 in
2059 3223 2289 3292 publico.
2319 3219 2421 3285 Qui
2458 3219 2680 3280 bonum,
2711 3217 2854 3285 quod
2884 3212 2997 3265 vult
3037 3212 3245 3270 facere,
3278 3218 3338 3261 ut
3367 3206 3560 3259 melius

1977 3315 2090 3374 liat.
2117 3310 2298 3364 differt
2323 3326 2335 3361 :
2371 3309 2567 3362 bonum
2597 3313 2710 3369 est,
2740 3303 2784 3356 si
2814 3301 3004 3356 melius
3030 3307 3237 3352 certum
3269 3304 3373 3350 est.
3405 3293 3560 3359 Quod

1977 3401 2021 3456 si
2054 3397 2246 3454 melius
2279 3397 2476 3450 bonum
2507 3394 2726 3448 dubium
2755 3401 2874 3455 est;
2909 3400 2963 3443 et
3003 3387 3228 3457 perdere
3259 3383 3436 3437 miutts
3464 3385 3562 3434 bo-

1979 3507 2140 3558 num,
2178 3488 2338 3543 niruis
2374 3497 2458 3541 est
2489 3485 2808 3540 damnosum
2847 3490 2902 3536 et
2932 3472 3354 3546 irrecuperabile
3386 3490 3400 3526 :
3437 3487 3566 3526 cou-

1980 3584 2159 3641 silium
2203 3591 2318 3645 est,
2359 3589 2416 3633 ut
2457 3576 2725 3633 acceleret
2757 3574 2938 3629 facere
2979 3571 3182 3626 bonum
3230 3565 3444 3628 minus,
3495 3577 3564 3617 ne

1981 3679 2140 3732 nimis
2173 3671 2534 3744 exspectando
2561 3669 2757 3737 majus,
2796 3682 2902 3722 non
2934 3663 3098 3718 faciat
3130 3658 3305 3729 majus
3336 3671 3436 3712 nec
3464 3655 3566 3708 mi.

1984 3782 2101 3820 nus.
2144 3763 2244 3830 Qui
2275 3760 2482 3829 judieat
2522 3759 2792 3813 levitatem
2817 3799 2832 3823 ,
2862 3764 2989 3808 voto
3027 3753 3162 3808 velle
3202 3751 3270 3782 ³⁷⁷
3301 3762 3360 3802 se
3396 3747 3564 3815 ligare

1983 3858 2047 3910 ad
2083 3855 2381 3910 faciendum
2418 3850 2563 3921 quod
2593 3850 2791 3904 bonum
2828 3854 2934 3911 est,
2964 3853 3021 3898 ut
3052 3844 3164 3914 jam
3197 3857 3302 3894 non
3332 3839 3403 3894 sit
3430 3837 3566 3891 liber

1985 3951 2049 4004 ad
2081 3964 2184 4002 non
2216 3944 2541 4006 faciendum,
2587 3940 2793 4010 judicct
2821 3937 3098 3990 doctorem
3129 3929 3364 3985 levitatis
3391 3927 3562 4009 illum,

1985 4043 2075 4116 qui
2100 4040 2229 4097 dicit
2260 4057 2272 4091 :
2312 4036 2500 4092 Vovete
2525 4005 2802 4087 et'reddite
2838 4023 3009 4098 (Paul.
3043 4038 3204 4086 Lxxv,
3235 4019 3348 4087 12).
3383 4005 3566 4071 Nulla-

1989 4148 2143 4192 tcnus
2191 4132 2332 4188 enim
2372 4121 2844 4197 reprehendendus
2875 4127 2994 4182 est,
3041 4114 3132 4185 qui
3176 4111 3316 4181 quod
3365 4109 3566 4162 bomuu

1988 4239 2100 4291 est,
2131 4226 2276 4280 vovit
2303 4221 2402 4287 '7';
2441 4216 2534 4274 sed
2566 4215 2658 4286 qui
2695 4228 2801 4268 non
2841 4208 3015 4266 reddit
3054 4204 3198 4276 quod
3240 4202 3408 4257 vovit.
3438 4198 3571 4254 Cer-

1993 4325 2106 4373 tum
2134 4316 2331 4387 quippe
2359 4320 2443 4366 est
2472 4310 2596 4380 quia
2631 4305 2720 4374 qui
2753 4303 2890 4356 bene
2917 4307 3115 4360 vovet,
3152 4297 3266 4365 ipso
3296 4305 3420 4347 voto
3461 4291 3571 4345 Deo

2151 4384 2189 4462 ί.
2225 4406 2323 4472 Qui
2358 4416 2488 4472 ergo
2533 4395 2733 4468 aliquid
2771 4393 2899 4448 boni
2941 4390 3125 4453 vovit,
3173 4401 3278 4441 non
3314 4384 3574 4456 paeniteat

1999 4475 2126 4573 quia
2161 4497 2291 4552 fecit
2331 4494 2474 4548 unde
2513 4492 2621 4544 Deo
2665 4487 2903 4556 placeat;
2946 4482 3041 4537 sed
3083 4479 3304 4534 festinet
3351 4475 3576 4530 reddere

1998 4566 2139 4663 quod
2173 4588 2344 4649 vovit,
2380 4594 2436 4638 ut
2481 4582 2598 4652 plus
2637 4581 2866 4650 placeat.
2900 4574 3052 4638 Haec,
3098 4571 3169 4624 lili
3215 4566 3533 4623 charissime
3557 4601 3576 4626 .

2000 4681 2222 4739 consilia
2243 4719 2259 4744 ,
2291 4679 2392 4732 has
2419 4672 2817 4729 consolationes
2848 4667 2900 4722 in
2933 4661 3182 4735 praesenti
3218 4657 3450 4712 maxime
3482 4653 3577 4707 tibi

2002 4770 2308 4829 necessaria
2344 4765 2608 4837 iudicavi;
2658 4764 2771 4817 haec
2814 4767 3034 4828 paterna
3082 4747 3438 4805 soll.citu.:ine
3479 4757 3578 4812 ego

2005 4882 2164 4938 quem
2212 4873 2418 4932 patrem
2455 4865 2507 4912 et
2549 4852 2913 4910 consiliarium
2965 4861 3068 4899 non
3116 4855 3231 4896 mea
3281 4829 3577 4906 dignitate,

2001 4927 2097 5017 sed
2131 4968 2219 5012 tua
2250 4953 2526 5009 voluntate
2562 4942 2790 5013 elcgisti,
2825 4935 3021 4992 dictavi
3054 4949 3069 4987 :
3100 4934 3216 4988 haec
3241 4927 3580 4984 interimre-

2006 5052 2220 5110 minist-i
2247 5065 2352 5105 non
2375 5045 2607 5105 desinas,
2632 5038 2804 5092 donec
2827 5031 2993 5102 quod,
3017 5030 3126 5084 Deo
3148 5025 3464 5095 inspirante,
3487 5031 3581 5071 vo-

1611 5199 1840 5260 \'ARIIE
1877 5187 2278 5252 LECTIONES.

393 5424 468 5470 ³⁸*
501 5419 597 5476 Vel
620 5415 912 5485 persistere
930 5425 1009 5463 ms
1057 5417 1104 5462 et
1312 5394 1741 5485 velisﬂpersister

309 5513 429 5552 ms.
475 5502 521 5545 et
571 5482 715 5540 Edit.
746 5482 941 5538 viderit
971 5489 1022 5534 te

309 5527 606 5622 ἕξῖέιευιῖιιιιι
629 5572 726 5609 ms.
757 5527 804 5606 et
838 5551 984 5605 Edit.
1017 5547 1176 5622 nimis
1213 5527 1491 5622 austerum
1663 5527 1932 5622 Religiose

764 5605 874 5700 ius.
926 5631 973 5674 et
1018 5617 1164 5700 Edit.
1220 5605 1888 5700 peccatisadditallﬁfjfix“

317 5652 484 5692 ωιιιιι
513 5652 732 5700 peccatu
775 5652 874 5676 usa.
926 5652 970 5674 ct
1018 5652 1164 5670 μηδ’.
1221 5652 1456 5682 γυννι...υ
1494 5652 1636 5660 ..-ω-
1672 5652 1688 5668 τ
1833 5668 1842 5678 .
2179 5656 2195 5670 Ἰ
2438 5652 2446 5661 .

317 5705 471 5760 velle
509 5716 567 5756 se
609 5698 776 5766 ligare
801 5693 867 5746 ad
897 5707 993 5744 ms.
1018 5697 1143 5741 voto
1178 5701 1236 5741 se
1259 5685 1435 5760 ligare
1464 5677 1531 5731 ad
1607 5673 1674 5704 ³⁷⁸
1714 5669 1872 5723 Novit
1909 5679 2004 5718 ms.
2055 5670 2102 5715 et
2150 5655 2296 5709 ltdtt.
2331 5661 2474 5706 \'0\'|l

661 5791 926 5847 Ρριτιιοι..
969 5778 1241 5840 CLVIII.

1745 5406 1776 5444 e
1847 5387 1917 5418 '7°
1944 5380 2177 5437 Delendo
2213 5389 2317 5430 non
2356 5387 2456 5425 ms.
2489 5377 2534 5444 et
2737 5359 2963 5444 delenda
2993 5371 3098 5411 non

1133 5426 1276 5457 [ιαμ.
1317 5426 1448 5455 VC":
1490 5426 1776 5467 μειδιδιων
1944 5426 2174 5437 ..ν-νη..-
2214 5426 2314 5457 rw,
2589 5436 2606 5451 Ἰ
2651 5437 2660 5445 υ
2821 5432 2831 5442 ⁸

1131 5476 1198 5507 ⁸⁷²
1227 5473 1366 5540 Quid
1409 5468 1573 5524 etiam
1597 5472 1682 5518 est
1707 5458 1846 5522 quod
1879 5471 1976 5509 ms.
2004 5450 2131 5520 quid
2159 5444 2359 5500 ettani?
2388 5439 2529 5510 quod
2559 5435 2702 5520 μίξει.
2734 5431 2872 5514 Quid
2924 5426 3177 5509 estquod

1567 5534 1620 5540 ”'
1663 5531 1697 5540 "
1745 5531 1774 5540 "
1820 5527 1830 5538 '
1914 5539 1917 5540 ν
2005 5523 2036 5540 ⁸⁸
2061 5521 2072 5540 ε
2111 5519 2291 5540 --τ---ε-υ-
2320 5529 2396 5540 μοι
2449 5520 2493 5540 ρο
2540 5507 2654 5540 LIIII
2709 5503 2957 5540 rnlnnncp
2984 5511 3166 5540 νινρνρ

3175 5353 3242 5385 ³⁷¹
3288 5347 3503 5404 Videbit
3531 5352 3583 5398 te

3277 5421 3347 5452 ³⁷³
3390 5417 3582 5471 Munus

1975 5489 2674 5577 siiii"iii'é?é".§u‘fiisan.
2709 5489 2957 5577 r_€l_i_giose
2984 5489 3166 5577 vivere
3241 5493 3309 5525 ³⁷⁵
3353 5489 3582 5577 Beeeata

2001 5557 2074 5623 ἐκ
2513 5557 2677 5631 "Isle:
2709 5557 2851 5627 Ειίίἶ.
2885 5567 3277 5623 absolutionem
3353 5561 3419 5592 ³⁷⁷
3445 5557 3583 5612 Voto

3121 5726 3192 5783 37
