4056 6302
309 365 445 424 Ηϐὃ

1550 358 1677 419 LIB.
1709 361 1772 420 Il.
1805 355 2022 416 EPIST.
2053 358 2216 418 XVII.

3414 361 3548 418 “(ili

311 483 408 546 tis,
441 480 579 534 sicut
613 477 870 548 scriptum
905 487 989 533 est
1021 495 1035 532 :
1078 477 1491 533 Misericordiam
1534 487 1583 532 et
1613 479 1874 548 judicium
1903 478 1947 534 A
1975 477 2040 532 de
2062 491 2169 541 me,
2192 483 2246 530 et
2265 475 2328 529 de
2345 473 2612 529 similibus
2637 475 2790 540 meis,
2813 490 3042 544 quorum
3069 477 3172 529 vita
3195 472 3321 529 olim
3345 482 3431 528 est
3447 489 3549 530 sa.

306 567 523 625 cantabo
561 565 680 629 tibi,
720 566 940 621 Domine
977 567 1047 599 ⁸⁹⁰
1089 566 1261 637 (Paul.
1302 583 1364 633 c,
1408 567 1504 638 1),
1542 578 1735 623 vestra:
1783 583 1879 637 po-

307 657 520 716 wstatis
545 667 649 723 est,
685 667 738 712 et
768 668 960 713 vestrae
990 660 1285 728 prudentiae
1316 675 1331 713 :
1367 669 1570 714 tantum
1607 669 1664 714 ut
1693 675 1877 730 supcr-

303 747 504 804 exaltet
535 749 906 805 misericordia
930 749 1192 819 judicium
1221 750 1311 804 ³⁹¹.

681 859 841 932 347
870 860 1205 916 EPISTOLA
1245 860 1460 916 xv1m

826 967 894 1004 ΑΙ)
932 966 1320 1006 GISLEBERTUI.

299 1037 614 1094 Cratulatur
649 1039 718 1094 ad
746 1041 969 1094 ubbatiw
1017 1041 1587 1095 Wcstmouasterieusis
1650 1041 1876 1110 regimen

939 1122 1227 1178 assumpto.

365 1198 481 1254 Suo
495 1199 842 1254 dilectissimo
857 1240 869 1262 ,
891 1199 1018 1253 olim
1035 1200 1210 1254 divina
1227 1198 1577 1269 dispositione
1590 1197 1717 1260 lilio,
1735 1214 1878 1253 nunc

288 1289 383 1344 Dei
410 1290 589 1359 gratia
615 1289 858 1346 coabbati
885 1288 996 1360 (9.7)
1017 1289 1357 1346 GISLEBERTO
1381 1289 1550 1344 frater
1569 1291 1872 1355 Ansstuns,

287 1379 342 1434 in
375 1380 486 1434 hac
515 1380 622 1433 vita
654 1379 742 1433 diu
789 1387 974 1434 sancte
1019 1380 1199 1434 vivere
1241 1395 1363 1434 cum
1410 1379 1786 1448 prosperitate,
1822 1379 1875 1433 in

286 1471 468 1526 futura
504 1469 734 1527 feliciter
758 1486 879 1526 cum
905 1471 1229 1525 aeternitate.

356 1562 477 1617 Etsi
524 1563 694 1626 tarde,
715 1571 936 1632 propter
956 1562 1329 1638 agritudinem
1354 1561 1731 1629 impedientem
1749 1559 1877 1616 dile-

285 1661 376 1708 clo
411 1651 660 1707 dilectori
712 1668 832 1707 meo
851 1667 950 1721 pro
970 1668 1104 1706 nova
1129 1653 1230 1708 sibi
1253 1652 1512 1706 divinitus
1551 1653 1671 1705 data
1699 1652 1873 1721 gratia

286 1743 474 1798 scribo
499 1757 514 1797 :
545 1757 650 1796 non
674 1751 851 1798 tamen
876 1743 1070 1813 tepide,
1095 1751 1355 1813 quantum
1379 1742 1445 1796 ad
1470 1741 1762 1796 voluntatis
1785 1741 1874 1796 hc-

1976 565 2146 621 culari
2167 563 2578 619 conversatione
2603 563 2820 618 detrita.
2867 565 2938 621 De
2974 564 3127 620 vobis
3159 563 3301 620 enim
3327 578 3552 633 sperau-

1977 661 2101 714 dum
2127 669 2226 723 est,
2257 675 2379 714 cum
2417 659 2481 712 ad
2505 659 2729 715 aliorum
2753 675 2938 715 curam
2965 659 3374 730 promovemioi,
3405 659 3552 730 quod

1977 751 2102 805 dum
2123 751 2320 805 etalios
2342 751 2408 805 ad
2431 751 2592 806 vestri
2614 751 3018 807 similitudinem
3043 752 3328 816 instruitis,
3341 750 3552 821 iustitia

1979 847 2152 893 vestra
2198 840 2543 908 perficiatur;
2584 840 2650 894 de
2703 841 2856 895 vobis
2899 857 3028 895 vero
3086 840 3380 896 timendum
3433 846 3550 902 est,

1978 942 2097 982 cum
2131 937 2279 982 tanto
2304 929 2542 998 pondere
2579 946 2890 1001 gravantur,
2947 947 3014 986 ne
3062 931 3322 1002 injttStitia
3363 939 3550 986 nostra

1977 1016 2046 1050 ³³⁵
2069 1016 2280 1071 occulto
2325 1018 2418 1072 Dei
2448 1004 2652 1084 judicio
2682 1025 2960 1090 augeatur.
2987 1021 3204 1088 Quanto
3234 1022 3400 1091 igitur
3440 1035 3553 1093 me-

1975 1101 2079 1157 lius
2103 1113 2186 1158 est
2214 1104 2280 1158 de
2303 1113 2392 1159 tua
2421 1107 2708 1162 sanctitate
2739 1109 2792 1162 in
2831 1121 3081 1180 suscepto
3121 1109 3296 1164 ofﬁcio
3325 1123 3554 1178 speran-

1977 1190 2132 1254 dum,
2165 1200 2314 1247 tanto
2345 1194 2515 1264 magis
2543 1203 2627 1248 est
2673 1203 2729 1250 et
2766 1199 3010 1252 securius
3053 1198 3118 1252 de
3156 1198 3248 1252 tibi
3295 1211 3553 1269 concessa

1978 1285 2147 1354 gratia
2177 1284 2925 1356 gaudendumOmnipotcns
2951 1290 3114 1353 Deus,
3150 1290 3241 1358 qui
3283 1299 3334 1344 te
3371 1297 3556 1350 custo-

1977 1372 2097 1426 dem
2125 1371 2353 1426 aliorum
2380 1374 2681 1438 constituit,
2720 1375 2834 1444 ipse
2861 1385 2911 1429 te
2961 1391 3058 1429 sua
3089 1377 3262 1445 gratia
3292 1377 3371 1431 sic
3404 1376 3557 1447 adju-

1975 1470 2068 1516 vet
2095 1471 2150 1516 et
2179 1463 2472 1526 cnswdiat,
2503 1472 2563 1517 ut
2590 1479 2690 1532 pro
2715 1474 2803 1518 tua
2832 1475 2884 1518 et
2916 1465 3127 1522 illorum
3151 1465 3365 1532 justitia
3393 1477 3552 1522 aeter-

1976 1565 2100 1605 nam
2130 1551 2224 1606 tibi
2256 1551 2644 1607 beatitudinem
2667 1554 2958 1606 retribuat.

2439 1642 2774 1698 EPISTOLA
2815 1642 2951 1698 XVII
2991 1645 3080 1696 ³⁸⁸.

2577 1753 2643 1792 ΑΒ
2679 1753 2943 1793 HL'GONEM.
3035 1763 3037 1766 ‘

288 1832 653 1888 nevolcntiam
688 1806 945 1902 pertinet,
975 1833 1098 1887 dico
1112 1806 1135 1884 τε
1163 1828 1346 1884 Gloria
1371 1831 1426 1884 in
1448 1830 1718 1884 altissimis
1742 1831 1868 1896 Deo,

1978 1843 2262 1919 Mutaudos
2293 1863 2402 1919 esse
2441 1847 2626 1919 titulos,
2649 1849 2872 1902 duorum
2912 1850 3310 1918 opusculorum,
3335 1864 3576 1919 quorum

286 1925 424 1978 etin
477 1933 616 1978 terra
666 1924 924 1992 gaudium
963 1922 1258 1976 hominibus
1297 1922 1367 1954 m
1405 1921 1552 1975 bonae
1594 1921 1872 1976 voluntatis

287 2014 445 2081 (Luc.
499 2029 561 2077 ιι,
596 2013 709 2084 Η),
741 2015 830 2083 qui
871 2014 1134 2081 judicium
1180 2028 1334 2067 suum
1365 2013 1430 2066 de
1469 2021 1521 2066 te
1559 2013 1872 2069 manifesta-

285 2103 390 2166 vit,
422 2103 566 2172 quod
596 2103 862 2158 hactenus
890 2104 1028 2171 apud
1071 2117 1130 2157 se
1157 2102 1427 2158 occultum
1447 2143 1462 2167 ,
1495 2102 1621 2157 licet
1660 2119 1875 2172 semper

286 2193 358 2250 de
390 2203 462 2258 te,
498 2210 596 2264 pro
637 2195 872 2248 lnnnana
905 2194 1295 2259 aestimatione,
1327 2195 1466 2248 bona
1504 2196 1869 2258 crederemus,

286 2288 551 2339 servavit.
601 2286 655 2338 In
689 2301 754 2339 eo
788 2301 1018 2354 namque
1064 2286 1186 2339 vita:
1233 2284 1538 2354 proposito,
1586 2285 1638 2338 in
1683 2300 1788 2354 quo
1825 2295 1876 2340 te

286 2377 649 2431 custodiendo
677 2391 890 2444 semper
933 2375 1050 2443 ejus
1077 2377 1249 2446 gratia
1300 2377 1564 2445 sapientia
1595 2375 1666 2407 m
1688 2377 1875 2452 erudi-

284 2469 394 2530 vit,
438 2476 493 2520 et
531 2467 583 2521 in
631 2467 917 2522 sanctitate
963 2469 1206 2531 nutrivit,
1249 2477 1460 2537 patrem
1497 2477 1550 2522 et
1591 2468 1870 2522 doctorem

285 2564 676 2625 pastoremque
721 2555 1022 2609 animarum
1067 2564 1119 2610 te
1159 2557 1461 2611 constituit.
1516 2555 1680 2610 Multo
1727 2556 1870 2610 enim

285 2640 486 2693 melius
510 2640 574 2693 de
603 2649 655 2693 te
684 2640 1008 2710 sperandum
1034 2650 1116 2699 est
1137 2651 1191 2696 ct
1210 2641 1276 2697 de
1303 2640 1569 2696 similibus
1596 2642 1720 2707 tuis,
1742 2657 1876 2711 quo-

285 2747 410 2785 rum
445 2733 551 2786 vita
578 2740 660 2787 est
692 2732 743 2786 in
775 2742 959 2787 sancta
988 2735 1400 2790 conversatione
1432 2735 1632 2788 nutrita
1659 2751 1673 2799 ;
1711 2750 1872 2804 quam

2010 1931 2170 1968 unum
2195 1915 2547 1986 Mouologiou,
2576 1918 2797 1971 alterum
2827 1915 3135 1989 Proslogion
3157 1919 3260 1974 vult
3285 1915 3518 1972 inscribi.

2049 2007 2274 2061 Domino
2307 2018 2362 2062 et
2390 2007 2531 2062 Patri
2562 2009 2852 2063 venerabili
2897 2012 3304 2080 arcliicpiicopo
3341 2010 3560 2079 Lugdu-

1961 2097 2132 2152 nensi
2184 2097 2393 2155 Huoom
2426 2102 2591 2154 lratcr
2625 2102 2906 2160 ANSELMUS
2927 2141 2940 2163 ,
2975 2103 3026 2154 in
3072 2101 3322 2170 praesen-ti
3358 2100 3558 2155 saeculo

1937 2209 1941 2215 ι
1978 2197 2166 2242 sancte
2194 2189 2398 2252 vivere,
2425 2189 2477 2243 in
2510 2189 2694 2244 futuro
2722 2192 2896 2245 beate.

2051 2279 2266 2334 Pondus
2295 2291 2491 2336 vestra:
2538 2282 2882 2336 auctoritatis
2909 2281 3038 2335 facit
3077 2296 3162 2336 me
3191 2281 3321 2336 dare
3350 2281 3559 2352 pondus

1977 2371 2112 2424 meis
2143 2372 2318 2440 nugis.
2346 2371 2477 2425 Cum
2505 2373 2650 2426 enim
2676 2373 2944 2427 celsitudo
2964 2380 3142 2426 vestra
3182 2373 3312 2426 tanti
3362 2373 3561 2440 pendat

1975 2461 2232 2528 opuscula
2286 2470 2492 2523 nostra,
2522 2469 2580 2516 ut
2624 2477 2685 2516 ea
2730 2459 2923 2530 petere
2951 2473 3006 2515 et
3047 2461 3224 2529 legere
3271 2462 3554 2530 dignetur;

1977 2551 2221 2606 nonnihil
2246 2552 2399 2617 mihi,
2436 2553 2577 2621 quod
2608 2561 2758 2608 tanto
2779 2553 2899 2607 viro
2928 2553 3154 2622 placeat,
3184 2566 3304 2607 esse
3325 2553 3556 2606 videuir.

1977 2639 2317 2711 Quapropter
2343 2642 2647 2698 nullatenus
2676 2645 2816 2712 apud
2847 2651 3082 2698 vestram
3105 2642 3443 2719 prudentiam
3473 2655 3560 2694 me

1979 2733 2264 2788 ridendum
2297 2735 2580 2801 existimo,
2630 2737 2675 2790 si
2725 2736 2960 2808 qualiter
2991 2736 3170 2806 aptius
3216 2733 3420 2788 titulari
3465 2733 3560 2787 de-

1585 2842 1818 2898 V’ARIA‘Z
1863 2843 2264 2900 LECTIONES.
2355 2857 2358 2861 '

358 2953 433 2986 ³⁹⁰
452 2953 702 3027 Cantabo
717 2953 939 3007 Domino
958 2971 1070 3027 il18_._
1082 2954 1314 3027 cantabo
1346 2954 1462 3017 tibi,
1496 2955 1721 3027 Domine
1770 2954 2246 3027 if'Misericordia
2273 2957 2477 3027 judicio
2508 2975 2603 3011 ms.
2631 2956 3272 3022 misericordiajudicium

279 3024 400 3075 lata
460 3040 576 3075 cum
609 3026 785 3076 eodem
822 3041 918 3075 ms.

3349 2959 3417 2992 ιη
3443 2960 3563 3015 Col.

1031 3023 1396 3099 “’Candium
1421 3034 1471 3078 ct
1504 3040 1604 3092 pax
1637 3025 1943 3099 hominibus
1974 3041 2073 3078 ms.
2105 3023 2364 3099 gaudium
2394 3028 2702 3099 hominibus
2787 3027 2857 3099 Ψ
2881 3028 3068 3083 Gratia
3098 3038 3152 3083 et
3173 3030 3437 3099 sapientia
3461 3047 3561 3084 ms.

298 3094 484 3164 gratia
518 3094 777 3162 sapientia
852 3093 922 3124 ³⁸⁵
949 3092 1209 3160 lnjustitia
1242 3101 1427 3146 nostra
1454 3109 1551 3146 ms.
1579 3108 1646 3147 ne
1673 3095 1931 3164 injustitia
1965 3092 2149 3149 nostra
2212 3095 2295 3134 -'°°
2325 3093 2529 3151 Collatu
2569 3113 2687 3150 cum
2713 3098 2891 3151 eodem
2922 3114 3019 3151 ms.

1501 3205 1786 3261 JOA‘NNIS
1823 3207 2093 3262 PICARDI
2133 3207 2364 3265 NOTAE.

277 3306 370 3372 est
396 3295 728 3372 Comopolis,
761 3310 791 3348 a
813 3296 1377 3372 Lute_li_a_Parisiort_1m
1406 3297 1611 3350 distans
1630 3310 1722 3372 sex
1751 3297 1866 3349 mil-
1892 3303 1938 3362 α
1970 3299 2179 3372 peperit
2202 3299 2512 3372 Gislertem,
2541 3299 2649 3372 (de_
2675 3316 2780 3369 quo
2813 3303 3316 3372 impraesentiarum)
3367 3314 3420 3357 et
3469 3319 3565 3358 no-

280 3366 436 3420 libus
462 3366 528 3434 ad
558 3366 888 3434 occidentem
913 3368 999 3419 ubi
1032 3367 1172 3421 Isara
1204 3377 1258 3420 et
1287 3367 1535 3434 Sequana
1558 3364 1858 3429 conlinunt;

280 3435 438 3489 unde
463 3433 580 3503 ejus
605 3450 800 3490 nomen
829 3433 1097 3503 Con/laus.
1131 3438 1308 3489 forsan
1336 3435 1537 3489 rectius
1561 3433 1858 3503 Con/luent.

279 3506 476 3560 Habes
507 3504 744 3571 ejusdem
767 3505 1138 3574 appellationis
1166 3507 1344 3559 vicum
1388 3503 1532 3557 mille
1560 3505 1806 3572 passibus
1835 3520 1864 3558 a

282 3574 512 3631 Lutetia
538 3584 728 3629 contra
756 3576 1043 3641 orientem,
1076 3577 1154 3629 sic
1181 3583 1547 3643 nuncupatum
1573 3574 1642 3628 ob
1673 3574 1867 3628 Matro-

281 3660 421 3700 nam
444 3653 499 3697 et
521 3643 827 3712 Sequanam
846 3643 999 3712 juxta
1029 3645 1380 3699 conﬂuentes.
1847 3649 1850 3654 '

362 3713 484 3784 (27)
516 3712 824 3784 Gisleberﬁlﬁo.
880 3714 969 3768 Sic
1010 3714 1478 3778 Cemmcticensis,
1526 3724 1579 3769 et
1609 3713 1866 3769 Chronic.

281 3783 569 3838 Beccense
610 3797 712 3837 ms.
746 3783 1101 3848 Tritbemins,
1145 3794 1202 3838 et
1251 3784 1606 3837 Tritl.emium
1653 3797 1871 3839 secmus

283 3855 488 3908 Sixtus
515 3851 746 3908 Senens.
773 3851 1108 3916 Gislebertus
1133 3853 1346 3919 legunt;
1399 3863 1455 3904 at
1501 3854 1551 3904 in
1585 3853 1668 3906 his
1698 3853 1868 3907 solius

280 3919 502 3976 vocalis
528 3921 588 3974 E.
614 3921 938 3974 metatbesin
956 3921 1207 3974 advortis.
1237 3920 1540 3974 Gislcberto
1567 3931 1744 3976 autem
1769 3922 1871 3975 luit

282 4004 566 4074 agnomen
589 3988 846 4074 Crispini,
869 3998 923 4042 et
951 3991 1107 4074 hujus
1130 3983 1592 4074 quidemcausam
1616 3991 1672 4074 in
1701 3990 1874 4045 Chro-

283 4059 409 4116 nic.
460 4059 714 4114 Beccens.
744 4059 884 4112 hanc
916 4070 1106 4114 nactus
1134 4074 1274 4126 sum,
1305 4060 1388 4113 his
1416 4069 1721 4114 enarratam
1755 4075 1874 4114 ver-

284 4133 381 4186 bis
416 4147 431 4182 :
470 4146 488 4178 l
526 4128 828 4196 Antequam
860 4129 1217 4184 Nortbmanni
1264 4130 1398 4182 duce
1432 4129 1719 4184 Wilbelmo
1765 4131 1876 4185 An-

283 4197 837 4272 gliamdebellarent,
869 4198 1041 4272 fuitin
1075 4197 1324 4272 Neustria
1351 4198 1493 4272 (quae
1515 4198 1874 4272 mmeNorth-

284 4268 517 4324 fnannia
548 4269 817 4339 vocatur),
845 4270 928 4322 vir
955 4270 1220 4339 egregius,
1257 4271 1474 4324 nomine
1517 4268 1872 4332 Gislebertns,

281 4351 498 4409 genere
551 4347 606 4392 et
657 4338 934 4409 nobilitate
964 4338 1270 4407 prmelarus,
1299 4339 1408 4409 qui
1464 4344 1532 4393 ab
1563 4339 1877 4394 habitudine

283 4407 641 4479 capillorum,
676 4407 882 4479 primus
906 4408 1139 4476 Crispini
1166 4408 1381 4464 nomine
1412 4410 1613 4464 dicitur
1648 4410 1875 4479 insigni-

285 4475 410 4532 tus.
442 4475 574 4547 Nam
602 4475 776 4547 insna
801 4475 1052 4543 primaevi:
1082 4488 1240 4532 mtate
1271 4479 1507 4533 habebat
1529 4475 1878 4547 capillos'cri-

284 4561 430 4617 spos
458 4555 512 4598 et
533 4545 756 4617 rigidos,
783 4556 944 4614 atque
980 4563 1194 4601 sursum
1218 4556 1450 4612 erectos,
1481 4559 1557 4613 et,
1587 4545 1646 4602 ut
1686 4549 1756 4603 ita
1784 4548 1866 4600 di-

284 4615 448 4677 cam,
481 4615 754 4686 rebursos,
800 4618 866 4668 ad
897 4618 1110 4670 modum
1156 4633 1424 4671 ramorum
1452 4619 1584 4686 pini.
1611 4619 1698 4685 qui
1735 4633 1876 4670 sem-

283 4695 399 4757 βει-
465 4682 691 4757 tendunt
761 4700 1006 4757 sursum,
1076 4702 1243 4754 quam
1317 4682 1726 4757 cognomina—tus
1788 4697 1872 4741 est

284 4753 601 4823 Crispinus,
657 4753 809 4822 quasi
860 4755 1070 4822 crispus
1101 4753 1291 4822 pinus.
1339 4753 1510 4822 Quam
1556 4756 1871 4822 capillorum

286 4823 674 4895 rebursionem
736 4825 981 4878 videmus
1033 4825 1207 4878 adhuc
1261 4825 1310 4895 in
1361 4825 1424 4881 iis
1459 4826 1550 4894 qui
1595 4827 1661 4880 de
1707 4826 1874 4895 ipsius

301 4893 597 4964 Gisleberti
636 4908 831 4962 genere
869 4895 1220 4964 descendunt.
1258 4893 1407 4949 Unde
1454 4893 1506 4948 et
1557 4896 1653 4964 ipsi
1687 4893 1874 4950 eodem

289 4963 623 5031 cognomine
645 4979 674 5016 a
697 4963 906 5018 caeteris
926 4962 1419 5018 Northmanuorum
1460 4962 1592 5018 filiis
1611 4966 1873 5018 dirimun-

290 5045 409 5089 tur.
451 5053 469 5084 ι
1223 5051 1241 5072 -‘

373 5101 477 5156 Hic
498 5117 628 5172 ergo
661 5103 995 5174 Gislebertus
1033 5104 1351 5174 cognomine
1384 5103 1632 5174 Crispini
1659 5113 1876 5160 notatus

288 5189 364 5227 ex
402 5188 570 5227 uxore
599 5187 693 5224 sua
725 5173 977 5227 Gemoret
1007 5172 1122 5228 tres
1165 5174 1300 5226 tilios
1326 5172 1580 5241 suscepit.
1606 5172 1876 5228 Gisleber-

293 5255 420 5296 tum
445 5241 748 5311 Crispinum
774 5244 839 5296 de
862 5243 1184 5311 Tegulariis,
1215 5245 1356 5310 quod
1383 5244 1546 5297 castri
1570 5242 1876 5298 Guilhelmo

289 5311 483 5366 Notho
503 5312 638 5365 duce
660 5311 1151 5365 Nortbmannorum
1176 5314 1276 5365 fuit
1299 5313 1350 5364 in
1375 5313 1682 5368 Ebroicensi
1700 5322 1872 5367 tractu

290 5379 604 5453 conditum,
632 5381 898 5450 vulgoque
928 5384 1128 5435 dictum
1183 5382 1414 5435 Tillieres
1439 5383 1546 5450 (vel
1575 5382 1870 5453 Tullieres);

292 5449 624 5520 Robertum,
651 5449 747 5519 qui
784 5457 852 5502 ob
884 5453 1134 5505 virtutem
1170 5452 1477 5518 militarem,
1505 5449 1872 5520 honoremque

292 5519 407 5574 sibi
441 5521 507 5573 ab
557 5521 879 5587 imperatore
910 5521 1168 5582 delatum,
1223 5522 1434 5574 tandem
1467 5537 1671 5575 veneno
1694 5523 1760 5576 ab
1789 5519 1872 5576 in-

294 5588 680 5670 vidishGraEcis
706 5590 989 5670 propinate
1021 5592 1224 5670 interiit
1249 5608 1262 5656 ;
1292 5600 1346 5670 et
1389 5590 1749 5670 Guilhelmpm
1779 5607 1874 5645 no-

294 5657 404 5711 stri
429 5655 723 5731 Gisleberti
751 5655 976 5729 patrem,
1011 5663 1124 5728 qui,
1154 5670 1211 5714 ut
1256 5661 1322 5713 ad
1368 5661 1581 5729 epistol.
1620 5662 1684 5715 I0
1711 5677 1873 5731 supra

295 5729 650 5796 monuimus,
709 5744 934 5784 uxorem
1006 5732 1190 5798 duxit,
1237 5731 1453 5788 nomine
1501 5732 1697 5797 Evam,
1757 5729 1876 5800 qua:

1971 3369 2116 3438 mine
2167 3379 2218 3422 et
2242 3369 2528 3438 agnomine
2554 3369 2900 3425 referentem
2919 3389 3098 3426 avum.
3138 3391 3156 3422 ‹
3204 3369 3361 3425 Pater
3408 3372 3562 3427 Guil-

1970 3437 2363 3508 beltnnsihu’nc
2408 3438 2465 3508 in
2513 3447 2695 3492 tenera
2719 3449 2876 3494 aetate
2905 3443 3099 3508 (inquit
3142 3441 3398 3496 Chronic.
3431 3441 3566 3498 Bec-

1969 3507 2286 3580 cens.)_Deo
2329 3507 2670 3580 tititrienibtni
2713 3511 2811 3562 sub
2867 3509 3146 3580 disciplina
3185 3510 3415 3579 regulari
3468 3513 3566 3566 ob-

1972 3577 2092 3629 tulit
2139 3575 2499 3631 Beccensibus
2570 3576 2862 3639 Patribus.
2926 3575 3204 3633 et'multa
3248 3575 3327 3633 'de
3404 3581 3566 3634 rebus

1958 3647 2082 3699 'suis
2123 3646 2470 3719 temporalis
2510 3647 2634 3719 vitm
2697 3649 2935 3703 subsidia
2999 3665 3121 3704 eum
3180 3664 3346 3719 puero
3407 3651 3566 3703 mini-

1972 3717 2180 3770 stravit.
2238 3717 2476 3776 Qnorum
2544 3717 2871 3773 informatus
2940 3717 3196 3773 dertrina
3248 3730 3304 3773 et
3365 3730 3566 3776 sanctae

1972 3787 2415 3857 conversationis
2452 3787 2742 3857 exemplis,
2799 3789 2882 3857 sic
2920 3804 3054 3857 cum
3103 3789 3282 3841 divino
3335 3789 3564 3857 profecit

1973 3855 2174 3909 auxilio
2218 3855 2270 3907 in
2310 3855 3010 3925 divinisuetphilosophicis
3045 3855 3419 3922 institutis,_ut
3444 3873 3567 3911 om-

1976 3938 2070 3994 nes
2109 3932 2253 3976 artes
2301 3923 2458 3991 (quas
2519 3923 2767 3994 liberales
2809 3923 3024 3994 vocant)
3082 3926 3148 3978 ad
3198 3940 3428 3993 unguem
3470 3929 3567 3980 ad-

1976 3993 2230 4056 disceret,
2254 4000 2310 4045 et
2338 4007 2524 4045 earum
2555 3993 2756 4047 rivulos
2781 3993 3026 4062 pluribus
3054 3994 3168 4059 ipse
3193 3994 3481 4060 przefectns
3506 3997 3559 4050 in

1976 4063 2237 4131 religione
2266 4063 2615 4131 propinaret;
2667 4062 2822 4131 cujus
2871 4072 3016 4117 tanta
3062 4063 3165 4116 fuit
3206 4064 3258 4116 in
3300 4065 3472 4117 activa
3509 4075 3566 4120 et

1977 4130 2304 4202 speetilativa
2371 4130 2630 4202 perfectio
2691 4130 2746 4184 ut
2814 4148 2934 4186 cum
2991 4135 3131 4187 Deus
3198 4132 3560 4202 Lanfrancnm

1977 4201 2355 4257 Cautuariensi
2407 4201 2657 4255 Ecclesiae
2687 4202 2738 4254 in
2783 4217 2994 4256 summo
3031 4201 3344 4270 pontificatu
3389 4206 3565 4270 praefi-

1979 4279 2147 4333 ceret,
2185 4286 2306 4324 eum
2340 4269 2675 4325 Lanlrancns
2715 4272 2780 4325 ad
2820 4269 3059 4340 regimen
3092 4269 3562 4327 Westmonaslerii

1980 4342 2089 4394 Deo
2114 4348 2342 4412 vocante
2368 4340 2712 4412 provideret,
2749 4349 3005 4412 tantaque
3044 4341 3358 4412 sanctitatis
3385 4343 3562 4412 gratia

1980 4413 2061 4480 (ut
2089 4410 2381 4477 credimus)
2415 4411 2523 4480 Deo
2556 4419 2612 4480 et
2650 4411 2956 4465 hominibus
3007 4411 3208 4480 placuit
3247 4419 3305 4462 ut
3346 4410 3564 4465 humili-

1982 4478 2145 4531 tatem
2174 4494 2284 4551 p_rae
2303 4478 2514 4532 cunctis
2538 4479 2618 4551 sui
2645 4481 2904 4551 temporis
2925 4478 3162 4551 praelatis
3185 4488 3243 4551 _e_t
3274 4481 3564 4551 specialius

1979 4549 2367 4616 praetenderet,
2401 4547 2772 4618 etgsublimius‘
2812 4547 3149 4618 praedicaret.
3184 4549 3280 4602 llic
3307 4547 3378 4603 32
3405 4551 3564 4605 annis

1909 4647 1952 4701 Β
1981 4615 2098 4701 loco
2150 4618 2320 4701 magis
2364 4615 2564 4701 profuit
2593 4634 2753 4701 quam
2799 4615 3041 4701 praefuit,
3083 4629 3137 4701 et
3281 4629 3565 4699 senectute

1981 4689 2117 4742 bona
2151 4686 2341 4758 plenus
2369 4689 2577 4741 diermn
2611 4698 2664 4742 et
2689 4686 3009 4751 sanctitate,
3040 4690 3284 4758 patribus
3314 4688 3425 4741 suis
3468 4703 3563 4758 ap-

1980 4756 2189 4828 positus
2224 4756 2381 4825 hujus
2426 4757 2548 4811 vitae
2593 4759 2880 4813 terminum
2913 4756 3125 4828 clausit.
3162 4775 3180 4806 ι
3226 4756 3316 4809 Sic
3355 4758 3433 4828 de
3469 4756 3564 4812 Gi-

1982 4826 2214 4881 slcbei'to
2247 4829 2354 4880 lilio
2385 4829 2649 4882 monacho
2676 4837 2729 4881 et
2767 4829 2961 4882 abbate
2991 4826 3557 4880 Westmonasteriensi

1981 4898 2287 4951 Chronicon
2317 4897 2622 4962 Beccense;
2656 4913 2811 4966 quem
2860 4897 3034 4950 locum
3069 4897 3154 4949 hic
3189 4910 3308 4949 esse
3339 4897 3558 4964 apposi-

1987 4967 2253 5019 tissimnm
2287 4967 2485 5020 videbit
2512 4969 2600 5034 qui
2634 4981 2738 5020 non
2768 4975 2973 5020 tantum
3003 4966 3242 5034 epistola:
3271 4979 3562 5034 argumen-

1989 5045 2142 5105 tum,
2164 5036 2257 5089 sed
2293 5045 2346 5090 et
2391 5035 2626 5090 Anselmi
2675 5036 2838 5090 verba
2883 5036 3092 5105 legerit.
3139 5034 3384 5105 Defuncti
3432 5051 3561 5105 vero

1985 5104 2268 5160 Cisleberti
2304 5121 2502 5158 annum
2553 5105 2688 5157 ll~l7
2742 5103 2993 5158 numerat
3039 5106 3090 5157 in
3136 5103 3403 5158 Chronico
3432 5104 3558 5159 Flo-

1982 5175 2186 5228 rentius
2240 5171 2666 5243 \Vigorniensis,
2736 5175 2890 5244 cujus
2954 5177 3282 5244 computatio
3325 5175 3560 5244 collata

1979 5259 2101 5297 cum
2155 5259 2382 5297 numero
2423 5259 2687 5298 annorum
2738 5245 2935 5312 quibus
2980 5243 3192 5312 prml‘nit
3223 5243 3561 5297 Gislebertus

1982 5313 2155 5367 reddit
2187 5313 2405 5365 insimul
2436 5329 2632 5366 annum
2666 5328 2776 5367 suae
2809 5314 3105 5375 electionis,
3136 5313 3343 5366 scilicet
3376 5312 3513 5366 1084
3541 5329 3556 5363 :

1979 5383 2108 5449 Ejus
2139 5383 2436 5435 doctrinam
2467 5383 2776 5436 szecularem
2801 5393 2855 5436 et
2879 5383 3113 5436 divinam
3148 5381 3316 5452 [omig
3353 5378 3558 5452 laudat]

1981 5464 2208 5519 utraque
2238 5452 2380 5504 enim
2414 5452 2734 5506 excelluisse
2786 5453 2932 5506 dedit
2964 5450 3236 5506 memoria:
3260 5450 3560 5505 Guilelmus

1981 5522 2117 5573 libro
2145 5536 2219 5574 vn
2257 5521 2456 5574 Histor.
2499 5523 2692 5575 ducum
2720 5521 3214 5590 Northmannorum
3241 5536 3360 5590 cap.
3387 5519 3476 5590 22,
3501 5519 3556 5573 5.

1983 5590 2222 5645 IIerluini
2248 5590 2532 5645 Bcccensis
2555 5592 2880 5645 institutoris
2909 5589 3025 5644 Vita
3055 5590 3147 5643 lib.
3176 5605 3228 5654 ι,
3259 5589 3359 5643 ms.
3389 5589 3560 5646 Chro-

1982 5661 2104 5729 nico
2137 5659 2414 5728 Beccensi,
2438 5660 2591 5729 cujus
2635 5663 2827 5715 iterum
2856 5663 2917 5714 tit
2957 5661 3160 5715 mentio
3194 5660 3247 5713 in
3274 5657 3392 5714 Vita
3421 5658 3561 5713 Im.-

1985 5728 2152 5785 franci
2209 5731 2405 5786 ibidem
2459 5728 2585 5801 ms.,
2633 5741 2690 5786 et
2730 5729 3316 5803 apud-Gemmeticens.
3362 5744 3556 5800 supra,
