4056 6302
548 348 684 405 illi?

1110 343 1168 397 S.
1198 341 1494 397 ANSELMI
1532 340 1879 396 CAN‘I‘UAR.
1921 338 2246 399 ARCHIEP.
2276 338 2427 393 OI’P.
2468 339 2645 396 PARS
2671 341 2755 396 Ill.
2781 371 2851 382 —
2889 340 3262 400 EPISTOLAE.

3638 348 3799 407 ιιιινε

546 464 710 519 beant
742 460 928 515 eadem
958 458 1236 524 opuscula.
1266 458 1572 510 considero.
1620 457 1819 510 Precor
1859 459 2024 527 igitur
2058 465 2118 511 ut
2147 456 2193 510 Α
2223 456 2365 509 tibus
2395 455 2678 523 quiescere
2725 468 2830 509 non
2862 456 3062 524 possit;
3123 463 3180 509 et
3212 453 3535 514 benedictus
3569 458 3715 516 Deus
3752 464 3807 520 in

533 554 594 610 si
639 552 877 614 libellos,
911 564 1046 618 quos
1089 548 1361 601 sanctitati
1417 556 1612 601 vestrte
1656 548 1723 578 ³⁸⁷
1748 548 1933 616 jussus
1977 549 2119 613 misi,

546 657 870 715 recuperare
898 640 1179 710 poteritis,
1210 639 1335 693 illud
1380 640 1524 707 quod
1556 638 1610 692 itt
1653 638 1784 708 ipsis
1829 638 1999 694 titulis
2028 654 2124 708 po-

541 738 706 792 situm
747 746 859 796 est,
906 732 1115 787 scilicet
1158 732 1224 785 de
1271 732 1483 785 ratione
1531 730 1693 795 ﬁdei,
1732 730 1877 785 velut
1927 746 2124 800 super”

540 826 825 882 abundans
888 824 1234 885 recidentes;
1291 821 1439 874 illum
1497 835 1659 889 quem
1715 819 2120 887 monoloqnium

543 915 839 975 nominavi,
863 912 1195 981 monologion
1226 911 1462 965 vocetis:
1489 918 1544 964 et
1567 910 1798 963 alterum
1843 923 1949 963 non
1984 906 2121 961 allo-

541 1007 763 1075 quium,
801 1005 895 1056 sed
922 1000 1225 1070 proslagiou
1252 998 1478 1053 tituletis
1518 1016 1532 1051 :
1570 1006 1625 1052 et
1655 998 1953 1053 secundum
1991 996 2124 1050 titu—

540 1097 714 1150 lorum
745 1091 1179 1157 correctionem,
1228 1090 1387 1144 linem
1433 1086 1861 1159 przefatinneulae
1896 1086 2121 1140 minoris

538 1187 726 1251 libelli,
756 1200 879 1255 qua:
919 1185 989 1240 de
1028 1183 1231 1239 eisdem
1276 1181 1445 1236 titulis
1493 1180 1751 1250 loquitur,
1798 1179 2116 1233 emendetis.

534 1280 650 1334 Cur
685 1287 865 1332 autem
912 1278 1053 1331 hanc
1110 1274 1462 1328 mulationem
1512 1271 1625 1325 fieri
1666 1270 1920 1341 rogitem,
1949 1286 2118 1340 expo-

544 1383 703 1434 nere,
726 1369 771 1423 si
798 1377 1003 1421 tantum
1042 1366 1167 1428 flat,
1198 1378 1299 1419 nec
1320 1363 1455 1416 adeo
1480 1369 1564 1414 est
1595 1361 1985 1427 necessarium,
2021 1375 2121 1415 nec

538 1459 644 1512 hac
669 1456 945 1528 epistolari
971 1454 1257 1516 brevitate,
1285 1465 1447 1519 quam
1489 1449 1761 1518 proposui,
1793 1462 2116 1515 congruum.

539 1548 698 1614 Quod
732 1547 776 1601 si
806 1545 1100 1601 secundum
1123 1550 1362 1595 nostram
1389 1539 1705 1608 petitionem
1732 1537 1989 1601 feceritis,
2016 1537 2118 1590 hoc

538 1644 737 1692 vestrae
769 1632 1079 1703 paternitati
1111 1629 1235 1684 volo
1263 1628 1565 1683 retribuere
1592 1645 1604 1679 :
1641 1636 1700 1679 ut
1735 1626 1778 1680 si
1809 1626 1948 1680 Deus
1985 1625 2116 1678 mihi

537 1742 600 1780 ea
646 1740 765 1794 qua:
802 1722 1051 1778 desidero
1100 1719 1308 1774 dederit
1348 1717 1616 1779 scribere,
1647 1715 1884 1784 aspectui
1936 1724 2117 1769 vestro

2224 545 2377 598 donis
2407 543 2541 608 suis,
2592 546 2683 614 qui
2726 544 2932 600 utinam
2982 546 3061 599 sic
3111 546 3423 601 abstulisset
3460 564 3490 601 a
3536 558 3589 604 te
3623 554 3807 609 odium

2220 637 2418 691 animae.
2452 646 2577 701 tute,
2619 639 2890 706 quomodo
2930 637 3078 690 dedit
3126 638 3258 691 mihi
3308 655 3555 695 amorem
3615 644 3804 699 salutis

2226 736 2349 779 tute.
2384 728 2604 781 Sustine
2635 743 2744 793 me,
2774 729 2946 783 dulcis
2973 731 3173 793 amice,
3205 739 3260 785 et
3290 730 3455 785 tolera
3490 732 3802 789 dilectorem

2225 826 2373 871 tuum
2396 858 2411 883 ,
2443 817 2484 871 si
2515 818 2851 886 importunus
2883 817 2975 871 tibi
3008 817 3076 848 ³⁸³
3105 818 3312 881 videor,
3347 828 3400 871 et
3430 819 3619 874 durius
3644 838 3801 890 quant

2222 906 2358 960 velis
2414 918 2592 961 tecum
2629 906 2840 974 loquor.
2889 907 3057 960 Amor
3089 907 3233 958 enim
3278 907 3473 960 animm
3515 917 3620 962 tua:
3666 912 3806 977 cogit

2222 993 2456 1048 animam
2496 1009 2696 1059 meam,
2739 1009 2835 1048 nec
2862 995 3065 1063 patitur
3096 1010 3215 1048 eam
3259 995 3368 1063 pati
3414 1005 3470 1048 ut
3519 1007 3575 1049 tu
3628 998 3808 1052 oderis

2220 1100 2362 1151 eam,
2392 1083 2545 1148 cujus
2594 1100 2834 1139 antorem
2872 1100 3087 1153 semper
3132 1086 3297 1140 habet
3337 1102 3541 1141 secum.
3583 1090 3808 1160 Suscipe

2221 1190 2369 1244 ergo,
2390 1173 2732 1239 charissime,
2754 1189 2878 1229 cum
2909 1172 3115 1242 amore,
3148 1176 3290 1244 quod
3322 1191 3418 1231 oro
3448 1187 3508 1232 ut
3537 1179 3681 1233 Deus
3712 1180 3807 1236 tibi

2222 1264 2334 1330 det,
2368 1263 2510 1317 dicta
2543 1263 2804 1317 amatoris
2832 1262 2930 1315 tui.
2982 1262 3059 1315 Tu
3107 1277 3189 1329 es,
3220 1263 3611 1330 dilectissime,
3654 1278 3709 1321 tu
3749 1283 3810 1322 es

2214 1353 2364 1423 quod
2397 1352 2532 1407 dicit
2578 1367 2732 1405 amor
2761 1367 2882 1405 eum
2915 1350 3130 1415 dolore,
3166 1361 3222 1406 et
3263 1352 3414 1407 dolor
3443 1369 3567 1408 cum
3600 1370 3806 1422 amore,

2222 1442 2333 1510 qui,
2372 1443 2521 1510 quod
2552 1442 2692 1496 Deus
2713 1440 2924 1497 auferat
2951 1458 2982 1496 a
3016 1450 3096 1507 te,
3127 1443 3289 1498 odisti
3322 1445 3575 1501 dilectam
3613 1448 3806 1504 animze

2222 1550 2356 1590 mea:
2393 1536 2632 1588 animam
2662 1543 2841 1602 tuam;
2865 1537 3122 1605 quoniam
3144 1538 3234 1606 qui
3258 1537 3427 1607 diligit
3452 1539 3806 1610 iniquitatem,

2220 1626 2329 1678 odit
2374 1626 2610 1678 animam
2653 1640 2805 1679 suam
2835 1623 3010 1694 (Psal.
3055 1641 3118 1689 χ,
3152 1626 3230 1695 6).
3276 1626 3540 1695 Iniquitas
3579 1641 3727 1685 certe
3752 1642 3805 1685 et

2222 1716 2538 1786 iniquitates
2586 1725 2751 1782 sunt,
2783 1731 2891 1785 quo
2932 1723 3081 1770 tanto
3133 1715 3326 1771 affectu
3378 1733 3686 1789 prosperas,
3734 1724 3806 1775 mi

534 1791 703 1873 nolim
732 1828 825 1878 ea,
869 1822 929 1867 ut
965 1820 1094 1881 puto
1134 1826 1239 1865 nou
1280 1810 1458 1863 minus
1500 1807 1774 1877 prioribus
1826 1805 2113 1876 placitura,
2147 1791 2190 1849 Β
2219 1808 2432 1863 dilecte.
2448 1807 2708 1877 Iniquitas
2729 1816 2785 1862 et
2810 1807 3121 1877 iniquitates
3150 1818 3298 1875 sunt,
3319 1823 3426 1877 quo
3447 1812 3683 1866 tetrahit
3708 1813 3798 1866 im-

536 1908 879 1962 snbtrahere.
913 1904 1254 1959 Fidelitatem
1281 1910 1541 1965 vestram,
1571 1915 1732 1969 quam
1770 1899 1938 1953 semel
1967 1899 2115 1952 cordi

520 2014 664 2053 meo
686 1992 1083 2059 commendavi,
1117 2002 1435 2063 protegente
1466 1993 1591 2054 Deo,
1633 2003 1814 2046 servat
1848 1999 1902 2045 et
1934 2005 2117 2044 serva-

537 2088 649 2150 bit;
701 2101 802 2142 nec
845 2084 1184 2140 dissimiliter
1225 2084 1292 2136 de
1339 2082 1512 2151 gratia
1564 2089 1762 2136 vestrm
1815 2081 2119 2136 sanctitatis

537 2183 723 2247 sperat
751 2183 805 2231 et
837 2173 1097 2244 sperabit.

1060 2260 1396 2317 EPISTOLA
1439 2259 1618 2315 XVIII.

975 2366 1044 2406 Δι)
1079 2366 1354 2406 IONACBOS
1380 2363 1686 2405 BECCENSES-

711 2445 790 2499 De
816 2459 1060 2514 prospera
1098 2459 1194 2498 sua
1223 2445 1279 2498 in
1313 2442 1559 2511 Angliam
1591 2440 1934 2510 navigatione.

604 2535 956 2590 Charissimis
980 2542 1036 2589 et
1069 2533 1545 2589 desideratissimis
1570 2530 1803 2586 dominis
1831 2530 1942 2583 suis
1959 2569 1974 2594 ,
2001 2544 2117 2584 ser-

530 2628 615 2681 vis
649 2624 742 2679 Dei
772 2624 931 2680 Becci
957 2624 1458 2686 commanentibus,
1493 2636 1684 2678 servus
1725 2636 1913 2676 eorum
1948 2617 2117 2674 frater

532 2720 834 2781 Anssutus,
860 2716 929 2771 de
958 2716 1154 2769 virtute
1185 2715 1238 2769 in
1265 2715 1517 2770 virtutem
1545 2712 1833 2783 prolicere,
1861 2718 1919 2764 ut
1948 2710 2113 2764 Deum

538 2807 766 2860 deorum
798 2806 853 2859 in
883 2804 1015 2860 Sion
1047 2814 1359 2859 mereantur
1384 2804 1723 2873 conspicere.

610 2896 730 2950 Mox
757 2903 813 2949 ut
840 2896 905 2951 de
934 2895 1071 2949 mari
1098 2895 1240 2951 exivi
1268 2895 1322 2949 in
1346 2895 1628 2963 Anglicam
1662 2902 1861 2947 terram
1894 2892 1980 2947 die
2007 2893 2114 2947 Do-

534 2987 731 3041 tuiniea
757 3000 841 3040 me
862 2987 944 3039 lite
964 2986 1417 3054 Quadragesimze,
1444 2986 1575 3040 bora
1597 2985 1778 3051 tertia,
1802 2985 1998 3038 dictavi
2019 2985 2114 3039 has

540 3077 750 3132 litteras
794 3086 854 3130 ut
908 3086 1147 3131 vestram
1183 3075 1523 3130 dilectionem
1573 3075 1640 3130 de
1694 3074 1864 3129 nostri
1909 3074 2115 3128 itineris

533 3164 895 3235 prosperitate
925 3163 1275 3219 laetificarem.
1299 3164 1393 3218 Dei
1418 3163 1560 3219 enim
1588 3164 1758 3233 gratia
1788 3161 1998 3217 favente
2025 3178 2117 3216 ve-

535 3255 663 3308 stris
688 3254 1025 3308 orationibus
1042 3293 1057 3319 ,
1081 3252 1261 3307 omnia
1288 3265 1545 3322 prospere
1571 3259 1625 3304 et
1651 3249 1945 3304 honorifice
1977 3248 2113 3303 ultra

531 3357 681 3411 spem
712 3357 883 3396 meam
918 3340 1050 3396 mihi
1077 3350 1133 3395 et
1160 3341 1225 3396 iis
1246 3342 1337 3411 qui
1370 3354 1580 3393 mecum
1594 3348 1720 3392 sunt
1751 3337 1802 3391 itt
1829 3347 1969 3391 terra
1989 3345 2043 3391 et
2062 3338 2112 3390 iu

528 3434 691 3498 mari,
721 3443 1006 3502 postquam
1038 3448 1068 3486 a
1104 3433 1258 3487 vobis
1281 3432 1527 3495 discessi,
1561 3436 1882 3485 evenerunt.
1915 3429 2115 3483 Precor

530 3527 713 3593 itaque
734 3532 792 3576 ut
814 3523 952 3577 sicut
973 3522 1176 3578 fecistis
1204 3525 1487 3585 hactenus,
1514 3522 1583 3575 ita
1612 3528 1665 3575 et
1690 3520 1943 3589 deinceps
1957 3534 2113 3589 pereo

532 3621 892 3686 grinationem
913 3628 1149 3687 nostram
1167 3614 1373 3669 orando
1393 3610 1659 3678 adjuvetis
1674 3628 1686 3662 :
1704 3611 1797 3664 sed
1813 3610 1984 3665 multo
2000 3627 2113 3664 ma-

526 3711 608 3781 gis
619 3726 814 3780 precor
823 3723 880 3765 ut
896 3710 1126 3764 reditum
1150 3715 1391 3758 nostrum
1410 3703 1545 3756 bene
1562 3701 1790 3755 vivendo
1804 3698 2106 3756 laetitieetis.

1014 3795 1347 3855 EPISTULA
1379 3793 1498 3848 XIX
1526 3792 1616 3846 ³⁸⁸.

1076 3906 1142 3945 ΔΙ)
1178 3900 1544 3944 ῦιιιιιιῐιιιυιι.

602 3984 799 4042 Sa’culi
827 3984 985 4038 militi
1014 3982 1197 4036 suadet
1230 3980 1356 4032 dare
1377 3992 1563 4031 nomen
1591 3972 1793 4028 militia:
1817 3971 2036 4027 Christi.

603 4076 715 4131 Suo
745 4076 796 4130 in
825 4075 936 4129 Deo
967 4072 1274 4128 desiderato
1293 4110 1307 4134 ,
1338 4069 1534 4123 dilecto
1573 4075 1629 4121 et
1664 4065 1870 4119 utinam
1899 4064 2108 4123 deside-

524 4170 669 4227 ranti
690 4164 1255 4223 dilectoriGtJtLLseuo
1270 4161 1439 4215 frater
1451 4159 1737 4214 Amemus
1750 4159 1926 4215 dictus
1940 4159 2106 4214 abbas

521 4260 702 4324 Becci,
729 4256 1083 4328 periculosam
1099 4263 1153 4309 et
1182 4266 1543 4307 aerumnosam
1572 4259 1920 4304 contemnere
1942 4249 2100 4304 vani-

526 4362 708 4414 tatem,
743 4360 797 4404 et
820 4363 1063 4404 securam
1087 4355 1248 4415 atque
1281 4345 1494 4399 beatam
1526 4355 1771 4411 qurerere
1794 4342 2099 4396 veritatem.

2220 1909 2377 1970 petus
2400 1898 2657 1953 torrentis
2687 1900 2971 1953 mundana:
3011 1899 3210 1963 ruime,
3247 1899 3319 1952 mi
3350 1899 3671 1955 desiderate.
3695 1903 3805 1955 Ini-

2220 1992 2401 2062 quitas
2420 1990 2567 2045 enim
2596 2000 2680 2045 est
2709 1999 2933 2045 cruenta
2962 1990 3224 2045 bellorum
3245 1990 3506 2046 confusio.
3533 1993 3806 2063 lniquitas

2219 2082 2598 2137 cstmundante
2627 2081 2887 2137 vanitatis
2917 2081 3158 2136 ambitio.
3181 2081 3441 2151 Iniquitas
3463 2093 3542 2137 est
3576 2085 3802 2140 insatia-

2219 2170 2341 2225 bilis
2384 2170 2455 2202 ‘°°
2486 2170 2746 2226 falsorum
2793 2171 3053 2225 bonorum
3093 2180 3148 2225 et
3193 2170 3451 2225 falsarum
3488 2173 3800 2229 divitiarum

2219 2260 2468 2315 aviditas.
2497 2261 2577 2313 Ad
2596 2261 2729 2325 haec,
2760 2261 2860 2314 heu
2885 2259 2993 2313 mel
3020 2259 3174 2314 video
3200 2259 3373 2324 illum,
3407 2276 3568 2330 quem
3593 2271 3799 2318 tantum

2219 2346 2493 2417 diligendo
2542 2348 2779 2401 retinere
2827 2346 3098 2410 desidero,
3144 2347 3283 2400 trahi
3319 2347 3387 2400 ab
3426 2348 3585 2403 hoste
3609 2350 3798 2404 callido

2218 2439 2520 2509 decipicute
2563 2454 2661 2493 cor
2700 2438 2833 2508 ejus.
2881 2436 3068 2492 Amice
3105 2437 3383 2492 hominum
3432 2447 3489 2492 et
3544 2440 3795 2494 libenter

2219 2530 2397 2592 Deus,
2435 2542 2504 2581 ne
2544 2529 2826 2597 pertrahat
2863 2541 3083 2580 servum
3135 2536 3285 2581 tuum
3332 2528 3611 2583 inimicus.
3655 2531 3795 2585 Diris

2219 2622 2377 2688 mihi,
2408 2621 2583 2675 frater
2612 2620 2921 2675 desiderate
2963 2637 2976 2672 :
3020 2617 3136 2673 Non
3164 2618 3266 2673 ista
3295 2618 3482 2688 diligo,
3515 2622 3611 2674 sed
3638 2622 3687 2674 in
3715 2623 3794 2676 eis

2220 2716 2523 2771 involutum
2555 2714 2779 2769 fratrem
2816 2728 3024 2777 meum;
3061 2722 3119 2767 et
3156 2712 3359 2767 idcirco
3400 2713 3599 2767 festino
3642 2693 3694 2765 in
3719 2714 3793 2765 eis

2221 2806 2461 2861 convolvi
2485 2821 2606 2859 cum
2622 2820 2709 2868 eo,
2736 2814 2793 2857 ut
2813 2803 3061 2871 adjuvem
3084 2811 3139 2855 et
3159 2802 3462 2857 custodiam
3483 2818 3631 2856 cum.
3674 2801 3789 2864 Vm,

2218 2911 2558 2950 mrumuosus
2582 2894 2734 2948 dolor
2750 2895 2817 2948 de
2842 2907 3147 2947 aerumnosa
3169 2908 3357 2947 errore
3379 2891 3611 2948 ﬁliorum
3634 2893 3789 2948 Διιπέ

2218 2986 2416 3051 Quare.
2451 3000 2483 3039 ο
2513 2985 2701 3047 homo,
2730 3000 2835 3038 non
2873 2984 3054 3054 potius
3102 2984 3238 3039 dicis
3271 3003 3284 3038 :
3316 2982 3430 3038 Non
3466 2985 3566 3039 ista
3599 2985 3794 3054 diligo,

2219 3078 2312 3133 sed
2342 3078 2616 3131 Christum
2647 3076 2815 3131 Deum
2859 3090 3073 3142 meum;
3107 3083 3163 3130 et
3211 3074 3413 3129 idcirco
3442 3075 3542 3129 ista
3584 3074 3797 3145 fugiens

2216 3169 2415 3223 festino
2449 3168 2517 3222 ad
2567 3182 2715 3232 eum,
2744 3174 2801 3220 ttt
2829 3167 3050 3236 adjuver
3087 3173 3143 3218 et
3183 3166 3460 3219 custodiar
3480 3163 3543 3217 ab
3583 3177 3667 3216 eo.
3704 3163 3792 3217 An

2218 3266 2311 3325 ttt,
2360 3259 2547 3313 audito
2593 3256 2807 3326 fragore
2866 3256 3072 3309 ruentis
3123 3255 3304 3308 mundi
3361 3268 3522 3323 super
3568 3252 3793 3306 fratrem

2217 3361 2403 3415 tuum,
2448 3358 2803 3405 contemnens
2860 3359 3147 3403 vocantem
3192 3347 3359 3419 358
3402 3346 3679 3401 Christum
3724 3347 3792 3378 ⁸⁸⁸

2213 3443 2388 3497 curris
2421 3441 2522 3496 sub
2552 3441 2722 3510 ipsam
2769 3439 3017 3502 ruinam,
3068 3447 3129 3492 ut
3169 3438 3531 3491 homunculus
3570 3438 3792 3490 homun-

2213 3532 2415 3594 culum,
2462 3527 2794 3585 vermiculus
2858 3527 3214 3581 vermiculutu
3254 3526 3355 3580 sub
3408 3536 3518 3577 tam
3571 3523 3789 3577 confuso

2211 3622 2446 3690 pondere
2475 3621 2542 3674 et'
2560 3619 2858 3687 ponderosa
2897 3617 3214 3672 confusione
3251 3616 3469 3683 adjuvet
3511 3626 3569 3670 et
3615 3625 3789 3669 custo-

2213 3713 2344 3767 diat.
2390 3710 2703 3778 Responde,
2735 3709 2924 3772 frater,
2956 3709 3078 3777 quis
3119 3707 3388 3776 adjuvabit
3436 3706 3508 3738 ⁸⁰¹
3537 3715 3595 3761 et
3618 3717 3779 3760 custo-

2211 3804 2319 3857 diet
2369 3813 2420 3856 te
2472 3801 2620 3855 illum
2663 3800 3007 3867 adjuvantem
3051 3809 3107 3853 et
3150 3799 3584 3853 custodientem?
3631 3798 3785 3859 Deus,

2207 3910 2367 3963 quem
2395 3893 2575 3949 minus
2599 3893 2785 3946 studes
2816 3892 2965 3959 sequi
2998 3906 3157 3959 quam
3190 3892 3360 3957 ipsum
3386 3886 3613 3944 fratrem
3641 3897 3785 3943 tuum

2194 3986 2299 4040 ⁸⁸³.
2324 3984 2600 4040 Christum
2634 3992 2918 4038 vocantem
2960 3991 3011 4037 te
3045 3981 3351 4037 contemnis
3377 3981 3531 4050 sequi
3559 3982 3611 4034 in
3635 3995 3783 4051 pace,

2208 4086 2261 4131 et
2293 4078 2345 4131 in
2365 4076 2563 4146 patria,
2587 4084 2638 4128 et
2673 4074 2817 4128 inter
2845 4073 3177 4143 propinquos
3198 4083 3251 4127 et
3276 4073 3502 4134 amicos,
3533 4081 3596 4127 ut
3618 4072 3788 4127 bases

2205 4171 2411 4242 quidem
2456 4168 2584 4233 Dei,
2614 4168 2854 4223 colueres
2899 4178 3071 4221 autent
3113 4166 3228 4236 ejus
3273 4167 3453 4238 (llam.
3518 4183 3643 4231 vttt,
3700 4166 3786 4235 Π)

2205 4260 2488 4330 possideas
2535 4274 2758 4329 regnum
2803 4260 3100 4323 ccelorutn;
3145 4269 3202 4314 et
3244 4273 3341 4328 per
3391 4268 3470 4313 tot
3510 4267 3566 4312 et
3614 4269 3785 4312 tantas

2204 4351 2462 4404 itinerum
2492 4349 2733 4405 difﬁciles
2767 4350 3113 4419 asperitates,
3147 4363 3246 4417 per
3272 4350 3504 4402 marium
3538 4348 3781 4402 turbines

596 4439 788 4503 Tanta,
826 4439 897 4492 mi
931 4437 1127 4491 dilecte
1153 4443 1315 4505 atque
1346 4432 1671 4496 desiderate,
1704 4431 1991 4487 dilectione
2026 4433 2100 4485 tui

2216 4451 2258 4496 et
2286 4440 2609 4509 procellosus
2654 4448 3032 4509 tempestates,
3066 4440 3117 4494 in
3165 4439 3474 4493 bellicosam
3507 4438 3779 4494 confusio-

521 4530 759 4586 animam
792 4542 967 4582 meam
996 4526 1338 4595 omnipotens
1365 4522 1624 4577 Dominus
1645 4537 1738 4576 sua
1764 4523 1960 4592 gratia,
1987 4538 2092 4578 non

526 4622 665 4677 meis
708 4617 938 4681 meritis,
966 4616 1250 4684 occupavit
1288 4632 1302 4666 :
1337 4622 1396 4667 ut
1434 4614 1575 4667 inter
1602 4614 1926 4669 desiderium
1959 4615 2102 4669 salu-

521 4713 593 4768 tis
633 4720 737 4767 tuze
777 4719 831 4764 et
874 4708 1121 4762 timorem
1163 4702 1385 4774 periculi
1445 4703 1520 4756 ttti
1563 4712 1845 4771 angustata
1894 4705 2101 4760 diurnis

518 4819 586 4859 ac
616 4803 898 4859 nocturnis
939 4796 1400 4857 sollicitudinibus
1422 4809 1542 4849 eam
1583 4811 1679 4865 pro
1726 4805 1776 4851 te
1820 4797 2103 4855 stimulan-

2209 4546 2330 4584 netn
2355 4530 2530 4585 curris
2560 4530 2626 4583 ad
2654 4528 2871 4584 fratrem
2900 4538 3072 4595 tuum,
3095 4536 3153 4582 ut
3171 4528 3356 4583 videas
3376 4544 3526 4591 eum,
3565 4537 3622 4581 ut
3652 4525 3785 4580 ntul-

2213 4628 2323 4672 tum
2354 4618 2559 4679 dicam,
2620 4626 2889 4673 tenentem
2942 4632 3164 4687 regnum
3214 4615 3529 4672 Grtecornm
3574 4634 3587 4669 :
3637 4625 3694 4670 et
3731 4623 3782 4666 tu

2209 4718 2365 4780 putas
2401 4707 2469 4739 ⁸⁵⁸
2494 4707 2619 4776 quia
2667 4706 2807 4760 Deus
2850 4705 2969 4775 plus
3002 4708 3217 4777 adjuvet
3242 4716 3295 4763 et
3323 4706 3592 4762 cus:odiat
3638 4704 3779 4759 illum

2207 4816 2303 4872 per
2334 4809 2407 4865 te,
2440 4814 2599 4868 qnam
2643 4797 2760 4852 sine
2800 4806 2888 4864 te;
2930 4806 3021 4852 aut
3056 4800 3289 4870 teipsum
3333 4809 3552 4869 prepter
3602 4796 3779 4859 illum,

1799 4903 2033 4963 VARIA']
2074 4907 2475 4967 LECTIONES.

589 5025 657 5096 ξντ
698 5021 1015 5096 Sane-litatis
1055 5015 1422 5096 vestrtejussu
1450 5032 1586 5096 "ills.-
1609 5016 1879 5096 sanctitati
1909 5031 2104 5096 vestt-te
2143 5023 2328 5096 jussus
2358 5095 2363 5096 γ
2395 5024 2471 5096 ἣν
2506 5023 2711 5078 Collata
2742 5042 2860 5079 cum
2906 5026 3084 5079 eodem
3116 5039 3216 5078 ms.
3307 5022 3383 5058 ’99
3411 5021 3777 5090 Intportunius

519 5094 614 5147 tibi
661 5110 768 5168 gms-
810 5094 1145 5168 ιιι-ιρυιιψιιιε
1175 5089 1271 5168 ψὶὶ
1346 5086 1721 5168 δέξεοιιξιιξξῼς
1753 5086 2011 5168 Ιιιξιιμξιιιδ
2039 5100 2123 5144 est
2144 5086 2474 5168 insatiabilis
2526 5111 2624 5149 ms.
2671 5095 2936 5150 confusio.
2971 5095 3232 5162 lniquitas
3255 5086 3658 5168 ρειλιιιιιιιάςιιιεε
3686 5107 3778 5168 va-

518 5166 704 5218 nitatis
732 5155 973 5215 ambitio.
1017 5160 1275 5228 Iniquitas
1300 5166 1385 5228 est
1417 5155 1775 5228 insatiabilis_
1812 5155 1878 5187 ⁴⁰¹
1909 5156 2145 5213 Vocante
2170 5162 2385 5217 Christo
2410 5179 2507 5217 ms.
2537 5174 2817 5219 vocantem
2861 5155 3134 5220 Christum
3228 5163 3295 5193 δυ’
3326 5162 3458 5227 Quia
3501 5159 3777 5228 adjuvabil

528 5248 630 5287 ms.
664 5233 785 5302 quis
814 5230 1086 5300 adjuvabit

511 5301 586 5337 ⁴⁰⁵
616 5301 693 5358 Et
717 5312 776 5356 ιιι
799 5311 955 5370 putas
983 5315 1081 5352 ms.
1106 5305 1162 5351 et
1191 5305 1244 5350 tu
1266 5304 1427 5365 putas

1142 5278 1147 5282 .
1192 5226 1264 5259 ⁸⁰⁸
1317 5226 1722 5283 Custodientem
1747 5225 1931 5281 Deus..
1958 5228 2187 5285 fratrem.
2213 5242 2362 5285 tuum

2414 5251 2428 5286 :
2466 5250 2565 5287 ms.
2609 5234 3039 5291 custodientem?
3068 5234 3272 5298 Deus,..
3315 5232 3539 5285 fratrem
3582 5229 3777 5284 tuum?

1681 5403 1965 5462 JOANNIS
2006 5406 2285 5465 PICARDI
2326 5410 2557 5468 NOT/E.

472 5506 479 5515 '
512 5499 863 5568 praeterhac
900 5495 1089 5553 homil.
1124 5496 1190 5550 47
1227 5496 1280 5550 in
1311 5494 1537 5550 Cantica
1564 5497 1929 5568 canticorum,
1956 5512 2092 5566 quas

515 5565 656 5636 apud
704 5566 1109 5623 Eberbacenses
1146 5577 1363 5620 exstare
1411 5575 1593 5636 monet
1632 5565 2001 5636 additiuncula
2032 5569 2090 5622 in

507 5634 779 5692 r'l‘ritltctn.
806 5638 858 5692 in
893 5637 1101 5692 .Isaiam
1145 5637 1469 5705 pr0pltetam,
1499 5635 1588 5705 lib.
1630 5651 1684 5697 ι,
1713 5634 1792 5688 De
1823 5651 1949 5705 casu
1976 5637 2091 5691 dia-

502 5706 621 5763 .boli
642 5745 657 5767 .
691 5706 782 5760 lib.
812 5722 863 5772 ι,
896 5706 970 5761 De
999 5703 1223 5779 anima.
1255 5706 1347 5785 lib.
1380 5720 1429 5769 t,
1462 5703 1527 5756 ad
1550 5714 1825 5759 cautorem
1865 5703 2090 5775 Sagien-

2199 5516 2312 5555 seut
2336 5541 2351 5564 ,
2380 5502 2475 5574 Ill).
2508 5519 2544 5556 ι.
2577 5503 2877 5572 Disputatio
2907 5520 3029 5559 cum
3068 5502 3303 5574 quodam
3331 5500 3516 5574 Iudaeo
3541 5506 3644 5574 ,_et_
3671 5497 3770 5574 ad-

2196 5585 2386 5642 versus
2414 5571 2627 5627 .Iudteos
2658 5567 2877 5639 (Emissa,
2908 5574 3060 5642 cujus
3087 5567 3235 5629 solus
3265 5570 3524 5642 meminit
3555 5567 3772 5622 Tritbe-

2196 5639 2356 5705 mins,
2392 5656 2663 5711 quamque
2690 5656 2871 5699 servat
2901 5638 3001 5699 tus.
3031 5655 3231 5699 nostra:
3258 5638 3626 5721 Bibliotheca.

3438 5863 3482 5871 ...ο
3494 5864 3499 5869 ι
