4056 6302
264 391 395 447 Hb9

1623 378 1745 434 LIB.
1790 380 1865 453 ιι,,
1892 380 2108 439 Eptsr.
2157 381 2293 437 xxr.

3361 371 3494 429 U70

261 512 414 569 quam
444 501 659 565 promer
683 490 945 559 seipsum:
995 488 1100 542 imo
1124 488 1292 543 multo
1332 488 1510 544 ruinas
1549 489 1651 544 hoc
1676 488 1817 544 face-
1845 503 1892 565 Α
1920 511 2121 562 meum,
2146 512 2250 552 non
2278 496 2565 549 frustretur
2594 489 2851 560 majorem
2885 490 2951 544 de
2979 498 3029 542 te
3063 502 3221 557 spem"
3242 494 3298 540 et
3325 486 3497 555 majus

262 598 369 645 rrt'.
395 586 647 640 irascitur
678 582 821 638 enim
863 581 908 635 si
939 580 1079 634 videt
1107 581 1177 611 ⁸⁸⁸
1205 581 1369 634 ιιΙΙιιιιι
1399 582 1468 636 ab
1503 580 1612 636 ullo
1654 580 1825 635 amari

216 685 230 710 ι’
261 681 372 751 plus
397 692 556 747 quam
589 690 670 729 se.
697 670 805 729 Sed
844 670 1071 728 forsitan
1114 671 1249 726 dicis
1292 688 1306 723 :
1350 670 1406 725 Si
1440 671 1635 739 incipio
1674 670 1825 739 sequi

257 767 555 828 Christum,
611 766 775 819 timeo
830 778 897 817 ne
961 759 1331 816 imbecillitate
1384 775 1501 821 mea
1557 760 1825 814 deﬁciam.

258 861 448 914 lterum
478 867 534 910 et
570 856 765 909 iterum
797 854 1029 909 dolendu
1055 870 1085 905 ιι
1119 861 1174 904 et
1203 851 1495 921 lugendum
1536 852 1603 906 de
1640 866 1831 907 errore

258 951 482 1004 ﬁtiorum
516 948 815 1003 hominum.
841 946 921 1001 Ad
953 960 1015 1000 ea
1044 959 1165 1016 qua:
1201 959 1415 1014 semper
1451 942 1708 998 deﬁciunt
1735 943 1830 1009 ⁸⁸⁸,

257 1045 362 1096 imo
388 1040 455 1093 ad
500 1038 677 1107 ipsum
729 1034 996 1090 defectum
1046 1035 1314 1089 currendo
1364 1041 1477 1088 toto
1521 1031 1714 1088 affectu
1759 1033 1828 1065 “7

256 1148 357 1186 non
388 1133 576 1185 timent
632 1127 933 1192 defectum;
966 1136 1022 1181 et
1068 1128 1137 1181 ad
1182 1126 1348 1181 Deum
1378 1140 1655 1194 nunquam
1701 1124 1831 1180 deﬁ-

255 1222 485 1275 cientem
517 1229 574 1273 et
625 1233 781 1272 suum
828 1214 1087 1268 auxilium
1121 1215 1532 1284 promittentem
1576 1228 1682 1268 non
1732 1229 1831 1266 au-

254 1313 384 1367 dent
441 1310 708 1379 proﬁcere
766 1308 1002 1362 timendo
1064 1308 1354 1362 defectum.
1405 1306 1652 1361 Gaudent
1699 1305 1831 1358 deﬁ-

255 1417 378 1457 eerc
416 1411 473 1454 ut
514 1400 794 1458 deﬁciant.
824 1407 878 1451 et
922 1400 1113 1451 timent
1163 1397 1426 1466 proﬁcere
1456 1411 1522 1451 ne
1559 1394 1832 1449 deﬁciant.

259 1493 454 1555 Crede,
498 1504 649 1559 rogo,
697 1487 922 1542 consilio
968 1488 1092 1551 Dei,
1142 1496 1199 1540 et
1252 1489 1529 1541 committe
1568 1497 1617 1542 te
1665 1495 1835 1539 tutum

256 1583 459 1636 auxilio
508 1581 639 1642 Dei,
684 1588 739 1635 et
794 1594 900 1633 non
938 1579 1142 1634 senties
1187 1577 1457 1635 defectum
1509 1580 1562 1632 in
1616 1578 1837 1633 servitio

257 1671 371 1725 Dei.
424 1670 613 1733 iacta,
657 1675 834 1722 amate
871 1678 924 1723 et
965 1668 1297 1732 desiderate,
1331 1676 1385 1722 et
1422 1667 1595 1722 dulcis
1634 1667 1833 1732 amice,

253 1762 412 1815 Juctu
442 1762 727 1831 cogitataut
751 1770 895 1812 (attat
917 1759 969 1811 in
994 1758 1237 1823 Domino,
1265 1767 1318 1810 et
1346 1742 1529 1813 certus
1550 1766 1687 1821 esto,
1714 1771 1838 1826 pro-

1929 586 2256 643 desiderium
2307 600 2505 639 meum.
2561 582 2712 647 Quod
2763 581 2808 635 si
2862 580 3004 634 Deus
3061 577 3208 631 cordi
3247 586 3338 629 tuo
3376 587 3500 630 ante

1927 675 2156 729 reditum
2188 689 2366 729 meum
2417 672 2681 743 inspirare
2734 669 3080 740 dignaretur,
3143 666 3215 720 ita
3246 665 3500 733 estDeus

1927 762 2081 820 Becci
2112 782 2233 820 cum
2281 764 2539 819 fratribus
2583 762 2783 817 nostris
2804 801 2819 826 ,
2852 776 2937 815 me
2966 762 3191 813 absente
3225 758 3365 811 sicut
3417 771 3503 808 me

1929 863 2214 921 praesente.
2259 854 2514 907 Dominus
2542 853 2739 922 dirigat
2777 866 2873 905 cor
2903 859 3052 903 tuum
3082 847 3373 903 secundum
3413 859 3503 896 vo—

1931 942 2192 997 luntatem
2253 959 2434 1005 suam,
2468 954 2525 997 et
2550 941 2846 997 satisfaciat
2884 940 3144 994 voluntati
3194 952 3324 991 mea:
3352 937 3418 991 de
3453 943 3505 987 te

1932 1034 2224 1089 secundum
2254 1033 2680 1088 misericordiam
2708 1047 2881 1087 suam.
2907 1034 3098 1084 Amen.

2429 1122 2755 1179 EPISTULA
2794 1122 2888 1177 XX
2921 1123 3008 1176 M".

2532 1247 2602 1289 ΔΙ)
2628 1247 2916 1287 HENBICUI.

1939 1344 2015 1398 De
2068 1343 2385 1398 Folreraldo
2429 1335 2652 1397 Bercum
2698 1343 3099 1395 transmittenda
3142 1354 3160 1391 :
3206 1348 3261 1392 ut
3306 1339 3379 1392 ibi
3413 1336 3508 1391 sub

2009 1414 2239 1467 Auselmi
2297 1414 2541 1481 regimine
2595 1413 2745 1480 degat
2823 1412 2977 1468 petit.
3008 1410 3281 1480 epistolam
3336 1406 3507 1475 sigillo

2008 1483 2211 1536 abbatis
2237 1483 2380 1535 illius
2410 1483 2689 1535 mtntilam.

2008 1570 2238 1626 Domino
2267 1578 2322 1625 et
2350 1567 2497 1622 Patri
2537 1567 2833 1623 reverendo
2861 1566 3041 1620 abbati
3078 1566 3316 1620 Hesmco
3347 1561 3514 1616 frater

1939 1663 2251 1723 Ausstuus,
2285 1658 2444 1728 hujus
2470 1660 2593 1712 vita:
2631 1657 2940 1711 diuturnam
2991 1654 3429 1725 prostieritatem,
3460 1659 3517 1705 et
3552 1726 3555 1729 Δ

1940 1751 2134 1806 futurae
2162 1758 2420 1804 aeternam
2450 1746 2778 1802 felicitatem.

256 1854 510 1906 mittente
539 1852 737 1921 Spiritu
765 1858 977 1911 saneto,
1008 1850 1135 1917 quia
1177 1850 1285 1919 ipse
1324 1859 1373 1902 te
1416 1849 1635 1903 enutriet
1663 1845 1833 1916 (Psat.
1872 1847 1912 1903 Β
2010 1847 2177 1901 Lator
2206 1844 2547 1915 praesentium
2586 1840 2768 1896 retulit
2802 1839 2931 1893 mihi
2988 1846 3219 1892 vestram
3270 1842 3512 1904 paratam

254 1958 367 2009 ιιν,
394 1942 511 2011 ‘25).
541 1942 618 1995 Ne
640 1940 856 1994 differas
885 1948 1092 1994 tantum
1118 1941 1314 1993 bonum
1348 1947 1518 2003 tuum,
1549 1944 1605 1991 et
1634 1935 1843 2005 comple

254 2034 322 2085 de
354 2041 405 2085 te
438 2030 766 2085 desiderium
823 2042 1001 2083 meum
1046 2042 1060 2081 :
1107 2036 1166 2083 ut
1215 2028 1443 2083 habeam
1485 2038 1564 2096 te,
1607 2029 1841 2083 ineundo

254 2130 383 2192 post
411 2121 690 2176 Christum
712 2162 730 2186 ,
778 2119 984 2174 socium
1017 2136 1229 2186 meum;
1280 2128 1335 2175 et
1375 2135 1633 2175 conemur
1660 2118 1839 2184 simul,

254 2223 530 2280 quatenus
560 2222 610 2266 tu
644 2230 729 2267 me
768 2225 941 2275 tuum,
984 2224 1040 2266 et
1078 2227 1177 2282 ego
1209 2221 1258 2266 te
1286 2212 1487 2282 possim
1537 2212 1719 2266 videre
1748 2210 1861 2275 “3,-

254 2307 308 2358 izx
345 2306 663 2361 limreditate
700 2305 921 2366 Christi.
955 2304 1070 2375 ipso
1093 2304 1275 2369 dante,
1306 2312 1614 2359 consortem
1642 2316 1840 2355 meum.

253 2395 336 2450 Ne
379 2396 580 2465 pudeat
615 2405 663 2449 te
695 2410 946 2466 rumpere
984 2393 1195 2449 vincula
1237 2393 1528 2463 proposita:
1558 2382 1838 2455 vanitatis;

252 2486 390 2555 quia
427 2501 533 2538 non
558 2484 814 2551 dedecus,
837 2486 930 2540 sed
970 2484 1143 2539 honor
1165 2492 1248 2538 est
1276 2483 1508 2537 transire
1539 2481 1594 2534 in
1626 2480 1843 2534 liberta-

258 2587 371 2625 lt'tlt
402 2574 668 2628 veritatis.
717 2574 922 2630 Pudeat
970 2585 1021 2630 te
1074 2575 1234 2629 Deum
1285 2574 1461 2626 minus
1513 2569 1847 2625 lliesaurario

278 2664 580 2719 iclvaceusi
637 2668 895 2736 diligere,
953 2668 1043 2737 qui
1109 2677 1210 2720 tua:
1260 2654 1357 2720 aut
1401 2664 1622 2718 minoris
1673 2662 1849 2716 attritis

256 2757 585 2814 adolesreas
609 2756 677 2788 “9
702 2757 965 2812 delicatus
990 2766 1044 2810 et
1070 2755 1490 2827 pulcherrimus,
1522 2753 1676 2806 valde
1699 2753 1850 2807 dives

255 2859 308 2901 c:
375 2846 783 2909 nobilissimus,
835 2854 890 2902 et
934 2846 1323 2901 immoderatus
1378 2852 1591 2897 amator
1634 2841 1846 2907 saeculi;

254 2936 395 2989 olim
421 2950 547 2990 cum
575 2934 843 2999 similiter,
876 2943 934 2988 ut
964 2935 1120 2987 modo
1154 2949 1296 2997 sum,
1337 2934 1390 2985 in
1436 2929 1623 3001 Anglia
1651 2944 1851 2997 essent,

254 3027 456 3082 nescio
482 3042 587 3096 qua
610 3041 772 3081 causa
796 3026 1016 3080 veniens
1039 3024 1290 3090 Beccum,
1322 3024 1503 3079 statim
1538 3038 1851 3079 recessurus

253 3120 449 3176 subita
488 3119 661 3175 sancti
691 3118 926 3188 Spiritus
953 3118 1125 3188 gratia
1151 3124 1414 3181 mutatus,
1444 3131 1500 3170 se
1525 3115 1848 3169 monachum

1939 1953 2060 1993 esse
2089 1936 2439 1992 sanctitatem
2478 1933 2544 1987 de
2571 1933 2769 1987 domno
2804 1928 3118 1984 Folceraldo
3146 1927 3215 1958 ’δι’
3256 1926 3367 1981 ﬁlio
3395 1940 3515 1989 suo,

1943 2040 2184 2086 nostram
2224 2026 2405 2099 facere
2453 2024 2803 2078 voluntatem.
2855 2019 2951 2074 Cui
2997 2018 3214 2081 nuntio,
3261 2014 3515 2084 quoniam

1944 2139 2043 2177 nec
2072 2122 2284 2176 litteras
2306 2118 2375 2150 δί’
2397 2125 2631 2180 vestras,
2661 2128 2760 2169 nec
2781 2112 3013 2187 sigillum
3044 2118 3283 2163 vestrum
3311 2114 3517 2159 certum

1944 2212 2249 2266 litterarum
2309 2206 2676 2264 testimonium
2729 2203 2919 2267 video,
2970 2215 3076 2254 non
3124 2196 3346 2252 omnino
3398 2207 3517 2248 sum

1946 2301 2198 2358 credulus
2230 2315 2245 2355 :
2284 2315 2385 2354 nec
2415 2314 2538 2353 cum
2567 2296 2885 2352 reminiscor
2923 2292 3051 2363 quia
3101 2288 3309 2343 amicus
3345 2285 3521 2339 amico

1949 2401 2059 2446 tres
2088 2403 2254 2459 panes
2275 2396 2511 2458 petente,
2540 2385 2641 2440 etsi
2697 2400 2802 2437 non
2830 2389 3031 2449 surgat,
3064 2393 3129 2433 eo
3151 2375 3292 2447 quod
3321 2375 3520 2427 amicus

1949 2483 2038 2546 sit,
2063 2489 2274 2549 propter
2316 2475 2781 2545 importunitatem
2822 2481 2995 2523 tamen
3021 2466 3214 2532 surgit,
3244 2472 3292 2516 et
3319 2462 3412 2513 dat
3445 2459 3523 2511 illi

1948 2578 2197 2640 quotquot
2237 2567 2388 2621 habet
2420 2563 2736 2619 necessarios
2761 2558 2912 2630 (Luc.
2941 2572 3017 2620 XI,
3047 2555 3101 2623 8)
3132 2552 3223 2618 δίε,
3260 2565 3364 2604 ιιοιι
3405 2562 3524 2601 smn

1953 2638 2170 2731 penitus
2194 2656 2526 2713 incredulus.
2542 2653 2597 2709 Si
2622 2652 2765 2706 enim
2785 2645 3106 2704 somnolenti
3128 2642 3284 2696 amici
3309 2638 3523 2708 pigritia

1952 2753 2207 2816 vincitur,
2250 2748 2440 2804 mediae
2476 2745 2650 2800 noctis
2682 2753 2950 2811 tempore,
2987 2733 3393 2808 importunitate
3420 2727 3526 2792 M';

1954 2852 2157 2916 quanto
2187 2841 2360 2912 magis
2388 2847 2467 2894 tot
2490 2836 2785 2891 amicorum
2811 2828 3191 2901 importunitas
3219 2817 3532 2892 impetrabit

1957 2952 1987 2990 a
2023 2943 2205 2989 vestra
2251 2932 2537 2986 charitate.
2591 2925 2647 2981 Si
2681 2940 2810 2993 ergo
2856 2924 2998 2976 Deus
3035 2918 3215 2988 posuit
3263 2915 3314 2967 in
3364 2909 3528 2965 corde

1956 3034 2157 3087 vestro,
2178 3031 2236 3075 ιιι
2265 3022 2546 3090 praelatum
2572 3016 2739 3069 ﬁlium
2771 3023 3033 3074 vestrum,
3061 3006 3313 3062 Ecclesia:
3336 3010 3536 3058 nostra:

1957 3112 2059 3166 sub
2087 3112 2341 3165 abbatum
2365 3108 2481 3177 ejus
2513 3103 2775 3174 regimine
2806 3099 3022 3169 penitus
3052 3093 3385 3154 concedatis,
3423 3104 3531 3144 non

254 3213 333 3267 ibi
365 3224 809 3280 permansurum,
855 3218 1075 3263 tonsura
1119 3207 1302 3261 statim
1334 3214 1389 3259 et
1428 3204 1615 3259 habitu
1666 3212 1850 3258 nostro
1882 3182 1923 3238 ε
1954 3201 2097 3253 enim
2116 3197 2345 3266 peto‘“,
2373 3210 2471 3249 uec
2485 3192 2775 3261 expeditut
2807 3188 3077 3241 rediturus
3096 3183 3538 3263 veniat,propter

251 3309 510 3372 Sumpto,
538 3300 845 3369 spopondit,
871 3313 931 3353 se
964 3313 1104 3353 nunc
1132 3297 1392 3352 laetiorem
1418 3310 1582 3366 quam
1612 3309 1854 3364 unquam

258 3396 314 3448 in
352 3394 470 3447 rita
503 3407 598 3447 sua
626 3390 819 3446 fuisset
847 3388 1140 3445 aﬁirmans.
1182 3387 1260 3442 Ne
1289 3391 1583 3443 erubescas
1608 3384 1855 3456 proﬁteri

257 3495 314 3539 te
342 3496 645 3554 pauperem
673 3481 897 3545 Christi,
943 3480 1069 3549 quia
1100 3487 1248 3532 tuum
1286 3479 1394 3532 erit
1434 3492 1656 3549 regnum
1692 3475 1858 3532 cmlo-
1892 3521 1896 3527 .

258 3592 413 3630 rum.
450 3572 528 3628 Ne
568 3573 762 3628 timeas
787 3571 968 3627 facere
994 3580 1044 3627 te
1071 3569 1294 3625 militem
1337 3570 1472 3624 tanti
1514 3567 1654 3637 regis
1681 3607 1696 3633 ,
1730 3566 1859 3637 quia

255 3682 361 3721 rex
397 3668 508 3719 crit
529 3664 642 3733 ipse
668 3662 720 3716 in
744 3664 894 3718 omni
927 3662 1165 3732 periculo
1198 3661 1268 3693 διο
1300 3669 1498 3715 tecum.
1554 3656 1633 3712 Ne
1680 3658 1860 3711 tardes

258 3758 512 3828 amplius
551 3758 603 3812 in
635 3759 737 3813 hac
767 3757 877 3810 v‘ia
922 3756 1232 3817 meliorem,
1284 3767 1445 3823 quam
1493 3748 1857 3811 constituisti,

258 3850 421 3902 viam
452 3846 726 3915 incipere;
758 3861 825 3898 ne
849 3844 992 3897 forte
1012 3844 1064 3895 in
1087 3842 1193 3896 alia
1215 3841 1323 3895 vita
1352 3837 1582 3893 moreris
1605 3851 1860 3891 coronam

259 3942 498 3996 leatam
529 3937 830 4005 percipere.
863 3934 1076 3998 Moneo,
1102 3931 1343 3996 consulo,
1373 3943 1589 3998 precor,
1614 3926 1859 3989 obsecro,

261 4027 539 4099 prmcipio
578 4034 637 4080 ut
664 4024 1038 4085 dilectissimo,
1081 4030 1142 4075 ut
1189 4017 1431 4073 dimittas
1480 4014 1625 4069 illam
1665 4012 1863 4067 Hieru-

258 4122 478 4182 salem,
511 4132 632 4188 qua:
656 4133 799 4172 nunc
828 4130 932 4170 non
958 4121 1045 4189 est
1071 4111 1205 4165 visio
1231 4111 1400 4175 pacis,
1429 4107 1524 4163 sed
1562 4102 1864 4160 tribulatio-

258 4213 382 4276 nis,
427 4211 712 4265 thesauros
754 4200 1389 4271 Constantinopolitanos
1441 4209 1495 4252 et
1542 4193 1867 4264 Babylonios

260 4300 584 4358 cruentatis
636 4299 885 4353 manibus
917 4292 1287 4363 diripiendos:
1321 4297 1376 4344 et
1408 4287 1583 4356 incipe
1627 4286 1767 4338 viam
1800 4284 1864 4337 ad

260 4393 560 4453 caelestem
592 4389 951 4450 Hierusalem,
985 4402 1100 4457 quae
1130 4394 1202 4439 est
1246 4383 1374 4437 visio
1405 4382 1573 4451 pacis,
1604 4377 1694 4433 ubi
1721 4377 1867 4430 inve-

264 4486 404 4540 nies
438 4480 740 4542 thesaurm,
774 4476 988 4531 nonnisi
1022 4476 1155 4528 istos
1189 4467 1663 4527 contemnentibus
1694 4467 1867 4521 susci-

262 4569 535 4641 piendos.
587 4567 788 4621 Invitus
833 4564 959 4618 ﬁnio
1008 4563 1221 4631 longam
1277 4557 1595 4629 epistolam,
1630 4555 1753 4624 quia
1801 4569 1869 4608 ex

262 4656 622 4717 abundantia
653 4655 836 4711 cordis
863 4654 1089 4707 multum
1115 4652 1207 4705 tibi
1238 4650 1381 4720 loqui
1410 4647 1555 4717 cupit
1581 4660 1642 4701 os
1666 4659 1867 4699 meum.

263 4753 646 4820 Omnipotens
674 4748 834 4812 Deus,
856 4746 948 4816 qui
973 4746 1039 4799 de
1070 4744 1158 4799 illo
1181 4758 1342 4812 quem
1370 4755 1534 4809 supra
1550 4737 1679 4802 dixi,
1706 4751 1869 4805 quam

263 4840 452 4897 simili
484 4840 577 4894 sed
630 4838 821 4908 impari
855 4835 1145 4898 desiderio,
1176 4834 1303 4904 quia
1347 4829 1542 4885 minori
1582 4843 1675 4898 spe
1710 4840 1871 4896 quam

267 4945 327 4992 te
360 4933 743 4987 desiderabam
758 4932 1019 5001 gaudere,
1050 4927 1176 4982 facit
1199 4925 1480 4996 plusquam
1505 4921 1758 4993 sperabat
1778 4934 1872 4974 eor

1962 3289 2131 3358 longa:
2174 3286 2275 3339 vite
2321 3281 2678 3356 periculosam
2729 3275 3095 3330 difficultatem
3144 3287 3159 3324 :
3212 3284 3422 3340 precor-
3442 3282 3539 3336 per

1960 3376 2209 3432 eamdem
2250 3370 2736 3442 importunitatem,
2784 3373 3052 3434 quatenus
3087 3358 3315 3428 epistola
3357 3365 3541 3410 vestro

1961 3467 2136 3539 sigillo
2164 3467 2375 3536 signata
2407 3457 2815 3515 indubitaliilem
2849 3453 2977 3508 mihi
3017 3461 3253 3507 vestram
3295 3447 3544 3504 osttndat

1962 3559 2315 3614 voluntatem.
2365 3552 2656 3620 Postquam
2704 3562 2831 3600 vero
2867 3548 3000 3600 certi
3049 3543 3287 3605 erimus,
3343 3546 3544 3594 nostra:

1963 3648 2343 3708 sollicitudinis
2370 3644 2473 3699 erit
2503 3641 2734 3712 qualiter
2762 3637 2909 3692 illttm
2944 3635 3256 3690 habeamus.

2460 3750 2793 3807 EPISTOIA
2822 3747 2943 3800 XXI
2971 3747 3062 3798 “7.

2495 3877 2523 3912 Α
2533 3876 2561 3912 Ι)
2594 3868 2997 3912 εοιοεῐιλιωωι.

1969 3959 2121 4025 Quod
2153 3959 2200 4012 ei
2233 3973 2335 4010 non
2362 3952 2565 4025 expedit
2600 3950 2770 4025 venire
2807 3944 3129 4025 peccant.”
3177 3939 3414 4025 redeat”:
3454 3951 3547 4016 nec

2037 4005 2465 4092 Liébe'di"stisbt,3t
2501 4021 2613 4074 sine
2661 4017 2849 4069 litteris
2889 4014 3089 4066 abbatis
3133 4010 3216 4064 sui
3262 4005 3434 4077 sigillo
3469 4006 3547 4057 si-

2038 4109 2229 4167 gnatis.

2043 4187 2152 4241 Suo
2185 4183 2509 4240 charissimo
2557 4181 2611 4234 in
2659 4177 2876 4233 Christo
2926 4171 2997 4204 “9
3048 4168 3240 4232 fratri,
3293 4182 3346 4221 In
3383 4178 3550 4218 carne

1971 4277 2375 4345 consanguineo
2400 4272 2751 4326 FOLCERALDO
2785 4265 2949 4319 frater
2979 4263 3264 4316 Assewus
3299 4256 3548 4311 salutem.

2044 4368 2100 4423 Si
2133 4369 2362 4421 domnus
2405 4364 2571 4419 abbas
2623 4358 2886 4414 llenricus
2939 4365 2991 4410 te
3043 4362 3241 4407 nostrae
3301 4345 3552 4423 Ecclesiae

1975 4461 2236 4531 perpetim
2284 4455 2584 4512 concedere
2635 4460 2855 4523 paratus
2903 4457 3021 4512 est,
3066 4446 3221 4500 aliter
3252 4442 3394 4498 enim
3445 4453 3552 4492 non

1980 4552 2204 4608 consulo
2246 4559 2295 4604 te
2325 4548 2533 4611 venire,
2559 4549 2683 4615 quia
2723 4558 2826 4597 non
2855 4540 3105 4610 expedit;
3143 4552 3240 4592 nec
3272 4533 3428 4589 facile
3471 4538 3554 4585 est

1983 4641 2310 4698 monachum
2337 4639 2414 4692 ire
2441 4647 2496 4692 et
2528 4635 2705 4691 redire
2734 4643 2844 4686 tam
2870 4630 3028 4701 longo
3054 4628 3245 4683 itinere
3276 4641 3289 4677 :
3322 4618 3554 4676 debuisti

1982 4734 2194 4788 instare
2226 4740 2284 4784 ut
2314 4731 2414 4783 hoc
2445 4728 2576 4782 mihi
2603 4726 2716 4780 suis
2746 4722 2943 4778 litteris
2967 4729 3022 4775 et
3049 4716 3222 4787 sigillo
3254 4713 3555 4771 intimaret,

1575 5076 1801 5132 VARUE
1840 5071 2240 5131 LECTIONES.

352 5234 438 5267 ιοθ
469 5227 718 5300 Seipsuni
745 5245 759 5282 :
788 5228 897 5282 imo
923 5226 1100 5279 minus
1122 5225 1225 5278 hoc
1249 5224 1468 5277 faceret.
1496 5220 1753 5274 Irascitur
1777 5217 1922 5271 enim
1959 5216 2004 5270 si
2040 5214 2156 5268 vult
2184 5228 2282 5265 ms.
2308 5207 2565 5276 seipsum.
2592 5202 2760 5255 Immo
2790 5195 2958 5250 πιιιιῑσ
2983 5192 3161 5246 minus
3185 5191 3285 5246 1³00
3316 5188 3510 5243 facer“
3541 5204 3556 5240 ⁵

445 5302 457 5311 .
648 5301 658 5311 .
776 5300 787 5311 .
854 5298 864 5309 .
891 5297 902 5311 .
943 5306 954 5311 -
1035 5294 1104 5311 ιη
1137 5295 1177 5311 η
1204 5309 1259 5311 Α
1305 5294 1383 5311 re...
1523 5298 1535 5311 .
1578 5307 1650 5311 _--_
1859 5300 2071 5311 Mm...“
2104 5282 2357 5311 ,ιηιῖηιηηι
2436 5275 2502 5306 ιοτ
2531 5273 2667 5311 'I‘ntn
2696 5265 2885 5311 nﬂ'ealn
2923 5281 3022 5311 ms.
3070 5269 3182 5311 toto
3221 5259 3415 5311 ιιίϊυοιιι
3490 5252 3559 5286 ⁸⁰⁸

271 5302 550 5362 irascitur
566 5292 717 5354 'euim
746 5300 790 5352 si
818 5297 961 5351 videt
1034 5294 1104 5326 "°‘
1136 5295 1264 5359 Qua:
1286 5292 1672 5362 deliciuntim.
1702 5304 1821 5356 quae

272 5330 539 5362 Ιτειδυιιυι
574 5330 717 5354 cun"
746 5330 790 5352 at
824 5330 961 5351 nuc;
1137 5330 1264 5359 “un.
1286 5330 1542 5346 ιιι-ιυιιιη-
1576 5330 1672 5343 ...ιη
1703 5330 1821 5356 ...ην
1858 5330 2062 5354 ηαυπτ..-
2105 5330 2203 5336 ..-η
2219 5330 2297 5334 -,_
2326 5330 2331 5331 ,
3136 5336 3141 5339 _

272 5378 522 5432 l’ossem
561 5370 746 5423 videre
775 5384 871 5421 ms.
913 5364 1108 5435 possim
1159 5363 1341 5416 videre
1412 5362 1483 5391 ⁸⁰⁹
1537 5360 1761 5413 Minoris
1792 5356 2105 5411 adolescens
2132 5367 2230 5403 ms.
2263 5346 2488 5402 minoris
2513 5342 2688 5397 relatis
2733 5336 3049 5391 adolescens
3120 5331 3191 5363 ’⁵³⁸⁸
3218 5330 3295 5391 ⁴Ιιι

276 5465 366 5476 -....
430 5444 481 5476 :..
506 5439 652 5476 munt
681 5435 919 5476 In‘Irivnln
993 5434 1058 5466 »ιι
1093 5432 1299 5476 Collum
1331 5447 1447 5476 cum
1480 5431 1656 5476 eodem
1688 5445 1785 5476 ms.
1864 5425 1931 5455 δι’
1966 5422 2193 5476 Domino
2225 5414 2536 5473 Foleeraldo
2580 5428 2680 5464 ms.
2709 5408 2914 5462 Domno
2939 5401 3249 5476 Fulceraldo
3281 5469 3289 5476 _

2011 5428 2193 5477 omitto
2225 5428 2536 5473 Folceraldo
2580 5428 2680 5464 ms.

275 5431 393 5501 ius.
430 5444 482 5494 in
506 5439 654 5493 omni
681 5431 926 5506 periculo
993 5434 1058 5466 ⁸¹¹
1093 5432 1299 5506 Collum
1331 5447 1447 5483 cum
1480 5431 1656 5506 ᾳράςηι
1688 5445 1785 5481 ms.

1858 5259 2411 5354 ἑέιιῖῥεὲὶιὲιῖὲὶἱιῇἱτ
2436 5275 2502 5354 ξ⁰⁷
2531 5273 2667 5352 Toto
2696 5265 2886 5354 eﬂ‘ectti
2923 5281 3022 5318 ms.
3070 5269 3191 5354 tot}:
3221 5259 3400 5354 antfectt

3322 5325 3562 5429 periculo

3350 5397 3391 5430 ιι
3424 5394 3557 5430 Cum

3424 5394 3559 5449 Cum

378 5485 393 5498 .
431 5464 482 5494 Ill
506 5464 654 5493 UIHIII
701 5464 919 5491 ιυιιυυιυ
1002 5464 1006 5466 ⁷
1048 5464 1055 5465 ’
1094 5464 1297 5487 UUlltllu
1331 5464 1447 5483 («Iun
1480 5464 1655 5482 (ιυιιῑηι
1689 5464 1785 5481 suo.
1966 5464 2191 5477 ,νυ-...νυ
2225 5464 2245 5472 ι.
2270 5464 2528 5473 ...νο-κ---

276 5465 399 5569 iiii;
431 5511 643 5565 litteras
666 5464 764 5561 riis.
795 5507 1049 5575 quoniam
1076 5519 1172 5556 nec
1197 5501 1406 5554 litteras
1480 5499 1550 5528 ‘”
1580 5499 1852 5565 Quotquot
1880 5490 2218 5548 necessarios
2256 5505 2355 5542 uis.
2382 5492 2645 5554 quotquot
2672 5476 2834 5533 habet
2876 5473 3208 5575 necessarias
3248 5469 3348 5575 ,Ἦ

1398 5569 1408 5575 .
1673 5568 1683 5575 .
1879 5562 1945 5575 ιιι»
1985 5562 2020 5575 n
2061 5571 2072 5575 _
2161 5558 2245 5575 I-m
2266 5574 2271 5575 ,
2322 5558 2411 5575 Ι.-.
2433 5570 2504 5575 _‘-
2550 5568 2624 5575 ω-
2673 5558 2798 5575 uuln
2849 5561 2945 5575 nnn
2974 5559 3123 5575 Aul-n1
3150 5559 3160 5575 I
3208 5556 3239 5575 II
3351 5561 3360 5575 ι

274 5568 775 5651 ittiportunitatenr
799 5568 893 5630 ius.
923 5574 1097 5651 unctis
1129 5583 1369 5651 tempore
1398 5568 1805 5651 importunitate

273 5636 483 5712 veniat
509 5659 731 5718 propter
764 5647 933 5715 longa:
964 5647 1060 5697 \‘itl‘.
1092 5636 1447 5713 periculosam
1498 5636 1860 5692 difﬁcultatem

276 5717 629 5779 ('llﬂl'iSSilﬂO
656 5721 707 5772 in
735 5717 950 5790 Christo

1878 5562 1947 5594 UB

1984 5537 2122 5615 ῖπέίό
2140 5537 2508 5612 ililftcitltaiem
2533 5537 2646 5607 'ms.
2673 5558 2947 5618 peto,_n_ec
2973 5543 3266 5618 etpeditut
3289 5537 3557 5593 rediturus

1938 5611 2004 5664 δὀιῖ
2030 5611 2232 5683 Collum
2262 5644 2376 5680 cum
2400 5626 2577 5680 eodem
2603 5611 2696 5675 ηιξ.
2777 5616 2843 5649 ’⁸⁸⁸
2872 5615 2982 5671 Suo
3013 5611 3065 5668 in
3088 5611 3301 5667 Christo
3336 5625 3431 5663 ms.
3461 5620 3558 5664 suo
