4056 6302
464 329 598 383 Ηῖι

1002 328 1060 382 S.
1101 323 1401 382 ANSELMI
1444 319 1794 379 CANTUAR.
1840 313 2161 374 ARCHIEP.
2198 315 2351 384 OPP.
2385 314 2566 373 PARS
2604 314 2689 373 lll.
2730 344 2800 358 -—-
2845 313 3219 377 EPISTOLE.

3591 313 3732 372 ιιτς

458 441 574 495 solo
622 438 787 495 verbo
831 440 951 494 ratis
1004 424 1313 493 homunculi
1347 445 1554 491 tantam
1583 447 1702 490 rem
1751 429 2034 501 incipiam.
2065 430 2113 488 Α
2143 422 2210 481 Et
2236 425 2316 481 sic
2355 424 2556 496 singuli
2595 432 2757 480 erunt
2788 424 3014 494 perfecti
3063 437 3237 495 reges,
3266 422 3391 494 quia
3428 421 3579 494 quod
3606 427 3729 480 sin-

458 516 651 585 moueo
681 530 847 601 igitur
871 514 1145 600 quatenus.
1163 536 1258 583 aut
1284 528 1491 583 litteras
1512 541 1635 582 cum
1659 523 1837 596 sigillo
1855 520 2038 577 domni

459 604 670 690 pratfati
710 616 944 684 abbatis,
978 618 1120 673 sicut
1141 618 1272 683 dixi,
1299 617 1512 682 mittas;
1536 624 1629 670 aut
1654 614 1875 669 omnino
1895 610 2040 681 quod

461 711 582 766 ﬁeri
616 695 927 764 nullatenus
965 711 1164 780 potest,
1196 709 1476 771 dimittas;
1530 715 1584 761 et
1631 705 2039 775 dispositionem

462 803 584 856 vitae
619 812 723 857 tua:
755 800 924 856 totam
958 801 1156 856 divinie
1179 799 1570 856 misericordim
1606 794 1932 851 committas.

926 910 1261 967 EPISTOLA
1290 909 1433 964 XXII
1461 908 1549 962 “9.

1066 1017 1133 1055 Αἰ)
1164 1013 1437 1055 HUGONEM.

464 1095 710 1167 Suggerit
732 1098 780 1150 ei
801 1096 997 1151 monita
1019 1094 1208 1216 quibus
1236 1092 1439 1145 erudiat
1466 1089 1743 1145 sa’culares
1763 1087 1854 1157 qui
1877 1087 2043 1154 ipsum

1134 1180 1166 1215 α
1206 1171 1348 1216 eum.
1442 1209 1446 1211 Α

1134 1171 1348 1216 adeunt.
1442 1209 1446 1211 Α

541 1256 771 1311 Domino
795 1266 850 1312 et
900 1255 1076 1310 amico
1102 1251 1429 1309 charissimo
1462 1252 1668 1307 lfucost
1701 1249 1910 1304 incluso
1937 1245 2045 1300 fra-

469 1354 554 1400 ter
580 1346 867 1401 ANSELIUS
891 1345 1071 1400 dictus
1114 1344 1289 1399 abbas
1317 1342 1495 1407 Becci,
1544 1358 1573 1394 a
1626 1339 1782 1393 mulis
1811 1335 2042 1398 excludi,

469 1439 525 1491 in
551 1437 707 1492 bouis
737 1436 960 1492 includi.
1342 1456 1345 1457 ν

518 1518 661 1582 Duo
694 1527 789 1583 viri
823 1526 943 1581 laici
971 1540 1141 1596 nuper
1168 1526 1235 1580 ad
1265 1522 1348 1580 me
1400 1532 1669 1579 venerunt
1705 1522 1950 1576 dicentes
1986 1530 2046 1571 se

469 1633 499 1670 ει
540 1625 721 1672 vestra
744 1616 1032 1671 dilectione
1061 1616 1276 1680 missos,
1303 1625 1572 1686 quatenus
1601 1628 1665 1668 ex
1710 1620 1893 1666 nostra
1952 1622 2049 1663 ex-

469 1708 683 1764 actione
698 1707 899 1777 aliquid
918 1716 1277 1774 assumerent,
1292 1709 1432 1761 unde
1448 1721 1506 1761 se
1517 1706 1584 1759 ad
1603 1705 1792 1775 patriae
1810 1699 2047 1758 coclesﬁs

466 1798 632 1870 3&9
659 1812 901 1854 amorem
937 1799 1295 1853 accenderent
1337 1797 1431 1850 “°.
1456 1797 1559 1852 Per
1592 1811 1729 1866 quos
1772 1795 1960 1859 etiam,
1987 1801 2049 1847 ut

466 1888 798 1955 referebant,
850 1887 1166 1957 postulastis
1218 1896 1277 1941 ut
1332 1886 1535 1956 aliquid
1596 1884 1626 1938 a
1681 1900 1767 1939 me
1812 1881 2050 1938 breviter

468 1974 728 2048 scriptum
775 1978 1120 2048 acciperetis,
1165 1978 1308 2033 unde
1340 1976 1682 2033 stecularium
1715 1983 1925 2030 mentes
1953 1974 2051 2028 ho-

468 2069 675 2124 minum
706 2085 803 2126 vos
827 2071 1141 2124 adeuntium
1167 2069 1234 2123 ad
1276 2069 1437 2137 hujus
1464 2067 1644 2124 saeculi
1679 2075 2049 2136 contemptum

468 2168 526 2214 et
577 2160 765 2214 aeterni
814 2160 964 2231 regni
1011 2158 1342 2235 desiderium
1387 2158 1716 2213 incitaretis.’
1753 2156 1914 2224 Quod
1952 2170 2051 2211 vos

470 2258 623 2305 tanto
644 2246 838 2305 melius
862 2265 957 2321 per
976 2265 1073 2305 vos
1096 2246 1308 2305 edicere
1328 2248 1575 2317 potestis,
1597 2249 1801 2317 quanto
1830 2246 2051 2301 liberius

469 2340 702 2396 hauritis
745 2341 870 2396 vita:
903 2341 1244 2396 dulcedinem
1291 2339 1550 2395 etelestis.
1600 2338 1736 2394 Nam
1779 2339 1921 2408 quod
1949 2352 2050 2407 ego

466 2432 622 2499 quasi
653 2446 682 2485 a
732 2431 892 2501 longe
938 2432 1170 2496 intueor,
1211 2445 1308 2486 vos
1337 2440 1496 2502 gustu
1543 2431 1793 2494 sentitis;
1821 2439 1876 2484 et
1905 2429 2050 2499 quod

465 2533 569 2589 ego
618 2529 800 2575 mente
837 2520 1023 2591 jejuna
1071 2535 1169 2575 ore
1213 2520 1452 2585 rumino,
1500 2535 1596 2575 vos
1626 2520 1807 2575 cordis
1856 2516 2048 2574 affectu

466 2608 671 2678 glutitis
694 2626 706 2662 :
733 2611 876 2679 quod
900 2610 1047 2664 enim
1086 2624 1188 2680 ego
1215 2610 1282 2665 de
1322 2618 1529 2666 sanctze
1558 2610 1680 2666 vita:
1724 2609 2052 2666 rectitudine

466 2707 744 2770 utcunque
787 2699 1050 2771 intelligo,
1080 2715 1180 2756 vos
1207 2701 1467 2770 operibus
1505 2702 1782 2767 tractatis;
1823 2710 1879 2756 et
1906 2699 2049 2771 quod

466 2804 570 2861 ego
600 2800 874 2860 utcunque
916 2791 1063 2861 loqui
1108 2806 1359 2861 possum,
1382 2807 1478 2848 vos
1508 2792 1758 2851 faciendo
1782 2795 2048 2864 gustatis.

468 2878 685 2945 Quanto
713 2894 841 2951 ergo
887 2891 1040 2936 satur
1070 2885 1291 2938 suavius
1340 2899 1500 2952 quant
1542 2882 1761 2952 jejunus
1807 2894 2049 2949 eructat;

468 2982 625 3028 tanto
671 2973 879 3029 dulcius
919 2985 1099 3030 vestra
1145 2976 1495 3030 commonitio
1541 2979 1685 3045 quod
1724 2976 2054 3045 persuadere

470 3062 682 3130 nititur,
708 3062 962 3119 inculcat.
991 3063 1098 3119 Sed
1124 3064 1380 3134 quoniam
1401 3073 1595 3120 vestra:
1624 3066 1827 3136 aliquid
1854 3080 2053 3137 negare

470 3150 681 3226 nequeo
711 3155 995 3222 voluntati,
1027 3158 1275 3227 quamvis
1325 3158 1428 3213 hoc
1471 3158 1616 3229 quod
1642 3163 1682 3213 'a
1727 3173 1812 3213 me
1846 3158 2050 3229 petitis,

470 3247 525 3300 in
554 3246 837 3302 latitudine
881 3248 1053 3303 Suerte
1104 3246 1399 3318 Scriptum
1446 3248 1612 3304 multo
1656 3236 1851 3319 melius
1899 3248 2053 3304 inve-

470 3336 675 3393 niatis:
723 3346 901 3394 tamen
946 3340 1120 3395 dicam
1166 3339 1367 3410 aliquid
1401 3340 1699 3395 secundum
1737 3339 2051 3409 petitionem

470 3438 729 3497 vestram,
781 3446 847 3485 ne
878 3446 965 3486 me
1000 3431 1145 3486 velut
1172 3430 1289 3501 ejus
1324 3440 1755 3503 contemptorem
1787 3432 2050 3502 arguatis.

475 3518 579 3575 Sic,
597 3519 779 3590 itaque
821 3520 1056 3590 aliquem
1084 3521 1195 3577 illic
1234 3529 1466 3587 tantum,
1497 3529 1553 3576 et
1600 3522 1695 3591 qui
1727 3521 1918 3577 altiora
1963 3536 2056 3577 ca-

474 3624 606 3679 pere
632 3624 735 3665 non
764 3609 955 3680 possit,
986 3611 1053 3665 ad
1095 3611 1453 3664 beatitudinis
1479 3622 1700 3666 aeternae
1728 3610 2054 3665 desiderium

478 3697 729 3754 existimo
760 3713 918 3769 posse
958 3699 1195 3754 invitari.
1229 3699 1421 3755 Frater
1454 3700 1794 3767 charissime,
1828 3716 2055 3772 regnum

476 3790 739 3846 calorum
777 3790 979 3845 clamat
1014 3790 1158 3846 Deus
1200 3807 1260 3846 se
1294 3793 1492 3849 habere
1521 3792 1727 3848 venale.
1750 3792 1905 3861 Quod
1934 3793 2056 3864 qui—

476 3881 600 3937 dem
632 3896 856 3953 regnum
878 3881 1138 3937 caelorum
1168 3882 1274 3937 tale
1301 3891 1402 3948 est,
1432 3892 1491 3936 ut
1521 3881 1638 3952 ejus
1665 3884 2056 3939 beatitudinem

476 3976 532 4028 et
569 3972 796 4044 gloriam
830 3988 933 4029 nec
972 3974 1161 4028 oculus
1198 3975 1432 4030 hominis
1471 3975 1718 4031 mortalis
1762 3976 1932 4046 possit
1970 3976 2057 4030 vi-

477 4061 628 4128 dere,
677 4076 778 4118 nec
827 4062 974 4118 auris
1021 4063 1230 4130 audire,
1282 4079 1384 4120 nec
1433 4080 1529 4120 cor
1577 4067 1817 4136 cogitare
1848 4065 1900 4136 (I
1931 4065 2053 4121 Cor.

478 4172 543 4223 ll,
573 4156 629 4228 9)
656 4173 671 4212 :
705 4166 765 4212 ut
796 4152 975 4215 tamen
1008 4159 1190 4229 aliquo
1222 4161 1381 4216 modo
1408 4161 1538 4216 illud
1589 4164 1763 4232 possis
1793 4165 2054 4234 cegitare.

480 4247 737 4319 Quisquis
783 4249 856 4304 ibi
906 4264 1069 4322 regna
1095 4252 1377 4318 meruerit,
1422 4253 1680 4323 quidquid
1734 4254 1849 4324 ipse
1893 4253 2057 4321 volet,

486 4337 591 4393 hoc
622 4338 726 4392 erit
754 4339 808 4392 in
848 4339 987 4395 cmlo
1025 4348 1082 4396 et
1125 4341 1179 4397 iu
1211 4341 1388 4408 terra;
1433 4341 1693 4413 quidquid
1729 4357 1858 4398 vero
1888 4344 2056 4410 nolet,

2140 514 2249 586 guli
2275 514 2475 582 volent,
2508 515 2610 571 hoc
2637 516 2772 581 erit;
2799 523 2855 569 et
2878 529 3073 570 omnes
3095 514 3257 569 simul
3287 530 3409 570 eum
3442 515 3551 571 Deo
3578 531 3728 573 unus

2141 622 2257 673 rex,
2284 615 2341 662 et
2366 607 2520 677 quasi
2554 622 2691 662 unus
2719 608 2900 670 homo,
2926 606 3052 675 quia
3088 620 3284 661 omnes
3308 621 3476 660 unum
3515 606 3725 675 volent,

2139 706 2194 753 et
2233 682 2590 767 quod'volent
2629 696 2752 751 erit.
2798 695 2950 751 Hanc
2996 686 3235 752 mercem
3264 695 3465 751 clamat
3491 695 3637 751 Deus
3665 697 3737 752 de

2141 789 2279 843 caelo
2309 804 2369 844 se
2401 788 2602 843 habere
2639 788 2902 843 venalem.
2949 786 3009 842 Si
3057 789 3179 857 quis
3207 788 3419 857 quaerit,
3469 803 3580 858 quo
3608 802 3732 858 pre-

2144 879 2266 933 tio?
2297 879 2652 949 respondetur
2699 878 2817 932 illi:
2872 879 2987 933 Non
3038 879 3245 948 indiget
3274 892 3496 934 terreno
3532 880 3733 951 pretio,

2141 968 2376 1038 quivult
2420 958 2554 1025 dare
2590 984 2815 1041 regnum
2859 970 2912 1024 in
2942 969 3115 1036 coelo;
3170 985 3277 1026 nec
3324 971 3527 1042 aliquis
3557 980 3740 1042 potest

2144 1062 2253 1116 Deo
2284 1063 2415 1118 dare
2456 1063 2600 1134 quod
2628 1079 2739 1129 non
2786 1064 2999 1129 haheat,
3048 1061 3203 1133 cuius
3231 1074 3319 1121 est
3357 1074 3533 1120 totum
3575 1068 3738 1137 quid.

2144 1152 2271 1220 quid
2298 1161 2401 1207 est.
2426 1151 2537 1209 Nec
2563 1163 2742 1208 tamen
2770 1154 2862 1209 dat
2893 1155 3031 1235 Deus
3055 1157 3262 1211 tanta‘m
3285 1171 3403 1212 rem
3434 1158 3557 1213 sine
3586 1160 3736 1214 omni

2144 1247 2341 1313 pretio,
2373 1247 2498 1316 quia
2533 1234 2638 1303 non
2669 1247 2761 1304 dat
2791 1248 2936 1302 illam
2978 1263 3085 1304 non
3117 1250 3344 1305 amanti.
3387 1250 3566 1307 Nemo
3588 1252 3737 1307 enim

2145 1339 2239 1391 dat
2276 1339 2420 1409 quod
2466 1340 2692 1393 charum
2740 1340 2903 1395 habet
2956 1340 3029 1394 illi
3066 1342 3152 1395 cui
3197 1341 3428 1396 charum
3476 1357 3586 1396 no
3629 1352 3734 1399 est.

2145 1428 2408 1494 Quoniam
2457 1446 2585 1501 ergo
2618 1430 2763 1486 Deus
2793 1439 2882 1485 tua
2924 1447 2984 1487 re
3026 1447 3133 1486 non
3163 1443 3307 1503 eget,
3350 1448 3455 1489 nec
3483 1434 3619 1489 dare
3645 1435 3737 1490 de-

2146 1521 2237 1575 bet
2267 1531 2469 1577 tantam
2501 1539 2613 1578 rem
2644 1524 3011 1580 contemnenti
3040 1539 3227 1581 amare
3249 1524 3433 1590 illam;
3459 1539 3569 1580 non
3593 1541 3738 1596 quaa-
3814 1596 3817 1599 Ἴ

2148 1610 2218 1665 rit
2248 1610 2351 1666 nisi
2380 1626 2643 1678 amorem,
2673 1613 2792 1668 sine
2818 1628 2925 1682 quo
2957 1629 3063 1669 non
3108 1613 3243 1669 dare
3283 1613 3466 1670 debet.
3503 1615 3580 1668 Da
3608 1629 3738 1685 ergo

2148 1716 2411 1765 amorem,
2441 1711 2496 1756 et
2522 1702 2708 1772 accipe
2730 1718 2954 1774 regnum
2980 1720 2996 1768 ;
3030 1718 3178 1767 ama,
3206 1712 3264 1759 et
3292 1703 3453 1758 habe.
3491 1702 3732 1774 Denique

2079 1768 2122 1826 Β
2152 1792 2404 1863 quoniam
2445 1810 2672 1864 regnare
2721 1796 2773 1851 in
2810 1795 2948 1852 coelo
2992 1795 3062 1828 “'
3109 1811 3218 1851 non
3262 1804 3351 1852 est
3398 1795 3538 1850 aliud
3566 1810 3727 1865 quam

2152 1889 2231 1944 sic
2268 1889 2628 1961 conglutinari
2664 1903 2792 1944 cum
2825 1888 2956 1953 Deo,
2989 1896 3045 1942 et
3085 1902 3209 1942 cum
3237 1887 3492 1941 omnibus
3523 1886 3730 1941 sanctis

2152 1981 2355 2050 angelis
2383 1990 2438 2036 et
2470 1979 2779 2035 hominibus
2812 1994 2909 2049 per
2952 1977 3295 2033 dilectionem
3343 1976 3400 2030 in
3448 1991 3613 2029 unam
3639 1991 3735 2031 vo-

2150 2068 2447 2135 luntatem,
2496 2077 2554 2123 ut
2595 2083 2786 2123 omnes
2829 2075 3052 2122 utantur
3089 2063 3252 2120 simul
3294 2079 3403 2118 una
3444 2072 3731 2133 potestate.

2149 2160 2285 2215 Ama
2320 2161 2485 2215 Demn
2513 2159 2794 2229 plusquam
2823 2159 3075 2228 teipsum,
3102 2168 3157 2214 et
3178 2157 3295 2226 jam
3325 2157 3522 2230 incipis
3553 2165 3737 2212 tenere

2151 2252 2294 2321 quod
2318 2249 2440 2315 ‘sibi
2487 2247 2726 2318 perfecte
2758 2248 2838 2303 vis
2876 2247 3099 2302 habere.
3133 2246 3419 2303 Concorda
3463 2262 3588 2302 cum
3633 2248 3740 2302 Deo

2150 2349 2351 2396 etcum
2385 2339 2692 2393 hominibus
2738 2337 2828 2402 ⁸⁸³,
2880 2337 2929 2392 si
2974 2344 3184 2390 tantum
3224 2351 3256 2405 ει
3306 2337 3419 2391 Deo
3467 2336 3728 2406 ipsidnou

2151 2413 2494 2495 diseordent;
2531 2437 2588 2485 et
2612 2427 2729 2497 jam
2775 2427 2970 2497 incipis
3003 2440 3126 2481 eum
3158 2426 3268 2480 Deo
3313 2434 3369 2480 et
3414 2439 3540 2480 cum
3571 2424 3741 2480 omni-

2151 2523 2253 2576 bus
2289 2522 2495 2576 sanctis
2525 2534 2776 2591 regnare.
2827 2517 2963 2572 Nam
2992 2518 3289 2572 secundum
3335 2516 3479 2587 quod
3511 2525 3568 2569 tu
3598 2530 3738 2569 con-

2151 2614 2416 2693 cordabis
2437 2614 2596 2669 modo
2629 2628 2754 2669 cum
2796 2613 2906 2669 Deo
2931 2596 3139 2669 et'emn
3171 2611 3494 2676 hominibus,
3527 2612 3584 2666 in
3616 2611 3744 2667 illo-

2154 2721 2270 2760 rum
2324 2706 2600 2760 voluutatc
2657 2702 3009 2760 coucordabit
3062 2704 3204 2759 Dens
3254 2712 3376 2759 tuus
3430 2715 3489 2758 et
3545 2717 3746 2759 omnes

2152 2790 2324 2852 sancti
2370 2806 2545 2852 tecum
2576 2797 2628 2851 in
2659 2805 2746 2850 tua
2787 2795 3086 2851 voluntate.
3133 2795 3190 2850 Si
3226 2811 3356 2866 ergo
3380 2795 3465 2850 vis
3494 2809 3621 2851 esse
3647 2811 3741 2851 rex

2154 2890 2208 2943 in
2259 2889 2416 2953 ctelo,
2465 2904 2584 2942 ama
2631 2888 2799 2944 Deum
2842 2898 2900 2943 et
2943 2889 3193 2943 homines
3245 2888 3389 2944 sicut
3438 2888 3644 2956 debes;
3690 2898 3744 2943 et

2155 2979 2450 3034 mereberis
2478 2994 2599 3036 esse
2643 2980 2787 3048 quod
2822 2988 2996 3049 optas.
3047 2980 3202 3035 littnc
3236 2994 3368 3035 vero
3398 2995 3638 3036 amorem
3672 2981 3744 3013 ⁵³⁸

2154 3083 2261 3123 non
2292 3068 2498 3138 poteris
2541 3068 2746 3123 habere
2791 3066 3111 3139 perfectum,
3161 3068 3267 3123 nisi
3296 3069 3642 3124 evacuaveris
3665 3070 3745 3102 "'

2153 3175 2250 3216 cor
2275 3167 2431 3214 tuum
2475 3159 2544 3214 ab
2592 3159 2739 3213 omni
2785 3157 2892 3215 alio
2926 3173 3131 3215 amore.
3184 3159 3403 3230 Quippe
3444 3160 3524 3216 sic
3550 3168 3633 3216 est
3672 3161 3746 3215 de

2154 3246 2319 3308 corde
2348 3251 2583 3307 hominis
2612 3258 2665 3305 et
2699 3248 2769 3305 de
2794 3249 2903 3325 hoc
2940 3264 3147 3313 amore,
3179 3250 3462 3320 quomodo
3501 3251 3574 3306 de
3615 3266 3743 3306 vase

2154 3351 2208 3398 et
2256 3341 2397 3398 oleo.
2447 3340 2582 3395 Nam
2632 3342 2774 3397 sicut
2821 3356 2918 3395 vas
2947 3349 3153 3411 quanto
3198 3334 3375 3415 magis
3406 3357 3606 3413 aquam
3653 3351 3744 3395 aut

2139 3433 2320 3491 'alium
2347 3432 2579 3490 similem
2621 3432 2907 3502 liquorem,
2945 3440 3093 3487 tanto
3137 3433 3319 3488 minus
3362 3433 3513 3503 capit
3541 3431 3741 3488 oleum.

2154 3522 2231 3577 lta
2260 3538 2378 3585 cor,
2427 3523 2745 3593 inqnantum
2775 3529 3075 3590 occupatur
3117 3521 3224 3575 alio
3261 3535 3473 3587 amore,
3519 3521 3575 3576 in
3623 3531 3744 3576 tan-

2157 3621 2269 3666 tum
2300 3610 2539 3665 excludit
2568 3612 2750 3666 istum.
2796 3610 2905 3665 Est-
2940 3618 2998 3666 et
3040 3610 3207 3675 aliud,
3240 3611 3369 3681 quia
3417 3612 3562 3667 sicut
3607 3610 3743 3666 fetor

2154 3710 2239 3759 est
2276 3702 2582 3759 contrarius
2635 3700 2808 3765 odori,
2863 3708 2919 3755 et
2962 3699 3198 3755 tenebrae
3243 3700 3380 3767 luci;
3437 3700 3523 3755 sic
3565 3700 3743 3755 omnis

2156 3793 2296 3849 alius
2312 3792 2494 3854 amor,
2521 3793 2665 3847 huic
2695 3772 2890 3847 amori.
2923 3790 3077 3846 Sicut
3111 3790 3276 3860 igitur
3298 3792 3577 3847 contraria
3606 3807 3742 3847 nun-

2155 3899 2318 3954 quam
2355 3884 2517 3939 simul
2547 3884 2758 3953 integre
2800 3883 3159 3948 conveniunt;
3206 3883 3288 3937 sic
3317 3898 3421 3939 nec
3446 3885 3552 3939 iste
3591 3898 3745 3939 amor

2158 3989 2280 4030 cum
2311 3972 2417 4029 ullo
2446 3972 2550 4028 alio
2580 3987 2766 4028 amore
2799 3973 2852 4027 in
2903 3987 3010 4027 uno
3054 3958 3238 4027 corde.
3282 3970 3421 4027 Hinc
3467 3982 3557 4028 est
3603 3972 3746 4043 quod

2158 4068 2249 4138 qui
2290 4081 2385 4123 cor
2428 4081 2593 4121 suum
2637 4065 2860 4136 implent
2905 4065 3196 4120 dilectione
3242 4064 3336 4118 Dei
3388 4073 3445 4121 et
3487 4064 3746 4135 proximi.

2159 4155 2294 4209 nihil
2335 4153 2481 4208 aliud
2526 4152 2715 4226 volunt
2759 4153 2862 4208 nisi
2908 4153 3054 4224 quod
3094 4153 3209 4209 vult
3248 4153 3414 4218 Deus,
3466 4162 3563 4207 aut
3600 4151 3745 4222 quod

2157 4248 2272 4302 vult
2299 4246 2436 4301 alius
2480 4247 2666 4310 homo,
2713 4254 2923 4301 tantum
2974 4248 3020 4302 si
3073 4261 3179 4302 non
3208 4246 3297 4325 sit
3345 4255 3541 4301 contra
3574 4245 3746 4301 Deum

2161 4340 2250 4394 ⁸¹⁶.
2284 4338 2422 4394 Hinc
2449 4347 2533 4395 est
2558 4334 2701 4409 quod
2730 4338 2941 4393 instant
2963 4337 3323 4405 orationibus,
3349 4346 3405 4393 et
3433 4338 3751 4394 cmlestibus

481 4441 590 4483 non
614 4428 719 4499 erit
740 4428 810 4460 ⁸²¹
845 4429 900 4483 in
926 4431 1062 4497 caelo
1108 4447 1207 4487 nec
1250 4433 1302 4489 in
1337 4442 1499 4486 terra.
1549 4430 1719 4488 Tanta
1757 4435 1903 4489 enim
1952 4437 2057 4490 erit
2084 4445 2135 4504 υ
2160 4430 2458 4502 colloquiis,
2502 4441 2558 4486 et
2597 4428 3050 4500 cogitationibus;
3096 4429 3223 4500 quia
3269 4428 3432 4484 dulce
3478 4437 3567 4484 est
3600 4428 3750 4483 illum

482 4519 699 4579 dilectio
733 4520 874 4575 inter
902 4522 1069 4575 Deum
1114 4532 1168 4577 et.
1202 4540 1297 4578 eos
1345 4526 1435 4594 qui
1469 4526 1540 4581 ibi
1592 4533 1773 4589 erunt,
1815 4535 1870 4582 et
1916 4526 2059 4582 inter

481 4611 694 4681 seipsos
715 4611 966 4676 invicem,
995 4620 1054 4665 ut
1081 4626 1269 4668 omnes
1298 4628 1358 4669 se
1379 4614 1608 4671 invicem
1639 4617 1887 4685 diligant,
1920 4617 2061 4674 sicut

482 4690 715 4772 seipsos;
749 4703 843 4759 sed
871 4696 1061 4760 omnes
1083 4703 1201 4775 plus
1230 4715 1413 4761 ament
1442 4706 1609 4763 Deum
1638 4723 1800 4779 quam
1831 4710 2055 4781 seipsos.

482 4793 549 4851 Et
574 4803 793 4864 propter
819 4795 922 4852 hoc
956 4795 1137 4851 nullus
1177 4795 1251 4851 ibi
1292 4797 1459 4865 volet,
1492 4798 1595 4853 nisi
1619 4799 1764 4868 quod
1793 4801 1973 4869 Deus;
2004 4811 2061 4857 et

480 4872 797 4951 quod’un’us
820 4883 984 4949 volet,
1031 4884 1134 4939 hoc
1176 4884 1356 4940 volent
1383 4899 1604 4953 omnes;
1651 4896 1705 4942 et
1735 4889 1878 4957 quod
1922 4905 2060 4944 unus

481 4971 569 5027 vel
594 4987 803 5039 omnes,
834 4975 936 5030 hoc
970 4974 1146 5043 ipsum
1174 4976 1317 5031 volet
1344 4978 1504 5033 Deus.
1539 4978 1882 5049 Quapropter
1906 4981 2061 5053 quid-

482 5061 611 5132 quid
653 5063 1020 5133 unusquisque
1049 5064 1209 5129 volet,
1238 5064 1343 5121 hoc
1373 5067 1481 5122 erit
1508 5075 1564 5122 et
1608 5068 1676 5124 de
1701 5068 1883 5139 seipse
1910 5078 1968 5125 et
1993 5071 2060 5126 de

481 5153 734 5211 omnibus
773 5154 913 5222 aliis,
948 5163 1007 5211 et
1044 5154 1111 5211 de
1142 5149 1252 5213 tota
1283 5167 1555 5227 creatura,
1588 5168 1644 5217 et
1681 5161 1748 5217 de
1777 5162 1896 5230 ipso
1922 5162 2055 5218 Deo.

2167 4523 2474 4579 desiderare
2504 4524 2671 4577 Deum
2719 4530 2774 4577 et
2800 4520 2943 4590 loqui
2975 4528 3032 4575 et
3075 4520 3265 4575 audire
3294 4528 3351 4575 et
3393 4520 3650 4591 cogitare
3691 4520 3750 4574 de

2167 4616 2257 4671 illo
2280 4628 2439 4685 quem
2470 4614 2696 4668 multum
2727 4621 2915 4667 amant
2939 4610 3032 4664 η’.
3066 4611 3315 4667 liine‘est
3338 4611 3483 4681 quod
3506 4611 3751 4681 gaudent

2167 4728 2284 4766 cum
2308 4709 2672 4782 gaudentibus,
2704 4706 2833 4763 ﬂent
2865 4723 2982 4760 cum
3011 4706 3255 4776 ﬂentibus
3287 4703 3470 4768 (Rom.
3498 4719 3601 4771 xu,
3644 4704 3752 4773 IS),

2168 4803 2497 4858 miserentur
2528 4798 2761 4864 miseris,
2792 4797 2998 4852 donant
3029 4794 3421 4864 indigentibus,
3449 4792 3579 4862 quia
3617 4793 3756 4847 alios

2169 4894 2416 4951 homines
2470 4901 2724 4960 tanquam
2777 4889 3003 4959 seipsos‘
3044 4894 3252 4941 amant.
3302 4884 3441 4940 Hinc
3470 4892 3555 4939 est
3606 4882 3755 4956 quod

2164 4992 2517 5043 contemnunt
2554 4981 2789 5044 divitias,
2841 4988 3159 5051 potestates,
3196 4976 3521 5048 voluptates,
3560 4984 3632 5031 et
3655 4976 3760 5031 bo-

2163 5074 2345 5131 norari
2371 5085 2465 5129 aut
2507 5072 2732 5128 laudari.
2765 5071 2865 5138 Qui
2896 5070 3039 5124 enim
3082 5070 3198 5124 haec
3227 5076 3393 5129 amat.
3434 5081 3582 5136 smpe
3624 5068 3760 5122 facit

2165 5168 2367 5239 aliquid
2407 5169 2595 5222 contra
2635 5164 2806 5219 Deum
2849 5172 2906 5218 et
2939 5171 3129 5218 contra
3179 5161 3252 5193 “'
3280 5161 3617 5231 proximum.
3666 5159 3761 5216 Sic
3840 5222 3847 5227 _

1793 5259 2027 5317 VARle
2066 5259 2466 5320 LECTIONES.

553 5344 623 5377 δι’
651 5342 872 5399 (ἕοΙΙαῑαθ
900 5362 1016 5399 cum
1065 5310 1271 5402 eodem.
1288 5364 1388 5402 ma.
1434 5358 1484 5403 et
1524 5349 1668 5404 Edit.
1702 5360 1751 5405 et

2211 5352 2284 5384 ’⁸⁸⁸³
2307 5349 2485 5408 Patris
2545 5346 2825 5405 caelestis”
2862 5347 3180 5402 accederent
3231 5360 3329 5399 ms.
3365 5351 3416 5395 et
3467 5340 3618 5396 Edir.
3658 5354 3761 5408 pa-

483 5414 602 5468 tria:
636 5415 941 5486 gcmlestisu
990 5418 1351 5474 accenderent
1451 5419 1518 5451 "‘
1549 5419 1720 5479 Nolet.
1754 5437 1855 5476 non
1895 5408 2000 5478 erit
2027 5408 2123 5479 nia.
2155 5421 2319 5486 volet,
2369 5436 2472 5475 non
2513 5420 2619 5475 erit
2689 5418 2759 5454 m
2803 5416 3066 5483 Quoniam
3099 5416 3152 5469 in
3181 5414 3336 5486 coelo
3366 5421 3567 5486 mtuet
3594 5408 3758 5486 fdi:-

485 5484 737 5552 quoniam
793 5499 1019 5553 regnare
1076 5488 1129 5540 in
1179 5488 1320 5542 caelo

487 5564 619 5605 vero
651 5566 892 5610 amorem
938 5565 1107 5610 ms.et
1132 5554 1275 5610 Edit.
1312 5557 1454 5612 hunc
1499 5574 1736 5613 antorem

1425 5488 1495 5519 “3
1520 5489 1652 5543 Cum
1704 5491 1814 5546 Deo
1853 5501 1915 5564 et
1963 5494 2270 5564 hominibus
2304 5481 2410 5545 'ms.
2454 5505 2577 5546 cum
2628 5481 2845 5564 Decet:
2879 5485 3357 5564 cuiumhominibns
3461 5481 3535 5515 ⁸³⁸

1849 5561 2240 5627 "’Evaeueris
2289 5577 2389 5614 ms.
2442 5559 2790 5615 erat-traveris

3594 5480 3760 5535 Hunc

2897 5557 2967 5593 ⁸³⁸
2992 5556 3145 5611 Circa
3181 5557 3345 5610 Deum
3395 5569 3497 5607 ms.
3528 5559 3579 5605 et
3602 5548 3756 5603 E453.

489 5630 682 5674 contra
710 5621 875 5677 Deum
950 5626 1016 5656 “7
1042 5623 1178 5679 Tum
1207 5635 1390 5681 amant
1415 5644 1514 5680 ius.
1538 5638 1585 5681 et
1611 5628 1753 5684 Edit.
1786 5619 2009 5688 multum
2035 5618 2218 5689 amant
2290 5631 2361 5663 ⁵³⁸
2386 5629 2540 5686 Circa
2568 5630 2733 5685 D.:um
2756 5637 2810 5684 et
2837 5628 2979 5684 circa
3010 5643 3108 5684 ms.
3134 5636 3179 5679 et
3211 5624 3313 5680 Ed.
3352 5632 3541 5678 contra
3574 5618 3759 5675 Deum

487 5699 542 5749 et
570 5697 756 5748 Cﬂlllt‘il

1148 5730 3986 6302 ____J
