4056 6302
256 309 390 371 H73

1444 286 1574 371 LIB.
1612 318 1675 384 ιι,
1718 314 1929 371 EPIST.
1964 314 2152 374 XXIV.
2202 392 2205 395 _

3363 317 3499 376 1174

254 432 385 486 anim
414 427 482 484 e‘x'
508 429 588 482 liis
618 418 819 483 duobus
848 417 1148 499 praeceptis
1181 416 1419 485 universa
1449 430 1534 485 lex
1558 433 1741 500 pendet
1771 440 1819 485 et
1848 433 1891 489 A
1922 426 2087 499 misit,
2136 406 2401 490 diabolica
2447 407 2799 505 persuasione
2848 432 3102 505 deceptus
3131 432 3488 495 ’exhorreatt

245 522 502 588 prapheta:
549 520 764 589 (Matth.
818 536 956 585 nn,
1003 522 1114 594 40).
1149 523 1249 591 Qui
1294 538 1424 594 ergo
1467 524 1583 579 vult
1623 524 1821 579 habere

244 600 387 669 illum
429 604 668 669 amorem
700 612 960 683 perfecte,
991 629 1097 684 quo
1145 631 1368 687 regnum
1393 615 1655 671 cmlornm
1683 616 1829 677 emi-_

245 713 347 768 tur,
375 712 520 760 amet
543 712 934 775 contemptum,
966 704 1362 775 paupertatem,
1398 704 1659 773 laborem,
1690 706 1822 760 sub-

242 789 552 857 lectionem,
598 794 739 849 sicut
784 795 956 849 sancti
998 794 1099 848 viri
1147 795 1370 850 faciunt.
1423 793 1516 851 Sic
1557 796 1700 850 enim
1734 795 1823 866 qui

244 879 306 915 ⁶²⁹
343 898 398 936 se
422 882 686 949 humiliat,
726 882 1046 937 excitabitur
1073 882 1226 953 (Luc.
1258 900 1410 948 xvm,
1444 884 1553 954 Μ).
1581 882 1825 941 Breviter

244 974 396 1028 vobis
430 974 565 1055 haec,
608 975 926 1053 charissime
973 974 1068 1040 ‘3',
1105 975 1248 1030 siettt
1287 975 1626 1044 postulastis,
1674 976 1825 1042 dixi;

242 1062 337 1119 sed
382 1065 434 1118 in
484 1050 677 1141 horum
723 1050 1062 1135 expositione
1100 1065 1387 1134 prudentia
1431 1066 1612 1121 vestra
1657 1068 1825 1121 inulto

241 1153 398 1224 plura
451 1153 697 1224 proferre
752 1152 949 1224 poterit
998 1170 1159 1224 quam
1210 1142 1342 1209 dixi.
1419 1154 1476 1210 Si
1531 1166 1709 1213 tamen
1760 1156 1824 1209 de

243 1243 576 1311 plenitudine
605 1243 954 1298 beatitudinis
981 1255 1197 1299 aeternae
1228 1242 1432 1313 aliquid
1478 1258 1507 1296 a
1551 1259 1636 1298 me
1666 1243 1824 1296 latius

239 1334 449 1388 dictum
498 1334 758 1390 sanctitas
797 1343 976 1389 vestra
1024 1334 1203 1404 legere
1249 1335 1500 1402 voluerit,
1532 1334 1586 1388 in
1631 1332 1823 1389 fineli-

242 1426 370 1482 belli
402 1427 527 1493 mei,
578 1428 669 1497 qui
705 1425 1037 1503 Proslogium
1065 1428 1387 1498 appellatur,
1424 1426 1513 1482 ubi
1554 1426 1621 1480 de
1669 1425 1827 1496 pleno

240 1516 442 1587 gaudio
490 1517 739 1581 tractavi,
790 1518 1029 1586 reperire
1078 1517 1197 1583 hoc,
1229 1518 1446 1587 poterit.
1501 1513 1727 1580 Valete,
1774 1520 1829 1571 et

239 1617 398 1663 orate
418 1623 515 1680 pro
545 1624 650 1664 me.
1587 1593 1590 1596 i

696 1717 1031 1778 EPISTOLA
1068 1717 1239 1775 XXIII
1272 1718 1373 1774 “ﬁ,

778 1849 784 1852 ⁴
861 1850 931 1893 ιι)
978 1851 1231 1892 Ρετιιυιι..

240 1948 404 2015 Quod
429 1949 651 2007 clericus
673 1951 978 2019 priusquam
1007 1949 1361 2019 stabilitatem»
1386 1947 1548 2019 libere
1570 1947 1825 2019 promise-

326 2020 415 2083 rit,
457 2035 560 2073 non
586 2017 753 2087 potest
779 2020 969 2074 invitus
1004 2019 1068 2073 ab
1091 2018 1275 2074 abbate
1299 2018 1542 2074 detineri.
1574 2017 1827 2086 Quodque

305 2088 377 2159 in
417 2104 477 2141 eo
508 2088 823 2143 monasterio
859 2105 1071 2144 manere
1114 2088 1259 2142 debet
1302 2089 1357 2143 in
1385 2104 1487 2159 quo
1520 2089 1669 2157 prius
1692 2087 1829 2157 peti-

310 2158 510 2213 tionem
544 2167 591 2211 et
626 2168 798 2212 votum
825 2160 1067 2212 monac/ti
1089 2159 1233 2226 fecit.

317 2247 527 2300 Domno
560 2254 617 2300 et
660 2244 807 2299 Patri
858 2246 1041 2300 abbati
1086 2246 1384 2302 reverendo
1431 2246 1617 2303 Ρετιιο
1662 2245 1831 2301 frater

248 2336 527 2391 Aaseuws
575 2335 752 2391 dictus
791 2335 959 2391 abbas
1000 2334 1194 2396 Becci.
1243 2350 1340 2407 per
1383 2335 1664 2406 praesentis
1704 2335 1832 2391 vitae

250 2426 595 2481 sanctitatem
636 2423 859 2493 adipisci
905 2425 1099 2479 futurae
1136 2424 1474 2489 felicitatem.

168 2580 171 2591 Α
318 2511 566 2567 Fratrem
598 2528 685 2568 me
712 2521 906 2568 vestra:
949 2513 1279 2579 sanctitatis,
1328 2514 1469 2568 sicut
1512 2511 1830 2578 mandastis,

249 2612 310 2659 et
352 2600 746 2657 fraternitatem
784 2604 924 2659 hanc
971 2619 1058 2659 me
1101 2603 1235 2659 velle
1274 2604 1675 2658 scrvaresicut
1738 2620 1834 2674 po-

250 2692 427 2755 scitis,
470 2692 753 2748 conliteor.
788 2692 942 2761 Quod
988 2696 1113 2764 quia
1143 2695 1362 2750 domino
1394 2693 1611 2751 Ursioni
1637 2695 1834 2751 clerico

232 2770 340 2849 "3',
366 2783 460 2852 qui
481 2785 620 2853 apud
648 2799 744 2840 vos
768 2786 1084 2854 petitionem
1111 2795 1166 2841 et
1195 2796 1383 2847 votum
1409 2788 1654 2844 monachi
1682 2788 1831 2854 iecit,

247 2882 304 2949 et
336 2889 478 2928 nune
506 2876 646 2943 apud
678 2891 774 2931 nos
804 2885 1002 2941 manet,
1031 2878 1194 2933 vultis
1221 2869 1520 2950 apparere;
1554 2880 1697 2938 nihil
1722 2880 1836 2935 uti-

250 2980 358 3033 que
384 2966 538 3021 vobis
577 2968 758 3022 minus
787 2969 853 3024 de
903 2968 992 3024 illo
1036 2968 1327 3036 faciemus,
1367 2960 1531 3040 quam
1581 2985 1610 3024 a
1651 2981 1834 3027 vestra

249 3052 521 3108 charitate
565 3056 720 3111 nobis
752 3055 867 3111 fieri
898 3058 1314 3128 postularemus.
1364 3058 1570 3114 Scitote
1602 3076 1835 3131 namque

250 3142 511 3208 quoniam
542 3145 681 3210 apud
713 3158 810 3197 nos
850 3144 1170 3214 priusquam
1206 3145 1347 3214 apud
1380 3161 1486 3200 vos.
1516 3147 1831 3215 petitionem

249 3237 306 3281 et
338 3220 522 3283 votum
555 3231 802 3287 monachi
833 3232 981 3288 fecit.
1019 3233 1075 3290 Si
1104 3215 1235 3303 ergo
1268 3248 1366 3303 per
1404 3234 1506 3290 hoc
1553 3250 1647 3290 vos
1673 3245 1833 3304 puta-

252 3321 322 3374 tis
342 3319 489 3390 jnste
520 3321 668 3376 illum
700 3338 857 3392 posse
888 3340 1161 3390 revocare,
1185 3326 1380 3395 quibus
1404 3326 1675 3397 posterius
1696 3310 1837 3384 hanc

248 3412 569 3476 petitionem
599 3423 654 3467 et
694 3414 797 3469 hoc
826 3424 1032 3481 votum,
1065 3415 1474 3487 importunitate
1502 3404 1841 3487 precantium

248 3500 432 3567 victus
465 3502 629 3570 fecit;
669 3505 838 3560 multo
861 3505 1062 3572 justius
1103 3522 1394 3577 possumus
1443 3523 1542 3563 nos
1571 3507 1717 3562 illum
1767 3507 1834 3540 "‘

250 3590 512 3660 retinere,
540 3594 737 3663 quibus
764 3597 863 3651 hoc
884 3597 1034 3667 prius
1058 3595 1128 3651 de
1156 3594 1310 3668 longe
1334 3597 1405 3629 “*
1429 3585 1654 3654 veniens
1676 3614 1839 3670 spon-

248 3690 416 3734 tanea
463 3684 774 3750 voluntate,
827 3686 1069 3742 nonulla
1115 3696 1295 3741 vestra
1346 3688 1697 3757 persuasione
1744 3706 1838 3744 co-

245 3779 437 3847 aetus,
458 3772 586 3829 fecit
612 3774 701 3829 ille
727 3796 740 3828 :
765 3790 871 3843 quo
892 3776 1059 3828 multo
1089 3775 1260 3845 magis
1280 3784 1363 3829 est
1382 3775 1593 3831 debitor
1612 3791 1839 3832 servare

245 3848 543 3916 veritatem
577 3863 628 3915 in
666 3863 837 3931 prima
866 3871 921 3917 et
965 3862 1133 3921 libera
1176 3863 1534 3937 promissione
1565 3880 1730 3935 quam
1785 3866 1839 3921 in

242 3946 501 4013 ejusdem
557 3951 743 4019 primm
792 3944 1177 4020 promissionis
1228 3952 1536 4009 violatione.
1605 3951 1745 4009 Nam
1793 3955 1841 4011 si

243 4039 500 4109 pne-fata:
526 4042 802 4112 petitionis
826 4053 878 4098 et
907 4044 1016 4097 voti
1050 4052 1221 4099 testes
1260 4044 1472 4126 habetis
1519 4055 1575 4101 et
1600 4044 1841 4114 ejusdem

243 4129 656 4188 confessionem
681 4152 702 4200 ί
730 4151 824 4190 nos
856 4135 978 4205 plus
1019 4136 1088 4167 ⁸³⁸
1116 4135 1404 4202 habemus,
1434 4137 1559 4206 quia
1587 4137 1840 4192 volunta-

243 4223 358 4269 tem
413 4220 586 4290 ipsius
623 4234 866 4282 tenemus
892 4241 1015 4281 cum
1047 4225 1276 4283 testibus
1305 4235 1361 4281 et
1398 4226 1756 4294 confessione,
1787 4238 1844 4284 et

242 4308 471 4370 priores
529 4310 866 4387 suscepimus
918 4315 1033 4386 ejus
1099 4312 1537 4388 promissionem.
1602 4318 1844 4391 Denique

241 4409 501 4479 vestram
534 4421 639 4459 non
673 4407 799 4460 latet
831 4407 1173 4475 prudentiam
1199 4409 1327 4479 quia
1358 4418 1563 4479 quanto
1601 4418 1843 4480 tempore

239 4493 498 4568 novitins
530 4497 583 4550 in
629 4499 998 4555 incolumitate
1035 4501 1117 4555 sui
1169 4511 1361 4570 sponte
1405 4510 1597 4571 petens
1648 4516 1842 4557 mona-

238 4581 472 4637 chicam
525 4590 964 4655 conversionem,
1017 4591 1070 4645 in
1118 4593 1450 4647 monasterio
1489 4582 1845 4650 conversatur

240 4686 380 4728 ante
446 4681 873 4748 professionem,
935 4684 1237 4740 secundum
1292 4683 1532 4755 regulam
1599 4694 1844 4739 nostram

237 4764 509 4824 tlill'ertnr
551 4785 767 4844 propter
797 4774 1105 4830 stabilitatis
1131 4775 1527 4846 probationem.
1560 4775 1671 4832 Nec
1701 4777 1845 4832 inte-

242 4852 349 4907 rim
398 4874 533 4915 eum
567 4864 707 4923 ullus
745 4880 939 4937 cogere
983 4864 1055 4897 “‘
1093 4874 1271 4936 potest
1313 4866 1382 4922 ad
1431 4869 1843 4934 remanendum,

240 4947 339 5015 sed
392 4949 588 5009 littera
622 4956 673 5031 ei
713 4958 1028 5013 conceditur
1055 4966 1294 5027 potestas
1339 4958 1407 5012 ad
1435 4958 1843 5014 discedendum.

241 5032 363 5091 Non
410 5043 547 5100 dico
575 5049 717 5117 quod
764 5065 871 5104 non
918 5060 1105 5117 peccet
1132 5049 1225 5115 “7,
1252 5049 1302 5107 si
1340 5057 1617 5121 acceptam
1648 5051 1845 5107 bonam

244 5128 600 5194 voluntatem
632 5141 878 5227 deserat;
910 5150 963 5196 et
992 5141 1137 5211 quod
1181 5141 1378 5213 saepius
1416 5156 1512 5199 ore
1538 5142 1676 5198 bene
1724 5157 1850 5212 pro.

1923 525 2019 579 sed
2044 525 2165 580 dico
2193 526 2317 596 quia
2346 522 2595 599 quamvis
2630 541 2817 582 coram
2856 526 2964 582 Deo
3004 526 3269 590 mendacii
3296 522 3507 618 argue:

1925 617 2012 668 tur
2039 613 2138 680 “‘;
2185 630 2291 670 non
2322 623 2405 687 est
2452 615 2895 693 tamenabhalis,
2926 615 3090 687 350
3119 627 3179 672 ut
3221 617 3364 687 quod
3408 618 3485 674 ille

1924 694 2189 773 promisit,
2236 706 2304 762 ab
2350 720 2415 761 eo
2470 706 2734 762 violenter
2778 706 2980 778 exigat.
3023 707 3196 773 Quam
3233 707 3498 764 rationem

1924 792 1993 824 ⁸³³
2020 802 2074 847 et
2113 795 2266 850 nobis
2300 805 2354 851 et
2382 796 2532 867 vobis
2562 797 2767 867 pariter
2797 796 3118 851 servandam
3151 810 3271 851 esse
3295 810 3500 867 cogno-

1926 880 2094 938 Scitis.
2127 881 2467 959 Quapropter
2498 885 2543 939 si
2580 885 2895 955 praedictum
2937 883 3196 942 clericum
3236 884 3397 939 vultis
3434 884 3503 938 ad

1929 988 2026 1027 vos
2053 974 2328 1038 reducere,
2360 975 2555 1030 mittite
2591 990 2690 1046 pro
2715 990 2819 1031 eo:
2860 984 2937 1041 et,
2974 975 3019 1029 si
3067 975 3315 1040 voluerit,
3369 975 3503 1031 libe-

1929 1078 2043 1121 ram
2078 1065 2239 1120 habet
2270 1075 2592 1135 potestatem
2634 1083 2663 1119 a
2697 1067 2854 1122 nobis
2886 1067 3209 1132 recedendi;
3247 1065 3290 1121 si
3319 1075 3501 1121 autem

1931 1155 2186 1221 noluerit,
2223 1173 2327 1211 non
2358 1172 2401 1215 a.
2417 1166 2598 1212 vestra
2648 1156 2972 1212 discretione
3017 1157 3349 1211 calumniam
3385 1156 3502 1225 pati

1931 1246 2088 1301 debet
2113 1246 2391 1301 nobiseum
2424 1249 2767 1314 remanendi;
2802 1242 2900 1303 nec
2944 1248 2996 1303 in
3026 1248 3180 1303 nobis
3211 1248 3317 1302 ulla
3345 1247 3506 1303 debet

1929 1352 2051 1392 esse
2080 1336 2328 1394 voluntas
2356 1322 2506 1392 illum
2536 1338 2860 1408 expellendi.
2896 1337 3007 1393 Hoc
3031 1337 3177 1392 enim
3218 1338 3377 1392 modo
3414 1352 3503 1391 me

1929 1441 2056 1497 erga
2078 1442 2174 1482 vos
2196 1420 2435 1484 fraterno
2446 1427 2639 1484 affectu
2665 1430 2763 1495 uti,
2787 1417 2929 1498 quod
2951 1427 3192 1499 poscitis,
3215 1427 3468 1483 existimo
3486 1443 3521 1491 ί,

1929 1517 1981 1571 si
2005 1515 2145 1586 quod
2171 1532 2201 1571 a
2236 1517 2387 1573 vobis
2413 1517 2543 1574 mihi
2574 1517 2822 1573 ordinate
2864 1508 2981 1572 ﬁeri
3017 1524 3279 1586 peterem,
3311 1524 3511 1570 vestra:

1932 1608 2255 1669 fraternitati
2308 1608 2495 1679 facere
2534 1606 2642 1664 non'
2674 1623 2862 1664 renuo.
2908 1607 2989 1662 Ad
3035 1606 3364 1662 calumniam
3409 1619 3508 1660 ve-

1933 1688 2125 1763 Stram,
2154 1712 2317 1766 quam
2360 1697 2561 1765 dicitis,
2613 1698 2880 1765 rationem
2911 1695 3273 1755 excusationis
3306 1704 3508 1749 nostrae
3550 1766 3553 1771 _

1868 1774 1911 1828 Β
1936 1787 2321 1858 exposuimus;
2348 1789 2442 1844 sed
2471 1789 2727 1859 quoniam
2756 1789 2898 1845 inter
2933 1802 3032 1843 nos
3068 1797 3123 1843 et
3151 1801 3248 1843 vos
3276 1802 3363 1843 res
3392 1787 3507 1841 lucc

1928 1880 2138 1948 agitur,
2182 1879 2469 1936 consilium
2516 1880 2670 1935 vobis
2718 1880 2848 1935 dare
2904 1894 3026 1935 non.
3057 1877 3339 1932 audemus.
3388 1874 3511 1943 Quo

1931 1977 2111 2023 tamen
2150 1977 2494 2024 nosutamur
2524 1970 2576 2023 in
2612 1984 2669 2025 re
2712 1968 2875 2025 simili
2922 1967 3150 2023 consilio
3176 1966 3280 2032 “°,
3326 1966 3508 2020 dicere

1929 2057 2437 2126 nonprohibemur.
2486 2056 2741 2112 Nostrum
2786 2056 2972 2126 utique
3019 2070 3233 2125 semper
3261 2062 3343 2110 est
3372 2068 3506 2108 con-

1929 2148 2109 2203 silium
2142 2158 2201 2203 ut
2233 2148 2440 2204 nullum
2481 2160 2608 2203 ante
2642 2148 2784 2203 illam
2831 2148 2915 2203 sui
2962 2147 3310 2213 deditionem,
3342 2159 3507 2215 quam

1932 2226 2028 2306 per
2067 2235 2290 2291 cucullae
2335 2245 2688 2306 spontaneam
2734 2236 3096 2304 acceptionem
3140 2233 3297 2298 facit;
3349 2232 3394 2288 si
3440 2232 3508 2285 ad

1932 2318 2080 2381 aliud
2110 2327 2497 2381 monasterium
2526 2328 2604 2381 ire
2648 2326 2902 2390 voluerit,
2950 2327 3175 2381 invitum
3229 2333 3510 2381 teneamus

1933 2408 2233 2472 novitium:
2284 2418 2379 2473 sed
2414 2417 2735 2486 inqnantum
2785 2429 3091 2486 possumus,
3140 2413 3289 2470 illum
3331 2410 3511 2466 absol-

1932 2516 2143 2572 ventes,
2193 2515 2437 2563 uostrum
2475 2505 2636 2560 simul
2666 2504 2739 2558 illi
2770 2504 3084 2569 consilium,
3134 2502 3178 2558 si
3211 2501 3385 2572 poscit
3415 2498 3508 2565 “‘,

1934 2597 2380 2666 impendimuset
2425 2594 2707 2651 auxilium.
2747 2593 2993 2663 Quod’si
3024 2594 3223 2649 bonam
3253 2593 3513 2648 deserens

1934 2686 2264 2757 voluntatem
2298 2685 2594 2742 monachus
2615 2699 2737 2740 esse
2767 2683 2996 2738 noluerit
3015 2723 3045 2748 ,_
3070 2698 3100 2736 a
3130 2691 3253 2738 voto
3274 2682 3428 2752 cujus
3453 2693 3514 2736 se

1936 2773 2233 2831 debitorem
2266 2775 2394 2833 fecit
2426 2774 2921 2841 nonabsolvimus,
2949 2772 3046 2828 sed
3073 2772 3272 2827 nullam
3301 2773 3377 2828 illi
3402 2773 3513 2827 vim

1935 2880 2032 2937 per
2059 2882 2158 2921 nos
2188 2865 2505 2933 inferentes,
2540 2866 2689 2921 illum
2724 2865 2814 2923 Dei
2840 2863 3135 2926 exactioni,
3164 2863 3249 2917 cui
3278 2878 3338 2917 se
3367 2860 3517 2918 dehi-

1937 2964 2107 3009 torem
2134 2953 2285 3021 fecit,
2311 2955 2655 3010 dimittimus.
2691 2953 2747 3008 Si
2776 2963 2957 3008 autem
2980 2952 3267 3023 prtcdictus
3287 2950 3516 3006 clericus

1939 3028 2217 3101 nobiseum
2263 3044 2546 3111 manserit,
2598 3055 2656 3099 et
2699 3057 2785 3098 res
2816 3043 2953 3113 ejus,
3006 3056 3143 3111 quas
3182 3040 3336 3108 prius
3374 3038 3519 3094 sicut

1862 3112 1909 3171 θ
1940 3135 2174 3202 seipsum
2221 3134 2383 3188 nobis
2405 3135 2553 3189 dedit
2599 3150 2759 3201 quam
2797 3112 2939 3203 apud
2971 3149 3062 3187 vos
3107 3132 3423 3200 petitionem
3462 3138 3519 3183 et

1937 3237 2119 3282 votum
2149 3226 2403 3281 monachi
2448 3226 2671 3290 faceret,
2704 3225 2937 3279 retinere
2982 3222 3282 3288 volueritis,
3316 3220 3516 3276 nullam

1938 3334 1969 3373 a
2002 3316 2267 3373 nobismet
2294 3298 2621 3370 Calumniari)
2644 3304 2999 3369 sustinebitis.
3034 3311 3239 3367 Valete.

2451 3426 2788 3484 EPISTOLA
2826 3424 3015 3480 XXIV.

2600 3535 2667 3576 tte
2702 3533 2853 3588 tosti.

1973 3613 2067 3668 Illi
2092 3628 2310 3685 magnas
2340 3613 2540 3682 gratias
2564 3612 2671 3685 agit
2697 3612 2761 3665 de
2782 3610 3061 3685 beneﬁciis
3090 3610 3145 3664 in
3181 3626 3236 3664 se
3261 3625 3324 3665 ac
3359 3608 3485 3664 reli-

2381 3699 2508 3752 quos
2536 3683 2620 3735 sui
2655 3682 2828 3751 gratia
2851 3681 3076 3734 collatis.

2013 3773 2252 3826 Dominae
2279 3787 2391 3826 sua:
2425 3771 2815 3834 dilectissinne,
2846 3770 3062 3841 generis
3100 3778 3159 3825 et
3181 3784 3390 3823 morum
3420 3784 3519 3824 no-

1940 3862 2146 3917 bilitate
2194 3861 2510 3917 clarissima:
2557 3858 2847 3915 comitissa:
2889 3858 2994 3916 lor.
3033 3858 3200 3913 frater
3237 3860 3520 3916 Aaseuws

1942 3967 2132 4007 servus
2180 3954 2460 4006 servorum
2512 3949 2607 4004 Dei
2660 3948 2814 4004 Becci
2867 3948 3348 4012 commanentinm,
3394 3964 3520 4004 cum

1941 4036 2144 4098 eisdem
2172 4043 2406 4098 dominis
2437 4043 2571 4107 suis,
2620 4041 2674 4096 in
2708 4040 2958 4112 ﬂagranti
3000 4038 3270 4097 desiderio
3300 4039 3394 4095 Dei
3425 4055 3517 4094 us-

1943 4126 2047 4204 que
2076 4134 2127 4188 in
2175 4133 2336 4188 finem
2379 4148 2619 4199 manere,
2650 4133 2716 4211 de
2745 4132 3050 4190 desiderato
3093 4141 3382 4204 conspectu
3423 4132 3519 4189 Dei

1944 4229 2061 4283 sine
2090 4228 2195 4283 line
2224 4229 2483 4299 gaudere.

2014 4319 2230 4375 Gratias
2268 4335 2430 4391 agere
2482 4322 2793 4377 reverendae
2829 4330 3023 4378 vestrae
3062 4319 3369 4377 celsitudini
3408 4327 3517 4376 tota

1871 4439 1921 4498 Β
1946 4420 2128 4467 mente
2157 4411 2444 4478 vellemus;
2492 4415 2587 4467 sed
2615 4414 2801 4484 nt‘qne
2850 4414 3040 4483 dignas
3082 4413 3380 4469 secundum
3407 4427 3524 4466 ma-

1945 4504 2275 4576 gnitudinem
2307 4503 2692 4561 benevolentia:
2737 4516 2792 4560 et
2832 4505 3241 4572 beneﬁciorum,
3275 4521 3396 4576 quae
3426 4519 3524 4559 no-

1941 4590 2027 4648 bis
2072 4602 2127 4649 et
2157 4588 2342 4649 multis
2378 4609 2476 4664 pro
2522 4595 2687 4651 nobis.
2723 4595 3057 4666 impenditis,
3104 4610 3214 4650 non
3256 4593 3521 4649 valemus.

1941 4680 2095 4736 Illum
2149 4682 2313 4754 igitur
2340 4692 2563 4753 propter
2602 4698 2761 4754 quem
2808 4685 2980 4747 nobis,
3020 4692 3073 4738 et
3114 4681 3525 4752 quibuscunque

1943 4773 2190 4843 potestis,
2236 4783 2382 4828 tanta
2428 4777 2573 4831 bona
2615 4774 2814 4839 facitis,
2862 4788 3081 4828 oramus
3118 4781 3178 4826 ut
3224 4773 3339 4843 ipse
3369 4774 3525 4828 vobis

1952 4866 2249 4941 secundum
2291 4865 2686 4923 multitudinem
2737 4864 3048 4921 divitiarum
3094 4880 3314 4921 suarum
3364 4866 3525 4920 retri-

1950 4958 2105 5023 buat,
2128 4957 2266 5014 sicut
2293 4969 2557 5026 optamus.
2588 4957 2667 5011 Ex
2689 4956 3019 5011 abundantia
3045 4966 3221 5011 tamen
3237 4948 3525 5011 charitatis

1954 5051 2238 5116 hortamur
2283 5056 2341 5101 ut
2383 5047 2768 5102 benefaciendo
2801 5062 2907 5102 non
2945 5045 3227 5111 deficiatis,
3260 5053 3526 5115 quatenus

1952 5140 2194 5211 tempere
2220 5152 2319 5194 suo
2341 5136 2713 5193 indeiicienter
2736 5139 2973 5195 metatis.
3002 5138 3240 5195 Domnus
3262 5135 3526 5193 Ricardus

1543 5229 1779 5288 VARUS
1815 5228 2214 5293 LECTIONES.

315 5311 393 5392 ἔτ’
433 5317 534 5373 Sic
569 5323 660 5391 qui
705 5339 782 5376 ms
853 5332 902 5377 et
950 5320 1096 5376 Edil.
1127 5321 1207 5377 sic
1234 5323 1383 5392 enim
1408 5323 1501 5392 qui

1592 5323 1678 5355 ’⁵³⁸
1706 5323 1833 5379 Htec
1874 5320 2214 5382 eharissimi,
2261 5334 2360 5372 ms.
2414 5327 2461 5371 et
2495 5317 2598 5371 Ed.
2647 5317 2797 5381 haec,
2851 5317 3171 5371 charissima

3272 5316 3342 5349 ⁸³¹
3403 5315 3528 5371 Col-

241 5375 360 5461 lata
387 5401 521 5441 cum
556 5375 893 5447 ebdem’ms.‘
939 5392 1008 5431 ηε
1034 5391 1170 5457 Quia
1188 5375 1394 5446 clerico
1548 5392 1673 5461 quia
1700 5375 2181 5461 Domino'llrsione
2202 5375 2401 5444 clerico
2472 5387 2543 5461 ”'_
2564 5375 2849 5461 Non_i_llu_m
2871 5402 2980 5461 tua.
3013 5401 3111 5440 nos
3143 5385 3288 5440 illum
3361 5386 3527 5461 “:Et

243 5445 414 5532 longe
435 5472 546 5512 ms.
581 5445 859 5532 deflonge‘
901 5462 973 5494 ’³⁸
1003 5445 1406 5516 confessionem
1451 5445 2262 5532 nouimus—aisicon—fessionem
2293 5475 2308 5510 :
2354 5457 2614 5532 nos__p|_ns
2681 5457 2753 5532 ’δη
2782 5454 2969 5532 Nullus
3006 5470 3201 5524 cogere
3241 5470 3341 5508 ms.
3386 5456 3529 5510 ullus

238 5529 458 5603 εοεαε
539 5531 617 5603 ξ³⁷ν
653 5525 973 5603 ῌοιῖριᾳεει
994 5546 1222 5603 menon
1253 5540 1440 5599 peccet
1496 5525 1924 5603 _"f:Arguantur
1968 5536 2361 5603 nis._argn_atu_r
2432 5528 2502 5560 “’
2527 5526 2793 5603 Quoniam
2819 5525 3091 5603 rationem
3126 5540 3225 5578 ms.
3250 5539 3409 5603 quam
3438 5541 3520 5603 ra-_

241 5591 468 5671 [ifmem
551 5599 627 5633 “°
657 5591 902 5669 Belleri,
935 5602 1163 5657 consilio
1199 5591 1296 5655 ηιξ.
1348 5615 1409 5656 re
1465 5600 1626 5657 simili
1681 5591 1907 5656 consilio
1980 5600 2044 5631 ’δ’δ’
2074 5591 2243 5653 Simul
2298 5599 2344 5653 si
2392 5591 2568 5671 poscit
2627 5614 2726 5652 ms.
2791 5595 2950 5651 simul
3004 5594 3074 5649 illi
3144 5593 3433 5650 consilium
3479 5596 3529 5650 si

240 5661 431 5719 Poscit
