4056 6302
511 261 645 317 H75

1068 266 1126 319 s.
1152 239 1456 323 ausum
1481 265 1831 325 caurum.
1859 268 2181 327 ARCillEP.
2223 269 2373 327 ora.
2417 271 2595 329 rans
2638 274 2723 329 ιη.
2757 304 2828 316 -
2860 273 3248 335 EPISTOLA'I.

3622 283 3651 339 l
3664 282 3753 341 I76

508 385 648 431 lator
673 373 835 444 hujus
872 373 1112 444 epistola:
1152 380 1404 446 promisit
1449 381 1607 440 nobis
1652 397 1713 438 se
1752 382 1821 438 ad
1868 395 1988 446 nos,
2026 378 2073 444 si
2109 380 2154 439 Α
2190 376 2443 444 Possem,
2490 385 2562 437 mi
2609 384 2961 450 charissime,
3012 400 3358 445 commonere
3413 388 3760 451 dilectionem

508 467 650 525 Deus
689 464 765 521 illi
795 465 1147 533 concesserit,
1195 468 1498 528 rediturum
1527 482 1584 529 et
1610 474 1890 529 nobiscum
1921 472 2077 527 dein-

508 573 634 630 ceps
677 573 1110 628 permansurum.
1157 559 1456 620 Preeamur
1499 566 1665 638 igitur
1716 550 2075 622 reverentiam

508 656 739 706 vestram
771 658 831 704 ut
860 649 1030 717 illum,
1079 655 1373 710 secundum
1416 657 1559 727 quod
1601 667 1780 714 vestra
1822 656 1926 713 scit
1952 672 2115 726 pru-.

506 738 707 803 dentia,
740 741 1091 810 confortetis;
1122 755 1178 801 et
1219 746 1273 802 in
1310 747 1561 804 omnibus
1596 748 1650 804 in
1676 752 1873 819 quibus
1896 759 2078 805 vestro

506 842 640 899 opus
668 828 887 886 habebit
918 834 1136 909 auxilio,
1185 846 1406 909 propter
1434 838 1528 894 Dei
1560 849 1615 896 et
1654 847 1899 895 nostrum
1930 854 2079 895 amo—

503 932 619 973 rem
664 916 950 986 adjuvetis.
1001 906 1560 982 Do'miuumvnostrum
1602 930 1855 984 comitem
1901 928 2077 983 virum

501 1019 763 1079 vestrum,
794 1022 850 1069 et
878 1013 1015 1068 filios
1046 1025 1277 1082 vestros,
1313 1032 1410 1072 vos
1445 1017 1561 1087 ipsa
1587 1031 1649 1072 ex
1689 1030 1873 1075 nostra
1902 1029 2076 1091 parte,

501 1099 626 1167 quia
660 1101 952 1159 fideliorem
982 1105 1228 1159 nuntium
1272 1106 1341 1160 de
1368 1105 1526 1162 nobis
1574 1107 1642 1161 ad
1688 1107 1808 1164 illos
1837 1124 1943 1164 non
1976 1108 2075 1164 ha-

501 1187 713 1259 bemus,
742 1192 883 1249 sicut
909 1208 1008 1263 pro
1038 1194 1235 1251 vestris
1273 1194 1521 1252 ﬁdelibus
1545 1198 1793 1254 salutate.

961 1305 1299 1364 EPISTOLA
1339 1308 1482 1364 XXV
1522 1309 1612 1364 δι’.

1051 1411 1519 1454 Αυόυιιιεωιωι.

500 1476 570 1535 Ut
600 1483 647 1535 si
683 1481 866 1553 diligat
894 1481 1223 1626 Anselmuml,
1249 1489 1418 1571 veniat
1446 1487 1670 1544 Beccum
1689 1530 1705 1555 ,
1744 1499 1791 1543 et
1825 1491 2077 1545 swculum

1217 1567 1382 1626 ugtat.

1217 1567 1382 1611 κοῖαι.

1217 1574 1251 1609 a
1287 1574 1382 1611 tat.

570 1637 681 1693 Suo
709 1640 928 1708 dilecto,
980 1658 1080 1699 suo
1125 1574 1394 1709 dil’ecsiori,
1431 1662 1531 1704 suo
1573 1649 1882 1706 desiderato
1909 1650 2077 1707 ϐοει-

496 1745 671 1787 uzuto
706 1732 775 1765 “‘
814 1733 982 1790 frater
1017 1735 1303 1793 Amsswus
1332 1739 1508 1795 dictus
1543 1741 1711 1796 abbas
1744 1742 1923 1807 Becci,
1965 1759 2072 1798 non
2107 1727 2151 1787 Β

497 1822 723 1892 diligere
767 1828 1051 1893 mundum,
1083 1844 1185 1885 nec
1230 1845 1292 1886 ea
1333 1847 1452 1901 qua:
1481 1833 1534 1887 in
1570 1835 1772 1891 mundo
1798 1843 1948 1900 sunt,
1979 1835 2074 1891 sed

494 1928 524 1964 a
553 1910 663 1968 Deo
684 1916 854 1969 amari
894 1925 950 1972 et
980 1918 1150 1973 Deum
1175 1934 1380 1975 amare.

565 1994 718 2062 Quod
758 2000 909 2068 prius
948 2002 1124 2055 dicam
1167 2003 1220 2056 in
1266 2004 1493 2073 epistoia
1541 2021 1657 2060 mea
1705 2007 1901 2063 dilecto
1941 2008 2074 2064 dile-

493 2086 632 2139 ctori
680 2101 824 2151 meo,
857 2089 959 2143 nisi
989 2089 1131 2160 quod
1162 2092 1400 2149 maxime
1426 2096 1665 2165 postulat
1689 2098 1756 2154 de
1784 2099 2072 2156 dilectione

492 2186 635 2227 mea.
663 2172 861 2228 Anima
907 2190 1142 2248 namque
1170 2180 1364 2237 dilecta
1394 2184 1588 2241 anima:
1630 2203 1766 2243 mea:
1810 2189 2072 2245 mittendo

491 2262 700 2320 litteras
752 2265 1040 2324 dilectione
1092 2269 1414 2342 ﬂagrantes,
1459 2284 1514 2331 et
1559 2276 1902 2335 dilectionem
1956 2281 2070 2336 fra-

489 2364 733 2425 grantes,
782 2359 916 2428 petit
949 2374 979 2414 a
1010 2376 1096 2417 me
1125 2363 1280 2435 signa
1321 2365 1647 2435 dilectionis,
1683 2369 1890 2426 litteras
1934 2387 2069 2427 cou-

489 2446 791 2504 solutionis.
830 2448 969 2516 Quid
997 2462 1178 2509 autem
1201 2454 1435 2523 dulcius,
1465 2459 1593 2529 quid
1610 2458 1922 2528 jucundius,
1950 2478 2070 2532 qua:

487 2536 663 2606 major
705 2541 1008 2596 consolatio
1056 2542 1358 2612 dilectioni,
1408 2562 1572 2618 quam
1623 2549 1882 2606 dilectio?
1929 2551 2068 2620 Quid

487 2626 653 2696 igitur
678 2628 910 2684 scribam
935 2634 1078 2701 quod
1110 2636 1282 2705 magis
1318 2638 1631 2694 consoletur
1661 2648 1714 2696 te
1749 2641 2066 2699 dilectorem

485 2731 669 2771 meum
711 2717 799 2781 ω,
832 2733 996 2789 quam
1025 2721 1150 2792 quia
1182 2723 1260 2777 sic
1292 2732 1343 2779 te
1371 2725 1543 2797 diligit
1589 2728 1769 2783 anima
1808 2745 1957 2798 mea;
2009 2742 2070 2787 ut

485 2805 593 2861 nisi
631 2814 686 2863 te
712 2816 912 2873 teneat,
942 2825 1049 2865 nou
1086 2812 1401 2868 consoletur
1429 2815 1495 2871 de
1525 2824 1575 2886 te
1602 2831 1700 2872 cor
1732 2834 1939 2886 meum,
1966 2836 2070 2878 nec

487 2894 718 2949 satietur
755 2897 1081 2953 desiderium
1115 2916 1314 2956 meum.
1369 2904 1503 2959 Cum
1553 2908 1697 2961 enim
1747 2917 1897 2964 tanta
1935 2911 2068 2966 (ωε-

486 2982 692 3048 ctione,
734 2996 880 3041 tanta
909 2989 1272 3059 postulatione
1317 3010 1475 3065 rogas
1505 3006 1566 3051 ut
1592 3006 1643 3052 te
1670 2984 1923 3070 diligam;
1962 3007 2063 3060 uti-

486 3089 594 3143 que
631 3074 767 3132 facis
799 3088 857 3132 ut
885 3089 937 3134 te
972 3097 1076 3136 non
1120 3083 1293 3138 solum
1323 3059 1600 3144 voluntate
1624 3059 1864 3160 diligam,
1892 3059 1986 3149 sed
2015 3106 2070 3152 et
2097 3059 2142 3120 C

488 3168 811 3223 necessitate
853 3167 1198 3228 desiderem:
1249 3182 1305 3230 et
1356 3186 1504 3233 certe
1561 3178 1696 3233 nihil
1753 3184 2069 3240 consolatur

486 3254 906 3324 desiderantem,
956 3261 1061 3315 nisi
1089 3264 1233 3332 quod
1261 3266 1427 3321 satiat
1463 3268 1815 3339 desiderium,
1850 3282 1903 3328 et
1932 3275 2068 3330 nihil

485 3345 662 3416 magis
697 3355 910 3419 torquet
935 3365 1096 3420 quam
1129 3354 1337 3410 dilatio.
1376 3356 1539 3428 Optat
1569 3362 1794 3418 dilectio
1815 3375 1902 3419 tua
1933 3381 2058 3421 cou-

486 3433 651 3490 solari
693 3437 923 3507 epistola
962 3442 1269 3502 dilectionis
1315 3461 1479 3515 meae;
1525 3450 1796 3508 desiderat
1844 3455 2065 3513 dilectio

484 3540 606 3580 mea
657 3528 912 3587 delectari
960 3538 1247 3603 praesentia
1294 3540 1602 3598 dilectionis
1647 3553 1770 3599 tuae.
1832 3548 1887 3601 Si
1936 3564 2066 3620 ergo

485 3632 597 3679 non
628 3620 709 3674 vis
741 3630 995 3693 torquere
1022 3629 1262 3685 animam
1290 3647 1489 3697 meam,
1519 3638 1657 3690 satia
1684 3637 1754 3670 ⁸⁵⁸
1779 3640 1922 3708 quod
1952 3652 2061 3695 tam

485 3707 750 3773 studiose,
803 3720 911 3766 tam
954 3716 1308 3775 vehementer
1352 3725 1677 3791 accemlisti,
1731 3707 2061 3785 desiderium

483 3813 684 3856 meum.
731 3802 1011 3869 Quomodo
1037 3810 1180 3864 enim
1228 3812 1358 3867 mihi
1408 3814 1545 3870 dicis
1575 3818 1700 3888 quia
1729 3834 1814 3874 me
1855 3821 2058 3892 diligis;

482 3898 539 3944 et
568 3900 706 3948 utte
736 3895 973 3968 diligam,
1006 3901 1184 3964 anima
1214 3903 1408 3961 dilecta
1439 3922 1582 3975 mea,
1632 3910 1765 3965 sinis
1813 3921 2062 3983 torquere

483 3985 779 4050 praecordia
831 3991 997 4044 mea?
1054 3992 1293 4064 Denique
1337 3997 1383 4051 si
1432 3998 1621 4054 eadem
1667 4001 1881 4058 fervent
1929 4004 2062 4060 dile-

482 4070 665 4126 ctione
692 4072 881 4130 intima
914 4086 1025 4143 tua,
1071 4096 1176 4151 qua
1208 4093 1265 4139 et
1310 4100 1428 4141 mea
1451 4128 1464 4152 ,
1507 4104 1727 4147 necesse
1767 4101 1852 4147 est
1884 4102 2056 4149 uten-

482 4158 609 4212 dem
640 4160 908 4217 desiderio
941 4167 1185 4238 liquetiat
1227 4173 1408 4228 anima
1439 4184 1527 4229 tua
1559 4173 1749 4247 quo'et
1775 4195 1915 4236 mea.
1952 4181 2059 4238 Sed

479 4250 750 4318 quomodo
794 4255 877 4309 vel
911 4259 1166 4325 possibile
1205 4271 1288 4318 est
1335 4261 1394 4318 u't
1442 4274 1495 4319 tu
1543 4269 1678 4324 velis
1706 4284 1793 4325 me
1837 4272 2059 4343 diligere

2181 480 2337 526 tuam
2374 486 2439 527 ex
2471 474 2654 529 multis
2674 490 2846 532 sacrae
2870 476 3164 548 Scriptum
3195 481 3375 547 dictis,
3400 490 3463 535 ut
3497 486 3759 541 mundum

2178 568 2235 617 et
2281 563 2776 633 concupiscentiam
2823 566 2940 636 ejus
2982 578 3394 635 contemneres;
3433 572 3482 626 si
3527 586 3593 628 ea
3645 589 3762 645 qua:

2180 652 2277 707 tibi
2306 652 2550 710 dicturus
2598 671 2774 712 essent
2822 658 2938 725 ipse
2998 661 3260 716 nescires.
3307 660 3609 730 Memento,
3638 664 3762 721 chao

2181 743 2421 810 rissime,
2475 748 2601 817 quia
2645 764 2742 819 per
2773 750 3067 807 vanitatem
3110 753 3409 809 transimus
3442 755 3512 810 ad
3559 757 3761 812 veritao

2181 844 2307 892 tem.
2341 838 2457 893 Noli
2501 856 2688 896 amare
2726 842 3043 908 vanitatem,
3097 845 3140 899 si
3172 845 3258 900 vis
3287 846 3539 902 obtinere
3562 848 3761 904 verita-

2181 934 2309 983 tem.
2339 930 2488 985 Scito
2517 930 2643 1000 quia
2684 931 2736 986 in
2777 932 3055 1004 Anglicam
3109 944 3313 989 terram
3354 945 3482 992 ante
3524 938 3761 994 mediam

2180 1018 2320 1075 hanc
2369 1019 2848 1099 Quadragesimam
2897 1024 3238 1094 proficiscor,
3287 1027 3435 1083 circa
3486 1027 3758 1086 Penteco-

2179 1119 2323 1175 steu,
2372 1111 2481 1166 Deo
2514 1122 2806 1183 annuente,
2857 1116 3246 1171 monasterium
3290 1129 3541 1175 nostrum
3579 1135 3764 1176 reverc

2179 1214 2358 1254 surus.
2390 1197 2447 1254 Si
2482 1209 2659 1256 tamen
2691 1203 2831 1259 Deus
2872 1203 3168 1275 inspiraret
3194 1206 3290 1261 tibi
3333 1207 3480 1276 quod
3505 1206 3763 1263 desidero

2179 1298 2237 1345 et
2257 1292 2399 1360 quod
2432 1290 2525 1347 tibi
2553 1292 2852 1362 expediret,
2885 1295 2993 1350 scis
3020 1296 3148 1367 quia
3188 1313 3391 1367 semper
3425 1300 3609 1352 nocuit
3658 1300 3762 1368 dif-

2179 1372 2317 1451 ferre
2344 1382 2411 1415 “7
2438 1384 2660 1453 paratis,
2707 1400 2808 1440 nec
2852 1385 3105 1443 deessent
3149 1390 3243 1459 qui
3283 1398 3339 1443 te
3383 1404 3512 1445 cum
3565 1392 3765 1462 gaudio

2179 1473 2535 1542 susciperent,
2586 1475 2723 1531 sicut
2768 1488 3125 1546 susceperunt
3170 1480 3334 1546 olim,
3380 1496 3470 1537 me
3512 1483 3763 1548 absente,

2179 1564 2433 1620 similiter
2492 1565 2748 1621 domuum
2816 1567 3107 1623 Rodulfum
3181 1570 3353 1626 filium
3426 1571 3762 1630 Lanscelini.

2180 1650 2535 1723 Omnipotens
2570 1652 2831 1710 Dominus
2877 1658 3169 1727 prmveniat
3213 1674 3405 1716 oumes
3449 1660 3763 1719 voluntates

2180 1754 2234 1801 et
2263 1747 2510 1803 actiones
2554 1755 2678 1802 tuas
2721 1763 2820 1803 suo
2861 1749 3123 1814 consilio,
3173 1762 3229 1806 et
3248 1752 3622 1829 subsequatur
3663 1768 3769 1811 suo

2178 1836 2402 1904 auxilio,
2434 1837 2612 1893 amice
2643 1837 2717 1892 mi
2745 1837 3060 1896 dulcissime
3089 1842 3241 1896 cordi
3270 1858 3417 1899 meo.

2530 1956 2690 2028 351
2732 1954 3068 2013 EPISTOLA
3103 1956 3273 2013 XXVI
3310 1957 3406 2013 ⁸⁵⁸.

2595 2064 2664 2103 ΑΒ
2701 2063 2976 2104 MONACHOS
3011 2062 3325 2104 BECCENSES.

2172 2115 2279 2172 Eos
2305 2119 2549 2172 hortatur
2573 2128 2628 2172 ut
2658 2119 2867 2173 absente
2907 2118 3267 2189 cmnobiarcha
3321 2119 3493 2174 vivant
3545 2119 3765 2189 integer-

2243 2189 2374 2242 rime
2399 2202 2419 2240 :
2440 2199 2489 2243 et
2524 2189 2598 2242 eis
2619 2204 2731 2243 sum
2758 2189 2813 2241 in
2839 2187 3028 2259 Anglia
3072 2203 3236 2242 mora:
3259 2204 3450 2243 causa:
3500 2187 3693 2243 reddii.

2243 2280 2488 2338 Dominis
2509 2290 2563 2336 et
2595 2279 2855 2335 fratribus
2877 2279 3240 2345 charissimis,
3269 2280 3445 2334 servis
3473 2281 3566 2335 Dei
3604 2280 3762 2337 Becci

2171 2371 2662 2435 commanentibus,
2689 2368 2858 2424 frater
2883 2369 3167 2425 ANSELMUS
3183 2383 3373 2424 servus
3393 2383 3605 2436 eorum,
3626 2385 3763 2424 sem-

2169 2479 2266 2535 per
2290 2465 2357 2520 ad
2381 2463 2599 2519 meliora
2628 2477 2750 2518 cum
2774 2461 3073 2517 humilitate
3095 2460 3376 2531 proficere,
3404 2469 3459 2516 et
3483 2476 3762 2530 nunquam

2171 2555 2420 2611 deﬁcere.

2240 2643 2385 2699 Bene
2410 2642 2636 2707 fecistis,
2664 2644 2789 2715 quia
2815 2643 2881 2699 de
2911 2643 3074 2698 rebus
3095 2641 3276 2697 domui
3300 2640 3534 2711 Hugonis
3561 2636 3766 2695 defun-

2168 2735 2263 2799 cti,
2286 2743 2342 2789 et
2367 2735 2434 2789 de
2456 2734 2541 2788 bis
2563 2749 2683 2805 qum
2696 2748 2825 2803 erga
2854 2730 2951 2788 vos
2984 2740 3132 2795 sunt,
3182 2730 3307 2785 mihi
3337 2728 3662 2805 mandastis;
3704 2737 3761 2783 et

2168 2828 2296 2898 quia
2325 2825 2502 2897 gratia
2528 2824 2598 2857 δι’
2625 2824 2717 2880 Dei
2748 2838 2843 2879 vos
2872 2830 2928 2879 et
2966 2831 3146 2878 vestra
3184 2820 3388 2891 protegi
3438 2818 3755 2883 iutimastis,

2169 2932 2258 2973 me
2285 2930 2500 2986 semper
2523 2915 2628 2970 hoc
2669 2914 3067 2970 desiderantem
3122 2912 3192 2944 "°
3231 2910 3385 2964 valde
3424 2907 3753 2964 laniﬁcastis.

2173 3008 2441 3075 Quoniam
2465 3014 2644 3062 autem
2677 3020 2773 3061 vos
2803 3005 2918 3060 scio
2945 3019 3051 3059 non
3080 3001 3421 3058 dissimiliter
3445 2999 3753 3054 desiderare

2171 3113 2334 3154 nosse
2361 3113 2480 3168 qua:
2504 3097 2647 3152 circa
2676 3110 2763 3151 me
2796 3103 2946 3161 sunt,
2974 3094 3168 3150 scitote
3209 3092 3463 3161 quoniam
3493 3103 3561 3143 ex
3591 3102 3697 3156 quo
3715 3103 3749 3141 a

2130 3196 2135 3201 ‘
2169 3186 2343 3251 vobis,
2368 3185 2566 3240 vestris
2588 3199 2674 3239 me
2703 3182 3162 3254 prosequentibus
3182 3178 3540 3244 orationibus,
3569 3190 3748 3244 egres-

2169 3294 2262 3336 sus
2286 3277 2635 3344 sum,'omuia
2661 3276 2789 3330 mihi
2818 3289 3075 3346 prospere
3094 3287 3192 3344 per
3215 3272 3311 3327 Dei
3329 3268 3750 3326 misericordiam

2167 3378 2465 3426 evenerunt
2495 3367 2545 3439 (1
2575 3367 2733 3421 Esdr.
2769 3382 2886 3431 vm,
2911 3364 3029 3436 25),
3064 3373 3119 3419 et
3147 3362 3231 3418 his
3250 3362 3343 3432 qui
3369 3375 3582 3416 mecum
3611 3368 3752 3414 sunt.

2171 3462 2489 3529 Ubicunque
2516 3458 2595 3512 vel
2622 3457 2822 3520 eundo,
2848 3455 2933 3510 vel
2961 3452 3223 3509 morando
3251 3468 3402 3519 sum;
3453 3466 3564 3505 non
3602 3451 3755 3505 aliter

2167 3564 2328 3620 quam
2361 3549 2414 3602 iu
2439 3556 2623 3602 nostra
2654 3561 2712 3600 re
2736 3544 2976 3615 propria,
3004 3543 3116 3598 Deo
3151 3542 3413 3607 donante,
3452 3556 3595 3596 sum.
3613 3540 3749 3607 Quo-

2166 3640 2311 3694 niam
2341 3652 2469 3692 vero
2493 3652 2585 3691 rex
2613 3637 2860 3691 chartam
2889 3643 3131 3690 nostram
3164 3635 3231 3690 de
3277 3635 3443 3691 rebus
3494 3649 3629 3702 quas
3658 3634 3747 3686 ha-

2165 3727 2356 3781 bemus
2379 3727 2431 3780 in
2452 3724 2668 3795 Anglia,
2701 3722 2914 3777 nonnisi
2940 3722 3299 3793 praesentibus
3320 3720 3619 3783 datoribus,
3656 3720 3748 3788 qui

2164 3832 2270 3873 non
2300 3830 2490 3871 omnes
2516 3816 2568 3869 in
2600 3816 2747 3869 curia
2771 3813 3019 3869 Paschali
3048 3809 3744 3880 adfuerunt,voluitconlir-

2166 3925 2315 3966 mare
2363 3927 2377 3964 :
2424 3906 2587 3977 jussit
2630 3921 2718 3962 me
2764 3910 2958 3976 usque
2994 3904 3371 3960 PeuteCostem
3422 3903 3492 3959 ad
3547 3902 3743 3959 curiam

2164 4017 2338 4067 suam,
2373 4001 2462 4056 ubi
2490 4014 2680 4055 omnes
2700 3997 2859 4054 simul
2873 3998 2986 4069 jam
3001 4005 3390 4064 convenerunt,
3410 4005 3742 4068 exspectare:

2164 4108 2269 4161 qua
2294 4091 2707 4147 confirmatione
2729 4098 2971 4160 peracta,
3005 4088 3117 4145 Deo
3148 4089 3346 4145 vestris
3365 4089 3585 4144 favente
3628 4104 3743 4160 pre-

2160 4183 2336 4247 cibus,
2364 4181 2431 4236 ad
2455 4181 2823 4237 desiderantes
2844 4187 2899 4234 et
2928 4179 3268 4234 desideratos
3311 4193 3461 4235 meos
3501 4179 3744 4234 desidero

2162 4285 2428 4328 remeare.
2468 4268 2660 4325 Notum
2688 4277 2792 4335 est,
2815 4268 2996 4324 dilecti
3038 4268 3145 4323 mei
3194 4269 3289 4334 “¹,
3336 4268 3601 4327 dulcedini
3656 4284 3744 4323 ve—

482 4345 637 4442 tje,"et
659 4348 724 4442 ,ιιι
751 4356 858 4397 nou
887 4347 1137 4405 similiter
1165 4351 1357 4425 diligas
1387 4356 1515 4411 me?
1540 4356 1619 4413 Ne
1652 4345 1785 4431 εἴρεό
1818 4362 1894 4417 sis
1920 4379 2048 4418 cru-
2083 4387 2128 4442 ι)
2156 4371 2284 4425 strae
2304 4363 2429 4433 quia
2458 4360 2638 4430 religio
2685 4370 2864 4416 vestra
2909 4360 3105 4414 munda
3131 4370 3181 4415 et
3225 4361 3570 4415 immaculata
3609 4360 3743 4430 apud

478 4424 615 4482 delis
658 4429 710 4483 in
746 4435 982 4489 animam
1012 4446 1155 4494 tuam
1187 4451 1242 4496 et
1274 4424 1482 4509 ineant,
1525 4448 1645 4502 veni
1675 4424 1743 4503 et
1771 4451 2054 4509 consolare

475 4528 626 4573 tuam
660 4530 715 4576 et
758 4538 953 4580 meam.
1008 4527 1114 4583 Sed
1160 4547 1283 4587 cum
1326 4536 1525 4592 exieris
1568 4539 1635 4593 de
1672 4539 1890 4597 civitate
1939 4552 2053 4609 tua,

473 4618 594 4667 esto
639 4612 809 4674 Loth:
852 4633 918 4673 ne
969 4623 1227 4691 respicias
1273 4623 1341 4656 'M
1386 4614 1533 4682 retro
1577 4628 1732 4703 (Gen.
1786 4648 1897 4697 vix,
1937 4636 2050 4707 14).

471 4710 671 4767 Oculos
719 4710 858 4766 habe
907 4719 1054 4776 ante,
1103 4721 1161 4766 ut
1189 4712 1373 4770 discas
1402 4717 1543 4771 viam
1592 4722 1659 4774 ad
1702 4723 2048 4789 veniendum,

2160 4454 2332 4515 Beam
2362 4461 2409 4505 et
2441 4448 2654 4505 Patrem
2675 4458 2751 4504 est
2784 4449 2923 4520 (Jac.
2959 4465 2998 4514 l,
3034 4448 3128 4521 27)
3157 4449 3486 4505 desiderium
3544 4464 3740 4509 meum,

2157 4554 2209 4600 et
2239 4543 2379 4598 bona
2406 4542 2511 4596 vita
2540 4547 2717 4596 vestra
2740 4548 2823 4595 est
2850 4540 2904 4594 in
2931 4539 3035 4594 hoc.
3054 4538 3251 4594 saeculo
3266 4539 3521 4610 gaudium
3546 4554 3738 4592 meum.

2159 4633 2216 4688 Si
2247 4631 2379 4703 quid
2408 4645 2537 4701 ergo
2561 4629 2629 4684 de
2656 4638 2834 4685 vestra
2856 4630 3129 4685 charitate
3168 4644 3270 4699 pro
3319 4628 3422 4684 hac
3468 4627 3738 4683 voluntate

2156 4725 2352 4789 merui,
2389 4732 2445 4777 ut
2477 4732 2702 4787 taceam,
2729 4723 2867 4777 bene
2889 4721 3129 4787 vivendi,
3160 4720 3417 4791 primum,
3462 4719 3605 4789 quod
3633 4735 3737 4772 ma-

470 4816 541 4857 ne
570 4801 772 4856 habeas
820 4814 914 4857 eos
967 4813 1131 4872 retro,
1177 4812 1237 4859 ut
1278 4805 1615 4865 obliviscaris
1664 4812 1808 4867 viam
1860 4817 1927 4870 ad
1965 4832 2050 4871 re-
2146 4816 2237 4885 jus
2267 4825 2373 4883 est,
2408 4828 2619 4883 precor,
2652 4813 2884 4868 obsecro
2908 4819 2968 4866 ut
2991 4811 3128 4867 bene
3176 4810 3408 4865 vivendo
3460 4808 3736 4864 Ιίιξιίηοοιίε

466 4890 771 4958 dcundum;
814 4903 1083 4962 quatenus
1129 4911 1253 4950 cum
1299 4896 1560 4967 Apostolo
1610 4902 1936 4960 obliviscaris
1984 4925 2045 4963 ea

462 4999 580 5050 qua:
609 4997 747 5038 retro
785 4994 929 5051 sunt,
957 4994 1011 5040 et
1037 4988 1297 5043 extendas
1326 4997 1379 5044 te
1420 4990 1489 5044 ad
1532 5008 1595 5046 ea
1624 5008 1743 5063 qua:
1767 5004 1893 5051 ante
1920 5006 2043 5053 sunt

463 5070 685 5140 (Philip.
739 5087 820 5134 ιιι,
872 5072 980 5143 l5).
1013 5075 1219 5144 Aperte
1263 5076 1405 5143 dico,
1452 5079 1531 5134 sic
1571 5082 1717 5147 veni,
1770 5093 1829 5138 ut
1880 5085 2048 5141 simul

462 5174 870 5229 conversemur,
921 5163 965 5219 si
1019 5166 1099 5220 vis
1138 5175 1197 5221 ut
1247 5168 1478 5224 invicem
1526 5186 1628 5228 nos
1677 5173 2039 5231 consolemur.

2156 4908 2411 4963 absentes
2433 4916 2487 4961 et
2516 4912 2809 4974 praesentes
2834 4917 2930 4959 cor
2953 4918 3151 4966 meum,
3178 4911 3236 4956 et
3262 4902 3329 4957 de
3379 4901 3522 4955 bono
3562 4909 3734 4953 vcstm

2156 4999 2424 5069 impleatis
2452 4995 2776 5051 desiderium
2798 5003 2851 5050 et
2873 4995 3125 5063 gaudium
3151 5008 3350 5047 meum.
3408 4991 3477 5045 Et
3495 5007 3601 5060 pax
3619 4990 3738 5054 Dei,

2151 5107 2268 5161 qua:
2289 5097 2568 5159 exsuperat
2602 5101 2806 5140 onmem
2830 5102 3062 5152 sensum,
3096 5085 3355 5140 custodiat
3382 5084 3544 5137 corda
3567 5093 3736 5136 vestra

2151 5191 2197 5235 et
2230 5178 2604 5251 intelligentiae
2632 5188 2824 5232 vestras
2859 5177 3117 5249 (Philipp.
3165 5191 3239 5241 tv,
3289 5176 3343 5244 7)

3402 5193 3416 5228 :
3466 5184 3527 5228 ut
3570 5172 3739 5243 magis

1739 5282 1976 5340 νΑΒιλΕ
2017 5285 2415 5346 LECTIONES.

632 5384 839 5464 Qollata
863 5403 982 5464 cunt
1026 5389 1209 5464 eodem
1235 5403 1333 5442 ms.
1383 5389 1795 5464 .‘fﬂGuillelmo
1823 5410 1922 5448 ma.
1951 5395 2234 5453 Guilleuco
2307 5399 2378 5430 ω
2426 5399 2784 5453 Diiecttonem
2817 5413 2991 5453 meam
3034 5415 3130 5454 ms.
3191 5399 3509 5454 dilectorem
3558 5413 3732 5455 meum

461 5451 708 5532 *‘ﬂSatis
732 5456 990 5532 ms..sati__a
1064 5456 1135 5492 ⁸³⁸
1160 5455 1279 5532 _Non
1307 5451 1567 5532 respicias
1596 5476 1693 5513 ius.
1739 5476 1808 5532 ne
1832 5451 2120 5532 respicias
2163 5468 2229 5500 “7
2260 5451 2665 5523 Novitidiﬂ'erre
2687 5484 2785 5521 ms.
2806 5451 2989 5523 nocuit
3010 5451 3373 5523 differremm
3394 5451 3733 5523 taliatalia»;

461 5520 640 5573 eodem
663 5539 765 5578 ms.

465 5587 601 5640 mihi

843 5524 912 5555 “9
942 5524 1008 5579 Et
1037 5526 1207 5594 gratia
1242 5542 1344 5581 ms.
1386 5524 1442 5582 et
1476 5527 1599 5595 quia
1624 5531 1798 5598 gratia
1874 5524 1945 5565 ⁸⁸δ
1980 5536 2332 5594 Desiderante
2354 5554 2451 5592 ms.
2479 5537 2883 5593 desiderantem
2958 5538 3025 5571 ⁸⁸⁸
3057 5539 3246 5594 Ddecti
3287 5540 3393 5594 mei
3415 5554 3516 5593 ms.
3548 5539 3732 5595 dilecti

162 5968 221 6015 κ
