4056 6302
540 257 683 317 N79

1068 259 1128 316 S.
1164 261 1467 320 ANSELMI
1512 266 1863 323 CANTUAB.
1902 264 2220 323 ARCHIEP.
2255 264 2404 323 OPP.
2439 264 2621 324 PARS
2656 266 2742 324 III.
2779 299 2847 309 —
2885 269 3261 329 EPISTOL£.

3663 271 3787 328 "80

537 383 666 425 nam
690 367 945 425 Basiliam
974 386 1039 426 ος
1068 384 1248 429 ηοειη
1275 385 1450 443 ραι-ιε,
1486 386 1688 446 quamq
1708 378 1917 436 dulcius
1957 386 2112 450 pote-
2142 385 2187 444 Α
2219 382 2333 430 tum
2351 376 2607 446 gaudium
2644 377 2882 453 perfudit
2907 391 3002 433 cor
3028 393 3230 444 meum,
3279 389 3551 450 quantum
3578 383 3795 441 dilatata

536 457 656 523 stis,
686 459 947 529 salutate;
979 472 1032 517 et
1058 477 1175 529 eos,
1199 466 1341 521 sicut
1368 477 1540 523 voset
1570 468 1693 525 illos
1710 470 1885 535 decet,
1919 480 1975 527 et
2016 486 2118 526 no-

534 555 705 602 stram
743 551 894 606 scitis
942 552 1275 610 voluntatem
1309 597 1325 622 ,
1380 559 1668 616 serviendo
1720 570 1776 614 et
1806 561 2119 616 honorando

530 638 858 696 confortate.
885 641 940 697 Si
973 644 1255 715 plusquam
1312 649 1421 703 dixi
1454 666 1662 707 moram
1717 651 1919 720 fecero,
1981 653 2115 708 tole-

532 734 677 792 rate;
709 729 834 797 quia
865 745 1024 802 spero
1051 733 1104 789 in
1129 737 1259 803 Deo,
1293 753 1400 794 non
1429 741 1533 795 erit
1561 743 1683 798 sine
1735 742 1913 812 aliqua
1967 743 2117 798 utili-

529 820 658 871 tate.

1026 911 1361 973 EPISTOLA
1399 918 1613 976 XXVII.

1116 1021 1184 1059 AD
1224 1022 1534 1065 BOBEBTUM.

539 1097 604 1171 Ut
626 1106 736 1174 qui,
758 1107 937 1163 relicto
956 1119 1272 1193 monasterio
1288 1136 1403 1183 suo,
1423 1121 1614 1191 absque
1639 1140 1800 1179 causa
1815 1133 1865 1178 et
1887 1124 2000 1193 ipso
2020 1124 2114 1181 ab-

544 1230 549 1233 .
824 1218 825 1221 η
860 1192 1002 1237 sonte
1030 1185 1334 1242 discesserat
1362 1229 1377 1252 ,
1406 1207 1466 1244 eo
1492 1185 1795 1247 revertatur.

599 1262 830 1321 Domino
858 1280 912 1324 et
961 1272 1116 1329 fratri
1168 1277 1481 1334 dulcissimo
1532 1282 1787 1338 Roaen'ro
1831 1284 2113 1342 ANSELIUS

516 1353 751 1411 salutem
781 1369 836 1414 et
859 1362 1025 1417 vitam
1049 1371 1305 1438 consequi
1330 1371 1737 1441 sempiternam.

544 1514 547 1519 _
597 1445 809 1505 Dictum
839 1463 923 1508 est
950 1456 1078 1510 lllIIlI
1117 1459 1241 1526 quia
1287 1471 1572 1531 postquam
1606 1465 1676 1520 ivi
1728 1466 1781 1520 in
1837 1467 2107 1537 Angliam,

524 1537 778 1595 noluistis
801 1541 854 1594 in
889 1550 1221 1604 monasterio
1252 1559 1430 1606 vestro
1468 1557 1801 1610 conversari.
1861 1558 2016 1624 Quod
2062 1559 2106 1614 si

522 1625 724 1684 factum
750 1640 837 1688 cst
860 1632 1001 1692 bono
1036 1638 1219 1695 animo
1244 1649 1297 1694 et
1328 1653 1551 1713 propter
1579 1647 1953 1702 rationabilem
1974 1638 2110 1721 eau-

2220 475 2304 520 est
2328 480 2454 536 spes
2474 481 2592 522 mea
2625 468 2691 521 de
2719 469 2894 534 vobis,
2916 478 3178 538 quantum
3205 472 3352 540 prius
3382 473 3608 539 ardens,
3633 477 3796 531 vehe-

2219 558 2454 611 mentius
2475 558 2679 613 exarsit
2706 559 3030 615 desiderium
3062 576 3240 615 meum
3284 564 3351 617 de
3380 564 3557 620 vobis.
3590 565 3799 623 Concu-

2164 642 2169 647 ’
2216 648 2433 723 piscunt
2467 648 2578 718 jam
2604 688 2620 716 ,
2668 650 2997 706 dilectissimi
3046 652 3194 717 mei,
3233 656 3625 726 concupiscunt
3658 660 3795 716 oculi

2217 736 2325 792 mei
2355 738 2531 794 vultus
2558 748 2786 809 vestros,
2811 743 3108 805 extendunt
3131 758 3192 800 se
3212 746 3436 801 brachia
3468 762 3590 804 mea
3618 749 3800 805 inam-

2216 824 2404 893 plexus
2426 837 2655 894 vestros.
2678 831 2906 886 Anlielat
2928 832 2996 886 ad
3042 834 3228 899 oscula
3259 846 3439 891 vestra
3483 852 3549 893 os
3597 854 3796 905 meum,

2216 916 2488 973 desiderat
2510 921 2976 977 conversationem
3030 934 3269 980 vestram
3322 928 3590 997 quidquid
3636 939 3800 986 restat

2214 1006 2280 1062 de
2305 1011 2417 1064 vita
2455 1026 2595 1077 mea,
2621 1022 2681 1066 ut
2710 1013 2761 1067 in
2794 1013 2955 1083 pleno
3001 1017 3197 1086 gaudio
3240 1015 3437 1073 futurae
3473 1020 3599 1075 vita:
3623 1022 3799 1077 vobis-

2215 1114 2336 1154 cum
2364 1103 2587 1172 gaudeat
2618 1094 2800 1158 anima
2832 1119 2951 1161 mea
2996 1104 3113 1161 Hoc
3136 1116 3349 1176 optant,
3394 1110 3501 1165 hoc
3527 1120 3693 1166 orant
3735 1113 3798 1169 de

2213 1191 2364 1248 vobis
2391 1193 2630 1249 ardentia
2660 1211 2757 1265 pro
2792 1197 2946 1253 vobis
2999 1193 3209 1253 intima
3243 1214 3386 1266 mea,
3445 1202 3756 1259 cbarissimi
3777 1244 3795 1270 ,

2182 1282 2313 1337 .ltoc
2342 1284 2453 1353 jam
2487 1284 2736 1342 ﬁdentius
2760 1298 3001 1358 sperant,
3031 1300 3087 1344 et
3121 1297 3190 1345 ad
3218 1290 3322 1347 boc
3371 1294 3661 1350 ardentius
3700 1311 3799 1352 an-

2214 1369 2416 1437 Itelant,
2448 1372 2575 1441 quia
2598 1388 2697 1428 vos
2724 1374 2776 1429 in
2807 1375 3260 1433 Nortbmanniam
3286 1379 3517 1435 adduxit
3548 1382 3796 1439 voluntas

2209 1459 2491 1514 Altissimi.
2527 1460 2698 1529 Spero
2718 1464 2860 1518 enim
2893 1466 3120 1533 orando,
3151 1476 3207 1521 et
3232 1483 3330 1522 oro
3359 1473 3632 1539 sperando
3658 1473 3709 1527 in
3733 1488 3796 1530 eo
3892 1472 3902 1483 ’

2210 1551 2417 1619 ςηίδυο
2448 1555 2617 1623 gratia
2650 1563 2858 1609 tantum
2890 1554 3042 1622 fecit,
3089 1558 3215 1626 quia
3265 1561 3566 1617 secundum
3618 1574 3794 1619 votum

2210 1657 2388 1697 meum
2413 1644 2655 1714 perﬁciet
2681 1647 2823 1715 quod
2850 1647 3096 1718 inctcpit.
3146 1649 3253 1719 Sed
3306 1653 3566 1720 quoniam
3627 1655 3794 1711 donec

520 1735 661 1786 sam,
686 1732 959 1797 utcunque
985 1740 1161 1798 potest
1189 1732 1406 1790 tolerari
1431 1753 1447 1801 ;
1493 1738 1536 1792 si
1568 1754 1697 1792 vero
1747 1741 1929 1810 aliquo
1958 1758 2097 1797 .ran-

2206 1735 2419 1789 videam
2444 1737 2587 1806 quod
2612 1744 2764 1807 opto,
2793 1737 3041 1793 stimulat.
3071 1754 3159 1806 me
3202 1739 3530 1796 desiderium
3588 1759 3788 1812 meum,

520 1824 650 1866 core
681 1811 884 1870 factum
912 1827 1016 1885 est,
1044 1822 1238 1877 scitote
1262 1827 1267 1832 ’
1294 1843 1379 1882 me
1428 1828 1653 1884 multum
1706 1832 1915 1906 mirari.
1966 1833 2103 1889 Nam

517 1902 731 1960 etiamsi
757 1905 971 1965 habetis
994 1912 1229 1982 aliquam
1278 1932 1523 1983 causam,
1581 1903 1713 1990 quae
1757 1922 1910 1977 vobis
1955 1933 2101 1979 recta

516 1991 753 2060 videtur,
779 2008 835 2051 ut
863 2014 893 2053 a
923 2006 1257 2077 monasterio
1292 2019 1475 2064 vestro
1506 2026 1599 2065 vos
1641 2012 1983 2080 alienaretis;
2017 2014 2102 2071 vel

516 2096 740 2152 propter
777 2103 1017 2149 amorem
1050 2105 1292 2151 nostrum
1334 2100 1551 2156 deceret
1603 2118 1698 2157 vos
1742 2114 2103 2174 exspectare,

460 2164 465 2169 ’
516 2170 688 2227 donec
715 2176 845 2230 mibi
877 2193 989 2234 rem
1020 2182 1213 2252 ipsam,
1246 2201 1366 2256 qua:
1396 2204 1492 2244 vos
1520 2191 1837 2263 oll'enderet,
1882 2196 2101 2251 intima-

517 2258 679 2328 retis;
705 2271 760 2317 et
787 2266 980 2322 deinde
1009 2281 1195 2328 nostro
1219 2276 1446 2333 consilio
1499 2289 1596 2335 cer
1648 2258 1911 2349 vestrum,
1943 2285 2104 2341 sicut

514 2348 730 2408 servum
754 2355 845 2411 Dei
870 2358 1108 2429 deceret,
1162 2369 1451 2433 pacaretis.
1505 2370 1705 2431 Precor
1754 2375 1916 2445 igitur
1952 2387 2010 2431 ut
2054 2378 2103 2434 si

513 2457 602 2497 me
627 2454 685 2499 et
706 2448 990 2505 consilium
1029 2469 1207 2510 meum
1240 2457 1484 2528 diligitis,
1513 2463 1649 2518 sicut
1680 2479 1781 2532 ego
1822 2480 1918 2521 vos
1963 2483 2104 2523 sem-

494 2547 611 2602 per
636 2536 797 2592 dilexi
825 2548 881 2594 et
904 2541 1090 2614 diligo,
1115 2546 1180 2600 ad
1205 2552 1592 2607 monasterium
1624 2544 1865 2610 vestrum
1919 2559 2103 2612 venia-

514 2624 602 2714 tis,
630 2634 687 2680 et
714 2626 785 2682 ibi
818 2644 939 2685 cum
967 2633 1089 2690 aliis
1112 2637 1335 2704 paciﬁca
1355 2649 1408 2694 et
1436 2639 1663 2714 benigna
1692 2646 2101 2704 conversatione

514 2713 627 2771 Deo
656 2720 925 2777 serviatis.
964 2725 1022 2780 Si
1051 2737 1229 2783 autem
1258 2731 1390 2787 mihi
1434 2735 1779 2803 acquiescere
1818 2738 2104 2797 nolueritis

515 2806 713 2863 scitote
729 2811 857 2879 quia
884 2814 1079 2871 animae
1105 2829 1298 2875 vestrae
1330 2835 1433 2876 non
1457 2824 1697 2892 expedit,
1739 2835 1791 2880 et
1823 2842 1910 2882 me
1970 2843 2101 2883 con-

513 2895 760 2955 tristatis.
784 2900 937 2967 Quod
965 2906 1010 2960 si
1039 2910 1193 2963 vobis
1214 2927 1378 2979 grave
1407 2922 1492 2967 est
1534 2915 1728 2982 placita
1757 2926 1943 2972 tenere
1981 2935 2102 2989 qua:

515 2985 667 3044 vobis
718 2996 1117 3062 commendavi,
1147 3001 1321 3072 magis
1370 3002 1491 3058 volo
1549 3013 1606 3059 ut
1660 3006 1748 3061 illa
1809 3009 2096 3068 dimittatis

2208 1823 2421 1878 interim
2452 1842 2517 1879 ea:
2551 1828 2726 1881 cordis
2750 1827 3077 1883 abundantia
3099 1827 3335 1899 loquitur
3354 1846 3413 1885 os
3432 1830 3641 1893 (Matth.
3681 1850 3784 1901 xu,

2206 1913 2296 1986 54)
2327 1930 2526 1970 meum.
2562 1915 2797 1993 Gustata,
2827 1918 3220 1984 amantissimi,
3273 1936 3447 1991 quam
3497 1924 3666 1979 suavis
3713 1935 3790 1980 est

2205 2004 2462 2060 Dominus
2490 2004 2661 2078 (Psal.
2701 2023 2894 2073 sum,
2932 2014 3021 2077 9);
3074 2009 3216 2079 quod
3268 2026 3613 2083 nequaquam
3654 2014 3793 2072 seire

2205 2094 2431 2163 potestis
2462 2095 2699 2164 quandiu
2728 2096 2900 2152 dulcis
2926 2106 3012 2153 est
3038 2097 3191 2154 vobis
3216 2101 3471 2156 mundus.
3496 2100 3682 2166 Scitis,
3711 2104 3803 2158 dk

2204 2183 2479 2239 lectissimi
2508 2185 2635 2250 mei,
2663 2187 2788 2257 quia
2819 2188 3047 2242 mundus
3075 2188 3317 2244 transibit
3337 2198 3386 2243 et
3406 2193 3792 2261 concupiscen-

2203 2275 2279 2345 tia
2309 2275 2424 2344 ejus
2451 2275 2505 2347 (Ι
2533 2277 2696 2331 Joan.
2739 2293 2800 2345 lt,
2860 2277 2984 2348 I7);
3030 2277 3170 2333 Deus
3218 2288 3399 2334 autem
3454 2284 3796 2350 permanebit

2204 2364 2376 2435 (l’sal.
2402 2383 2473 2429 cr,
2500 2367 2609 2438 l3),
2637 2378 2691 2424 et
2710 2369 2887 2424 omnis
2917 2369 3090 2440 gloria
3120 2370 3191 2402 W‘
3213 2368 3353 2439 ejus.
3381 2370 3482 2439 Qui
3508 2388 3646 2445 ergo
3672 2373 3789 2428 dili-

2204 2456 2282 2527 git
2328 2458 2585 2513 mundum
2611 2500 2628 2526 ,
2679 2468 2920 2515 sectatur
2963 2460 3280 2531 vanitatem,
3332 2470 3389 2516 et
3427 2473 3801 2533 consequetur

2204 2533 2455 2600 miseram
2474 2534 2857 2619 "indigentiam;
2890 2548 2979 2618 qui
3003 2557 3209 2614 autem,
3230 2558 3537 2621 contempto
3560 2555 3795 2619 mundo,

2203 2632 2354 2705 eligit
2382 2634 2572 2702 Deum,
2603 2638 2850 2707 sequitur
2897 2639 3184 2694 veritatem
3213 2648 3267 2695 et
3293 2640 3521 2696 inveniet
3564 2642 3796 2699 beatam

2202 2725 2737 2785 sullicientiam.Sed
2782 2729 2910 2800 quid
2966 2738 3194 2786 cunctor
3248 2730 3314 2785 ⁸⁵⁵
3372 2741 3566 2802 aperte
3611 2733 3799 2791 dicere

2202 2816 2529 2872 desiderium
2553 2819 2734 2874 cordis
2754 2820 2901 2888 mei?
2921 2819 3109 2876 Dicam
3139 2836 3242 2894 ego
3286 2840 3301 2876 :
3350 2823 3687 2881 Persuadeat
3720 2826 3796 2859 “'

2203 2906 2365 2961 Deus.
2389 2906 2692 2963 Desiderati
2719 2909 2848 2974 mei,
2876 2909 3011 2965 nihil
3033 2918 3143 2965 tam
3173 2910 3312 2967 bene
3337 2914 3564 2982 potestis
3585 2957 3602 2981 ,
3630 2931 3793 2986 quam

2204 2996 2518 3052 monasticae
2544 2997 2667 3053 vita:
2696 2996 3032 3070 propositum
3062 3000 3337 3073 arripere;
3387 3018 3648 3075 nusquam
3676 3021 3794 3060 me-

511 3090 674 3145 quam
704 3083 849 3150 quod
872 3084 1109 3141 animam
1138 3097 1233 3143 aut
1253 3088 1454 3146 famam
1484 3099 1720 3150 vestram
1751 3096 1908 3153 laedat
1932 3098 2097 3154 facia-

2205 3084 2311 3140 lius
2337 3086 2439 3141 hoc
2470 3088 2714 3156 potestis,
2745 3104 2909 3160 quam
2939 3105 3062 3146 cum
3092 3090 3184 3147 illo
3228 3093 3325 3163 qui
3368 3095 3519 3150 vobis
3572 3096 3623 3149 in
3680 3096 3794 3153 boe

509 3168 601 3225 tis.
628 3169 743 3251 Non
774 3173 898 3231 dico
927 3179 1089 3234 modo
1138 3176 1301 3239 verba
1354 3184 1811 3256 inconvenientia,
1866 3206 1987 3260 qua:
2031 3192 2098 3250 dc

504 3262 663 3319 vobis
684 3281 783 3336 pro
806 3267 908 3324 hac
954 3273 1240 3331 occasione
1282 3276 1533 3334 dicuntur
1568 3281 1621 3335 in
1661 3282 1875 3353 Anglia.
1917 3282 2101 3339 Valeat

509 3353 640 3409 mihi
668 3356 840 3415 dulcis
864 3361 1104 3420 cbarilas
1134 3378 1345 3435 vestra;
1397 3379 1451 3425 et
1505 3387 1572 3427 ne
1615 3371 1782 3428 faciat
1828 3376 1973 3444 quod
2014 3392 2099 3432 me

507 3448 815 3518 contristet,
853 3454 977 3523 quia
996 3453 1237 3535 jucunda
1265 3469 1349 3516 est
1375 3461 1505 3517 mibi
1542 3464 1846 3536 benignitas
1898 3476 2096 3522 vestra.

949 3566 1282 3629 EPISTOLA
1312 3571 1525 3628 XXVIII
1562 3574 1653 3626 ⁸⁸³.

738 3666 806 3704 ΑΒ
832 3668 1118 3713 ΠΔῩΙΟΝΕΙ
1141 3676 1212 3715 E'I‘
1242 3677 1559 3720 RAYNALDUII
1590 3681 1884 3724 IONACIIOS.
1930 3676 1937 3682 ’

509 3735 763 3828 Ut‘pierci
777 3745 1039 3828 cucullum
1066 3750 1311 3828 induruit.
1333 3755 1426 3828 qui
1446 3771 1474 3809 ε
1507 3755 1788 3828 longinquo
1834 3758 1961 3813 illuc
2006 3777 2098 3816 oe-

576 3814 1039 3937 zerfn‘t'fAmelmi
1089 3814 1388 3878 convisendi
1439 3814 1727 3895 ἥρω’εὼ
1771 3814 2101 3886 vehementer

613 3898 672 3937 or
695 3900 726 3935 a
810 3918 837 3937 κ.
1254 3916 1261 3923 ο
1778 3914 1779 3917 ‘

613 3898 837 3937 ortam.
1254 3916 1261 3923 '
1778 3914 1779 3917 “

580 3970 705 4062 Suis
729 3973 1093 4035 tlilectissimis
1134 3989 1191 4037 et
1241 3983 1717 4045 desideratissimis
1768 3989 2095 4062 consangui-

508 4058 627 4114 neis
657 4058 900 4118 HAYIIONI
927 4074 981 4120 et
1037 4067 1322 4127 [intumo
1374 4072 1544 4130 frater
1581 4078 1865 4134 Auseuus
1907 4058 2098 4136 servus

506 4164 786 4219 servorum
808 4153 902 4210 Dei
933 4156 1088 4214 Becci
1116 4154 1598 4230 commanen'tium,
1637 4178 1745 4224 tota
1778 4172 1979 4226 virtute
2008 4187 2096 4227 va-

506 4242 731 4298 nitatem
759 4255 1123 4316 contemnere,
1170 4261 1225 4307 et
1281 4262 1397 4311 toto
1444 4256 1640 4314 atl‘cctu
1690 4260 1759 4315 ad
1811 4261 2094 4317 veritatem

505 4338 853 4395 contendere.

2198 3173 2470 3230 desiderat
2493 3184 2551 3230 et
2576 3185 2777 3246 potest,
2807 3176 2917 3234 Deo
2945 3183 3128 3247 dante,
3154 3182 3365 3239 servire
3401 3193 3457 3240 et
3482 3184 3786 3241 consulere.

2203 3252 2398 3337 UtiQue
2427 3282 2535 3323 non
2563 3267 2710 3335 t‘allo,
2735 3277 2861 3339 quia
2889 3271 3097 3328 amicus
3120 3288 3271 3340 sum;
3306 3284 3457 3331 certe
3484 3289 3587 3330 nec
3615 3275 3786 3342 fallor,

2198 3358 2324 3428 quia
2353 3366 2611 3428 expertus
2636 3373 2778 3414 sum.
2814 3358 2999 3416 Simus
3022 3376 3153 3432 ergo
3183 3364 3437 3421 monachi
3458 3366 3649 3429 simul.
3670 3381 3786 3422 ser-

2198 3450 2412 3505 viamus
2432 3449 2543 3506 Deo
2564 3449 2745 3517 simul,
2774 3459 2834 3506 ut
2858 3451 2928 3508 de
2952 3452 3185 3510 invicem
3229 3469 3376 3510 nunc
3408 3465 3466 3510 et
3499 3456 3555 3510 in
3612 3456 3787 3512 futuro

2197 3542 2528 3613 gaudeamus
2546 3542 2706 3598 simul
2732 3558 2836 3599 una
2856 3559 3007 3613 caro,
3039 3561 3177 3601 unus
3190 3546 3431 3618 sanguis,
3455 3562 3566 3602 una
3587 3548 3787 3614 animo,

2200 3644 2338 3687 unus
2367 3631 2590 3701 spiritus
2611 3633 2806 3689 simus.
2828 3633 3072 3705 Denique
3105 3637 3453 3702 accessistis,
3482 3638 3790 3694 accedentia

2198 3719 2576 3786 succendistis,
2599 3723 2978 3780 succendendo
3024 3724 3095 3757 ⁸⁸⁷
3151 3725 3452 3794 conﬂastis,
3508 3726 3787 3783 conﬂaodo

2197 3808 2574 3867 consolidastis
2602 3811 2835 3868 animam
2862 3828 3038 3869 meam
3066 3829 3188 3870 cum
3231 3816 3523 3872 animabus
3566 3819 3782 3873 vestris.

2200 3900 2383 3957 Scindi
2410 3912 2607 3971 potest,
2644 3905 2855 3961 secerni
2872 3905 2986 3974 jam
3012 3921 3119 3962 non
3171 3918 3370 3978 potest.
3428 3908 3673 3965 Trahere
3721 3910 3788 3965 il—

2198 3991 2305 4046 lam
2334 3992 2403 4046 ad
2433 3993 2996 4053 szeculumvobiscum
3023 3996 3185 4068 352
3213 4014 3319 4054 non
3379 4001 3630 4070 potestis.
3680 4001 3789 4055 Aut

2197 4093 2327 4151 ergo
2356 4097 2478 4138 cum
2509 4083 2596 4137 illa
2620 4073 2928 4154 manebitis,
2953 4095 3045 4141 aut
3067 4087 3211 4143 illam
3246 4090 3529 4147 scindetis.
3575 4091 3688 4147 Sed
3735 4091 3784 4147 si

2200 4172 2274 4227 illi
2304 4173 2613 4241 cohaeretis,
2641 4190 2746 4231 non
2775 4177 2949 4233 solum
2981 4181 3391 4251 consanguinei,
3444 4182 3540 4238 sed
3567 4193 3626 4239 et
3652 4198 3787 4239 con-

2199 4266 2511 4336 spirituales
2537 4269 2686 4324 estis.
2717 4268 2774 4324 Si
2806 4285 2936 4326 vero
2967 4271 3113 4327 illam
3170 4273 3447 4342 scinditis,
3490 4292 3600 4331 non
3648 4291 3784 4332 con-

2198 4358 2504 4428 sanguinei,
2533 4359 2628 4414 sed
2655 4375 2782 4416 vere
2803 4362 3083 4433 sanguinei
3112 4372 3167 4418 et
3204 4365 3455 4421 carnales
3504 4366 3660 4423 estis.
3721 4366 3782 4423 Si

528 4420 537 4499 ξ
578 4423 731 4499 Cum.
760 4431 963 4496 audivi,
1027 4436 1221 4493 animae
1277 4434 1638 4500 dilectissima:
1683 4446 1881 4502 animae
1929 4463 2083 4517 meae,
2120 4430 2168 4491 Ι)
2193 4447 2262 4502 ad
2289 4420 2395 4503 lico
2420 4420 2662 4516 venistis,
2696 4465 2792 4507 vos
2822 4420 3180 4522 ipsijudicate
3220 4456 3311 4525 qui
3355 4465 3413 4511 et
3460 4458 3650 4528 quales
3696 4459 3780 4513 di-

507 4528 644 4581 quas
666 4516 806 4572 sicut
834 4528 899 4573 se
921 4521 1114 4593 diligit,
1146 4534 1203 4581 et
1229 4527 1295 4581 de
1321 4529 1517 4596 quibus
1565 4535 1708 4602 quod
1736 4533 1803 4589 de
1831 4550 1910 4601 se,
1944 4536 2089 4592 desi-

490 4604 660 4667 ,derat
684 4608 863 4664 anima
898 4625 1049 4678 mea;
1089 4628 1211 4669 cum
1263 4618 1440 4673 audivi
1499 4636 1595 4677 vos
1637 4624 1707 4679 de
1766 4634 1876 4680 tam
1931 4627 2088 4698 longe

501 4699 816 4779 quaesivisse
834 4701 1029 4760 faciem
1053 4720 1249 4773 meam,
1300 4711 1605 4789 capt-imae
1658 4730 1867 4787 nequeo
1910 4735 2082 4788 quan-

2193 4537 2347 4595 cendi
2377 4538 2531 4594 estis.
2559 4537 2663 4595 Se'd
2686 4540 2854 4595 absit!
2885 4542 3220 4610 cbarissimi;
3249 4545 3343 4601 sed
3363 4556 3580 4603 avertat
3609 4547 3775 4614 Deus,

2191 4626 2548 4696 dilectissimi,
2584 4645 2651 4684 ne
2678 4638 2785 4685 tam
2813 4631 3187 4689 insanabiliter
3224 4636 3461 4691 animam
3512 4652 3609 4693 vos
3658 4638 3781 4691 diti-

2190 4728 2405 4788 gentem
2439 4720 2511 4753 ⁸⁸⁸
2538 4730 2595 4776 et
2617 4735 2743 4793 erga
2773 4737 2869 4778 vos
2890 4723 3233 4781 innocentem
3257 4726 3499 4806 lzedatis;
3548 4732 3621 4785 ne
3664 4736 3778 4783 tam

1179 4870 1191 4884 .
1620 4874 1663 4884 _
1785 4807 2097 4884 “null

2200 4812 2468 4884 nones.
2706 4872 2710 4875 Α
2906 4868 2913 4873 ,

522 4902 527 4906 .
573 4859 644 4959 ξω
675 4860 882 4918 Collata
929 4881 1049 4959 aqua.
1095 4870 1273 4959 eodem
1306 4888 1429 4959 ἠως
1500 4873 1570 4956 ξιι
1598 4859 2560 4959 -r;_a_n§jt}_i(.“ét"bE.T.i“s'Eii-Em.
2597 4868 2959 4959 transibit_,et
2976 4889 3411 4959 concupiscentia
3446 4889 3567 4959 eius
3590 4909 3607 4945 :
3632 4890 3779 4947 Deus

450 4964 455 4969 -
503 4939 682 5010 autem
714 4937 1135 5010 permanebitet
1175 4941 1350 4996 omnis
1380 4943 1549 5010 gloria
1663 4947 1734 4983 ⁸⁸³

1763 4947 1901 5014 Quid
1939 4964 2160 5022 cunctet
2189 4947 2287 5009 ηιεῖ
2325 4954 2452 5022 quid
2493 4964 2719 5021 cunctor

2825 4956 3116 5029 "‘uDicam
3153 4956 3259 5029 ego
3303 4956 3629 5029 persuadeat
3668 4978 3777 5016 sis.

503 5000 680 5090 9553'“
710 5000 812 5090 93°
839 5020 854 5057 ³
904 5009 1239 5088 Ρθτευεὲάεθιυ
1321 5000 1744 5090 "'VAccedendo
1773 5000 2160 5079 Eue'ceh'a‘éiitié
2328 5000 3060 5090 accedend'ovsnccendistis,
3085 5000 3640 5087 wgmtﬁndo-WW
3667 5030 3778 5088 vos

501 5069 815 5142 diligentem
856 5069 957 5131 nis.
1006 5078 1243 5134 animam
1268 5096 1363 5138 vos
1400 5069 1710 5155 diligentem

1765 5178 1883 5237 JOA
1894 5181 2048 5240 NNIS
2089 5184 2361 5245 PICARDI
2391 5187 2622 5243 NOTAE.

501 5241 728 5322 vocatur
754 5235 1005 5322 Blancart
1028 5254 1094 5296 ao
1121 5256 1359 5310 praesens
1389 5245 1653 5322 absolute,
1695 5263 1727 5322 e
1751 5257 1775 5306 t
1811 5235 2071 5322 reliquam

497 5314 710 5394 partem
734 5308 968 5394 mediam
994 5308 1374 5394 post'tnortem
1406 5315 1529 5371 Evae
1576 5308 1766 5376 uxoris
1789 5308 1940 5387 suae;
1957 5324 2071 5394 ipsa

499 5373 714 5429 volente
735 5383 790 5428 et
816 5373 1204 5435 consentiente.
1238 5401 1257 5434 ι

525 5461 529 5465 ’
566 5442 838 5529 pateran
868 5445 1821 5529 Nortbmannorumcomitem-supra
1870 5477 2076 5520 memo-

500 5513 1102 5603 za-t.ttp:i__allu‘nt__putes.
1145 5535 1309 5603 quam
1355 5513 2076 5603 VXillielmumrcognom-ine

504 5577 779 5659 Spurium.
807 5577 954 5637 Nam'
972 5577 1343 5659 intliplomate
1384 5577 2073 5659 Βετιῖιίἧίῃῆοῆ

502 5657 747 5716 vocatur,
775 5662 829 5706 et
859 5656 1001 5724 quod
1029 5657 1118 5712 ille
1175 5659 1285 5729 ipse
1316 5660 1386 5716 sit
1428 5664 1518 5731 qui
1552 5666 1755 5738 Anglos
1793 5656 2071 5742 devicerit,

2181 5268 2369 5326 aperte
2430 5259 2716 5327 palamque
2762 5258 2947 5313 dicunt
3004 5261 3342 5328 insequentia
3399 5262 3521 5318 haec
3555 5262 3772 5320 verba:

2187 5346 2206 5378 ο
2233 5328 2382 5383 Hanc
2404 5329 2746 5385 donationem
2769 5331 3424 5404 conti_rmavitWillelmtts
3444 5347 3541 5404 rex
3566 5334 3776 5404 Anglo—

2182 5413 2325 5466 rum,
2356 5414 2478 5474 cum
2503 5408 2646 5474 esset
2671 5407 2854 5454 comes
2880 5398 3431 5474 Nortltmannorum.»
3459 5402 3529 5457 Et
3547 5398 3773 5474 quidem

2185 5469 2539 5538 quamplures
2562 5470 2670 5524 illic
2700 5480 3053 5524 recensentur
3073 5470 3174 5525 viri
3219 5473 3452 5537 nobiles,
3476 5485 3534 5529 at
3553 5469 3778 5529 comitis

2190 5538 2335 5593 nudo
2358 5540 2598 5595 contenti
2629 5539 2869 5602 nomine,
2902 5540 3098 5595 unicus
3133 5539 3634 5599 Northmannorum
3660 5543 3774 5599 du:

2185 5607 2487 5680 appellatur
2512 5624 2693 5665 comes
2716 5607 3230 5666 Nortbmannornm.

136 5960 265 6039 Ἄ
3584 5994 3601 6005 ⁸
3666 6016 3699 6047 ηε

272 6050 275 6055 .
3502 6094 3511 6105 γ
3530 6102 3543 6121 ³.
