  <div class='ocr_page' id='page_1' title='image "/cluster/home/n/w/nwhite01/storage/ocr_20150623/158/hvd.32044024236689/644.png"; bbox 0 0 4056 6302; ppageno 0'>
   <div class='ocr_carea' id='block_1_1' title="bbox 227 299 353 360">
    <p class='ocr_par' dir='ltr' id='par_1_1' title="bbox 227 299 353 360">
     <span class='ocr_line' id='line_1_1' title="bbox 227 299 353 360; baseline 0.016 -2"><span class='ocrx_word' id='word_1_1' title='bbox 227 299 353 360; x_wconf 85' lang='lat' dir='ltr'><strong>ll8i</strong></span> 
     </span>
    </p>
   </div>
   <div class='ocr_carea' id='block_1_2' title="bbox 1558 303 2249 365">
    <p class='ocr_par' dir='ltr' id='par_1_2' title="bbox 1558 303 2249 365">
     <span class='ocr_line' id='line_1_2' title="bbox 1558 303 2249 365; baseline 0.007 -5"><span class='ocrx_word' id='word_1_2' title='bbox 1558 303 1685 360; x_wconf 84' lang='lat' dir='ltr'><strong>LIB.</strong></span> <span class='ocrx_word' id='word_1_3' title='bbox 1726 306 1790 362; x_wconf 85' lang='lat' dir='ltr'><strong>ll.</strong></span> <span class='ocrx_word' id='word_1_4' title='bbox 1822 307 2035 364; x_wconf 78' lang='lat' dir='ltr'><strong>EPIST.</strong></span> <span class='ocrx_word' id='word_1_5' title='bbox 2074 307 2249 365; x_wconf 76' lang='lat' dir='ltr'><strong>XXX.</strong></span> 
     </span>
    </p>
   </div>
   <div class='ocr_carea' id='block_1_3' title="bbox 3337 325 3475 382">
    <p class='ocr_par' dir='ltr' id='par_1_3' title="bbox 3337 325 3475 382">
     <span class='ocr_line' id='line_1_3' title="bbox 3337 325 3475 382; baseline 0.007 -3"><span class='ocrx_word' id='word_1_6' title='bbox 3337 325 3475 382; x_wconf 65' lang='lat'><strong>“83</strong></span> 
     </span>
    </p>
   </div>
   <div class='ocr_carea' id='block_1_4' title="bbox 220 415 3476 508">
    <p class='ocr_par' dir='ltr' id='par_1_4' title="bbox 220 415 3476 508">
     <span class='ocr_line' id='line_1_4' title="bbox 220 415 3476 508; baseline 0.006 -37"><span class='ocrx_word' id='word_1_7' title='bbox 220 415 633 473; x_wconf 89' lang='lat' dir='ltr'><strong>intolerabiliter</strong></span> <span class='ocrx_word' id='word_1_8' title='bbox 665 432 814 488; x_wconf 88' lang='lat' dir='ltr'><strong>spem</strong></span> <span class='ocrx_word' id='word_1_9' title='bbox 839 417 903 473; x_wconf 88' lang='lat' dir='ltr'><strong>de</strong></span> <span class='ocrx_word' id='word_1_10' title='bbox 933 417 1083 472; x_wconf 84' lang='lat' dir='ltr'><strong>vobis</strong></span> <span class='ocrx_word' id='word_1_11' title='bbox 1121 415 1317 475; x_wconf 81' lang='lat' dir='ltr'><strong>bonam</strong></span> <span class='ocrx_word' id='word_1_12' title='bbox 1365 419 1726 476; x_wconf 80' lang='lat' dir='ltr'><strong>conlaudatis.</strong></span> <span class='ocrx_word' id='word_1_13' title='bbox 1755 421 1800 477; x_wconf 88' lang='grc' dir='ltr'><strong>Ο</strong></span> <span class='ocrx_word' id='word_1_14' title='bbox 1827 425 1876 482; x_wconf 77' lang='grc' dir='ltr'><strong>Α</strong></span> <span class='ocrx_word' id='word_1_15' title='bbox 1903 423 2095 490; x_wconf 89' lang='lat' dir='ltr'><strong>amice,</strong></span> <span class='ocrx_word' id='word_1_16' title='bbox 2119 424 2456 494; x_wconf 89' lang='lat' dir='ltr'><strong>quantalibet</strong></span> <span class='ocrx_word' id='word_1_17' title='bbox 2479 425 2662 481; x_wconf 90' lang='lat' dir='ltr'><strong>mundi</strong></span> <span class='ocrx_word' id='word_1_18' title='bbox 2691 428 2859 498; x_wconf 78' lang='lat' dir='ltr'><strong>gloria</strong></span> <span class='ocrx_word' id='word_1_19' title='bbox 2893 432 3095 501; x_wconf 80' lang='lat' dir='ltr'><strong>potitus</strong></span> <span class='ocrx_word' id='word_1_20' title='bbox 3141 434 3328 501; x_wconf 88' lang='lat' dir='ltr'><strong>fueris,</strong></span> <span class='ocrx_word' id='word_1_21' title='bbox 3351 454 3476 508; x_wconf 76' lang='lat' dir='ltr'><strong>quis</strong></span> 
     </span>
    </p>
   </div>
   <div class='ocr_carea' id='block_1_5' title="bbox 218 508 1789 578">
    <p class='ocr_par' dir='ltr' id='par_1_5' title="bbox 218 508 1789 578">
     <span class='ocr_line' id='line_1_5' title="bbox 218 508 1789 578; baseline 0.002 -16"><span class='ocrx_word' id='word_1_22' title='bbox 218 509 487 576; x_wconf 86' lang='lat' dir='ltr'><strong>quomodo</strong></span> <span class='ocrx_word' id='word_1_23' title='bbox 523 508 666 563; x_wconf 91' lang='lat' dir='ltr'><strong>inter</strong></span> <span class='ocrx_word' id='word_1_24' title='bbox 694 508 991 578; x_wconf 65' lang='lat' dir='ltr'><strong>praecordia</strong></span> <span class='ocrx_word' id='word_1_25' title='bbox 1017 525 1133 564; x_wconf 83' lang='lat' dir='ltr'><strong>mea</strong></span> <span class='ocrx_word' id='word_1_26' title='bbox 1181 509 1352 564; x_wconf 91' lang='lat' dir='ltr'><strong>fervet</strong></span> <span class='ocrx_word' id='word_1_27' title='bbox 1391 524 1545 564; x_wconf 89' lang='lat' dir='ltr'><strong>amor</strong></span> <span class='ocrx_word' id='word_1_28' title='bbox 1596 527 1746 565; x_wconf 89' lang='lat' dir='ltr'><strong>meus</strong></span> <span class='ocrx_word' id='word_1_29' title='bbox 1775 511 1789 565; x_wconf 76' lang='grc' dir='ltr'>ε</span> 
     </span>
    </p>
   </div>
   <div class='ocr_carea' id='block_1_6' title="bbox 217 597 1797 672">
    <p class='ocr_par' dir='ltr' id='par_1_6' title="bbox 217 597 1797 672">
     <span class='ocr_line' id='line_1_6' title="bbox 217 597 1797 672; baseline 0.003 -21"><span class='ocrx_word' id='word_1_30' title='bbox 217 597 495 664; x_wconf 86' lang='lat' dir='ltr'><strong>Quomodo</strong></span> <span class='ocrx_word' id='word_1_31' title='bbox 548 599 756 654; x_wconf 91' lang='lat' dir='ltr'><strong>laborat</strong></span> <span class='ocrx_word' id='word_1_32' title='bbox 800 608 946 654; x_wconf 90' lang='lat' dir='ltr'><strong>totus</strong></span> <span class='ocrx_word' id='word_1_33' title='bbox 984 615 1271 672; x_wconf 89' lang='lat' dir='ltr'><strong>erumpere</strong></span> <span class='ocrx_word' id='word_1_34' title='bbox 1338 600 1498 655; x_wconf 85' lang='lat' dir='ltr'><strong>simul</strong></span> <span class='ocrx_word' id='word_1_35' title='bbox 1574 599 1797 656; x_wconf 71' lang='lat' dir='ltr'><strong>amretus</strong></span> 
     </span>
    </p>
   </div>
   <div class='ocr_carea' id='block_1_7' title="bbox 216 687 1798 758">
    <p class='ocr_par' dir='ltr' id='par_1_7' title="bbox 216 687 1798 758">
     <span class='ocr_line' id='line_1_7' title="bbox 216 687 1798 758; baseline 0.003 -17"><span class='ocrx_word' id='word_1_36' title='bbox 216 688 395 741; x_wconf 82' lang='lat' dir='ltr'><strong>mens!</strong></span> <span class='ocrx_word' id='word_1_37' title='bbox 425 689 706 753; x_wconf 77' lang='lat' dir='ltr'><strong>Quomodo</strong></span> <span class='ocrx_word' id='word_1_38' title='bbox 736 687 930 756; x_wconf 65' lang='lat' dir='ltr'><strong>quaerit</strong></span> <span class='ocrx_word' id='word_1_39' title='bbox 967 704 1026 743; x_wconf 90' lang='lat' dir='ltr'><strong>se</strong></span> <span class='ocrx_word' id='word_1_40' title='bbox 1080 690 1261 744; x_wconf 85' lang='lat' dir='ltr'><strong>verbis</strong></span> <span class='ocrx_word' id='word_1_41' title='bbox 1312 689 1646 758; x_wconf 74' lang='lat' dir='ltr'><strong>exprimere;</strong></span> <span class='ocrx_word' id='word_1_42' title='bbox 1703 691 1798 745; x_wconf 91' lang='lat' dir='ltr'><strong>sed</strong></span> 
     </span>
    </p>
   </div>
   <div class='ocr_carea' id='block_1_8' title="bbox 213 776 1798 848">
    <p class='ocr_par' dir='ltr' id='par_1_8' title="bbox 213 776 1798 848">
     <span class='ocr_line' id='line_1_8' title="bbox 213 776 1798 848; baseline 0.002 -16"><span class='ocrx_word' id='word_1_43' title='bbox 213 778 359 832; x_wconf 90' lang='lat' dir='ltr'><strong>nulla</strong></span> <span class='ocrx_word' id='word_1_44' title='bbox 383 779 546 833; x_wconf 88' lang='lat' dir='ltr'><strong>verba</strong></span> <span class='ocrx_word' id='word_1_45' title='bbox 577 776 875 832; x_wconf 87' lang='lat' dir='ltr'><strong>suflieiunt!</strong></span> <span class='ocrx_word' id='word_1_46' title='bbox 914 777 1124 844; x_wconf 92' lang='lat' dir='ltr'><strong>Quanta</strong></span> <span class='ocrx_word' id='word_1_47' title='bbox 1159 779 1270 832; x_wconf 91' lang='lat' dir='ltr'><strong>vult</strong></span> <span class='ocrx_word' id='word_1_48' title='bbox 1315 794 1665 848; x_wconf 76' lang='lat' dir='ltr'><strong>expromere;</strong></span> <span class='ocrx_word' id='word_1_49' title='bbox 1704 779 1798 835; x_wconf 90' lang='lat' dir='ltr'><strong>sed</strong></span> 
     </span>
    </p>
   </div>
   <div class='ocr_carea' id='block_1_9' title="bbox 213 869 1796 939">
    <p class='ocr_par' dir='ltr' id='par_1_9' title="bbox 213 869 1796 939">
     <span class='ocr_line' id='line_1_9' title="bbox 213 869 1796 939; baseline 0.002 -18"><span class='ocrx_word' id='word_1_50' title='bbox 213 878 427 938; x_wconf 87' lang='lat' dir='ltr'><strong>tempus</strong></span> <span class='ocrx_word' id='word_1_51' title='bbox 451 879 503 923; x_wconf 89' lang='lat' dir='ltr'><strong>et</strong></span> <span class='ocrx_word' id='word_1_52' title='bbox 529 871 718 924; x_wconf 82' lang='lat' dir='ltr'><strong>charta</strong></span> <span class='ocrx_word' id='word_1_53' title='bbox 742 884 845 923; x_wconf 91' lang='lat' dir='ltr'><strong>non</strong></span> <span class='ocrx_word' id='word_1_54' title='bbox 870 869 1119 939; x_wconf 88' lang='lat' dir='ltr'><strong>capiunt!</strong></span> <span class='ocrx_word' id='word_1_55' title='bbox 1157 870 1248 922; x_wconf 87' lang='lat' dir='ltr'><strong>Die</strong></span> <span class='ocrx_word' id='word_1_56' title='bbox 1278 878 1353 931; x_wconf 85' lang='lat' dir='ltr'><strong>tu,</strong></span> <span class='ocrx_word' id='word_1_57' title='bbox 1398 885 1432 924; x_wconf 90' lang='grc' dir='ltr'>ο</span> <span class='ocrx_word' id='word_1_58' title='bbox 1457 871 1594 924; x_wconf 86' lang='lat' dir='ltr'><strong>bone</strong></span> <span class='ocrx_word' id='word_1_59' title='bbox 1645 870 1796 934; x_wconf 82' lang='lat' dir='ltr'><strong>Jesu,</strong></span> 
     </span>
    </p>
   </div>
   <div class='ocr_carea' id='block_1_10' title="bbox 213 959 1800 1028">
    <p class='ocr_par' dir='ltr' id='par_1_10' title="bbox 213 959 1800 1028">
     <span class='ocr_line' id='line_1_10' title="bbox 213 959 1800 1028; baseline 0.001 -16"><span class='ocrx_word' id='word_1_60' title='bbox 213 959 474 1014; x_wconf 83' lang='lat' dir='ltr'><strong>cordibus</strong></span> <span class='ocrx_word' id='word_1_61' title='bbox 499 974 710 1023; x_wconf 89' lang='lat' dir='ltr'><strong>eorum,</strong></span> <span class='ocrx_word' id='word_1_62' title='bbox 742 960 991 1028; x_wconf 90' lang='lat' dir='ltr'><strong>sinequo</strong></span> <span class='ocrx_word' id='word_1_63' title='bbox 1052 959 1195 1012; x_wconf 91' lang='lat' dir='ltr'><strong>nulla</strong></span> <span class='ocrx_word' id='word_1_64' title='bbox 1240 975 1343 1012; x_wconf 80' lang='lat' dir='ltr'><strong>vox</strong></span> <span class='ocrx_word' id='word_1_65' title='bbox 1391 959 1530 1013; x_wconf 90' lang='lat' dir='ltr'><strong>valet</strong></span> <span class='ocrx_word' id='word_1_66' title='bbox 1579 960 1800 1014; x_wconf 85' lang='lat' dir='ltr'><strong>auribus</strong></span> 
     </span>
    </p>
   </div>
   <div class='ocr_carea' id='block_1_11' title="bbox 211 1050 1801 1120">
    <p class='ocr_par' dir='ltr' id='par_1_11' title="bbox 211 1050 1801 1120">
     <span class='ocr_line' id='line_1_11' title="bbox 211 1050 1801 1120; baseline -0.001 -16"><span class='ocrx_word' id='word_1_67' title='bbox 211 1064 435 1114; x_wconf 82' lang='lat' dir='ltr'><strong>eorum;</strong></span> <span class='ocrx_word' id='word_1_68' title='bbox 469 1051 558 1104; x_wconf 88' lang='lat' dir='ltr'><strong>dic</strong></span> <span class='ocrx_word' id='word_1_69' title='bbox 585 1050 690 1104; x_wconf 83' lang='lat' dir='ltr'><strong>illis</strong></span> <span class='ocrx_word' id='word_1_70' title='bbox 721 1057 778 1103; x_wconf 90' lang='lat' dir='ltr'><strong>ut</strong></span> <span class='ocrx_word' id='word_1_71' title='bbox 808 1051 1114 1120; x_wconf 84' lang='lat' dir='ltr'><strong>relinquant</strong></span> <span class='ocrx_word' id='word_1_72' title='bbox 1137 1050 1337 1116; x_wconf 80' lang='lat' dir='ltr'><strong>omnia,</strong></span> <span class='ocrx_word' id='word_1_73' title='bbox 1391 1059 1447 1104; x_wconf 90' lang='lat' dir='ltr'><strong>et</strong></span> <span class='ocrx_word' id='word_1_74' title='bbox 1503 1058 1801 1120; x_wconf 75' lang='lat' dir='ltr'><strong>sequamur</strong></span> 
     </span>
    </p>
   </div>
   <div class='ocr_carea' id='block_1_12' title="bbox 209 1139 1802 1210">
    <p class='ocr_par' dir='ltr' id='par_1_12' title="bbox 209 1139 1802 1210">
     <span class='ocr_line' id='line_1_12' title="bbox 209 1139 1802 1210; baseline 0 -17"><span class='ocrx_word' id='word_1_75' title='bbox 209 1148 285 1194; x_wconf 88' lang='lat' dir='ltr'><strong>te.</strong></span> <span class='ocrx_word' id='word_1_76' title='bbox 319 1140 582 1194; x_wconf 81' lang='lat' dir='ltr'><strong>Promitte</strong></span> <span class='ocrx_word' id='word_1_77' title='bbox 605 1139 710 1195; x_wconf 89' lang='lat' dir='ltr'><strong>illis</strong></span> <span class='ocrx_word' id='word_1_78' title='bbox 738 1141 889 1210; x_wconf 89' lang='lat' dir='ltr'><strong>quia,</strong></span> <span class='ocrx_word' id='word_1_79' title='bbox 919 1157 1040 1194; x_wconf 90' lang='lat' dir='ltr'><strong>cum</strong></span> <span class='ocrx_word' id='word_1_80' title='bbox 1095 1141 1307 1194; x_wconf 78' lang='lat' dir='ltr'><strong>veneris</strong></span> <span class='ocrx_word' id='word_1_81' title='bbox 1353 1140 1617 1209; x_wconf 80' lang='lat' dir='ltr'><strong>judicare,</strong></span> <span class='ocrx_word' id='word_1_82' title='bbox 1646 1139 1802 1194; x_wconf 87' lang='lat' dir='ltr'><strong>sede-</strong></span> 
     </span>
    </p>
   </div>
   <div class='ocr_carea' id='block_1_13' title="bbox 207 1227 1798 1299">
    <p class='ocr_par' dir='ltr' id='par_1_13' title="bbox 207 1227 1798 1299">
     <span class='ocr_line' id='line_1_13' title="bbox 207 1227 1798 1299; baseline -0.001 -17"><span class='ocrx_word' id='word_1_83' title='bbox 207 1227 348 1283; x_wconf 85' lang='lat' dir='ltr'><strong>bunt</strong></span> <span class='ocrx_word' id='word_1_84' title='bbox 379 1241 553 1284; x_wconf 89' lang='lat' dir='ltr'><strong>tecum</strong></span> <span class='ocrx_word' id='word_1_85' title='bbox 580 1239 634 1284; x_wconf 91' lang='lat' dir='ltr'><strong>et</strong></span> <span class='ocrx_word' id='word_1_86' title='bbox 657 1229 975 1298; x_wconf 74' lang='lat' dir='ltr'><strong>iudicabunt</strong></span> <span class='ocrx_word' id='word_1_87' title='bbox 1000 1240 1194 1284; x_wconf 80' lang='lat' dir='ltr'><strong>tecum.</strong></span> <span class='ocrx_word' id='word_1_88' title='bbox 1232 1229 1341 1284; x_wconf 86' lang='lat' dir='ltr'><strong>Nec</strong></span> <span class='ocrx_word' id='word_1_89' title='bbox 1383 1244 1604 1299; x_wconf 79' lang='lat' dir='ltr'><strong>separes</strong></span> <span class='ocrx_word' id='word_1_90' title='bbox 1635 1246 1664 1282; x_wconf 93' lang='lat' dir='ltr'><strong>a</strong></span> <span class='ocrx_word' id='word_1_91' title='bbox 1693 1246 1798 1295; x_wconf 87' lang='lat' dir='ltr'><strong>me,</strong></span> 
     </span>
    </p>
   </div>
   <div class='ocr_carea' id='block_1_14' title="bbox 207 1319 1798 1392">
    <p class='ocr_par' dir='ltr' id='par_1_14' title="bbox 207 1319 1798 1392">
     <span class='ocr_line' id='line_1_14' title="bbox 207 1319 1798 1392; baseline -0.001 -18"><span class='ocrx_word' id='word_1_92' title='bbox 207 1322 408 1390; x_wconf 89' lang='lat' dir='ltr'><strong>quibus</strong></span> <span class='ocrx_word' id='word_1_93' title='bbox 443 1338 528 1377; x_wconf 91' lang='lat' dir='ltr'><strong>me</strong></span> <span class='ocrx_word' id='word_1_94' title='bbox 551 1331 698 1378; x_wconf 90' lang='lat' dir='ltr'><strong>tanto</strong></span> <span class='ocrx_word' id='word_1_95' title='bbox 723 1323 904 1378; x_wconf 88' lang='lat' dir='ltr'><strong>carnis</strong></span> <span class='ocrx_word' id='word_1_96' title='bbox 930 1332 985 1376; x_wconf 91' lang='lat' dir='ltr'><strong>et</strong></span> <span class='ocrx_word' id='word_1_97' title='bbox 1031 1323 1254 1392; x_wconf 77' lang='lat' dir='ltr'><strong>spiritus</strong></span> <span class='ocrx_word' id='word_1_98' title='bbox 1303 1319 1497 1376; x_wconf 75' lang='lat' dir='ltr'><strong>allectu</strong></span> <span class='ocrx_word' id='word_1_99' title='bbox 1539 1319 1798 1388; x_wconf 76' lang='lat' dir='ltr'><strong>junxisli;</strong></span> 
     </span>
    </p>
   </div>
   <div class='ocr_carea' id='block_1_15' title="bbox 208 1413 1804 1485">
    <p class='ocr_par' dir='ltr' id='par_1_15' title="bbox 208 1413 1804 1485">
     <span class='ocr_line' id='line_1_15' title="bbox 208 1413 1804 1485; baseline 0 -17"><span class='ocrx_word' id='word_1_100' title='bbox 208 1414 309 1468; x_wconf 87' lang='lat' dir='ltr'><strong>sed</strong></span> <span class='ocrx_word' id='word_1_101' title='bbox 360 1429 590 1484; x_wconf 84' lang='lat' dir='ltr'><strong>aggrega</strong></span> <span class='ocrx_word' id='word_1_102' title='bbox 623 1429 717 1470; x_wconf 88' lang='lat' dir='ltr'><strong>eos</strong></span> <span class='ocrx_word' id='word_1_103' title='bbox 765 1414 868 1469; x_wconf 92' lang='lat' dir='ltr'><strong>illis</strong></span> <span class='ocrx_word' id='word_1_104' title='bbox 917 1415 1113 1484; x_wconf 90' lang='lat' dir='ltr'><strong>quibus</strong></span> <span class='ocrx_word' id='word_1_105' title='bbox 1152 1414 1256 1485; x_wconf 73' lang='lat' dir='ltr'><strong>tibi</strong></span> <span class='ocrx_word' id='word_1_106' title='bbox 1313 1413 1676 1468; x_wconf 81' lang='lat' dir='ltr'><strong>servientibus</strong></span> <span class='ocrx_word' id='word_1_107' title='bbox 1718 1428 1804 1468; x_wconf 78' lang='lat' dir='ltr'><strong>ine</strong></span> 
     </span>
    </p>
   </div>
   <div class='ocr_carea' id='block_1_16' title="bbox 205 1503 1805 1572">
    <p class='ocr_par' dir='ltr' id='par_1_16' title="bbox 205 1503 1805 1572">
     <span class='ocr_line' id='line_1_16' title="bbox 205 1503 1805 1572; baseline 0.001 -16"><span class='ocrx_word' id='word_1_108' title='bbox 205 1503 675 1572; x_wconf 88' lang='lat' dir='ltr'><strong>servirejussisti.</strong></span> <span class='ocrx_word' id='word_1_109' title='bbox 711 1505 954 1570; x_wconf 89' lang='lat' dir='ltr'><strong>Domine,</strong></span> <span class='ocrx_word' id='word_1_110' title='bbox 1009 1514 1062 1558; x_wconf 89' lang='lat' dir='ltr'><strong>tu</strong></span> <span class='ocrx_word' id='word_1_111' title='bbox 1117 1505 1272 1559; x_wconf 70' lang='lat' dir='ltr'><strong>testis</strong></span> <span class='ocrx_word' id='word_1_112' title='bbox 1320 1518 1382 1558; x_wconf 90' lang='lat' dir='ltr'><strong>es</strong></span> <span class='ocrx_word' id='word_1_113' title='bbox 1439 1504 1695 1567; x_wconf 89' lang='lat' dir='ltr'><strong>interius;</strong></span> <span class='ocrx_word' id='word_1_114' title='bbox 1751 1513 1805 1559; x_wconf 86' lang='lat' dir='ltr'><strong>et</strong></span> 
     </span>
    </p>
   </div>
   <div class='ocr_carea' id='block_1_17' title="bbox 204 1594 1804 1664">
    <p class='ocr_par' dir='ltr' id='par_1_17' title="bbox 204 1594 1804 1664">
     <span class='ocr_line' id='line_1_17' title="bbox 204 1594 1804 1664; baseline 0 -16"><span class='ocrx_word' id='word_1_115' title='bbox 204 1594 466 1664; x_wconf 71' lang='lat' dir='ltr'><strong>lacryma:</strong></span> <span class='ocrx_word' id='word_1_116' title='bbox 495 1611 634 1664; x_wconf 77' lang='lat' dir='ltr'><strong>quae,</strong></span> <span class='ocrx_word' id='word_1_117' title='bbox 670 1612 757 1650; x_wconf 92' lang='lat' dir='ltr'><strong>me</strong></span> <span class='ocrx_word' id='word_1_118' title='bbox 782 1596 884 1651; x_wconf 91' lang='lat' dir='ltr'><strong>hoc</strong></span> <span class='ocrx_word' id='word_1_119' title='bbox 913 1597 1212 1659; x_wconf 84' lang='lat' dir='ltr'><strong>scribente,</strong></span> <span class='ocrx_word' id='word_1_120' title='bbox 1236 1594 1430 1657; x_wconf 79' lang='grc' dir='ltr'>Πιιιιιιι,</span> <span class='ocrx_word' id='word_1_121' title='bbox 1462 1601 1628 1648; x_wconf 90' lang='lat' dir='ltr'><strong>testes</strong></span> <span class='ocrx_word' id='word_1_122' title='bbox 1675 1602 1804 1648; x_wconf 88' lang='lat' dir='ltr'><strong>sunt</strong></span> 
     </span>
    </p>
   </div>
   <div class='ocr_carea' id='block_1_18' title="bbox 204 1681 1804 1752">
    <p class='ocr_par' dir='ltr' id='par_1_18' title="bbox 204 1681 1804 1752">
     <span class='ocr_line' id='line_1_18' title="bbox 204 1681 1804 1752; baseline -0.001 -14"><span class='ocrx_word' id='word_1_123' title='bbox 204 1684 472 1747; x_wconf 84' lang='lat' dir='ltr'><strong>exterius,</strong></span> <span class='ocrx_word' id='word_1_124' title='bbox 518 1684 562 1738; x_wconf 91' lang='lat' dir='ltr'><strong>si</strong></span> <span class='ocrx_word' id='word_1_125' title='bbox 618 1699 827 1738; x_wconf 89' lang='lat' dir='ltr'><strong>meeum</strong></span> <span class='ocrx_word' id='word_1_126' title='bbox 878 1683 1020 1752; x_wconf 90' lang='lat' dir='ltr'><strong>quod</strong></span> <span class='ocrx_word' id='word_1_127' title='bbox 1074 1691 1202 1752; x_wconf 87' lang='lat' dir='ltr'><strong>opto</strong></span> <span class='ocrx_word' id='word_1_128' title='bbox 1265 1681 1491 1737; x_wconf 89' lang='lat' dir='ltr'><strong>fecerint</strong></span> <span class='ocrx_word' id='word_1_129' title='bbox 1536 1683 1804 1750; x_wconf 89' lang='lat' dir='ltr'><strong>quomodo</strong></span> 
     </span>
    </p>
   </div>
   <div class='ocr_carea' id='block_1_19' title="bbox 205 1755 1872 1846">
    <p class='ocr_par' dir='ltr' id='par_1_19' title="bbox 205 1755 1872 1846">
     <span class='ocr_line' id='line_1_19' title="bbox 205 1755 1872 1846; baseline 0.002 -20"><span class='ocrx_word' id='word_1_130' title='bbox 205 1773 452 1844; x_wconf 89' lang='lat' dir='ltr'><strong>gaudens</strong></span> <span class='ocrx_word' id='word_1_131' title='bbox 480 1775 698 1846; x_wconf 82' lang='lat' dir='ltr'><strong>eritcor</strong></span> <span class='ocrx_word' id='word_1_132' title='bbox 723 1789 901 1828; x_wconf 92' lang='lat' dir='ltr'><strong>meum</strong></span> <span class='ocrx_word' id='word_1_133' title='bbox 929 1792 942 1827; x_wconf 89' lang='lat'><strong>:</strong></span> <span class='ocrx_word' id='word_1_134' title='bbox 973 1775 1017 1828; x_wconf 81' lang='lat' dir='ltr'><strong>si</strong></span> <span class='ocrx_word' id='word_1_135' title='bbox 1057 1774 1182 1829; x_wconf 91' lang='lat' dir='ltr'><strong>alibi</strong></span> <span class='ocrx_word' id='word_1_136' title='bbox 1211 1775 1313 1830; x_wconf 90' lang='lat' dir='ltr'><strong>hoc</strong></span> <span class='ocrx_word' id='word_1_137' title='bbox 1339 1775 1592 1840; x_wconf 81' lang='lat' dir='ltr'><strong>fecerint,</strong></span> <span class='ocrx_word' id='word_1_138' title='bbox 1633 1789 1803 1843; x_wconf 89' lang='lat' dir='ltr'><strong>quam.</strong></span> <span class='ocrx_word' id='word_1_139' title='bbox 1830 1755 1872 1814; x_wconf 72' lang='grc' dir='ltr'><strong>Β</strong></span> 
     </span>
    </p>
   </div>
   <div class='ocr_carea' id='block_1_20' title="bbox 205 1863 1802 1935">
    <p class='ocr_par' dir='ltr' id='par_1_20' title="bbox 205 1863 1802 1935">
     <span class='ocr_line' id='line_1_20' title="bbox 205 1863 1802 1935; baseline 0.001 -19"><span class='ocrx_word' id='word_1_140' title='bbox 205 1863 410 1918; x_wconf 83' lang='lat' dir='ltr'><strong>melius</strong></span> <span class='ocrx_word' id='word_1_141' title='bbox 443 1863 548 1918; x_wconf 89' lang='lat' dir='ltr'><strong>illis</strong></span> <span class='ocrx_word' id='word_1_142' title='bbox 577 1863 711 1935; x_wconf 86' lang='lat' dir='ltr'><strong>seio,</strong></span> <span class='ocrx_word' id='word_1_143' title='bbox 739 1864 869 1933; x_wconf 91' lang='lat' dir='ltr'><strong>quid</strong></span> <span class='ocrx_word' id='word_1_144' title='bbox 903 1864 1100 1918; x_wconf 84' lang='lat' dir='ltr'><strong>talibus</strong></span> <span class='ocrx_word' id='word_1_145' title='bbox 1123 1864 1397 1932; x_wconf 74' lang='lat' dir='ltr'><strong>expediat,</strong></span> <span class='ocrx_word' id='word_1_146' title='bbox 1453 1864 1686 1933; x_wconf 83' lang='lat' dir='ltr'><strong>qualiter</strong></span> <span class='ocrx_word' id='word_1_147' title='bbox 1736 1863 1802 1917; x_wconf 90' lang='lat' dir='ltr'><strong>ti-</strong></span> 
     </span>
    </p>
   </div>
   <div class='ocr_carea' id='block_1_21' title="bbox 201 1953 1802 2023">
    <p class='ocr_par' dir='ltr' id='par_1_21' title="bbox 201 1953 1802 2023">
     <span class='ocr_line' id='line_1_21' title="bbox 201 1953 1802 2023; baseline -0.001 -15"><span class='ocrx_word' id='word_1_148' title='bbox 201 1953 353 2008; x_wconf 87' lang='lat' dir='ltr'><strong>mida</strong></span> <span class='ocrx_word' id='word_1_149' title='bbox 382 1962 436 2008; x_wconf 89' lang='lat' dir='ltr'><strong>et</strong></span> <span class='ocrx_word' id='word_1_150' title='bbox 461 1969 723 2023; x_wconf 87' lang='lat' dir='ltr'><strong>suspensa</strong></span> <span class='ocrx_word' id='word_1_151' title='bbox 747 1954 853 2008; x_wconf 91' lang='lat' dir='ltr'><strong>erit</strong></span> <span class='ocrx_word' id='word_1_152' title='bbox 876 1969 1026 2008; x_wconf 89' lang='lat' dir='ltr'><strong>mens</strong></span> <span class='ocrx_word' id='word_1_153' title='bbox 1059 1955 1213 2008; x_wconf 86' lang='lat' dir='ltr'><strong>mea?</strong></span> <span class='ocrx_word' id='word_1_154' title='bbox 1243 1953 1298 2009; x_wconf 91' lang='lat' dir='ltr'><strong>Si</strong></span> <span class='ocrx_word' id='word_1_155' title='bbox 1329 1954 1587 2009; x_wconf 67' lang='lat' dir='ltr'><strong>saeculum</strong></span> <span class='ocrx_word' id='word_1_156' title='bbox 1614 1967 1802 2007; x_wconf 79' lang='lat' dir='ltr'><strong>tenue-</strong></span> 
     </span>
    </p>
   </div>
   <div class='ocr_carea' id='block_1_22' title="bbox 203 2043 1802 2114">
    <p class='ocr_par' dir='ltr' id='par_1_22' title="bbox 203 2043 1802 2114">
     <span class='ocr_line' id='line_1_22' title="bbox 203 2043 1802 2114; baseline 0.001 -16"><span class='ocrx_word' id='word_1_157' title='bbox 203 2046 343 2110; x_wconf 79' lang='lat' dir='ltr'><strong>riul,</strong></span> <span class='ocrx_word' id='word_1_158' title='bbox 376 2059 538 2114; x_wconf 88' lang='lat' dir='ltr'><strong>quam</strong></span> <span class='ocrx_word' id='word_1_159' title='bbox 565 2044 755 2100; x_wconf 87' lang='lat' dir='ltr'><strong>dolens</strong></span> <span class='ocrx_word' id='word_1_160' title='bbox 775 2054 830 2100; x_wconf 91' lang='lat' dir='ltr'><strong>et</strong></span> <span class='ocrx_word' id='word_1_161' title='bbox 855 2046 1024 2100; x_wconf 89' lang='lat' dir='ltr'><strong>tristis</strong></span> <span class='ocrx_word' id='word_1_162' title='bbox 1051 2046 1156 2099; x_wconf 88' lang='lat' dir='ltr'><strong>erit</strong></span> <span class='ocrx_word' id='word_1_163' title='bbox 1207 2046 1386 2100; x_wconf 91' lang='lat' dir='ltr'><strong>anima</strong></span> <span class='ocrx_word' id='word_1_164' title='bbox 1437 2061 1578 2103; x_wconf 86' lang='lat' dir='ltr'><strong>mea.</strong></span> <span class='ocrx_word' id='word_1_165' title='bbox 1629 2043 1802 2099; x_wconf 86' lang='lat' dir='ltr'><strong>Nimis</strong></span> 
     </span>
    </p>
   </div>
   <div class='ocr_carea' id='block_1_23' title="bbox 200 2134 1800 2208">
    <p class='ocr_par' dir='ltr' id='par_1_23' title="bbox 200 2134 1800 2208">
     <span class='ocr_line' id='line_1_23' title="bbox 200 2134 1800 2208; baseline 0.002 -21"><span class='ocrx_word' id='word_1_166' title='bbox 200 2135 425 2207; x_wconf 87' lang='lat' dir='ltr'><strong>loquor,</strong></span> <span class='ocrx_word' id='word_1_167' title='bbox 453 2135 546 2189; x_wconf 88' lang='lat' dir='ltr'><strong>sed</strong></span> <span class='ocrx_word' id='word_1_168' title='bbox 571 2136 833 2190; x_wconf 89' lang='lat' dir='ltr'><strong>immenso</strong></span> <span class='ocrx_word' id='word_1_169' title='bbox 860 2152 1042 2191; x_wconf 89' lang='lat' dir='ltr'><strong>amore</strong></span> <span class='ocrx_word' id='word_1_170' title='bbox 1070 2153 1254 2208; x_wconf 84' lang='lat' dir='ltr'><strong>cogor.</strong></span> <span class='ocrx_word' id='word_1_171' title='bbox 1278 2138 1457 2192; x_wconf 83' lang='lat' dir='ltr'><strong>Amati</strong></span> <span class='ocrx_word' id='word_1_172' title='bbox 1485 2146 1541 2193; x_wconf 90' lang='lat' dir='ltr'><strong>et</strong></span> <span class='ocrx_word' id='word_1_173' title='bbox 1587 2134 1800 2192; x_wconf 89' lang='lat' dir='ltr'><strong>deside-</strong></span> 
     </span>
    </p>
   </div>
   <div class='ocr_carea' id='block_1_24' title="bbox 208 2224 1800 2296">
    <p class='ocr_par' dir='ltr' id='par_1_24' title="bbox 208 2224 1800 2296">
     <span class='ocr_line' id='line_1_24' title="bbox 208 2224 1800 2296; baseline -0.001 -17"><span class='ocrx_word' id='word_1_174' title='bbox 208 2226 332 2288; x_wconf 88' lang='lat' dir='ltr'><strong>rati,</strong></span> <span class='ocrx_word' id='word_1_175' title='bbox 358 2224 536 2280; x_wconf 85' lang='lat' dir='ltr'><strong>valete</strong></span> <span class='ocrx_word' id='word_1_176' title='bbox 559 2235 614 2280; x_wconf 85' lang='lat' dir='ltr'><strong>et</strong></span> <span class='ocrx_word' id='word_1_177' title='bbox 664 2236 897 2281; x_wconf 89' lang='lat' dir='ltr'><strong>manete.</strong></span> <span class='ocrx_word' id='word_1_178' title='bbox 939 2226 1170 2292; x_wconf 82' lang='lat' dir='ltr'><strong>Mauete,</strong></span> <span class='ocrx_word' id='word_1_179' title='bbox 1205 2227 1448 2296; x_wconf 89' lang='lat' dir='ltr'><strong>inquam,</strong></span> <span class='ocrx_word' id='word_1_180' title='bbox 1502 2236 1557 2282; x_wconf 92' lang='lat' dir='ltr'><strong>et</strong></span> <span class='ocrx_word' id='word_1_181' title='bbox 1587 2241 1800 2296; x_wconf 87' lang='lat' dir='ltr'><strong>perma-</strong></span> 
     </span>
    </p>
   </div>
   <div class='ocr_carea' id='block_1_25' title="bbox 209 2317 1801 2389">
    <p class='ocr_par' dir='ltr' id='par_1_25' title="bbox 209 2317 1801 2389">
     <span class='ocr_line' id='line_1_25' title="bbox 209 2317 1801 2389; baseline 0 -19"><span class='ocrx_word' id='word_1_182' title='bbox 209 2327 352 2371; x_wconf 87' lang='lat' dir='ltr'><strong>nete.</strong></span> <span class='ocrx_word' id='word_1_183' title='bbox 404 2317 554 2384; x_wconf 88' lang='lat' dir='ltr'><strong>Quod</strong></span> <span class='ocrx_word' id='word_1_184' title='bbox 585 2319 788 2372; x_wconf 88' lang='lat' dir='ltr'><strong>utinam</strong></span> <span class='ocrx_word' id='word_1_185' title='bbox 820 2319 970 2389; x_wconf 85' lang='lat' dir='ltr'><strong>prius</strong></span> <span class='ocrx_word' id='word_1_186' title='bbox 1015 2319 1227 2374; x_wconf 89' lang='lat' dir='ltr'><strong>audiam</strong></span> <span class='ocrx_word' id='word_1_187' title='bbox 1286 2321 1578 2389; x_wconf 67' lang='lat' dir='ltr'><strong>inemptum</strong></span> <span class='ocrx_word' id='word_1_188' title='bbox 1639 2333 1801 2388; x_wconf 90' lang='lat' dir='ltr'><strong>quam</strong></span> 
     </span>
    </p>
   </div>
   <div class='ocr_carea' id='block_1_26' title="bbox 207 2408 1266 2473">
    <p class='ocr_par' dir='ltr' id='par_1_26' title="bbox 207 2408 1266 2473">
     <span class='ocr_line' id='line_1_26' title="bbox 207 2408 1266 2473; baseline 0.005 -15"><span class='ocrx_word' id='word_1_189' title='bbox 207 2408 444 2472; x_wconf 90' lang='lat' dir='ltr'><strong>veniam,</strong></span> <span class='ocrx_word' id='word_1_190' title='bbox 467 2415 521 2462; x_wconf 87' lang='lat' dir='ltr'><strong>et</strong></span> <span class='ocrx_word' id='word_1_191' title='bbox 549 2424 670 2462; x_wconf 89' lang='lat' dir='ltr'><strong>cum</strong></span> <span class='ocrx_word' id='word_1_192' title='bbox 701 2423 920 2473; x_wconf 89' lang='lat' dir='ltr'><strong>venero,</strong></span> <span class='ocrx_word' id='word_1_193' title='bbox 953 2411 1219 2463; x_wconf 83' lang='lat' dir='ltr'><strong>inveniam</strong></span> <span class='ocrx_word' id='word_1_194' title='bbox 1254 2412 1266 2463; x_wconf 87' lang='lat'><strong>!</strong></span> 
     </span>
    </p>
   </div>
   <div class='ocr_carea' id='block_1_27' title="bbox 215 2494 1309 2556">
    <p class='ocr_par' dir='ltr' id='par_1_27' title="bbox 215 2494 1309 2556">
     <span class='ocr_line' id='line_1_27' title="bbox 215 2494 1309 2556; baseline 0 -2"><span class='ocrx_word' id='word_1_195' title='bbox 215 2494 217 2496; x_wconf 54' lang='grc'>’</span> <span class='ocrx_word' id='word_1_196' title='bbox 671 2499 1004 2556; x_wconf 63' lang='grc' dir='ltr'><strong>ΕΡΙΞΤΟΜ</strong></span> <span class='ocrx_word' id='word_1_197' title='bbox 1043 2499 1213 2555; x_wconf 80' lang='lat' dir='ltr'><strong>XXIX</strong></span> <span class='ocrx_word' id='word_1_198' title='bbox 1239 2501 1309 2532; x_wconf 69' lang='grc' dir='ltr'><strong>δ”</strong></span> 
     </span>
    </p>
   </div>
   <div class='ocr_carea' id='block_1_28' title="bbox 789 2595 1330 2647">
    <p class='ocr_par' dir='ltr' id='par_1_28' title="bbox 789 2595 1330 2647">
     <span class='ocr_line' id='line_1_28' title="bbox 789 2595 1330 2647; baseline -0.004 -1"><span class='ocrx_word' id='word_1_199' title='bbox 789 2607 856 2646; x_wconf 76' lang='grc' dir='ltr'><strong>ΑΙ)</strong></span> <span class='ocrx_word' id='word_1_200' title='bbox 894 2607 1183 2647; x_wconf 73' lang='lat' dir='ltr'><strong>nssatcuu.</strong></span> <span class='ocrx_word' id='word_1_201' title='bbox 1325 2595 1330 2600; x_wconf 84' lang='grc'><em>’</em></span> 
     </span>
    </p>
   </div>
   <div class='ocr_carea' id='block_1_29' title="bbox 496 2680 1492 2752">
    <p class='ocr_par' dir='ltr' id='par_1_29' title="bbox 496 2680 1492 2752">
     <span class='ocr_line' id='line_1_29' title="bbox 496 2680 1492 2752; baseline -0.001 -17"><span class='ocrx_word' id='word_1_202' title='bbox 496 2680 564 2735; x_wconf 78' lang='lat' dir='ltr'><strong>Ut</strong></span> <span class='ocrx_word' id='word_1_203' title='bbox 593 2682 904 2748; x_wconf 78' lang='lat' dir='ltr'><strong>quantocius</strong></span> <span class='ocrx_word' id='word_1_204' title='bbox 950 2683 1202 2736; x_wconf 86' lang='lat' dir='ltr'><strong>mundum</strong></span> <span class='ocrx_word' id='word_1_205' title='bbox 1236 2681 1492 2752; x_wconf 81' lang='lat' dir='ltr'><strong>relinquat</strong></span> 
     </span>
    </p>
   </div>
   <div class='ocr_carea' id='block_1_30' title="bbox 283 2768 1802 2835">
    <p class='ocr_par' dir='ltr' id='par_1_30' title="bbox 283 2768 1802 2835">
     <span class='ocr_line' id='line_1_30' title="bbox 283 2768 1802 2835; baseline 0.001 -13"><span class='ocrx_word' id='word_1_206' title='bbox 283 2768 538 2832; x_wconf 88' lang='lat' dir='ltr'><strong>Domino,</strong></span> <span class='ocrx_word' id='word_1_207' title='bbox 585 2769 740 2823; x_wconf 87' lang='lat' dir='ltr'><strong>fratri</strong></span> <span class='ocrx_word' id='word_1_208' title='bbox 772 2769 946 2823; x_wconf 91' lang='lat' dir='ltr'><strong>amico</strong></span> <span class='ocrx_word' id='word_1_209' title='bbox 993 2768 1234 2824; x_wconf 69' lang='lat' dir='ltr'><strong>llsxmco</strong></span> <span class='ocrx_word' id='word_1_210' title='bbox 1292 2769 1460 2823; x_wconf 87' lang='lat' dir='ltr'><strong>frater</strong></span> <span class='ocrx_word' id='word_1_211' title='bbox 1500 2768 1802 2835; x_wconf 70' lang='lat' dir='ltr'><strong>Axssulos,</strong></span> 
     </span>
    </p>
   </div>
   <div class='ocr_carea' id='block_1_31' title="bbox 207 2859 1806 2928">
    <p class='ocr_par' dir='ltr' id='par_1_31' title="bbox 207 2859 1806 2928">
     <span class='ocr_line' id='line_1_31' title="bbox 207 2859 1806 2928; baseline 0.001 -17"><span class='ocrx_word' id='word_1_212' title='bbox 207 2860 380 2914; x_wconf 84' lang='lat' dir='ltr'><strong>abbas</strong></span> <span class='ocrx_word' id='word_1_213' title='bbox 405 2859 475 2891; x_wconf 72' lang='grc'><strong>⁵⁶⁰</strong></span> <span class='ocrx_word' id='word_1_214' title='bbox 501 2859 682 2925; x_wconf 88' lang='lat' dir='ltr'><strong>Becci,</strong></span> <span class='ocrx_word' id='word_1_215' title='bbox 716 2860 868 2915; x_wconf 78' lang='lat' dir='ltr'><strong>bona:</strong></span> <span class='ocrx_word' id='word_1_216' title='bbox 901 2859 1194 2914; x_wconf 82' lang='lat' dir='ltr'><strong>voluntatis</strong></span> <span class='ocrx_word' id='word_1_217' title='bbox 1243 2859 1728 2928; x_wconf 51' lang='lat' dir='ltr'><strong>perfectionem»Mn</strong></span> <span class='ocrx_word' id='word_1_218' title='bbox 1750 2867 1806 2915; x_wconf 91' lang='lat' dir='ltr'><strong>et</strong></span> 
     </span>
    </p>
   </div>
   <div class='ocr_carea' id='block_1_32' title="bbox 207 2947 1684 3006">
    <p class='ocr_par' dir='ltr' id='par_1_32' title="bbox 207 2947 1684 3006">
     <span class='ocr_line' id='line_1_32' title="bbox 207 2947 1684 3006; baseline -0.001 -1"><span class='ocrx_word' id='word_1_219' title='bbox 207 2948 487 3006; x_wconf 80' lang='lat' dir='ltr'><strong>cll&#39;ectum.</strong></span> <span class='ocrx_word' id='word_1_220' title='bbox 827 2987 830 2990; x_wconf 92' lang='lat'><strong>-</strong></span> <span class='ocrx_word' id='word_1_221' title='bbox 1105 2961 1107 2963; x_wconf 81' lang='lat'>‘</span> <span class='ocrx_word' id='word_1_222' title='bbox 1572 2947 1574 2949; x_wconf 64' lang='grc'><em>’</em></span> <span class='ocrx_word' id='word_1_223' title='bbox 1679 2961 1684 2968; x_wconf 85' lang='lat'><strong><em>&#39;</em></strong></span> 
     </span>
    </p>
   </div>
   <div class='ocr_carea' id='block_1_33' title="bbox 283 3040 1801 3104">
    <p class='ocr_par' dir='ltr' id='par_1_33' title="bbox 283 3040 1801 3104">
     <span class='ocr_line' id='line_1_33' title="bbox 283 3040 1801 3104; baseline 0.003 -12"><span class='ocrx_word' id='word_1_224' title='bbox 283 3041 610 3095; x_wconf 83' lang='lat' dir='ltr'><strong>Benedictus</strong></span> <span class='ocrx_word' id='word_1_225' title='bbox 641 3042 778 3095; x_wconf 82' lang='lat' dir='ltr'><strong>Deus</strong></span> <span class='ocrx_word' id='word_1_226' title='bbox 810 3041 862 3094; x_wconf 91' lang='lat' dir='ltr'><strong>in</strong></span> <span class='ocrx_word' id='word_1_227' title='bbox 891 3040 1050 3095; x_wconf 91' lang='lat' dir='ltr'><strong>donis</strong></span> <span class='ocrx_word' id='word_1_228' title='bbox 1078 3041 1210 3104; x_wconf 81' lang='lat' dir='ltr'><strong>suis,</strong></span> <span class='ocrx_word' id='word_1_229' title='bbox 1245 3050 1291 3094; x_wconf 89' lang='lat' dir='ltr'><strong>et</strong></span> <span class='ocrx_word' id='word_1_230' title='bbox 1314 3051 1524 3095; x_wconf 80' lang='lat' dir='ltr'><strong>sanctus</strong></span> <span class='ocrx_word' id='word_1_231' title='bbox 1549 3043 1603 3096; x_wconf 88' lang='lat' dir='ltr'><strong>in</strong></span> <span class='ocrx_word' id='word_1_232' title='bbox 1631 3044 1801 3096; x_wconf 86' lang='lat' dir='ltr'><strong>omni-</strong></span> 
     </span>
    </p>
   </div>
   <div class='ocr_carea' id='block_1_34' title="bbox 207 3129 1804 3199">
    <p class='ocr_par' dir='ltr' id='par_1_34' title="bbox 207 3129 1804 3199">
     <span class='ocr_line' id='line_1_34' title="bbox 207 3129 1804 3199; baseline 0.001 -16"><span class='ocrx_word' id='word_1_233' title='bbox 207 3129 304 3183; x_wconf 83' lang='lat' dir='ltr'><strong>bus</strong></span> <span class='ocrx_word' id='word_1_234' title='bbox 331 3129 571 3196; x_wconf 82' lang='lat' dir='ltr'><strong>operibus</strong></span> <span class='ocrx_word' id='word_1_235' title='bbox 605 3130 716 3182; x_wconf 86' lang='lat' dir='ltr'><strong>suis</strong></span> <span class='ocrx_word' id='word_1_236' title='bbox 749 3129 922 3199; x_wconf 83' lang='lat' dir='ltr'><strong>(Psal.</strong></span> <span class='ocrx_word' id='word_1_237' title='bbox 955 3144 1133 3194; x_wconf 73' lang='lat' dir='ltr'><strong>cxuv,</strong></span> <span class='ocrx_word' id='word_1_238' title='bbox 1169 3129 1278 3197; x_wconf 82' lang='lat' dir='ltr'><strong>l7),</strong></span> <span class='ocrx_word' id='word_1_239' title='bbox 1337 3129 1427 3197; x_wconf 92' lang='lat' dir='ltr'><strong>qni</strong></span> <span class='ocrx_word' id='word_1_240' title='bbox 1453 3139 1642 3182; x_wconf 74' lang='lat' dir='ltr'><strong>vestrm</strong></span> <span class='ocrx_word' id='word_1_241' title='bbox 1669 3133 1804 3185; x_wconf 88' lang='lat' dir='ltr'><strong>dile-</strong></span> 
     </span>
    </p>
   </div>
   <div class='ocr_carea' id='block_1_35' title="bbox 206 3216 1798 3286">
    <p class='ocr_par' dir='ltr' id='par_1_35' title="bbox 206 3216 1798 3286">
     <span class='ocr_line' id='line_1_35' title="bbox 206 3216 1798 3286; baseline -0.001 -14"><span class='ocrx_word' id='word_1_242' title='bbox 206 3216 380 3271; x_wconf 91' lang='lat' dir='ltr'><strong>ctioui</strong></span> <span class='ocrx_word' id='word_1_243' title='bbox 407 3224 613 3270; x_wconf 92' lang='lat' dir='ltr'><strong>tantum</strong></span> <span class='ocrx_word' id='word_1_244' title='bbox 646 3217 712 3271; x_wconf 90' lang='lat' dir='ltr'><strong>de</strong></span> <span class='ocrx_word' id='word_1_245' title='bbox 747 3227 934 3271; x_wconf 91' lang='lat' dir='ltr'><strong>nostro</strong></span> <span class='ocrx_word' id='word_1_246' title='bbox 957 3217 1249 3280; x_wconf 88' lang='lat' dir='ltr'><strong>desiderio,</strong></span> <span class='ocrx_word' id='word_1_247' title='bbox 1281 3225 1501 3286; x_wconf 85' lang='lat' dir='ltr'><strong>propter</strong></span> <span class='ocrx_word' id='word_1_248' title='bbox 1523 3217 1665 3286; x_wconf 91' lang='lat' dir='ltr'><strong>quod</strong></span> <span class='ocrx_word' id='word_1_249' title='bbox 1694 3218 1798 3272; x_wconf 83' lang='lat' dir='ltr'><strong>ivi-</strong></span> 
     </span>
    </p>
   </div>
   <div class='ocr_carea' id='block_1_36' title="bbox 207 3297 1805 3373">
    <p class='ocr_par' dir='ltr' id='par_1_36' title="bbox 207 3297 1805 3373">
     <span class='ocr_line' id='line_1_36' title="bbox 207 3297 1805 3373; baseline 0.001 -14"><span class='ocrx_word' id='word_1_250' title='bbox 207 3305 334 3367; x_wconf 87' lang='lat' dir='ltr'><strong>stis,</strong></span> <span class='ocrx_word' id='word_1_251' title='bbox 359 3304 722 3359; x_wconf 73' lang='lat' dir='ltr'><strong>concessitm</strong></span> <span class='ocrx_word' id='word_1_252' title='bbox 771 3303 985 3359; x_wconf 84' lang='lat' dir='ltr'><strong>cllieere</strong></span> <span class='ocrx_word' id='word_1_253' title='bbox 1020 3322 1034 3358; x_wconf 91' lang='lat'><strong>:</strong></span> <span class='ocrx_word' id='word_1_254' title='bbox 1077 3297 1255 3373; x_wconf 87' lang='lat' dir='ltr'><strong>quem</strong></span> <span class='ocrx_word' id='word_1_255' title='bbox 1295 3299 1516 3358; x_wconf 76' lang='lat' dir='ltr'><strong>eramus</strong></span> <span class='ocrx_word' id='word_1_256' title='bbox 1561 3313 1618 3358; x_wconf 91' lang='lat' dir='ltr'><strong>ut</strong></span> <span class='ocrx_word' id='word_1_257' title='bbox 1664 3305 1805 3373; x_wconf 90' lang='lat' dir='ltr'><strong>quod</strong></span> 
     </span>
    </p>
   </div>
   <div class='ocr_carea' id='block_1_37' title="bbox 206 3394 1801 3459">
    <p class='ocr_par' dir='ltr' id='par_1_37' title="bbox 206 3394 1801 3459">
     <span class='ocr_line' id='line_1_37' title="bbox 206 3394 1801 3459; baseline -0.001 -9"><span class='ocrx_word' id='word_1_258' title='bbox 206 3395 565 3450; x_wconf 86' lang='lat' dir='ltr'><strong>deestadhuc</strong></span> <span class='ocrx_word' id='word_1_259' title='bbox 595 3395 661 3450; x_wconf 92' lang='lat' dir='ltr'><strong>de</strong></span> <span class='ocrx_word' id='word_1_260' title='bbox 694 3405 817 3449; x_wconf 89' lang='lat' dir='ltr'><strong>voto</strong></span> <span class='ocrx_word' id='word_1_261' title='bbox 841 3404 1029 3450; x_wconf 81' lang='lat' dir='ltr'><strong>nostro</strong></span> <span class='ocrx_word' id='word_1_262' title='bbox 1083 3404 1136 3449; x_wconf 91' lang='lat' dir='ltr'><strong>et</strong></span> <span class='ocrx_word' id='word_1_263' title='bbox 1180 3394 1245 3449; x_wconf 92' lang='lat' dir='ltr'><strong>de</strong></span> <span class='ocrx_word' id='word_1_264' title='bbox 1300 3401 1480 3448; x_wconf 85' lang='lat' dir='ltr'><strong>vestra</strong></span> <span class='ocrx_word' id='word_1_265' title='bbox 1532 3396 1801 3459; x_wconf 89' lang='lat' dir='ltr'><strong>mercede,</strong></span> 
     </span>
    </p>
   </div>
   <div class='ocr_carea' id='block_1_38' title="bbox 205 3485 1804 3557">
    <p class='ocr_par' dir='ltr' id='par_1_38' title="bbox 205 3485 1804 3557">
     <span class='ocr_line' id='line_1_38' title="bbox 205 3485 1804 3557; baseline -0.001 -16"><span class='ocrx_word' id='word_1_266' title='bbox 205 3487 464 3557; x_wconf 78' lang='lat' dir='ltr'><strong>dignetur</strong></span> <span class='ocrx_word' id='word_1_267' title='bbox 488 3486 766 3555; x_wconf 88' lang='lat' dir='ltr'><strong>perlicere.</strong></span> <span class='ocrx_word' id='word_1_268' title='bbox 799 3486 872 3542; x_wconf 89' lang='lat' dir='ltr'><strong>De</strong></span> <span class='ocrx_word' id='word_1_269' title='bbox 895 3502 1000 3557; x_wconf 91' lang='lat' dir='ltr'><strong>qua</strong></span> <span class='ocrx_word' id='word_1_270' title='bbox 1027 3486 1098 3518; x_wconf 73' lang='grc'><strong>⁸⁸³</strong></span> <span class='ocrx_word' id='word_1_271' title='bbox 1143 3501 1203 3540; x_wconf 90' lang='lat' dir='ltr'><strong>re</strong></span> <span class='ocrx_word' id='word_1_272' title='bbox 1233 3485 1518 3540; x_wconf 89' lang='lat' dir='ltr'><strong>consilium</strong></span> <span class='ocrx_word' id='word_1_273' title='bbox 1560 3497 1804 3539; x_wconf 90' lang='lat' dir='ltr'><strong>nostrum</strong></span> 
     </span>
    </p>
   </div>
   <div class='ocr_carea' id='block_1_39' title="bbox 203 3574 1807 3648">
    <p class='ocr_par' dir='ltr' id='par_1_39' title="bbox 203 3574 1807 3648">
     <span class='ocr_line' id='line_1_39' title="bbox 203 3574 1807 3648; baseline -0.001 -16"><span class='ocrx_word' id='word_1_274' title='bbox 203 3593 305 3648; x_wconf 88' lang='lat' dir='ltr'><strong>per</strong></span> <span class='ocrx_word' id='word_1_275' title='bbox 341 3575 544 3630; x_wconf 82' lang='lat' dir='ltr'><strong>fratres</strong></span> <span class='ocrx_word' id='word_1_276' title='bbox 565 3587 780 3632; x_wconf 82' lang='lat' dir='ltr'><strong>nostros</strong></span> <span class='ocrx_word' id='word_1_277' title='bbox 806 3575 1024 3632; x_wconf 87' lang='lat' dir='ltr'><strong>mando.</strong></span> <span class='ocrx_word' id='word_1_278' title='bbox 1073 3576 1148 3630; x_wconf 89' lang='lat' dir='ltr'><strong>De</strong></span> <span class='ocrx_word' id='word_1_279' title='bbox 1186 3575 1356 3646; x_wconf 85' lang='lat' dir='ltr'><strong>gratia</strong></span> <span class='ocrx_word' id='word_1_280' title='bbox 1409 3583 1464 3629; x_wconf 89' lang='lat' dir='ltr'><strong>et</strong></span> <span class='ocrx_word' id='word_1_281' title='bbox 1520 3574 1807 3630; x_wconf 82' lang='lat' dir='ltr'><strong>dilectione</strong></span> 
     </span>
    </p>
   </div>
   <div class='ocr_carea' id='block_1_40' title="bbox 204 3649 1806 3735">
    <p class='ocr_par' dir='ltr' id='par_1_40' title="bbox 204 3649 1806 3735">
     <span class='ocr_line' id='line_1_40' title="bbox 204 3649 1806 3735; baseline -0.001 -14"><span class='ocrx_word' id='word_1_282' title='bbox 204 3667 386 3729; x_wconf 90' lang='lat' dir='ltr'><strong>ducis,</strong></span> <span class='ocrx_word' id='word_1_283' title='bbox 429 3665 494 3718; x_wconf 92' lang='lat' dir='ltr'><strong>de</strong></span> <span class='ocrx_word' id='word_1_284' title='bbox 523 3681 626 3735; x_wconf 90' lang='lat' dir='ltr'><strong>qua</strong></span> <span class='ocrx_word' id='word_1_285' title='bbox 660 3665 788 3719; x_wconf 91' lang='lat' dir='ltr'><strong>mihi</strong></span> <span class='ocrx_word' id='word_1_286' title='bbox 815 3665 1137 3735; x_wconf 89' lang='lat' dir='ltr'><strong>scripsistis,</strong></span> <span class='ocrx_word' id='word_1_287' title='bbox 1168 3665 1395 3718; x_wconf 85' lang='lat' dir='ltr'><strong>multum</strong></span> <span class='ocrx_word' id='word_1_288' title='bbox 1451 3649 1692 3734; x_wconf 79' lang='lat' dir='ltr'><strong>gaudeo;</strong></span> <span class='ocrx_word' id='word_1_289' title='bbox 1751 3651 1806 3719; x_wconf 85' lang='lat' dir='ltr'><strong>et</strong></span> 
     </span>
    </p>
   </div>
   <div class='ocr_carea' id='block_1_41' title="bbox 203 3755 1804 3828">
    <p class='ocr_par' dir='ltr' id='par_1_41' title="bbox 203 3755 1804 3828">
     <span class='ocr_line' id='line_1_41' title="bbox 203 3755 1804 3828; baseline -0.001 -17"><span class='ocrx_word' id='word_1_290' title='bbox 203 3773 304 3828; x_wconf 87' lang='lat' dir='ltr'><strong>pro</strong></span> <span class='ocrx_word' id='word_1_291' title='bbox 330 3772 395 3811; x_wconf 91' lang='lat' dir='ltr'><strong>ea</strong></span> <span class='ocrx_word' id='word_1_292' title='bbox 428 3755 537 3811; x_wconf 89' lang='lat' dir='ltr'><strong>Deo</strong></span> <span class='ocrx_word' id='word_1_293' title='bbox 560 3765 612 3809; x_wconf 91' lang='lat' dir='ltr'><strong>et</strong></span> <span class='ocrx_word' id='word_1_294' title='bbox 643 3756 716 3808; x_wconf 91' lang='lat' dir='ltr'><strong>illi</strong></span> <span class='ocrx_word' id='word_1_295' title='bbox 748 3765 802 3809; x_wconf 92' lang='lat' dir='ltr'><strong>et</strong></span> <span class='ocrx_word' id='word_1_296' title='bbox 836 3757 990 3808; x_wconf 90' lang='lat' dir='ltr'><strong>vobis</strong></span> <span class='ocrx_word' id='word_1_297' title='bbox 1017 3758 1219 3825; x_wconf 82' lang='lat' dir='ltr'><strong>gratias</strong></span> <span class='ocrx_word' id='word_1_298' title='bbox 1259 3771 1380 3825; x_wconf 84' lang='lat' dir='ltr'><strong>ago.</strong></span> <span class='ocrx_word' id='word_1_299' title='bbox 1429 3755 1581 3821; x_wconf 87' lang='lat' dir='ltr'><strong>Quod</strong></span> <span class='ocrx_word' id='word_1_300' title='bbox 1636 3757 1804 3809; x_wconf 78' lang='lat' dir='ltr'><strong>etiam</strong></span> 
     </span>
    </p>
   </div>
   <div class='ocr_carea' id='block_1_42' title="bbox 201 3845 1806 3917">
    <p class='ocr_par' dir='ltr' id='par_1_42' title="bbox 201 3845 1806 3917">
     <span class='ocr_line' id='line_1_42' title="bbox 201 3845 1806 3917; baseline -0.001 -14"><span class='ocrx_word' id='word_1_301' title='bbox 201 3849 280 3904; x_wconf 92' lang='lat' dir='ltr'><strong>illi</strong></span> <span class='ocrx_word' id='word_1_302' title='bbox 305 3862 407 3917; x_wconf 88' lang='lat' dir='ltr'><strong>per</strong></span> <span class='ocrx_word' id='word_1_303' title='bbox 435 3847 640 3900; x_wconf 87' lang='lat' dir='ltr'><strong>litteras</strong></span> <span class='ocrx_word' id='word_1_304' title='bbox 668 3845 847 3900; x_wconf 80' lang='lat' dir='ltr'><strong>facere</strong></span> <span class='ocrx_word' id='word_1_305' title='bbox 867 3846 1046 3915; x_wconf 86' lang='lat' dir='ltr'><strong>cogito</strong></span> <span class='ocrx_word' id='word_1_306' title='bbox 1065 3884 1080 3910; x_wconf 88' lang='lat'><strong>,</strong></span> <span class='ocrx_word' id='word_1_307' title='bbox 1113 3861 1236 3900; x_wconf 91' lang='lat' dir='ltr'><strong>cum</strong></span> <span class='ocrx_word' id='word_1_308' title='bbox 1266 3846 1644 3910; x_wconf 89' lang='lat' dir='ltr'><strong>nuntiivestri,</strong></span> <span class='ocrx_word' id='word_1_309' title='bbox 1667 3846 1806 3901; x_wconf 88' lang='lat' dir='ltr'><strong>sicut</strong></span> 
     </span>
    </p>
   </div>
   <div class='ocr_carea' id='block_1_43' title="bbox 202 3936 1808 4008">
    <p class='ocr_par' dir='ltr' id='par_1_43' title="bbox 202 3936 1808 4008">
     <span class='ocr_line' id='line_1_43' title="bbox 202 3936 1808 4008; baseline 0 -16"><span class='ocrx_word' id='word_1_310' title='bbox 202 3937 388 3993; x_wconf 90' lang='lat' dir='ltr'><strong>audivi</strong></span> <span class='ocrx_word' id='word_1_311' title='bbox 417 3937 774 4002; x_wconf 88' lang='lat' dir='ltr'><strong>constitutum</strong></span> <span class='ocrx_word' id='word_1_312' title='bbox 801 3951 944 4000; x_wconf 90' lang='lat' dir='ltr'><strong>esse,</strong></span> <span class='ocrx_word' id='word_1_313' title='bbox 977 3939 1044 3991; x_wconf 89' lang='lat' dir='ltr'><strong>ad</strong></span> <span class='ocrx_word' id='word_1_314' title='bbox 1078 3936 1226 3990; x_wconf 87' lang='lat' dir='ltr'><strong>illum</strong></span> <span class='ocrx_word' id='word_1_315' title='bbox 1252 3936 1523 3992; x_wconf 88' lang='lat' dir='ltr'><strong>redibunt.</strong></span> <span class='ocrx_word' id='word_1_316' title='bbox 1579 3937 1645 3991; x_wconf 89' lang='lat' dir='ltr'><strong>Et</strong></span> <span class='ocrx_word' id='word_1_317' title='bbox 1674 3953 1808 4008; x_wconf 88' lang='lat' dir='ltr'><strong>quo-</strong></span> 
     </span>
    </p>
   </div>
   <div class='ocr_carea' id='block_1_44' title="bbox 200 4027 1806 4099">
    <p class='ocr_par' dir='ltr' id='par_1_44' title="bbox 200 4027 1806 4099">
     <span class='ocr_line' id='line_1_44' title="bbox 200 4027 1806 4099; baseline -0.001 -14"><span class='ocrx_word' id='word_1_318' title='bbox 200 4029 353 4085; x_wconf 88' lang='lat' dir='ltr'><strong>niam</strong></span> <span class='ocrx_word' id='word_1_319' title='bbox 389 4027 574 4084; x_wconf 91' lang='lat' dir='ltr'><strong>neseio</strong></span> <span class='ocrx_word' id='word_1_320' title='bbox 601 4027 644 4082; x_wconf 89' lang='lat' dir='ltr'><strong>si</strong></span> <span class='ocrx_word' id='word_1_321' title='bbox 679 4029 780 4082; x_wconf 94' lang='lat' dir='ltr'><strong>hoc</strong></span> <span class='ocrx_word' id='word_1_322' title='bbox 818 4043 1040 4082; x_wconf 88' lang='lat' dir='ltr'><strong>necesse</strong></span> <span class='ocrx_word' id='word_1_323' title='bbox 1063 4029 1168 4082; x_wconf 91' lang='lat' dir='ltr'><strong>erit</strong></span> <span class='ocrx_word' id='word_1_324' title='bbox 1217 4027 1330 4082; x_wconf 82' lang='lat' dir='ltr'><strong>fieri</strong></span> <span class='ocrx_word' id='word_1_325' title='bbox 1375 4033 1669 4099; x_wconf 85' lang='lat' dir='ltr'><strong>antequam</strong></span> <span class='ocrx_word' id='word_1_326' title='bbox 1719 4045 1806 4084; x_wconf 90' lang='lat' dir='ltr'><strong>re-</strong></span> 
     </span>
    </p>
   </div>
   <div class='ocr_carea' id='block_1_45' title="bbox 205 4117 1802 4189">
    <p class='ocr_par' dir='ltr' id='par_1_45' title="bbox 205 4117 1802 4189">
     <span class='ocr_line' id='line_1_45' title="bbox 205 4117 1802 4189; baseline -0.001 -15"><span class='ocrx_word' id='word_1_327' title='bbox 205 4120 400 4184; x_wconf 87' lang='lat' dir='ltr'><strong>deam;</strong></span> <span class='ocrx_word' id='word_1_328' title='bbox 426 4133 549 4172; x_wconf 91' lang='lat' dir='ltr'><strong>cum</strong></span> <span class='ocrx_word' id='word_1_329' title='bbox 577 4117 810 4187; x_wconf 91' lang='lat' dir='ltr'><strong>primum</strong></span> <span class='ocrx_word' id='word_1_330' title='bbox 838 4118 1103 4188; x_wconf 85' lang='lat' dir='ltr'><strong>poteritis,</strong></span> <span class='ocrx_word' id='word_1_331' title='bbox 1129 4119 1382 4173; x_wconf 88' lang='lat' dir='ltr'><strong>mandate</strong></span> <span class='ocrx_word' id='word_1_332' title='bbox 1410 4118 1540 4173; x_wconf 91' lang='lat' dir='ltr'><strong>mihi</strong></span> <span class='ocrx_word' id='word_1_333' title='bbox 1593 4134 1802 4189; x_wconf 68' lang='lat' dir='ltr'><strong>prteno-</strong></span> 
     </span>
    </p>
   </div>
   <div class='ocr_carea' id='block_1_46' title="bbox 205 4209 1802 4279">
    <p class='ocr_par' dir='ltr' id='par_1_46' title="bbox 205 4209 1802 4279">
     <span class='ocr_line' id='line_1_46' title="bbox 205 4209 1802 4279; baseline 0 -15"><span class='ocrx_word' id='word_1_334' title='bbox 205 4227 334 4265; x_wconf 88' lang='lat' dir='ltr'><strong>men</strong></span> <span class='ocrx_word' id='word_1_335' title='bbox 361 4209 504 4276; x_wconf 79' lang='lat' dir='ltr'><strong>ejus,</strong></span> <span class='ocrx_word' id='word_1_336' title='bbox 538 4217 593 4263; x_wconf 91' lang='lat' dir='ltr'><strong>et</strong></span> <span class='ocrx_word' id='word_1_337' title='bbox 617 4209 832 4263; x_wconf 89' lang='lat' dir='ltr'><strong>nomina</strong></span> <span class='ocrx_word' id='word_1_338' title='bbox 895 4209 966 4241; x_wconf 69' lang='grc'><strong>⁸⁸⁸</strong></span> <span class='ocrx_word' id='word_1_339' title='bbox 1015 4211 1202 4265; x_wconf 76' lang='lat' dir='ltr'><strong>uxoris</strong></span> <span class='ocrx_word' id='word_1_340' title='bbox 1240 4218 1295 4265; x_wconf 90' lang='lat' dir='ltr'><strong>et</strong></span> <span class='ocrx_word' id='word_1_341' title='bbox 1353 4209 1586 4264; x_wconf 82' lang='lat' dir='ltr'><strong>filiorum</strong></span> <span class='ocrx_word' id='word_1_342' title='bbox 1641 4209 1802 4279; x_wconf 78' lang='lat' dir='ltr'><strong>ejus:</strong></span> 
     </span>
    </p>
   </div>
   <div class='ocr_carea' id='block_1_47' title="bbox 206 4301 1800 4372">
    <p class='ocr_par' dir='ltr' id='par_1_47' title="bbox 206 4301 1800 4372">
     <span class='ocr_line' id='line_1_47' title="bbox 206 4301 1800 4372; baseline 0.001 -18"><span class='ocrx_word' id='word_1_343' title='bbox 206 4302 384 4356; x_wconf 82' lang='lat' dir='ltr'><strong>solum</strong></span> <span class='ocrx_word' id='word_1_344' title='bbox 417 4302 562 4354; x_wconf 89' lang='lat' dir='ltr'><strong>enim</strong></span> <span class='ocrx_word' id='word_1_345' title='bbox 597 4316 789 4354; x_wconf 92' lang='lat' dir='ltr'><strong>nomen</strong></span> <span class='ocrx_word' id='word_1_346' title='bbox 819 4301 938 4372; x_wconf 87' lang='lat' dir='ltr'><strong>ejus</strong></span> <span class='ocrx_word' id='word_1_347' title='bbox 970 4311 1148 4366; x_wconf 91' lang='lat' dir='ltr'><strong>teneo,</strong></span> <span class='ocrx_word' id='word_1_348' title='bbox 1174 4303 1300 4372; x_wconf 90' lang='lat' dir='ltr'><strong>quia</strong></span> <span class='ocrx_word' id='word_1_349' title='bbox 1328 4301 1516 4357; x_wconf 77' lang='lat' dir='ltr'><strong>Vitalis</strong></span> <span class='ocrx_word' id='word_1_350' title='bbox 1556 4311 1800 4357; x_wconf 88' lang='lat' dir='ltr'><strong>vocatur.</strong></span> 
     </span>
    </p>
   </div>
   <div class='ocr_carea' id='block_1_48' title="bbox 208 4389 1800 4461">
    <p class='ocr_par' dir='ltr' id='par_1_48' title="bbox 208 4389 1800 4461">
     <span class='ocr_line' id='line_1_48' title="bbox 208 4389 1800 4461; baseline -0.002 -14"><span class='ocrx_word' id='word_1_351' title='bbox 208 4393 316 4447; x_wconf 86' lang='lat' dir='ltr'><strong>Sed</strong></span> <span class='ocrx_word' id='word_1_352' title='bbox 347 4389 608 4461; x_wconf 87' lang='lat' dir='ltr'><strong>quoniam</strong></span> <span class='ocrx_word' id='word_1_353' title='bbox 633 4389 803 4443; x_wconf 87' lang='lat' dir='ltr'><strong>dulcis</strong></span> <span class='ocrx_word' id='word_1_354' title='bbox 835 4391 965 4445; x_wconf 89' lang='lat' dir='ltr'><strong>mihi</strong></span> <span class='ocrx_word' id='word_1_355' title='bbox 995 4401 1176 4446; x_wconf 89' lang='lat' dir='ltr'><strong>vestra</strong></span> <span class='ocrx_word' id='word_1_356' title='bbox 1213 4391 1430 4446; x_wconf 88' lang='lat' dir='ltr'><strong>dilectio</strong></span> <span class='ocrx_word' id='word_1_357' title='bbox 1457 4392 1535 4446; x_wconf 86' lang='lat' dir='ltr'><strong>sic</strong></span> <span class='ocrx_word' id='word_1_358' title='bbox 1564 4407 1651 4446; x_wconf 91' lang='lat' dir='ltr'><strong>me</strong></span> <span class='ocrx_word' id='word_1_359' title='bbox 1699 4391 1800 4446; x_wconf 87' lang='lat' dir='ltr'><strong>sibi</strong></span> 
     </span>
    </p>
   </div>
   <div class='ocr_carea' id='block_1_49' title="bbox 207 4483 1800 4556">
    <p class='ocr_par' dir='ltr' id='par_1_49' title="bbox 207 4483 1800 4556">
     <span class='ocr_line' id='line_1_49' title="bbox 207 4483 1800 4556; baseline -0.002 -16"><span class='ocrx_word' id='word_1_360' title='bbox 207 4501 304 4540; x_wconf 90' lang='lat' dir='ltr'><strong>sua</strong></span> <span class='ocrx_word' id='word_1_361' title='bbox 344 4484 618 4556; x_wconf 88' lang='lat' dir='ltr'><strong>probitate</strong></span> <span class='ocrx_word' id='word_1_362' title='bbox 650 4484 1066 4554; x_wconf 87' lang='lat' dir='ltr'><strong>conglutinavit,</strong></span> <span class='ocrx_word' id='word_1_363' title='bbox 1097 4493 1158 4538; x_wconf 92' lang='lat' dir='ltr'><strong>ut</strong></span> <span class='ocrx_word' id='word_1_364' title='bbox 1185 4485 1326 4538; x_wconf 90' lang='lat' dir='ltr'><strong>idem</strong></span> <span class='ocrx_word' id='word_1_365' title='bbox 1356 4485 1422 4539; x_wconf 90' lang='lat' dir='ltr'><strong>de</strong></span> <span class='ocrx_word' id='word_1_366' title='bbox 1455 4483 1628 4552; x_wconf 88' lang='lat' dir='ltr'><strong>vobis,</strong></span> <span class='ocrx_word' id='word_1_367' title='bbox 1658 4485 1800 4554; x_wconf 89' lang='lat' dir='ltr'><strong>quod</strong></span> 
     </span>
    </p>
   </div>
   <div class='ocr_carea' id='block_1_50' title="bbox 208 4571 1800 4643">
    <p class='ocr_par' dir='ltr' id='par_1_50' title="bbox 208 4571 1800 4643">
     <span class='ocr_line' id='line_1_50' title="bbox 208 4571 1800 4643; baseline -0.001 -14"><span class='ocrx_word' id='word_1_368' title='bbox 208 4578 426 4640; x_wconf 87' lang='lat' dir='ltr'><strong>deme,</strong></span> <span class='ocrx_word' id='word_1_369' title='bbox 456 4571 730 4628; x_wconf 85' lang='lat' dir='ltr'><strong>desideret</strong></span> <span class='ocrx_word' id='word_1_370' title='bbox 757 4589 850 4628; x_wconf 89' lang='lat' dir='ltr'><strong>cor</strong></span> <span class='ocrx_word' id='word_1_371' title='bbox 872 4589 1087 4638; x_wconf 91' lang='lat' dir='ltr'><strong>meum,</strong></span> <span class='ocrx_word' id='word_1_372' title='bbox 1143 4573 1284 4628; x_wconf 90' lang='lat' dir='ltr'><strong>unde</strong></span> <span class='ocrx_word' id='word_1_373' title='bbox 1330 4573 1440 4642; x_wconf 89' lang='lat' dir='ltr'><strong>jam</strong></span> <span class='ocrx_word' id='word_1_374' title='bbox 1489 4588 1638 4643; x_wconf 90' lang='lat' dir='ltr'><strong>spem</strong></span> <span class='ocrx_word' id='word_1_375' title='bbox 1691 4589 1800 4627; x_wconf 87' lang='lat' dir='ltr'><strong>ma-</strong></span> 
     </span>
    </p>
   </div>
   <div class='ocr_carea' id='block_1_51' title="bbox 209 4665 1801 4737">
    <p class='ocr_par' dir='ltr' id='par_1_51' title="bbox 209 4665 1801 4737">
     <span class='ocr_line' id='line_1_51' title="bbox 209 4665 1801 4737; baseline -0.001 -17"><span class='ocrx_word' id='word_1_376' title='bbox 209 4683 370 4737; x_wconf 85' lang='lat' dir='ltr'><strong>gnam</strong></span> <span class='ocrx_word' id='word_1_377' title='bbox 399 4681 470 4721; x_wconf 81' lang='lat' dir='ltr'><strong>ex</strong></span> <span class='ocrx_word' id='word_1_378' title='bbox 503 4665 698 4720; x_wconf 86' lang='lat' dir='ltr'><strong>vestris</strong></span> <span class='ocrx_word' id='word_1_379' title='bbox 739 4665 1081 4720; x_wconf 87' lang='lat' dir='ltr'><strong>sermonibus</strong></span> <span class='ocrx_word' id='word_1_380' title='bbox 1134 4665 1354 4734; x_wconf 84' lang='lat' dir='ltr'><strong>concepi</strong></span> <span class='ocrx_word' id='word_1_381' title='bbox 1382 4705 1396 4728; x_wconf 97' lang='lat'><strong>,</strong></span> <span class='ocrx_word' id='word_1_382' title='bbox 1462 4680 1568 4718; x_wconf 91' lang='lat' dir='ltr'><strong>non</strong></span> <span class='ocrx_word' id='word_1_383' title='bbox 1623 4673 1801 4734; x_wconf 89' lang='lat' dir='ltr'><strong>potest</strong></span> 
     </span>
    </p>
   </div>
   <div class='ocr_carea' id='block_1_52' title="bbox 210 4755 1801 4826">
    <p class='ocr_par' dir='ltr' id='par_1_52' title="bbox 210 4755 1801 4826">
     <span class='ocr_line' id='line_1_52' title="bbox 210 4755 1801 4826; baseline -0.001 -15"><span class='ocrx_word' id='word_1_384' title='bbox 210 4773 364 4813; x_wconf 90' lang='lat' dir='ltr'><strong>mens</strong></span> <span class='ocrx_word' id='word_1_385' title='bbox 395 4771 517 4812; x_wconf 84' lang='lat' dir='ltr'><strong>mea</strong></span> <span class='ocrx_word' id='word_1_386' title='bbox 544 4758 846 4826; x_wconf 86' lang='lat' dir='ltr'><strong>quiescere,</strong></span> <span class='ocrx_word' id='word_1_387' title='bbox 873 4757 1044 4812; x_wconf 85' lang='lat' dir='ltr'><strong>donec</strong></span> <span class='ocrx_word' id='word_1_388' title='bbox 1070 4757 1246 4825; x_wconf 91' lang='lat' dir='ltr'><strong>ipsum</strong></span> <span class='ocrx_word' id='word_1_389' title='bbox 1271 4771 1448 4810; x_wconf 90' lang='lat' dir='ltr'><strong>meum</strong></span> <span class='ocrx_word' id='word_1_390' title='bbox 1475 4755 1801 4810; x_wconf 86' lang='lat' dir='ltr'><strong>desideriqu</strong></span> 
     </span>
    </p>
   </div>
   <div class='ocr_carea' id='block_1_53' title="bbox 208 4844 1802 4918">
    <p class='ocr_par' dir='ltr' id='par_1_53' title="bbox 208 4844 1802 4918">
     <span class='ocr_line' id='line_1_53' title="bbox 208 4844 1802 4918; baseline 0 -16"><span class='ocrx_word' id='word_1_391' title='bbox 208 4849 277 4904; x_wconf 89' lang='lat' dir='ltr'><strong>de</strong></span> <span class='ocrx_word' id='word_1_392' title='bbox 303 4849 458 4903; x_wconf 89' lang='lat' dir='ltr'><strong>vobis</strong></span> <span class='ocrx_word' id='word_1_393' title='bbox 495 4849 741 4902; x_wconf 87' lang='lat' dir='ltr'><strong>satietur.</strong></span> <span class='ocrx_word' id='word_1_394' title='bbox 777 4848 1032 4916; x_wconf 84' lang='lat' dir='ltr'><strong>Quamvis</strong></span> <span class='ocrx_word' id='word_1_395' title='bbox 1057 4844 1222 4918; x_wconf 80' lang='lat' dir='ltr'><strong>igitur</strong></span> <span class='ocrx_word' id='word_1_396' title='bbox 1251 4847 1428 4902; x_wconf 92' lang='lat' dir='ltr'><strong>nullus</strong></span> <span class='ocrx_word' id='word_1_397' title='bbox 1450 4861 1631 4902; x_wconf 87' lang='lat' dir='ltr'><strong>sermo</strong></span> <span class='ocrx_word' id='word_1_398' title='bbox 1673 4847 1802 4902; x_wconf 90' lang='lat' dir='ltr'><strong>mihi</strong></span> 
     </span>
    </p>
   </div>
   <div class='ocr_carea' id='block_1_54' title="bbox 210 4935 1802 5011">
    <p class='ocr_par' dir='ltr' id='par_1_54' title="bbox 210 4935 1802 5011">
     <span class='ocr_line' id='line_1_54' title="bbox 210 4935 1802 5011; baseline 0.002 -21"><span class='ocrx_word' id='word_1_399' title='bbox 210 4935 464 5002; x_wconf 83' lang='lat' dir='ltr'><strong>sulliciat,</strong></span> <span class='ocrx_word' id='word_1_400' title='bbox 501 4935 672 4992; x_wconf 88' lang='lat' dir='ltr'><strong>donec</strong></span> <span class='ocrx_word' id='word_1_401' title='bbox 702 4937 844 4993; x_wconf 91' lang='lat' dir='ltr'><strong>Deus</strong></span> <span class='ocrx_word' id='word_1_402' title='bbox 890 4939 1032 5010; x_wconf 90' lang='lat' dir='ltr'><strong>quod</strong></span> <span class='ocrx_word' id='word_1_403' title='bbox 1095 4948 1224 5008; x_wconf 87' lang='lat' dir='ltr'><strong>opto</strong></span> <span class='ocrx_word' id='word_1_404' title='bbox 1289 4937 1573 5011; x_wconf 86' lang='lat' dir='ltr'><strong>perficiat,</strong></span> <span class='ocrx_word' id='word_1_405' title='bbox 1631 4953 1802 5009; x_wconf 86' lang='lat' dir='ltr'><strong>pauca</strong></span> 
     </span>
    </p>
   </div>
   <div class='ocr_carea' id='block_1_55' title="bbox 213 5029 1808 5102">
    <p class='ocr_par' dir='ltr' id='par_1_55' title="bbox 213 5029 1808 5102">
     <span class='ocr_line' id='line_1_55' title="bbox 213 5029 1808 5102; baseline 0.001 -21"><span class='ocrx_word' id='word_1_406' title='bbox 213 5039 421 5093; x_wconf 87' lang='lat' dir='ltr'><strong>tamen,</strong></span> <span class='ocrx_word' id='word_1_407' title='bbox 455 5029 582 5096; x_wconf 90' lang='lat' dir='ltr'><strong>quia</strong></span> <span class='ocrx_word' id='word_1_408' title='bbox 610 5045 716 5083; x_wconf 88' lang='lat' dir='ltr'><strong>non</strong></span> <span class='ocrx_word' id='word_1_409' title='bbox 749 5030 1021 5090; x_wconf 72' lang='lat' dir='ltr'><strong>nescienti,</strong></span> <span class='ocrx_word' id='word_1_410' title='bbox 1037 5029 1250 5101; x_wconf 91' lang='lat' dir='ltr'><strong>loquor,</strong></span> <span class='ocrx_word' id='word_1_411' title='bbox 1277 5046 1376 5101; x_wconf 88' lang='lat' dir='ltr'><strong>pro</strong></span> <span class='ocrx_word' id='word_1_412' title='bbox 1407 5032 1510 5087; x_wconf 87' lang='lat' dir='ltr'><strong>hoc</strong></span> <span class='ocrx_word' id='word_1_413' title='bbox 1531 5033 1648 5102; x_wconf 91' lang='lat' dir='ltr'><strong>ipso</strong></span> <span class='ocrx_word' id='word_1_414' title='bbox 1673 5029 1808 5084; x_wconf 83' lang='lat' dir='ltr'><strong>ami-</strong></span> 
     </span>
    </p>
   </div>
   <div class='ocr_carea' id='block_1_56' title="bbox 212 5121 1808 5195">
    <p class='ocr_par' dir='ltr' id='par_1_56' title="bbox 212 5121 1808 5195">
     <span class='ocr_line' id='line_1_56' title="bbox 212 5121 1808 5195; baseline 0.001 -19"><span class='ocrx_word' id='word_1_415' title='bbox 212 5136 274 5176; x_wconf 90' lang='lat' dir='ltr'><strong>ca</strong></span> <span class='ocrx_word' id='word_1_416' title='bbox 334 5121 702 5179; x_wconf 76' lang='lat' dir='ltr'><strong>familiaritate</strong></span> <span class='ocrx_word' id='word_1_417' title='bbox 732 5139 1115 5180; x_wconf 89' lang='lat' dir='ltr'><strong>commemoro.</strong></span> <span class='ocrx_word' id='word_1_418' title='bbox 1167 5125 1340 5180; x_wconf 85' lang='lat' dir='ltr'><strong>Pensa</strong></span> <span class='ocrx_word' id='word_1_419' title='bbox 1397 5123 1581 5195; x_wconf 82' lang='lat' dir='ltr'><strong>igitur,</strong></span> <span class='ocrx_word' id='word_1_420' title='bbox 1635 5122 1808 5178; x_wconf 88' lang='lat' dir='ltr'><strong>dulcis</strong></span> 
     </span>
    </p>
   </div>
   <div class='ocr_carea' id='block_1_57' title="bbox 1898 513 3474 592">
    <p class='ocr_par' dir='ltr' id='par_1_57' title="bbox 1898 513 3474 592">
     <span class='ocr_line' id='line_1_57' title="bbox 1898 513 3474 592; baseline 0.011 -26"><span class='ocrx_word' id='word_1_421' title='bbox 1898 513 2128 575; x_wconf 82' lang='lat' dir='ltr'><strong>sitiinis,</strong></span> <span class='ocrx_word' id='word_1_422' title='bbox 2161 524 2215 568; x_wconf 89' lang='lat' dir='ltr'><strong>et</strong></span> <span class='ocrx_word' id='word_1_423' title='bbox 2251 515 2303 568; x_wconf 90' lang='lat' dir='ltr'><strong>in</strong></span> <span class='ocrx_word' id='word_1_424' title='bbox 2336 515 2438 568; x_wconf 86' lang='lat' dir='ltr'><strong>fine</strong></span> <span class='ocrx_word' id='word_1_425' title='bbox 2463 515 2583 585; x_wconf 87' lang='lat' dir='ltr'><strong>quis</strong></span> <span class='ocrx_word' id='word_1_426' title='bbox 2612 516 2837 583; x_wconf 83' lang='lat' dir='ltr'><strong>fructus,</strong></span> <span class='ocrx_word' id='word_1_427' title='bbox 2887 523 3028 590; x_wconf 87' lang='lat' dir='ltr'><strong>quod</strong></span> <span class='ocrx_word' id='word_1_428' title='bbox 3076 525 3354 592; x_wconf 70' lang='lat' dir='ltr'><strong>prtemium</strong></span> <span class='ocrx_word' id='word_1_429' title='bbox 3382 544 3396 581; x_wconf 92' lang='lat'><strong>:</strong></span> <span class='ocrx_word' id='word_1_430' title='bbox 3420 535 3474 584; x_wconf 85' lang='lat' dir='ltr'><strong>et</strong></span> 
     </span>
    </p>
   </div>
   <div class='ocr_carea' id='block_1_58' title="bbox 1897 605 3471 685">
    <p class='ocr_par' dir='ltr' id='par_1_58' title="bbox 1897 605 3471 685">
     <span class='ocr_line' id='line_1_58' title="bbox 1897 605 3471 685; baseline 0.01 -30"><span class='ocrx_word' id='word_1_431' title='bbox 1897 613 2139 685; x_wconf 84' lang='lat' dir='ltr'><strong>econtra,</strong></span> <span class='ocrx_word' id='word_1_432' title='bbox 2164 619 2286 673; x_wconf 69' lang='lat' dir='ltr'><strong>quae</strong></span> <span class='ocrx_word' id='word_1_433' title='bbox 2312 605 2384 660; x_wconf 91' lang='lat' dir='ltr'><strong>sit</strong></span> <span class='ocrx_word' id='word_1_434' title='bbox 2419 608 2752 674; x_wconf 83' lang='lat' dir='ltr'><strong>exspectatio</strong></span> <span class='ocrx_word' id='word_1_435' title='bbox 2786 612 2967 664; x_wconf 90' lang='lat' dir='ltr'><strong>mundi</strong></span> <span class='ocrx_word' id='word_1_436' title='bbox 2998 612 3224 681; x_wconf 92' lang='lat' dir='ltr'><strong>gloriam</strong></span> <span class='ocrx_word' id='word_1_437' title='bbox 3269 615 3471 670; x_wconf 84' lang='lat' dir='ltr'><strong>calcan-</strong></span> 
     </span>
    </p>
   </div>
   <div class='ocr_carea' id='block_1_59' title="bbox 1901 693 3468 774">
    <p class='ocr_par' dir='ltr' id='par_1_59' title="bbox 1901 693 3468 774">
     <span class='ocr_line' id='line_1_59' title="bbox 1901 693 3468 774; baseline 0.006 -26"><span class='ocrx_word' id='word_1_438' title='bbox 1901 693 2052 748; x_wconf 92' lang='lat' dir='ltr'><strong>tium.</strong></span> <span class='ocrx_word' id='word_1_439' title='bbox 2095 695 2151 750; x_wconf 93' lang='lat' dir='ltr'><strong>Si</strong></span> <span class='ocrx_word' id='word_1_440' title='bbox 2181 697 2333 762; x_wconf 88' lang='lat' dir='ltr'><strong>dicis,</strong></span> <span class='ocrx_word' id='word_1_441' title='bbox 2368 714 2473 752; x_wconf 92' lang='lat' dir='ltr'><strong>non</strong></span> <span class='ocrx_word' id='word_1_442' title='bbox 2506 700 2602 754; x_wconf 90' lang='lat' dir='ltr'><strong>soli</strong></span> <span class='ocrx_word' id='word_1_443' title='bbox 2641 701 2890 755; x_wconf 88' lang='lat' dir='ltr'><strong>monachi</strong></span> <span class='ocrx_word' id='word_1_444' title='bbox 2945 702 3012 756; x_wconf 92' lang='lat' dir='ltr'><strong>ad</strong></span> <span class='ocrx_word' id='word_1_445' title='bbox 3069 703 3297 758; x_wconf 89' lang='lat' dir='ltr'><strong>salutem</strong></span> <span class='ocrx_word' id='word_1_446' title='bbox 3351 720 3468 774; x_wconf 86' lang='lat' dir='ltr'><strong>per-</strong></span> 
     </span>
    </p>
   </div>
   <div class='ocr_carea' id='block_1_60' title="bbox 1900 783 3476 866">
    <p class='ocr_par' dir='ltr' id='par_1_60' title="bbox 1900 783 3476 866">
     <span class='ocr_line' id='line_1_60' title="bbox 1900 783 3476 866; baseline 0.006 -30"><span class='ocrx_word' id='word_1_447' title='bbox 1900 783 2152 866; x_wconf 79' lang='lat' dir='ltr'><strong>veniunt,</strong></span> <span class='ocrx_word' id='word_1_448' title='bbox 2181 800 2366 840; x_wconf 90' lang='lat' dir='ltr'><strong>verum</strong></span> <span class='ocrx_word' id='word_1_449' title='bbox 2398 796 2501 842; x_wconf 91' lang='lat' dir='ltr'><strong>est.</strong></span> <span class='ocrx_word' id='word_1_450' title='bbox 2531 787 2635 843; x_wconf 88' lang='lat' dir='ltr'><strong>Sed</strong></span> <span class='ocrx_word' id='word_1_451' title='bbox 2659 791 2749 859; x_wconf 91' lang='lat' dir='ltr'><strong>qui</strong></span> <span class='ocrx_word' id='word_1_452' title='bbox 2780 792 3002 854; x_wconf 87' lang='lat' dir='ltr'><strong>certius,</strong></span> <span class='ocrx_word' id='word_1_453' title='bbox 3065 793 3156 861; x_wconf 94' lang='lat' dir='ltr'><strong>qui</strong></span> <span class='ocrx_word' id='word_1_454' title='bbox 3187 792 3350 848; x_wconf 88' lang='lat' dir='ltr'><strong>altius</strong></span> <span class='ocrx_word' id='word_1_455' title='bbox 3405 793 3476 847; x_wconf 93' lang='lat' dir='ltr'><strong>illi</strong></span> 
     </span>
    </p>
   </div>
   <div class='ocr_carea' id='block_1_61' title="bbox 1899 873 3481 952">
    <p class='ocr_par' dir='ltr' id='par_1_61' title="bbox 1899 873 3481 952">
     <span class='ocr_line' id='line_1_61' title="bbox 1899 873 3481 952; baseline 0.007 -27"><span class='ocrx_word' id='word_1_456' title='bbox 1899 873 1989 942; x_wconf 93' lang='lat' dir='ltr'><strong>qui</strong></span> <span class='ocrx_word' id='word_1_457' title='bbox 2015 874 2185 928; x_wconf 91' lang='lat' dir='ltr'><strong>solum</strong></span> <span class='ocrx_word' id='word_1_458' title='bbox 2218 876 2384 930; x_wconf 90' lang='lat' dir='ltr'><strong>Deum</strong></span> <span class='ocrx_word' id='word_1_459' title='bbox 2409 889 2672 932; x_wconf 90' lang='lat' dir='ltr'><strong>conantur</strong></span> <span class='ocrx_word' id='word_1_460' title='bbox 2702 896 2914 947; x_wconf 88' lang='lat' dir='ltr'><strong>amare;</strong></span> <span class='ocrx_word' id='word_1_461' title='bbox 2964 896 3031 934; x_wconf 87' lang='lat' dir='ltr'><strong>an</strong></span> <span class='ocrx_word' id='word_1_462' title='bbox 3064 882 3136 936; x_wconf 92' lang='lat' dir='ltr'><strong>illi</strong></span> <span class='ocrx_word' id='word_1_463' title='bbox 3191 883 3279 952; x_wconf 89' lang='lat' dir='ltr'><strong>qui</strong></span> <span class='ocrx_word' id='word_1_464' title='bbox 3333 899 3481 937; x_wconf 84' lang='lat' dir='ltr'><strong>amo</strong></span> 
     </span>
    </p>
   </div>
   <div class='ocr_carea' id='block_1_62' title="bbox 1901 964 3477 1040">
    <p class='ocr_par' dir='ltr' id='par_1_62' title="bbox 1901 964 3477 1040">
     <span class='ocr_line' id='line_1_62' title="bbox 1901 964 3477 1040; baseline 0.009 -25"><span class='ocrx_word' id='word_1_465' title='bbox 1901 979 2012 1016; x_wconf 90' lang='lat' dir='ltr'><strong>rem</strong></span> <span class='ocrx_word' id='word_1_466' title='bbox 2042 964 2131 1018; x_wconf 90' lang='lat' dir='ltr'><strong>Dei</strong></span> <span class='ocrx_word' id='word_1_467' title='bbox 2159 975 2214 1019; x_wconf 87' lang='lat' dir='ltr'><strong>et</strong></span> <span class='ocrx_word' id='word_1_468' title='bbox 2239 981 2476 1020; x_wconf 90' lang='lat' dir='ltr'><strong>amorem</strong></span> <span class='ocrx_word' id='word_1_469' title='bbox 2520 970 2698 1023; x_wconf 65' lang='lat' dir='ltr'><strong>saeculi</strong></span> <span class='ocrx_word' id='word_1_470' title='bbox 2749 971 2908 1024; x_wconf 90' lang='lat' dir='ltr'><strong>simul</strong></span> <span class='ocrx_word' id='word_1_471' title='bbox 2953 970 3136 1025; x_wconf 87' lang='lat' dir='ltr'><strong>volunt</strong></span> <span class='ocrx_word' id='word_1_472' title='bbox 3185 973 3477 1040; x_wconf 47' lang='lat' dir='ltr'><strong>copulare?</strong></span> 
     </span>
    </p>
   </div>
   <div class='ocr_carea' id='block_1_63' title="bbox 1903 1049 3483 1126">
    <p class='ocr_par' dir='ltr' id='par_1_63' title="bbox 1903 1049 3483 1126">
     <span class='ocr_line' id='line_1_63' title="bbox 1903 1049 3483 1126; baseline 0.007 -24"><span class='ocrx_word' id='word_1_473' title='bbox 1903 1049 2006 1104; x_wconf 87' lang='lat' dir='ltr'><strong>Sed</strong></span> <span class='ocrx_word' id='word_1_474' title='bbox 2039 1051 2264 1105; x_wconf 89' lang='lat' dir='ltr'><strong>forsitan</strong></span> <span class='ocrx_word' id='word_1_475' title='bbox 2295 1053 2437 1107; x_wconf 89' lang='lat' dir='ltr'><strong>dicet</strong></span> <span class='ocrx_word' id='word_1_476' title='bbox 2464 1054 2657 1124; x_wconf 82' lang='lat' dir='ltr'><strong>aliquis</strong></span> <span class='ocrx_word' id='word_1_477' title='bbox 2679 1057 2805 1126; x_wconf 86' lang='lat' dir='ltr'><strong>quia</strong></span> <span class='ocrx_word' id='word_1_478' title='bbox 2840 1066 2897 1112; x_wconf 89' lang='lat' dir='ltr'><strong>et</strong></span> <span class='ocrx_word' id='word_1_479' title='bbox 2952 1058 3005 1112; x_wconf 92' lang='lat' dir='ltr'><strong>in</strong></span> <span class='ocrx_word' id='word_1_480' title='bbox 3056 1059 3248 1113; x_wconf 87' lang='lat' dir='ltr'><strong>ordine</strong></span> <span class='ocrx_word' id='word_1_481' title='bbox 3298 1075 3483 1115; x_wconf 79' lang='lat' dir='ltr'><strong>mona-</strong></span> 
     </span>
    </p>
   </div>
   <div class='ocr_carea' id='block_1_64' title="bbox 1900 1142 3487 1219">
    <p class='ocr_par' dir='ltr' id='par_1_64' title="bbox 1900 1142 3487 1219">
     <span class='ocr_line' id='line_1_64' title="bbox 1900 1142 3487 1219; baseline 0.006 -26"><span class='ocrx_word' id='word_1_482' title='bbox 1900 1142 2126 1193; x_wconf 88' lang='lat' dir='ltr'><strong>chorum</strong></span> <span class='ocrx_word' id='word_1_483' title='bbox 2160 1151 2238 1195; x_wconf 90' lang='lat' dir='ltr'><strong>est</strong></span> <span class='ocrx_word' id='word_1_484' title='bbox 2265 1143 2584 1211; x_wconf 90' lang='lat' dir='ltr'><strong>perieulum.</strong></span> <span class='ocrx_word' id='word_1_485' title='bbox 2617 1145 2660 1200; x_wconf 91' lang='lat'><strong>0</strong></span> <span class='ocrx_word' id='word_1_486' title='bbox 2699 1146 2858 1200; x_wconf 90' lang='lat' dir='ltr'><strong>homo</strong></span> <span class='ocrx_word' id='word_1_487' title='bbox 2890 1148 2979 1217; x_wconf 92' lang='lat' dir='ltr'><strong>qui</strong></span> <span class='ocrx_word' id='word_1_488' title='bbox 3007 1147 3112 1203; x_wconf 88' lang='lat' dir='ltr'><strong>hoc</strong></span> <span class='ocrx_word' id='word_1_489' title='bbox 3143 1147 3294 1212; x_wconf 91' lang='lat' dir='ltr'><strong>dicit,</strong></span> <span class='ocrx_word' id='word_1_490' title='bbox 3315 1164 3487 1219; x_wconf 87' lang='lat' dir='ltr'><strong>quare</strong></span> 
     </span>
    </p>
   </div>
   <div class='ocr_carea' id='block_1_65' title="bbox 1903 1229 3487 1300">
    <p class='ocr_par' dir='ltr' id='par_1_65' title="bbox 1903 1229 3487 1300">
     <span class='ocr_line' id='line_1_65' title="bbox 1903 1229 3487 1300; baseline 0.007 -17"><span class='ocrx_word' id='word_1_491' title='bbox 1903 1244 2008 1283; x_wconf 90' lang='lat' dir='ltr'><strong>non</strong></span> <span class='ocrx_word' id='word_1_492' title='bbox 2039 1229 2344 1284; x_wconf 88' lang='lat' dir='ltr'><strong>considerat</strong></span> <span class='ocrx_word' id='word_1_493' title='bbox 2372 1233 2498 1300; x_wconf 91' lang='lat' dir='ltr'><strong>quid</strong></span> <span class='ocrx_word' id='word_1_494' title='bbox 2519 1234 2672 1289; x_wconf 87' lang='lat' dir='ltr'><strong>dicit!</strong></span> <span class='ocrx_word' id='word_1_495' title='bbox 2702 1234 2746 1291; x_wconf 93' lang='grc' dir='ltr'><strong>Ο</strong></span> <span class='ocrx_word' id='word_1_496' title='bbox 2774 1237 3047 1292; x_wconf 89' lang='lat' dir='ltr'><strong>rationalis</strong></span> <span class='ocrx_word' id='word_1_497' title='bbox 3072 1240 3293 1292; x_wconf 83' lang='lat' dir='ltr'><strong>natura!</strong></span> <span class='ocrx_word' id='word_1_498' title='bbox 3322 1247 3487 1294; x_wconf 80' lang='lat' dir='ltr'><strong>anest</strong></span> 
     </span>
    </p>
   </div>
   <div class='ocr_carea' id='block_1_66' title="bbox 1909 1316 3512 1396">
    <p class='ocr_par' dir='ltr' id='par_1_66' title="bbox 1909 1316 3512 1396">
     <span class='ocr_line' id='line_1_66' title="bbox 1909 1316 3512 1396; baseline 0.005 -24"><span class='ocrx_word' id='word_1_499' title='bbox 1909 1316 2012 1372; x_wconf 83' lang='lat' dir='ltr'><strong>hoc</strong></span> <span class='ocrx_word' id='word_1_500' title='bbox 2045 1319 2365 1374; x_wconf 88' lang='lat' dir='ltr'><strong>rationabile</strong></span> <span class='ocrx_word' id='word_1_501' title='bbox 2395 1322 2700 1387; x_wconf 88' lang='lat' dir='ltr'><strong>consilium,</strong></span> <span class='ocrx_word' id='word_1_502' title='bbox 2727 1333 2785 1378; x_wconf 92' lang='lat' dir='ltr'><strong>ut</strong></span> <span class='ocrx_word' id='word_1_503' title='bbox 2813 1324 2936 1394; x_wconf 90' lang='lat' dir='ltr'><strong>quia</strong></span> <span class='ocrx_word' id='word_1_504' title='bbox 2961 1325 3157 1395; x_wconf 91' lang='lat' dir='ltr'><strong>ubique</strong></span> <span class='ocrx_word' id='word_1_505' title='bbox 3202 1337 3286 1380; x_wconf 87' lang='lat' dir='ltr'><strong>est</strong></span> <span class='ocrx_word' id='word_1_506' title='bbox 3339 1327 3481 1396; x_wconf 83' lang='lat' dir='ltr'><strong>pcri-</strong></span> <span class='ocrx_word' id='word_1_507' title='bbox 3510 1370 3512 1373; x_wconf 90' lang='lat'><strong>.</strong></span> 
     </span>
    </p>
   </div>
   <div class='ocr_carea' id='block_1_67' title="bbox 1903 1409 3488 1483">
    <p class='ocr_par' dir='ltr' id='par_1_67' title="bbox 1903 1409 3488 1483">
     <span class='ocr_line' id='line_1_67' title="bbox 1903 1409 3488 1483; baseline 0.003 -19"><span class='ocrx_word' id='word_1_508' title='bbox 1903 1409 2105 1474; x_wconf 91' lang='lat' dir='ltr'><strong>culum,</strong></span> <span class='ocrx_word' id='word_1_509' title='bbox 2138 1410 2208 1464; x_wconf 91' lang='lat' dir='ltr'><strong>ibi</strong></span> <span class='ocrx_word' id='word_1_510' title='bbox 2247 1410 2414 1481; x_wconf 87' lang='lat' dir='ltr'><strong>eligas</strong></span> <span class='ocrx_word' id='word_1_511' title='bbox 2437 1427 2656 1466; x_wconf 90' lang='lat' dir='ltr'><strong>manere</strong></span> <span class='ocrx_word' id='word_1_512' title='bbox 2690 1414 2778 1466; x_wconf 93' lang='lat' dir='ltr'><strong>ubi</strong></span> <span class='ocrx_word' id='word_1_513' title='bbox 2802 1413 2989 1483; x_wconf 85' lang='lat' dir='ltr'><strong>majus</strong></span> <span class='ocrx_word' id='word_1_514' title='bbox 3033 1429 3115 1470; x_wconf 72' lang='grc' dir='ltr'><strong>εει</strong></span> <span class='ocrx_word' id='word_1_515' title='bbox 3142 1415 3436 1483; x_wconf 89' lang='lat' dir='ltr'><strong>periculmn</strong></span> <span class='ocrx_word' id='word_1_516' title='bbox 3462 1415 3488 1469; x_wconf 65' lang='grc' dir='ltr'><strong>Υ</strong></span> 
     </span>
    </p>
   </div>
   <div class='ocr_carea' id='block_1_68' title="bbox 1907 1499 3486 1577">
    <p class='ocr_par' dir='ltr' id='par_1_68' title="bbox 1907 1499 3486 1577">
     <span class='ocr_line' id='line_1_68' title="bbox 1907 1499 3486 1577; baseline 0.004 -23"><span class='ocrx_word' id='word_1_517' title='bbox 1907 1500 2147 1572; x_wconf 85' lang='lat' dir='ltr'><strong>Denique</strong></span> <span class='ocrx_word' id='word_1_518' title='bbox 2175 1500 2219 1554; x_wconf 92' lang='lat' dir='ltr'><strong>si</strong></span> <span class='ocrx_word' id='word_1_519' title='bbox 2246 1499 2334 1555; x_wconf 90' lang='lat' dir='ltr'><strong>ille</strong></span> <span class='ocrx_word' id='word_1_520' title='bbox 2359 1501 2448 1570; x_wconf 93' lang='lat' dir='ltr'><strong>qui</strong></span> <span class='ocrx_word' id='word_1_521' title='bbox 2475 1501 2647 1577; x_wconf 86' lang='lat' dir='ltr'><strong>solum</strong></span> <span class='ocrx_word' id='word_1_522' title='bbox 2678 1505 2843 1558; x_wconf 89' lang='lat' dir='ltr'><strong>Deum</strong></span> <span class='ocrx_word' id='word_1_523' title='bbox 2894 1505 3086 1558; x_wconf 91' lang='lat' dir='ltr'><strong>nititur</strong></span> <span class='ocrx_word' id='word_1_524' title='bbox 3135 1520 3322 1560; x_wconf 87' lang='lat' dir='ltr'><strong>amare</strong></span> <span class='ocrx_word' id='word_1_525' title='bbox 3371 1520 3486 1560; x_wconf 82' lang='lat' dir='ltr'><strong>ser-</strong></span> 
     </span>
    </p>
   </div>
   <div class='ocr_carea' id='block_1_69' title="bbox 1904 1593 3491 1662">
    <p class='ocr_par' dir='ltr' id='par_1_69' title="bbox 1904 1593 3491 1662">
     <span class='ocr_line' id='line_1_69' title="bbox 1904 1593 3491 1662; baseline 0.004 -19"><span class='ocrx_word' id='word_1_526' title='bbox 1904 1600 1995 1644; x_wconf 87' lang='lat' dir='ltr'><strong>vat</strong></span> <span class='ocrx_word' id='word_1_527' title='bbox 2019 1593 2350 1660; x_wconf 90' lang='lat' dir='ltr'><strong>propositum</strong></span> <span class='ocrx_word' id='word_1_528' title='bbox 2383 1608 2555 1662; x_wconf 88' lang='lat' dir='ltr'><strong>usque</strong></span> <span class='ocrx_word' id='word_1_529' title='bbox 2582 1594 2633 1647; x_wconf 95' lang='lat' dir='ltr'><strong>in</strong></span> <span class='ocrx_word' id='word_1_530' title='bbox 2664 1595 2844 1660; x_wconf 88' lang='lat' dir='ltr'><strong>linem,</strong></span> <span class='ocrx_word' id='word_1_531' title='bbox 2878 1603 3024 1648; x_wconf 88' lang='lat' dir='ltr'><strong>certa</strong></span> <span class='ocrx_word' id='word_1_532' title='bbox 3070 1601 3154 1648; x_wconf 89' lang='lat' dir='ltr'><strong>est</strong></span> <span class='ocrx_word' id='word_1_533' title='bbox 3207 1595 3372 1650; x_wconf 91' lang='lat' dir='ltr'><strong>salus.</strong></span> <span class='ocrx_word' id='word_1_534' title='bbox 3431 1595 3491 1650; x_wconf 88' lang='lat' dir='ltr'><strong>Si</strong></span> 
     </span>
    </p>
   </div>
   <div class='ocr_carea' id='block_1_70' title="bbox 1907 1683 3490 1751">
    <p class='ocr_par' dir='ltr' id='par_1_70' title="bbox 1907 1683 3490 1751">
     <span class='ocr_line' id='line_1_70' title="bbox 1907 1683 3490 1751; baseline 0.004 -16"><span class='ocrx_word' id='word_1_535' title='bbox 1907 1698 2034 1736; x_wconf 91' lang='lat' dir='ltr'><strong>vero</strong></span> <span class='ocrx_word' id='word_1_536' title='bbox 2059 1683 2148 1735; x_wconf 90' lang='lat' dir='ltr'><strong>ille</strong></span> <span class='ocrx_word' id='word_1_537' title='bbox 2163 1683 2253 1751; x_wconf 91' lang='lat' dir='ltr'><strong>qui</strong></span> <span class='ocrx_word' id='word_1_538' title='bbox 2279 1683 2535 1737; x_wconf 92' lang='lat' dir='ltr'><strong>mundum</strong></span> <span class='ocrx_word' id='word_1_539' title='bbox 2565 1684 2676 1738; x_wconf 87' lang='lat' dir='ltr'><strong>vult</strong></span> <span class='ocrx_word' id='word_1_540' title='bbox 2705 1700 2908 1750; x_wconf 86' lang='lat' dir='ltr'><strong>amare,</strong></span> <span class='ocrx_word' id='word_1_541' title='bbox 2940 1701 3043 1739; x_wconf 91' lang='lat' dir='ltr'><strong>non</strong></span> <span class='ocrx_word' id='word_1_542' title='bbox 3077 1686 3278 1740; x_wconf 86' lang='lat' dir='ltr'><strong>deserit</strong></span> <span class='ocrx_word' id='word_1_543' title='bbox 3329 1701 3490 1741; x_wconf 89' lang='lat' dir='ltr'><strong>suum</strong></span> 
     </span>
    </p>
   </div>
   <div class='ocr_carea' id='block_1_71' title="bbox 1902 1774 3484 1843">
    <p class='ocr_par' dir='ltr' id='par_1_71' title="bbox 1902 1774 3484 1843">
     <span class='ocr_line' id='line_1_71' title="bbox 1902 1774 3484 1843; baseline 0.003 -18"><span class='ocrx_word' id='word_1_544' title='bbox 1902 1774 2235 1843; x_wconf 77' lang='lat' dir='ltr'><strong>propositum</strong></span> <span class='ocrx_word' id='word_1_545' title='bbox 2257 1782 2383 1828; x_wconf 90' lang='lat' dir='ltr'><strong>ante</strong></span> <span class='ocrx_word' id='word_1_546' title='bbox 2412 1775 2605 1837; x_wconf 86' lang='lat' dir='ltr'><strong>linem,</strong></span> <span class='ocrx_word' id='word_1_547' title='bbox 2664 1786 2756 1829; x_wconf 89' lang='lat' dir='ltr'><strong>aut</strong></span> <span class='ocrx_word' id='word_1_548' title='bbox 2814 1776 2976 1839; x_wconf 88' lang='lat' dir='ltr'><strong>nulla,</strong></span> <span class='ocrx_word' id='word_1_549' title='bbox 3031 1785 3125 1830; x_wconf 86' lang='lat' dir='ltr'><strong>aut</strong></span> <span class='ocrx_word' id='word_1_550' title='bbox 3161 1776 3346 1840; x_wconf 85' lang='lat' dir='ltr'><strong>dubia,</strong></span> <span class='ocrx_word' id='word_1_551' title='bbox 3401 1787 3484 1831; x_wconf 85' lang='lat' dir='ltr'><strong>aut</strong></span> 
     </span>
    </p>
   </div>
   <div class='ocr_carea' id='block_1_72' title="bbox 1902 1863 3491 1933">
    <p class='ocr_par' dir='ltr' id='par_1_72' title="bbox 1902 1863 3491 1933">
     <span class='ocr_line' id='line_1_72' title="bbox 1902 1863 3491 1933; baseline 0.004 -19"><span class='ocrx_word' id='word_1_552' title='bbox 1902 1863 2080 1916; x_wconf 90' lang='lat' dir='ltr'><strong>minor</strong></span> <span class='ocrx_word' id='word_1_553' title='bbox 2105 1873 2188 1917; x_wconf 91' lang='lat' dir='ltr'><strong>est</strong></span> <span class='ocrx_word' id='word_1_554' title='bbox 2215 1863 2379 1918; x_wconf 86' lang='lat' dir='ltr'><strong>salus.</strong></span> <span class='ocrx_word' id='word_1_555' title='bbox 2417 1863 2482 1916; x_wconf 87' lang='lat' dir='ltr'><strong>Et</strong></span> <span class='ocrx_word' id='word_1_556' title='bbox 2507 1873 2655 1918; x_wconf 89' lang='lat' dir='ltr'><strong>certe</strong></span> <span class='ocrx_word' id='word_1_557' title='bbox 2691 1864 2824 1917; x_wconf 90' lang='lat' dir='ltr'><strong>satis</strong></span> <span class='ocrx_word' id='word_1_558' title='bbox 2849 1864 3038 1933; x_wconf 81' lang='lat' dir='ltr'><strong>probat</strong></span> <span class='ocrx_word' id='word_1_559' title='bbox 3084 1865 3209 1933; x_wconf 91' lang='lat' dir='ltr'><strong>quia</strong></span> <span class='ocrx_word' id='word_1_560' title='bbox 3259 1865 3491 1920; x_wconf 81' lang='lat' dir='ltr'><strong>nullate-</strong></span> 
     </span>
    </p>
   </div>
   <div class='ocr_carea' id='block_1_73' title="bbox 1902 1953 3494 2022">
    <p class='ocr_par' dir='ltr' id='par_1_73' title="bbox 1902 1953 3494 2022">
     <span class='ocr_line' id='line_1_73' title="bbox 1902 1953 3494 2022; baseline -0.001 -14"><span class='ocrx_word' id='word_1_561' title='bbox 1902 1969 2024 2017; x_wconf 90' lang='lat' dir='ltr'><strong>nus,</strong></span> <span class='ocrx_word' id='word_1_562' title='bbox 2063 1962 2155 2006; x_wconf 92' lang='lat' dir='ltr'><strong>aut</strong></span> <span class='ocrx_word' id='word_1_563' title='bbox 2179 1967 2367 2022; x_wconf 90' lang='lat' dir='ltr'><strong>parum</strong></span> <span class='ocrx_word' id='word_1_564' title='bbox 2397 1953 2612 2021; x_wconf 90' lang='lat' dir='ltr'><strong>aliquod</strong></span> <span class='ocrx_word' id='word_1_565' title='bbox 2643 1954 2840 2006; x_wconf 90' lang='lat' dir='ltr'><strong>bonum</strong></span> <span class='ocrx_word' id='word_1_566' title='bbox 2866 1953 3059 2022; x_wconf 80' lang='lat' dir='ltr'><strong>diligit,</strong></span> <span class='ocrx_word' id='word_1_567' title='bbox 3101 1955 3190 2022; x_wconf 90' lang='lat' dir='ltr'><strong>qui</strong></span> <span class='ocrx_word' id='word_1_568' title='bbox 3220 1954 3348 2007; x_wconf 91' lang='lat' dir='ltr'><strong>illud</strong></span> <span class='ocrx_word' id='word_1_569' title='bbox 3401 1955 3494 2020; x_wconf 65' lang='lat' dir='ltr'><strong>ubi</strong></span> 
     </span>
    </p>
   </div>
   <div class='ocr_carea' id='block_1_74' title="bbox 1901 2043 3495 2116">
    <p class='ocr_par' dir='ltr' id='par_1_74' title="bbox 1901 2043 3495 2116">
     <span class='ocr_line' id='line_1_74' title="bbox 1901 2043 3495 2116; baseline 0.001 -16"><span class='ocrx_word' id='word_1_570' title='bbox 1901 2043 2106 2100; x_wconf 88' lang='lat' dir='ltr'><strong>certius</strong></span> <span class='ocrx_word' id='word_1_571' title='bbox 2129 2055 2183 2098; x_wconf 92' lang='lat' dir='ltr'><strong>et</strong></span> <span class='ocrx_word' id='word_1_572' title='bbox 2217 2045 2407 2099; x_wconf 89' lang='lat' dir='ltr'><strong>melius</strong></span> <span class='ocrx_word' id='word_1_573' title='bbox 2439 2045 2737 2116; x_wconf 88' lang='lat' dir='ltr'><strong>cognoscit,</strong></span> <span class='ocrx_word' id='word_1_574' title='bbox 2792 2061 2896 2097; x_wconf 92' lang='lat' dir='ltr'><strong>non</strong></span> <span class='ocrx_word' id='word_1_575' title='bbox 2928 2045 3108 2114; x_wconf 87' lang='lat' dir='ltr'><strong>elegit.</strong></span> <span class='ocrx_word' id='word_1_576' title='bbox 3169 2045 3276 2100; x_wconf 86' lang='lat' dir='ltr'><strong>Sed</strong></span> <span class='ocrx_word' id='word_1_577' title='bbox 3307 2047 3495 2101; x_wconf 88' lang='lat' dir='ltr'><strong>dicunt</strong></span> 
     </span>
    </p>
   </div>
   <div class='ocr_carea' id='block_1_75' title="bbox 1904 2132 3494 2203">
    <p class='ocr_par' dir='ltr' id='par_1_75' title="bbox 1904 2132 3494 2203">
     <span class='ocr_line' id='line_1_75' title="bbox 1904 2132 3494 2203; baseline -0.003 -13"><span class='ocrx_word' id='word_1_578' title='bbox 1904 2135 2100 2190; x_wconf 87' lang='lat' dir='ltr'><strong>multi:</strong></span> <span class='ocrx_word' id='word_1_579' title='bbox 2131 2136 2366 2191; x_wconf 88' lang='lat' dir='ltr'><strong>Gravius</strong></span> <span class='ocrx_word' id='word_1_580' title='bbox 2430 2135 2680 2189; x_wconf 89' lang='lat' dir='ltr'><strong>irascitur</strong></span> <span class='ocrx_word' id='word_1_581' title='bbox 2734 2132 2876 2187; x_wconf 90' lang='lat' dir='ltr'><strong>Dens</strong></span> <span class='ocrx_word' id='word_1_582' title='bbox 2926 2133 3168 2203; x_wconf 86' lang='lat' dir='ltr'><strong>peceanti</strong></span> <span class='ocrx_word' id='word_1_583' title='bbox 3229 2133 3494 2188; x_wconf 61' lang='lat' dir='ltr'><strong>monacho</strong></span> 
     </span>
    </p>
   </div>
   <div class='ocr_carea' id='block_1_76' title="bbox 1904 2223 3496 2296">
    <p class='ocr_par' dir='ltr' id='par_1_76' title="bbox 1904 2223 3496 2296">
     <span class='ocr_line' id='line_1_76' title="bbox 1904 2223 3496 2296; baseline -0.001 -16"><span class='ocrx_word' id='word_1_584' title='bbox 1904 2241 2065 2296; x_wconf 89' lang='lat' dir='ltr'><strong>quam</strong></span> <span class='ocrx_word' id='word_1_585' title='bbox 2093 2227 2206 2290; x_wconf 91' lang='lat' dir='ltr'><strong>alii,</strong></span> <span class='ocrx_word' id='word_1_586' title='bbox 2238 2227 2365 2296; x_wconf 89' lang='lat' dir='ltr'><strong>quia</strong></span> <span class='ocrx_word' id='word_1_587' title='bbox 2397 2227 2461 2279; x_wconf 91' lang='lat' dir='ltr'><strong>de</strong></span> <span class='ocrx_word' id='word_1_588' title='bbox 2491 2225 2766 2295; x_wconf 85' lang='lat' dir='ltr'><strong>proposito</strong></span> <span class='ocrx_word' id='word_1_589' title='bbox 2792 2224 2972 2278; x_wconf 90' lang='lat' dir='ltr'><strong>altiori</strong></span> <span class='ocrx_word' id='word_1_590' title='bbox 3006 2225 3168 2278; x_wconf 90' lang='lat' dir='ltr'><strong>cadit.</strong></span> <span class='ocrx_word' id='word_1_591' title='bbox 3227 2223 3340 2279; x_wconf 88' lang='lat' dir='ltr'><strong>lloe</strong></span> <span class='ocrx_word' id='word_1_592' title='bbox 3398 2239 3496 2279; x_wconf 83' lang='lat' dir='ltr'><strong>ve-</strong></span> 
     </span>
    </p>
   </div>
   <div class='ocr_carea' id='block_1_77' title="bbox 1906 2311 3498 2383">
    <p class='ocr_par' dir='ltr' id='par_1_77' title="bbox 1906 2311 3498 2383">
     <span class='ocr_line' id='line_1_77' title="bbox 1906 2311 3498 2383; baseline -0.002 -13"><span class='ocrx_word' id='word_1_593' title='bbox 1906 2333 2022 2370; x_wconf 92' lang='lat' dir='ltr'><strong>rum</strong></span> <span class='ocrx_word' id='word_1_594' title='bbox 2051 2324 2155 2376; x_wconf 81' lang='lat' dir='ltr'><strong>est,</strong></span> <span class='ocrx_word' id='word_1_595' title='bbox 2177 2315 2411 2383; x_wconf 85' lang='lat' dir='ltr'><strong>quandiu</strong></span> <span class='ocrx_word' id='word_1_596' title='bbox 2438 2324 2521 2368; x_wconf 91' lang='lat' dir='ltr'><strong>est</strong></span> <span class='ocrx_word' id='word_1_597' title='bbox 2547 2314 2602 2367; x_wconf 93' lang='lat' dir='ltr'><strong>in</strong></span> <span class='ocrx_word' id='word_1_598' title='bbox 2635 2324 2876 2382; x_wconf 90' lang='lat' dir='ltr'><strong>peccato.</strong></span> <span class='ocrx_word' id='word_1_599' title='bbox 2918 2312 3023 2367; x_wconf 90' lang='lat' dir='ltr'><strong>Sed</strong></span> <span class='ocrx_word' id='word_1_600' title='bbox 3045 2321 3194 2367; x_wconf 89' lang='lat' dir='ltr'><strong>certe</strong></span> <span class='ocrx_word' id='word_1_601' title='bbox 3213 2311 3498 2382; x_wconf 86' lang='lat' dir='ltr'><strong>benignius</strong></span> 
     </span>
    </p>
   </div>
   <div class='ocr_carea' id='block_1_78' title="bbox 1904 2389 3492 2474">
    <p class='ocr_par' dir='ltr' id='par_1_78' title="bbox 1904 2389 3492 2474">
     <span class='ocr_line' id='line_1_78' title="bbox 1904 2389 3492 2474; baseline -0.003 -16"><span class='ocrx_word' id='word_1_602' title='bbox 1904 2415 1959 2458; x_wconf 88' lang='lat' dir='ltr'><strong>et</strong></span> <span class='ocrx_word' id='word_1_603' title='bbox 1987 2389 2308 2458; x_wconf 87' lang='lat' dir='ltr'><strong>familiarius</strong></span> <span class='ocrx_word' id='word_1_604' title='bbox 2339 2404 2567 2474; x_wconf 88' lang='lat' dir='ltr'><strong>suscipit</strong></span> <span class='ocrx_word' id='word_1_605' title='bbox 2595 2404 2736 2457; x_wconf 84' lang='lat' dir='ltr'><strong>Deus</strong></span> <span class='ocrx_word' id='word_1_606' title='bbox 2761 2403 3085 2457; x_wconf 88' lang='lat' dir='ltr'><strong>monachum</strong></span> <span class='ocrx_word' id='word_1_607' title='bbox 3113 2403 3492 2472; x_wconf 73' lang='lat' dir='ltr'><strong>ptenitentem,</strong></span> 
     </span>
    </p>
   </div>
   <div class='ocr_carea' id='block_1_79' title="bbox 1906 2492 3496 2566">
    <p class='ocr_par' dir='ltr' id='par_1_79' title="bbox 1906 2492 3496 2566">
     <span class='ocr_line' id='line_1_79' title="bbox 1906 2492 3496 2566; baseline -0.004 -14"><span class='ocrx_word' id='word_1_608' title='bbox 1906 2498 1950 2552; x_wconf 89' lang='lat' dir='ltr'><strong>si</strong></span> <span class='ocrx_word' id='word_1_609' title='bbox 1974 2497 2039 2550; x_wconf 90' lang='lat' dir='ltr'><strong>ad</strong></span> <span class='ocrx_word' id='word_1_610' title='bbox 2067 2513 2224 2551; x_wconf 90' lang='lat' dir='ltr'><strong>suum</strong></span> <span class='ocrx_word' id='word_1_611' title='bbox 2255 2497 2589 2566; x_wconf 88' lang='lat' dir='ltr'><strong>pr0positum</strong></span> <span class='ocrx_word' id='word_1_612' title='bbox 2619 2495 2796 2558; x_wconf 91' lang='lat' dir='ltr'><strong>rediit,</strong></span> <span class='ocrx_word' id='word_1_613' title='bbox 2828 2509 2990 2564; x_wconf 88' lang='lat' dir='ltr'><strong>quam</strong></span> <span class='ocrx_word' id='word_1_614' title='bbox 3021 2509 3126 2547; x_wconf 90' lang='lat' dir='ltr'><strong>non</strong></span> <span class='ocrx_word' id='word_1_615' title='bbox 3169 2492 3496 2547; x_wconf 88' lang='lat' dir='ltr'><strong>monachum</strong></span> 
     </span>
    </p>
   </div>
   <div class='ocr_carea' id='block_1_80' title="bbox 1907 2581 3502 2658">
    <p class='ocr_par' dir='ltr' id='par_1_80' title="bbox 1907 2581 3502 2658">
     <span class='ocr_line' id='line_1_80' title="bbox 1907 2581 3502 2658; baseline -0.003 -18"><span class='ocrx_word' id='word_1_616' title='bbox 1907 2587 1998 2658; x_wconf 92' lang='lat' dir='ltr'><strong>qui</strong></span> <span class='ocrx_word' id='word_1_617' title='bbox 2036 2588 2104 2642; x_wconf 86' lang='lat' dir='ltr'><strong>ad</strong></span> <span class='ocrx_word' id='word_1_618' title='bbox 2129 2586 2272 2640; x_wconf 91' lang='lat' dir='ltr'><strong>idem</strong></span> <span class='ocrx_word' id='word_1_619' title='bbox 2302 2586 2636 2656; x_wconf 86' lang='lat' dir='ltr'><strong>prOpositum</strong></span> <span class='ocrx_word' id='word_1_620' title='bbox 2698 2598 2802 2638; x_wconf 92' lang='lat' dir='ltr'><strong>non</strong></span> <span class='ocrx_word' id='word_1_621' title='bbox 2865 2583 3031 2638; x_wconf 88' lang='lat' dir='ltr'><strong>venit.</strong></span> <span class='ocrx_word' id='word_1_622' title='bbox 3085 2581 3213 2636; x_wconf 82' lang='lat' dir='ltr'><strong>Plus</strong></span> <span class='ocrx_word' id='word_1_623' title='bbox 3267 2593 3502 2650; x_wconf 77' lang='lat' dir='ltr'><strong>namque</strong></span> 
     </span>
    </p>
   </div>
   <div class='ocr_carea' id='block_1_81' title="bbox 1907 2673 3500 2748">
    <p class='ocr_par' dir='ltr' id='par_1_81' title="bbox 1907 2673 3500 2748">
     <span class='ocr_line' id='line_1_81' title="bbox 1907 2673 3500 2748; baseline -0.002 -18"><span class='ocrx_word' id='word_1_624' title='bbox 1907 2678 2082 2748; x_wconf 89' lang='lat' dir='ltr'><strong>placet</strong></span> <span class='ocrx_word' id='word_1_625' title='bbox 2110 2676 2220 2731; x_wconf 89' lang='lat' dir='ltr'><strong>Deo</strong></span> <span class='ocrx_word' id='word_1_626' title='bbox 2247 2678 2411 2732; x_wconf 89' lang='lat' dir='ltr'><strong>etiam</strong></span> <span class='ocrx_word' id='word_1_627' title='bbox 2439 2684 2560 2745; x_wconf 91' lang='lat' dir='ltr'><strong>post</strong></span> <span class='ocrx_word' id='word_1_628' title='bbox 2589 2690 2752 2745; x_wconf 83' lang='lat' dir='ltr'><strong>grave</strong></span> <span class='ocrx_word' id='word_1_629' title='bbox 2777 2683 3084 2745; x_wconf 88' lang='lat' dir='ltr'><strong>peccatum,</strong></span> <span class='ocrx_word' id='word_1_630' title='bbox 3122 2673 3277 2744; x_wconf 93' lang='lat' dir='ltr'><strong>cujus</strong></span> <span class='ocrx_word' id='word_1_631' title='bbox 3299 2686 3500 2743; x_wconf 85' lang='lat' dir='ltr'><strong>propo-</strong></span> 
     </span>
    </p>
   </div>
   <div class='ocr_carea' id='block_1_82' title="bbox 1906 2765 3498 2838">
    <p class='ocr_par' dir='ltr' id='par_1_82' title="bbox 1906 2765 3498 2838">
     <span class='ocr_line' id='line_1_82' title="bbox 1906 2765 3498 2838; baseline -0.003 -13"><span class='ocrx_word' id='word_1_632' title='bbox 1906 2770 2070 2825; x_wconf 89' lang='lat' dir='ltr'><strong>situm</strong></span> <span class='ocrx_word' id='word_1_633' title='bbox 2101 2778 2185 2825; x_wconf 89' lang='lat' dir='ltr'><strong>est</strong></span> <span class='ocrx_word' id='word_1_634' title='bbox 2212 2777 2268 2824; x_wconf 88' lang='lat' dir='ltr'><strong>et</strong></span> <span class='ocrx_word' id='word_1_635' title='bbox 2297 2776 2421 2822; x_wconf 88' lang='lat' dir='ltr'><strong>ante</strong></span> <span class='ocrx_word' id='word_1_636' title='bbox 2451 2777 2591 2838; x_wconf 78' lang='lat' dir='ltr'><strong>post,</strong></span> <span class='ocrx_word' id='word_1_637' title='bbox 2623 2782 2733 2838; x_wconf 84' lang='lat' dir='ltr'><strong>quo</strong></span> <span class='ocrx_word' id='word_1_638' title='bbox 2761 2765 2934 2834; x_wconf 92' lang='lat' dir='ltr'><strong>majus</strong></span> <span class='ocrx_word' id='word_1_639' title='bbox 2965 2766 3167 2821; x_wconf 87' lang='lat' dir='ltr'><strong>habere</strong></span> <span class='ocrx_word' id='word_1_640' title='bbox 3225 2780 3333 2820; x_wconf 92' lang='lat' dir='ltr'><strong>non</strong></span> <span class='ocrx_word' id='word_1_641' title='bbox 3399 2765 3498 2834; x_wconf 84' lang='lat' dir='ltr'><strong>po-</strong></span> 
     </span>
    </p>
   </div>
   <div class='ocr_carea' id='block_1_83' title="bbox 1910 2859 3503 2933">
    <p class='ocr_par' dir='ltr' id='par_1_83' title="bbox 1910 2859 3503 2933">
     <span class='ocr_line' id='line_1_83' title="bbox 1910 2859 3503 2933; baseline -0.003 -17"><span class='ocrx_word' id='word_1_642' title='bbox 1910 2871 2034 2927; x_wconf 89' lang='lat' dir='ltr'><strong>test,</strong></span> <span class='ocrx_word' id='word_1_643' title='bbox 2064 2877 2225 2933; x_wconf 91' lang='lat' dir='ltr'><strong>quam</strong></span> <span class='ocrx_word' id='word_1_644' title='bbox 2257 2861 2346 2916; x_wconf 87' lang='lat' dir='ltr'><strong>ille</strong></span> <span class='ocrx_word' id='word_1_645' title='bbox 2383 2863 2474 2930; x_wconf 90' lang='lat' dir='ltr'><strong>qui</strong></span> <span class='ocrx_word' id='word_1_646' title='bbox 2500 2876 2600 2915; x_wconf 90' lang='lat' dir='ltr'><strong>nec</strong></span> <span class='ocrx_word' id='word_1_647' title='bbox 2627 2870 2753 2916; x_wconf 90' lang='lat' dir='ltr'><strong>ante</strong></span> <span class='ocrx_word' id='word_1_648' title='bbox 2784 2875 2881 2915; x_wconf 87' lang='lat' dir='ltr'><strong>uec</strong></span> <span class='ocrx_word' id='word_1_649' title='bbox 2912 2867 3035 2929; x_wconf 91' lang='lat' dir='ltr'><strong>post</strong></span> <span class='ocrx_word' id='word_1_650' title='bbox 3069 2859 3247 2914; x_wconf 85' lang='lat' dir='ltr'><strong>simile</strong></span> <span class='ocrx_word' id='word_1_651' title='bbox 3306 2871 3503 2928; x_wconf 85' lang='lat' dir='ltr'><strong>pecea-</strong></span> 
     </span>
    </p>
   </div>
   <div class='ocr_carea' id='block_1_84' title="bbox 1909 2949 3494 3020">
    <p class='ocr_par' dir='ltr' id='par_1_84' title="bbox 1909 2949 3494 3020">
     <span class='ocr_line' id='line_1_84' title="bbox 1909 2949 3494 3020; baseline -0.001 -14"><span class='ocrx_word' id='word_1_652' title='bbox 1909 2961 2044 3019; x_wconf 86' lang='lat' dir='ltr'><strong>tum,</strong></span> <span class='ocrx_word' id='word_1_653' title='bbox 2075 2952 2190 3005; x_wconf 88' lang='lat' dir='ltr'><strong>vult</strong></span> <span class='ocrx_word' id='word_1_654' title='bbox 2223 2965 2546 3020; x_wconf 87' lang='lat' dir='ltr'><strong>proponere,</strong></span> <span class='ocrx_word' id='word_1_655' title='bbox 2575 2966 2682 3019; x_wconf 90' lang='lat' dir='ltr'><strong>quo</strong></span> <span class='ocrx_word' id='word_1_656' title='bbox 2710 2950 2900 3004; x_wconf 84' lang='lat' dir='ltr'><strong>melius</strong></span> <span class='ocrx_word' id='word_1_657' title='bbox 2924 2966 3029 3002; x_wconf 78' lang='lat' dir='ltr'><strong>non</strong></span> <span class='ocrx_word' id='word_1_658' title='bbox 3061 2958 3256 3018; x_wconf 88' lang='lat' dir='ltr'><strong>potest.</strong></span> <span class='ocrx_word' id='word_1_659' title='bbox 3286 2949 3340 3004; x_wconf 82' lang='lat' dir='ltr'><strong>Si</strong></span> <span class='ocrx_word' id='word_1_660' title='bbox 3363 2964 3494 3018; x_wconf 77' lang='lat' dir='ltr'><strong>ergo</strong></span> 
     </span>
    </p>
   </div>
   <div class='ocr_carea' id='block_1_85' title="bbox 1906 3039 3502 3111">
    <p class='ocr_par' dir='ltr' id='par_1_85' title="bbox 1906 3039 3502 3111">
     <span class='ocr_line' id='line_1_85' title="bbox 1906 3039 3502 3111; baseline -0.004 -10"><span class='ocrx_word' id='word_1_661' title='bbox 1906 3055 1962 3101; x_wconf 91' lang='lat' dir='ltr'><strong>et</strong></span> <span class='ocrx_word' id='word_1_662' title='bbox 1985 3041 2363 3100; x_wconf 89' lang='lat' dir='ltr'><strong>innocentibus</strong></span> <span class='ocrx_word' id='word_1_663' title='bbox 2385 3050 2434 3095; x_wconf 91' lang='lat' dir='ltr'><strong>et</strong></span> <span class='ocrx_word' id='word_1_664' title='bbox 2468 3041 2858 3111; x_wconf 72' lang='lat' dir='ltr'><strong>pteuitentibus</strong></span> <span class='ocrx_word' id='word_1_665' title='bbox 2890 3040 3082 3095; x_wconf 90' lang='lat' dir='ltr'><strong>melius</strong></span> <span class='ocrx_word' id='word_1_666' title='bbox 3127 3048 3210 3094; x_wconf 91' lang='lat' dir='ltr'><strong>est</strong></span> <span class='ocrx_word' id='word_1_667' title='bbox 3238 3039 3304 3093; x_wconf 89' lang='lat' dir='ltr'><strong>ad</strong></span> <span class='ocrx_word' id='word_1_668' title='bbox 3335 3039 3502 3094; x_wconf 90' lang='lat' dir='ltr'><strong>vitam</strong></span> 
     </span>
    </p>
   </div>
   <div class='ocr_carea' id='block_1_86' title="bbox 1909 3127 3499 3197">
    <p class='ocr_par' dir='ltr' id='par_1_86' title="bbox 1909 3127 3499 3197">
     <span class='ocr_line' id='line_1_86' title="bbox 1909 3127 3499 3197; baseline -0.002 -12"><span class='ocrx_word' id='word_1_669' title='bbox 1909 3133 2277 3188; x_wconf 89' lang='lat' dir='ltr'><strong>monachicam</strong></span> <span class='ocrx_word' id='word_1_670' title='bbox 2303 3131 2508 3193; x_wconf 91' lang='lat' dir='ltr'><strong>venire,</strong></span> <span class='ocrx_word' id='word_1_671' title='bbox 2541 3140 2596 3183; x_wconf 90' lang='lat' dir='ltr'><strong>et</strong></span> <span class='ocrx_word' id='word_1_672' title='bbox 2633 3127 2832 3192; x_wconf 89' lang='lat' dir='ltr'><strong>redire,</strong></span> <span class='ocrx_word' id='word_1_673' title='bbox 2857 3144 3019 3196; x_wconf 92' lang='lat' dir='ltr'><strong>quam</strong></span> <span class='ocrx_word' id='word_1_674' title='bbox 3049 3129 3344 3183; x_wconf 86' lang='lat' dir='ltr'><strong>absistere:</strong></span> <span class='ocrx_word' id='word_1_675' title='bbox 3368 3127 3499 3197; x_wconf 89' lang='lat' dir='ltr'><strong>quid</strong></span> 
     </span>
    </p>
   </div>
   <div class='ocr_carea' id='block_1_87' title="bbox 1907 3218 3505 3290">
    <p class='ocr_par' dir='ltr' id='par_1_87' title="bbox 1907 3218 3505 3290">
     <span class='ocr_line' id='line_1_87' title="bbox 1907 3218 3505 3290; baseline -0.003 -14"><span class='ocrx_word' id='word_1_676' title='bbox 1907 3223 2170 3276; x_wconf 90' lang='lat' dir='ltr'><strong>moraris?</strong></span> <span class='ocrx_word' id='word_1_677' title='bbox 2197 3222 2252 3274; x_wconf 88' lang='lat' dir='ltr'><strong>Si</strong></span> <span class='ocrx_word' id='word_1_678' title='bbox 2281 3221 2430 3290; x_wconf 89' lang='lat' dir='ltr'><strong>prius</strong></span> <span class='ocrx_word' id='word_1_679' title='bbox 2460 3220 2526 3273; x_wconf 93' lang='lat' dir='ltr'><strong>de</strong></span> <span class='ocrx_word' id='word_1_680' title='bbox 2552 3220 2651 3271; x_wconf 90' lang='lat' dir='ltr'><strong>hac</strong></span> <span class='ocrx_word' id='word_1_681' title='bbox 2677 3218 2780 3270; x_wconf 88' lang='lat' dir='ltr'><strong>vita</strong></span> <span class='ocrx_word' id='word_1_682' title='bbox 2811 3218 3013 3271; x_wconf 87' lang='lat' dir='ltr'><strong>tolleris</strong></span> <span class='ocrx_word' id='word_1_683' title='bbox 3038 3257 3054 3281; x_wconf 95' lang='lat'><strong>,</strong></span> <span class='ocrx_word' id='word_1_684' title='bbox 3108 3218 3368 3271; x_wconf 89' lang='lat' dir='ltr'><strong>damnum</strong></span> <span class='ocrx_word' id='word_1_685' title='bbox 3416 3225 3505 3272; x_wconf 81' lang='lat' dir='ltr'><strong>est</strong></span> 
     </span>
    </p>
   </div>
   <div class='ocr_carea' id='block_1_88' title="bbox 1907 3305 3504 3381">
    <p class='ocr_par' dir='ltr' id='par_1_88' title="bbox 1907 3305 3504 3381">
     <span class='ocr_line' id='line_1_88' title="bbox 1907 3305 3504 3381; baseline -0.003 -15"><span class='ocrx_word' id='word_1_686' title='bbox 1907 3311 2352 3381; x_wconf 87' lang='lat' dir='ltr'><strong>irrecuperabile.</strong></span> <span class='ocrx_word' id='word_1_687' title='bbox 2419 3309 2610 3374; x_wconf 81' lang='lat' dir='ltr'><strong>Multa,</strong></span> <span class='ocrx_word' id='word_1_688' title='bbox 2656 3307 2998 3372; x_wconf 79' lang='lat' dir='ltr'><strong>charissime,</strong></span> <span class='ocrx_word' id='word_1_689' title='bbox 3053 3305 3121 3360; x_wconf 90' lang='lat' dir='ltr'><strong>de</strong></span> <span class='ocrx_word' id='word_1_690' title='bbox 3171 3306 3504 3362; x_wconf 68' lang='lat' dir='ltr'><strong>monachica:</strong></span> 
     </span>
    </p>
   </div>
   <div class='ocr_carea' id='block_1_89' title="bbox 1866 3397 3496 3468">
    <p class='ocr_par' dir='ltr' id='par_1_89' title="bbox 1866 3397 3496 3468">
     <span class='ocr_line' id='line_1_89' title="bbox 1866 3397 3496 3468; baseline -0.001 -15"><span class='ocrx_word' id='word_1_691' title='bbox 1866 3449 1870 3453; x_wconf 91' lang='lat'><strong>.</strong></span> <span class='ocrx_word' id='word_1_692' title='bbox 1908 3402 2030 3456; x_wconf 70' lang='lat' dir='ltr'><strong>vita:</strong></span> <span class='ocrx_word' id='word_1_693' title='bbox 2058 3401 2341 3456; x_wconf 89' lang='lat' dir='ltr'><strong>altitudine</strong></span> <span class='ocrx_word' id='word_1_694' title='bbox 2364 3408 2419 3454; x_wconf 88' lang='lat' dir='ltr'><strong>et</strong></span> <span class='ocrx_word' id='word_1_695' title='bbox 2441 3399 2765 3454; x_wconf 86' lang='lat' dir='ltr'><strong>certitudine</strong></span> <span class='ocrx_word' id='word_1_696' title='bbox 2788 3437 2803 3461; x_wconf 91' lang='lat'><strong>,</strong></span> <span class='ocrx_word' id='word_1_697' title='bbox 2833 3397 2900 3453; x_wconf 89' lang='lat' dir='ltr'><strong>de</strong></span> <span class='ocrx_word' id='word_1_698' title='bbox 2927 3397 3109 3467; x_wconf 85' lang='lat' dir='ltr'><strong>quiete</strong></span> <span class='ocrx_word' id='word_1_699' title='bbox 3137 3406 3194 3451; x_wconf 89' lang='lat' dir='ltr'><strong>et</strong></span> <span class='ocrx_word' id='word_1_700' title='bbox 3237 3397 3496 3468; x_wconf 68' lang='lat' dir='ltr'><strong>jucundio</strong></span> 
     </span>
    </p>
   </div>
   <div class='ocr_carea' id='block_1_90' title="bbox 1908 3487 3501 3560">
    <p class='ocr_par' dir='ltr' id='par_1_90' title="bbox 1908 3487 3501 3560">
     <span class='ocr_line' id='line_1_90' title="bbox 1908 3487 3501 3560; baseline -0.004 -13"><span class='ocrx_word' id='word_1_701' title='bbox 1908 3503 2018 3548; x_wconf 91' lang='lat' dir='ltr'><strong>tate</strong></span> <span class='ocrx_word' id='word_1_702' title='bbox 2045 3491 2224 3547; x_wconf 88' lang='lat' dir='ltr'><strong>dicere</strong></span> <span class='ocrx_word' id='word_1_703' title='bbox 2260 3505 2498 3560; x_wconf 86' lang='lat' dir='ltr'><strong>possem,</strong></span> <span class='ocrx_word' id='word_1_704' title='bbox 2523 3489 2568 3544; x_wconf 90' lang='lat' dir='ltr'><strong>si</strong></span> <span class='ocrx_word' id='word_1_705' title='bbox 2597 3489 2822 3559; x_wconf 89' lang='lat' dir='ltr'><strong>epistola</strong></span> <span class='ocrx_word' id='word_1_706' title='bbox 2868 3487 3084 3542; x_wconf 89' lang='lat' dir='ltr'><strong>modum</strong></span> <span class='ocrx_word' id='word_1_707' title='bbox 3116 3503 3220 3541; x_wconf 90' lang='lat' dir='ltr'><strong>non</strong></span> <span class='ocrx_word' id='word_1_708' title='bbox 3271 3487 3501 3544; x_wconf 84' lang='lat' dir='ltr'><strong>excede-</strong></span> 
     </span>
    </p>
   </div>
   <div class='ocr_carea' id='block_1_91' title="bbox 1908 3576 3498 3650">
    <p class='ocr_par' dir='ltr' id='par_1_91' title="bbox 1908 3576 3498 3650">
     <span class='ocr_line' id='line_1_91' title="bbox 1908 3576 3498 3650; baseline -0.004 -12"><span class='ocrx_word' id='word_1_709' title='bbox 1908 3593 2028 3638; x_wconf 87' lang='lat' dir='ltr'><strong>ret:</strong></span> <span class='ocrx_word' id='word_1_710' title='bbox 2063 3581 2259 3636; x_wconf 90' lang='lat' dir='ltr'><strong>festina</strong></span> <span class='ocrx_word' id='word_1_711' title='bbox 2281 3595 2408 3650; x_wconf 86' lang='lat' dir='ltr'><strong>ergo</strong></span> <span class='ocrx_word' id='word_1_712' title='bbox 2443 3581 2510 3635; x_wconf 89' lang='lat' dir='ltr'><strong>ad</strong></span> <span class='ocrx_word' id='word_1_713' title='bbox 2543 3587 2750 3634; x_wconf 86' lang='lat' dir='ltr'><strong>tantum</strong></span> <span class='ocrx_word' id='word_1_714' title='bbox 2779 3577 3000 3644; x_wconf 93' lang='lat' dir='ltr'><strong>bonum,</strong></span> <span class='ocrx_word' id='word_1_715' title='bbox 3025 3577 3150 3646; x_wconf 86' lang='lat' dir='ltr'><strong>quia</strong></span> <span class='ocrx_word' id='word_1_716' title='bbox 3185 3576 3332 3631; x_wconf 92' lang='lat' dir='ltr'><strong>nullo</strong></span> <span class='ocrx_word' id='word_1_717' title='bbox 3355 3577 3498 3631; x_wconf 89' lang='lat' dir='ltr'><strong>bono</strong></span> 
     </span>
    </p>
   </div>
   <div class='ocr_carea' id='block_1_92' title="bbox 1905 3667 3502 3730">
    <p class='ocr_par' dir='ltr' id='par_1_92' title="bbox 1905 3667 3502 3730">
     <span class='ocr_line' id='line_1_92' title="bbox 1905 3667 3502 3730; baseline -0.003 -1"><span class='ocrx_word' id='word_1_718' title='bbox 1905 3674 2174 3730; x_wconf 83' lang='lat' dir='ltr'><strong>eﬂieacius</strong></span> <span class='ocrx_word' id='word_1_719' title='bbox 2201 3673 2383 3728; x_wconf 88' lang='lat' dir='ltr'><strong>venies</strong></span> <span class='ocrx_word' id='word_1_720' title='bbox 2406 3672 2470 3726; x_wconf 85' lang='lat' dir='ltr'><strong>ad</strong></span> <span class='ocrx_word' id='word_1_721' title='bbox 2492 3685 2759 3727; x_wconf 87' lang='lat' dir='ltr'><strong>sunuumn</strong></span> <span class='ocrx_word' id='word_1_722' title='bbox 2791 3667 3012 3724; x_wconf 88' lang='lat' dir='ltr'><strong>bonum.</strong></span> <span class='ocrx_word' id='word_1_723' title='bbox 3042 3669 3232 3725; x_wconf 86' lang='lat' dir='ltr'><strong>Plures</strong></span> <span class='ocrx_word' id='word_1_724' title='bbox 3258 3669 3373 3723; x_wconf 89' lang='lat' dir='ltr'><strong>vidi</strong></span> <span class='ocrx_word' id='word_1_725' title='bbox 3397 3667 3502 3724; x_wconf 86' lang='lat' dir='ltr'><strong>hoc</strong></span> 
     </span>
    </p>
   </div>
   <div class='ocr_carea' id='block_1_93' title="bbox 1908 3759 3502 3836">
    <p class='ocr_par' dir='ltr' id='par_1_93' title="bbox 1908 3759 3502 3836">
     <span class='ocr_line' id='line_1_93' title="bbox 1908 3759 3502 3836; baseline -0.005 -16"><span class='ocrx_word' id='word_1_726' title='bbox 1908 3765 2288 3836; x_wconf 89' lang='lat' dir='ltr'><strong>promittentes</strong></span> <span class='ocrx_word' id='word_1_727' title='bbox 2314 3772 2370 3817; x_wconf 91' lang='lat' dir='ltr'><strong>et</strong></span> <span class='ocrx_word' id='word_1_728' title='bbox 2395 3762 2727 3824; x_wconf 70' lang='lat' dir='ltr'><strong>differentes,</strong></span> <span class='ocrx_word' id='word_1_729' title='bbox 2754 3775 2892 3829; x_wconf 89' lang='lat' dir='ltr'><strong>quos</strong></span> <span class='ocrx_word' id='word_1_730' title='bbox 2947 3760 3018 3812; x_wconf 90' lang='lat' dir='ltr'><strong>ita</strong></span> <span class='ocrx_word' id='word_1_731' title='bbox 3074 3774 3218 3813; x_wconf 90' lang='lat' dir='ltr'><strong>mors</strong></span> <span class='ocrx_word' id='word_1_732' title='bbox 3271 3759 3390 3812; x_wconf 89' lang='lat' dir='ltr'><strong>tulit</strong></span> <span class='ocrx_word' id='word_1_733' title='bbox 3441 3766 3502 3812; x_wconf 83' lang='lat' dir='ltr'><strong>ut</strong></span> 
     </span>
    </p>
   </div>
   <div class='ocr_carea' id='block_1_94' title="bbox 1908 3846 3501 3921">
    <p class='ocr_par' dir='ltr' id='par_1_94' title="bbox 1908 3846 3501 3921">
     <span class='ocr_line' id='line_1_94' title="bbox 1908 3846 3501 3921; baseline -0.005 -13"><span class='ocrx_word' id='word_1_734' title='bbox 1908 3871 2010 3909; x_wconf 89' lang='lat' dir='ltr'><strong>nec</strong></span> <span class='ocrx_word' id='word_1_735' title='bbox 2035 3855 2140 3909; x_wconf 92' lang='lat' dir='ltr'><strong>hoc</strong></span> <span class='ocrx_word' id='word_1_736' title='bbox 2163 3854 2486 3921; x_wconf 88' lang='lat' dir='ltr'><strong>perlicerent</strong></span> <span class='ocrx_word' id='word_1_737' title='bbox 2509 3863 2616 3919; x_wconf 90' lang='lat' dir='ltr'><strong>quo</strong></span> <span class='ocrx_word' id='word_1_738' title='bbox 2643 3865 2701 3903; x_wconf 90' lang='lat' dir='ltr'><strong>se</strong></span> <span class='ocrx_word' id='word_1_739' title='bbox 2721 3847 3109 3916; x_wconf 87' lang='lat' dir='ltr'><strong>impediebant,</strong></span> <span class='ocrx_word' id='word_1_740' title='bbox 3146 3862 3246 3902; x_wconf 90' lang='lat' dir='ltr'><strong>nec</strong></span> <span class='ocrx_word' id='word_1_741' title='bbox 3272 3847 3375 3901; x_wconf 87' lang='lat' dir='ltr'><strong>huc</strong></span> <span class='ocrx_word' id='word_1_742' title='bbox 3414 3846 3501 3901; x_wconf 83' lang='lat' dir='ltr'><strong>in-</strong></span> 
     </span>
    </p>
   </div>
   <div class='ocr_carea' id='block_1_95' title="bbox 1908 3935 3496 4014">
    <p class='ocr_par' dir='ltr' id='par_1_95' title="bbox 1908 3935 3496 4014">
     <span class='ocr_line' id='line_1_95' title="bbox 1908 3935 3496 4014; baseline -0.005 -15"><span class='ocrx_word' id='word_1_743' title='bbox 1908 3944 2151 4014; x_wconf 88' lang='lat' dir='ltr'><strong>eiperent</strong></span> <span class='ocrx_word' id='word_1_744' title='bbox 2178 3943 2246 3974; x_wconf 75' lang='grc'><strong>⁸⁶⁸</strong></span> <span class='ocrx_word' id='word_1_745' title='bbox 2275 3941 2417 4011; x_wconf 89' lang='lat' dir='ltr'><strong>quod</strong></span> <span class='ocrx_word' id='word_1_746' title='bbox 2446 3939 2852 4010; x_wconf 87' lang='lat' dir='ltr'><strong>promittebant.</strong></span> <span class='ocrx_word' id='word_1_747' title='bbox 2907 3936 3060 4004; x_wconf 90' lang='lat' dir='ltr'><strong>Quod</strong></span> <span class='ocrx_word' id='word_1_748' title='bbox 3119 3937 3273 3991; x_wconf 89' lang='lat' dir='ltr'><strong>valde</strong></span> <span class='ocrx_word' id='word_1_749' title='bbox 3330 3935 3496 3991; x_wconf 86' lang='lat' dir='ltr'><strong>timeo</strong></span> 
     </span>
    </p>
   </div>
   <div class='ocr_carea' id='block_1_96' title="bbox 1909 4025 3498 4096">
    <p class='ocr_par' dir='ltr' id='par_1_96' title="bbox 1909 4025 3498 4096">
     <span class='ocr_line' id='line_1_96' title="bbox 1909 4025 3498 4096; baseline -0.003 -11"><span class='ocrx_word' id='word_1_750' title='bbox 1909 4031 1974 4086; x_wconf 93' lang='lat' dir='ltr'><strong>de</strong></span> <span class='ocrx_word' id='word_1_751' title='bbox 2005 4042 2085 4096; x_wconf 94' lang='lat' dir='ltr'><strong>te;</strong></span> <span class='ocrx_word' id='word_1_752' title='bbox 2118 4031 2212 4086; x_wconf 89' lang='lat' dir='ltr'><strong>sed</strong></span> <span class='ocrx_word' id='word_1_753' title='bbox 2243 4037 2453 4084; x_wconf 88' lang='lat' dir='ltr'><strong>avertat</strong></span> <span class='ocrx_word' id='word_1_754' title='bbox 2481 4029 2622 4083; x_wconf 89' lang='lat' dir='ltr'><strong>Deus</strong></span> <span class='ocrx_word' id='word_1_755' title='bbox 2649 4045 2677 4080; x_wconf 91' lang='lat' dir='ltr'><strong>a</strong></span> <span class='ocrx_word' id='word_1_756' title='bbox 2709 4037 2782 4092; x_wconf 89' lang='lat' dir='ltr'><strong>te,</strong></span> <span class='ocrx_word' id='word_1_757' title='bbox 2837 4027 3181 4081; x_wconf 88' lang='lat' dir='ltr'><strong>charissime.</strong></span> <span class='ocrx_word' id='word_1_758' title='bbox 3239 4025 3390 4092; x_wconf 88' lang='lat' dir='ltr'><strong>Vale,</strong></span> <span class='ocrx_word' id='word_1_759' title='bbox 3439 4033 3498 4081; x_wconf 87' lang='lat' dir='ltr'><strong>et</strong></span> 
     </span>
    </p>
   </div>
   <div class='ocr_carea' id='block_1_97' title="bbox 1909 4121 2278 4176">
    <p class='ocr_par' dir='ltr' id='par_1_97' title="bbox 1909 4121 2278 4176">
     <span class='ocr_line' id='line_1_97' title="bbox 1909 4121 2278 4176; baseline -0.003 -1"><span class='ocrx_word' id='word_1_760' title='bbox 1909 4121 2017 4176; x_wconf 90' lang='lat' dir='ltr'><strong>noli</strong></span> <span class='ocrx_word' id='word_1_761' title='bbox 2042 4122 2278 4176; x_wconf 88' lang='lat' dir='ltr'><strong>tardare.</strong></span> 
     </span>
    </p>
   </div>
   <div class='ocr_carea' id='block_1_98' title="bbox 2371 4227 3034 4312">
    <p class='ocr_par' dir='ltr' id='par_1_98' title="bbox 2371 4227 3034 4312">
     <span class='ocr_line' id='line_1_98' title="bbox 2371 4227 3034 4312; baseline -0.008 -26"><span class='ocrx_word' id='word_1_762' title='bbox 2371 4227 2700 4312; x_wconf 75' lang='lat' dir='ltr'><strong>EPISTOLA</strong></span> <span class='ocrx_word' id='word_1_763' title='bbox 2757 4227 2906 4283; x_wconf 83' lang='lat' dir='ltr'><strong>xxx</strong></span> <span class='ocrx_word' id='word_1_764' title='bbox 2945 4227 3034 4281; x_wconf 68' lang='grc' dir='ltr'>ιιι.</span> 
     </span>
    </p>
   </div>
   <div class='ocr_carea' id='block_1_99' title="bbox 2459 4355 2965 4397">
    <p class='ocr_par' dir='ltr' id='par_1_99' title="bbox 2459 4355 2965 4397">
     <span class='ocr_line' id='line_1_99' title="bbox 2459 4355 2965 4397; baseline -0.004 0"><span class='ocrx_word' id='word_1_765' title='bbox 2459 4358 2527 4397; x_wconf 73' lang='grc' dir='ltr'><strong>Αο</strong></span> <span class='ocrx_word' id='word_1_766' title='bbox 2567 4355 2965 4397; x_wconf 67' lang='grc' dir='ltr'>πλιωεωιωι.</span> 
     </span>
    </p>
   </div>
   <div class='ocr_carea' id='block_1_100' title="bbox 1836 4429 3498 4501">
    <p class='ocr_par' dir='ltr' id='par_1_100' title="bbox 1836 4429 3498 4501">
     <span class='ocr_line' id='line_1_100' title="bbox 1836 4429 3498 4501; baseline -0.002 -13"><span class='ocrx_word' id='word_1_767' title='bbox 1836 4443 1880 4498; x_wconf 87' lang='grc' dir='ltr'>ι)</span> <span class='ocrx_word' id='word_1_768' title='bbox 1909 4433 2060 4501; x_wconf 82' lang='lat' dir='ltr'><strong>Quod</strong></span> <span class='ocrx_word' id='word_1_769' title='bbox 2088 4434 2399 4488; x_wconf 81' lang='lat' dir='ltr'><strong>monachum</strong></span> <span class='ocrx_word' id='word_1_770' title='bbox 2429 4431 2500 4484; x_wconf 89' lang='lat' dir='ltr'><strong>ad</strong></span> <span class='ocrx_word' id='word_1_771' title='bbox 2530 4443 2730 4500; x_wconf 78' lang='lat' dir='ltr'><strong>tempus</strong></span> <span class='ocrx_word' id='word_1_772' title='bbox 2774 4432 2956 4483; x_wconf 86' lang='lat' dir='ltr'><strong>datum</strong></span> <span class='ocrx_word' id='word_1_773' title='bbox 3013 4446 3115 4501; x_wconf 61' lang='lat' dir='ltr'><strong>rion</strong></span> <span class='ocrx_word' id='word_1_774' title='bbox 3159 4430 3320 4496; x_wconf 78' lang='lat' dir='ltr'><strong>possit</strong></span> <span class='ocrx_word' id='word_1_775' title='bbox 3373 4429 3498 4484; x_wconf 84' lang='lat' dir='ltr'><strong>reti-</strong></span> 
     </span>
    </p>
   </div>
   <div class='ocr_carea' id='block_1_101' title="bbox 1977 4498 3494 4628">
    <p class='ocr_par' dir='ltr' id='par_1_101' title="bbox 1977 4498 3494 4628">
     <span class='ocr_line' id='line_1_101' title="bbox 1977 4498 3494 4628; baseline -0.002 -72"><span class='ocrx_word' id='word_1_776' title='bbox 1977 4521 2098 4628; x_wconf 53' lang='grc' dir='ltr'><strong>ἓςνῗ</strong></span> <span class='ocrx_word' id='word_1_777' title='bbox 2123 4505 2281 4628; x_wconf 52' lang='lat' dir='ltr'><strong>invito</strong></span> <span class='ocrx_word' id='word_1_778' title='bbox 2309 4503 2494 4556; x_wconf 84' lang='lat' dir='ltr'><strong>abbate</strong></span> <span class='ocrx_word' id='word_1_779' title='bbox 2516 4502 2605 4571; x_wconf 83' lang='lat' dir='ltr'><strong>qui</strong></span> <span class='ocrx_word' id='word_1_780' title='bbox 2627 4498 2743 4554; x_wconf 77' lang='lat' dir='ltr'><strong>eum</strong></span> <span class='ocrx_word' id='word_1_781' title='bbox 2774 4501 2971 4570; x_wconf 73' lang='lat' dir='ltr'><strong>repetit.</strong></span> <span class='ocrx_word' id='word_1_782' title='bbox 3009 4498 3071 4552; x_wconf 82' lang='lat' dir='ltr'><strong>Et</strong></span> <span class='ocrx_word' id='word_1_783' title='bbox 3105 4501 3373 4553; x_wconf 78' lang='lat' dir='ltr'><strong>intercedit</strong></span> <span class='ocrx_word' id='word_1_784' title='bbox 3399 4515 3494 4570; x_wconf 84' lang='lat' dir='ltr'><strong>pro</strong></span> 
     </span>
     <span class='ocr_line' id='line_1_102' title="bbox 2026 4584 2332 4628; baseline -0.003 0"><span class='ocrx_word' id='word_1_785' title='bbox 2026 4593 2069 4628; x_wconf 85' lang='lat' dir='ltr'><strong>ts</strong></span> <span class='ocrx_word' id='word_1_786' title='bbox 2093 4592 2120 4628; x_wconf 88' lang='lat' dir='ltr'><strong>e</strong></span> <span class='ocrx_word' id='word_1_787' title='bbox 2155 4584 2284 4628; x_wconf 75' lang='lat' dir='ltr'><strong>crto.</strong></span> <span class='ocrx_word' id='word_1_788' title='bbox 2329 4591 2332 4593; x_wconf 50' lang='grc' dir='ltr'>λ</span> 
     </span>
    </p>
   </div>
   <div class='ocr_carea' id='block_1_102' title="bbox 2026 4584 2332 4629">
    <p class='ocr_par' dir='ltr' id='par_1_102' title="bbox 2026 4584 2332 4629">
     <span class='ocr_line' id='line_1_103' title="bbox 2026 4584 2332 4629; baseline -0.003 -1"><span class='ocrx_word' id='word_1_789' title='bbox 2026 4584 2284 4629; x_wconf 79' lang='lat' dir='ltr'><strong>isleberto.</strong></span> <span class='ocrx_word' id='word_1_790' title='bbox 2329 4591 2332 4593; x_wconf 43' lang='grc' dir='ltr'>λ</span> 
     </span>
    </p>
   </div>
   <div class='ocr_carea' id='block_1_103' title="bbox 1981 4656 3493 4734">
    <p class='ocr_par' dir='ltr' id='par_1_103' title="bbox 1981 4656 3493 4734">
     <span class='ocr_line' id='line_1_104' title="bbox 1981 4656 3493 4734; baseline -0.007 -12"><span class='ocrx_word' id='word_1_791' title='bbox 1981 4669 2186 4722; x_wconf 91' lang='lat' dir='ltr'><strong>Domno</strong></span> <span class='ocrx_word' id='word_1_792' title='bbox 2211 4674 2267 4721; x_wconf 89' lang='lat' dir='ltr'><strong>et</strong></span> <span class='ocrx_word' id='word_1_793' title='bbox 2297 4664 2470 4734; x_wconf 64' lang='lat' dir='ltr'><strong>Patri,</strong></span> <span class='ocrx_word' id='word_1_794' title='bbox 2493 4667 2786 4719; x_wconf 70' lang='lat' dir='ltr'><strong>reverenda</strong></span> <span class='ocrx_word' id='word_1_795' title='bbox 2835 4661 3086 4732; x_wconf 87' lang='lat' dir='ltr'><strong>episeopo</strong></span> <span class='ocrx_word' id='word_1_796' title='bbox 3128 4656 3493 4712; x_wconf 87' lang='lat' dir='ltr'><strong>Wiutouiensi</strong></span> 
     </span>
    </p>
   </div>
   <div class='ocr_carea' id='block_1_104' title="bbox 1911 4752 3490 4818">
    <p class='ocr_par' dir='ltr' id='par_1_104' title="bbox 1911 4752 3490 4818">
     <span class='ocr_line' id='line_1_105' title="bbox 1911 4752 3490 4818; baseline -0.006 -6"><span class='ocrx_word' id='word_1_797' title='bbox 1911 4756 2259 4812; x_wconf 67' lang='lat' dir='ltr'><strong>Waccneuo</strong></span> <span class='ocrx_word' id='word_1_798' title='bbox 2281 4755 2349 4787; x_wconf 67' lang='grc'><strong>⁸⁸⁷</strong></span> <span class='ocrx_word' id='word_1_799' title='bbox 2381 4754 2546 4810; x_wconf 82' lang='lat' dir='ltr'><strong>frater</strong></span> <span class='ocrx_word' id='word_1_800' title='bbox 2575 4755 2876 4818; x_wconf 67' lang='lat' dir='ltr'><strong>Assecuos,</strong></span> <span class='ocrx_word' id='word_1_801' title='bbox 2924 4752 3232 4805; x_wconf 90' lang='lat' dir='ltr'><strong>orationum</strong></span> <span class='ocrx_word' id='word_1_802' title='bbox 3276 4758 3329 4803; x_wconf 92' lang='lat' dir='ltr'><strong>et</strong></span> <span class='ocrx_word' id='word_1_803' title='bbox 3387 4763 3490 4803; x_wconf 71' lang='grc' dir='ltr'><strong>σει-ο</strong></span> 
     </span>
    </p>
   </div>
   <div class='ocr_carea' id='block_1_105' title="bbox 1910 4849 2395 4904">
    <p class='ocr_par' dir='ltr' id='par_1_105' title="bbox 1910 4849 2395 4904">
     <span class='ocr_line' id='line_1_106' title="bbox 1910 4849 2395 4904; baseline -0.004 -2"><span class='ocrx_word' id='word_1_804' title='bbox 1910 4850 2025 4903; x_wconf 92' lang='lat' dir='ltr'><strong>vitii</strong></span> <span class='ocrx_word' id='word_1_805' title='bbox 2064 4849 2395 4904; x_wconf 82' lang='lat' dir='ltr'><strong>fidelitatem.</strong></span> 
     </span>
    </p>
   </div>
   <div class='ocr_carea' id='block_1_106' title="bbox 1979 4929 3489 5011">
    <p class='ocr_par' dir='ltr' id='par_1_106' title="bbox 1979 4929 3489 5011">
     <span class='ocr_line' id='line_1_107' title="bbox 1979 4929 3489 5011; baseline -0.009 -14"><span class='ocrx_word' id='word_1_806' title='bbox 1979 4939 2288 4996; x_wconf 90' lang='lat' dir='ltr'><strong>Secundum</strong></span> <span class='ocrx_word' id='word_1_807' title='bbox 2330 4938 2471 5011; x_wconf 89' lang='lat' dir='ltr'><strong>quod</strong></span> <span class='ocrx_word' id='word_1_808' title='bbox 2509 4945 2744 4992; x_wconf 84' lang='lat' dir='ltr'><strong>vestram</strong></span> <span class='ocrx_word' id='word_1_809' title='bbox 2777 4934 2907 4988; x_wconf 90' lang='lat' dir='ltr'><strong>scivi</strong></span> <span class='ocrx_word' id='word_1_810' title='bbox 2935 4932 3286 4996; x_wconf 89' lang='lat' dir='ltr'><strong>voluntatem,</strong></span> <span class='ocrx_word' id='word_1_811' title='bbox 3337 4929 3489 4985; x_wconf 71' lang='lat' dir='ltr'><strong>licu-</strong></span> 
     </span>
    </p>
   </div>
   <div class='ocr_carea' id='block_1_107' title="bbox 1909 5022 3488 5090">
    <p class='ocr_par' dir='ltr' id='par_1_107' title="bbox 1909 5022 3488 5090">
     <span class='ocr_line' id='line_1_108' title="bbox 1909 5022 3488 5090; baseline -0.006 -3"><span class='ocrx_word' id='word_1_812' title='bbox 1909 5043 1995 5090; x_wconf 87' lang='lat' dir='ltr'><strong>tus</strong></span> <span class='ocrx_word' id='word_1_813' title='bbox 2026 5050 2143 5090; x_wconf 86' lang='lat' dir='ltr'><strong>smn</strong></span> <span class='ocrx_word' id='word_1_814' title='bbox 2176 5049 2298 5088; x_wconf 92' lang='lat' dir='ltr'><strong>eum</strong></span> <span class='ocrx_word' id='word_1_815' title='bbox 2330 5034 2528 5086; x_wconf 88' lang='lat' dir='ltr'><strong>domno</strong></span> <span class='ocrx_word' id='word_1_816' title='bbox 2551 5026 2747 5080; x_wconf 85' lang='lat' dir='ltr'><strong>abbate</strong></span> <span class='ocrx_word' id='word_1_817' title='bbox 2774 5027 2840 5080; x_wconf 90' lang='lat' dir='ltr'><strong>de</strong></span> <span class='ocrx_word' id='word_1_818' title='bbox 2879 5034 3060 5080; x_wconf 91' lang='lat' dir='ltr'><strong>monte</strong></span> <span class='ocrx_word' id='word_1_819' title='bbox 3111 5023 3326 5079; x_wconf 70' lang='lat' dir='ltr'><strong>Sancue</strong></span> <span class='ocrx_word' id='word_1_820' title='bbox 3377 5022 3488 5077; x_wconf 79' lang='lat' dir='ltr'><strong>l‘ri-</strong></span> 
     </span>
    </p>
   </div>
   <div class='ocr_carea' id='block_1_108' title="bbox 1912 5114 3482 5182">
    <p class='ocr_par' dir='ltr' id='par_1_108' title="bbox 1912 5114 3482 5182">
     <span class='ocr_line' id='line_1_109' title="bbox 1912 5114 3482 5182; baseline -0.009 0"><span class='ocrx_word' id='word_1_821' title='bbox 1912 5127 2118 5182; x_wconf 89' lang='lat' dir='ltr'><strong>uitatis.</strong></span> <span class='ocrx_word' id='word_1_822' title='bbox 2151 5122 2568 5180; x_wconf 86' lang='lat' dir='ltr'><strong>Concessionem</strong></span> <span class='ocrx_word' id='word_1_823' title='bbox 2599 5133 2629 5171; x_wconf 89' lang='lat' dir='ltr'><strong>a</strong></span> <span class='ocrx_word' id='word_1_824' title='bbox 2656 5118 2857 5174; x_wconf 91' lang='lat' dir='ltr'><strong>domno</strong></span> <span class='ocrx_word' id='word_1_825' title='bbox 2907 5117 3103 5171; x_wconf 89' lang='lat' dir='ltr'><strong>abbate</strong></span> <span class='ocrx_word' id='word_1_826' title='bbox 3131 5114 3354 5170; x_wconf 75' lang='lat' dir='ltr'><strong>Raiuert</strong></span> <span class='ocrx_word' id='word_1_827' title='bbox 3392 5128 3482 5168; x_wconf 82' lang='lat' dir='ltr'><strong>an-</strong></span> 
     </span>
    </p>
   </div>
   <div class='ocr_carea' id='block_1_109' title="bbox 1508 5258 2178 5332">
    <p class='ocr_par' dir='ltr' id='par_1_109' title="bbox 1508 5258 2178 5332">
     <span class='ocr_line' id='line_1_110' title="bbox 1508 5258 2178 5332; baseline -0.007 -16"><span class='ocrx_word' id='word_1_828' title='bbox 1508 5259 1739 5317; x_wconf 64' lang='lat' dir='ltr'><strong>vamzr:</strong></span> <span class='ocrx_word' id='word_1_829' title='bbox 1777 5258 2178 5332; x_wconf 62' lang='lat' dir='ltr'><strong>caenosas.</strong></span> 
     </span>
    </p>
   </div>
   <div class='ocr_carea' id='block_1_110' title="bbox 282 5371 2198 5431">
    <p class='ocr_par' dir='ltr' id='par_1_110' title="bbox 282 5371 2198 5431">
     <span class='ocr_line' id='line_1_111' title="bbox 282 5371 2198 5431; baseline -0.002 -2"><span class='ocrx_word' id='word_1_830' title='bbox 282 5375 356 5409; x_wconf 77' lang='grc'><strong>⁸⁸⁸</strong></span> <span class='ocrx_word' id='word_1_831' title='bbox 394 5373 606 5429; x_wconf 83' lang='lat' dir='ltr'><strong>Collata</strong></span> <span class='ocrx_word' id='word_1_832' title='bbox 647 5392 764 5430; x_wconf 86' lang='lat' dir='ltr'><strong>cum</strong></span> <span class='ocrx_word' id='word_1_833' title='bbox 810 5375 990 5431; x_wconf 89' lang='lat' dir='ltr'><strong>eodem</strong></span> <span class='ocrx_word' id='word_1_834' title='bbox 1037 5391 1134 5428; x_wconf 85' lang='lat' dir='ltr'><strong>ms.</strong></span> <span class='ocrx_word' id='word_1_835' title='bbox 1185 5383 1234 5428; x_wconf 89' lang='lat' dir='ltr'><strong>et</strong></span> <span class='ocrx_word' id='word_1_836' title='bbox 1291 5391 1410 5427; x_wconf 87' lang='lat' dir='ltr'><strong>cum</strong></span> <span class='ocrx_word' id='word_1_837' title='bbox 1452 5375 1593 5429; x_wconf 83' lang='lat' dir='ltr'><strong>Edit.</strong></span> <span class='ocrx_word' id='word_1_838' title='bbox 1623 5371 1778 5427; x_wconf 76' lang='lat' dir='ltr'><strong>Goth.</strong></span> <span class='ocrx_word' id='word_1_839' title='bbox 1820 5383 1868 5426; x_wconf 87' lang='lat' dir='ltr'><strong>et</strong></span> <span class='ocrx_word' id='word_1_840' title='bbox 1904 5371 2018 5426; x_wconf 87' lang='lat' dir='ltr'><strong>Col.</strong></span> <span class='ocrx_word' id='word_1_841' title='bbox 2061 5371 2198 5427; x_wconf 75' lang='grc'><strong>1575</strong></span> 
     </span>
    </p>
   </div>
   <div class='ocr_carea' id='block_1_111' title="bbox 760 5439 3407 5518">
    <p class='ocr_par' dir='ltr' id='par_1_111' title="bbox 760 5439 3407 5518">
     <span class='ocr_line' id='line_1_112' title="bbox 760 5439 3407 5518; baseline -0.006 -17"><span class='ocrx_word' id='word_1_842' title='bbox 760 5448 830 5518; x_wconf 60' lang='grc' dir='ltr'>Ψ</span> <span class='ocrx_word' id='word_1_843' title='bbox 864 5444 1164 5518; x_wconf 67' lang='lat' dir='ltr'><strong>Voluptatis</strong></span> <span class='ocrx_word' id='word_1_844' title='bbox 1203 5443 1596 5518; x_wconf 75' lang='lat' dir='ltr'><strong>profectionem</strong></span> <span class='ocrx_word' id='word_1_845' title='bbox 1657 5460 1757 5497; x_wconf 87' lang='lat' dir='ltr'><strong>ms.</strong></span> <span class='ocrx_word' id='word_1_846' title='bbox 1795 5453 1842 5497; x_wconf 88' lang='lat' dir='ltr'><strong>et</strong></span> <span class='ocrx_word' id='word_1_847' title='bbox 1887 5441 2031 5518; x_wconf 52' lang='lat' dir='ltr'><strong>fuit.</strong></span> <span class='ocrx_word' id='word_1_848' title='bbox 2081 5439 2810 5518; x_wconf 53' lang='lat' dir='ltr'><strong>voluntatis“perfectionem</strong></span> <span class='ocrx_word' id='word_1_849' title='bbox 2920 5439 2990 5518; x_wconf 49' lang='grc' dir='ltr'><strong>’σέ</strong></span> <span class='ocrx_word' id='word_1_850' title='bbox 3019 5439 3172 5518; x_wconf 65' lang='lat' dir='ltr'><strong>Quod</strong></span> <span class='ocrx_word' id='word_1_851' title='bbox 3208 5447 3407 5518; x_wconf 68' lang='lat' dir='ltr'><strong>conees</strong></span> 
     </span>
    </p>
   </div>
   <div class='ocr_carea' id='block_1_112' title="bbox 1349 5505 3485 5584">
    <p class='ocr_par' dir='ltr' id='par_1_112' title="bbox 1349 5505 3485 5584">
     <span class='ocr_line' id='line_1_113' title="bbox 1349 5505 3485 5584; baseline -0.006 -15"><span class='ocrx_word' id='word_1_852' title='bbox 1349 5512 1418 5544; x_wconf 73' lang='grc'><strong>⁸⁸³</strong></span> <span class='ocrx_word' id='word_1_853' title='bbox 1447 5515 1510 5568; x_wconf 79' lang='lat' dir='ltr'><strong>Et</strong></span> <span class='ocrx_word' id='word_1_854' title='bbox 1535 5531 1641 5584; x_wconf 90' lang='lat' dir='ltr'><strong>qua</strong></span> <span class='ocrx_word' id='word_1_855' title='bbox 1671 5529 1768 5567; x_wconf 85' lang='lat' dir='ltr'><strong>ms.</strong></span> <span class='ocrx_word' id='word_1_856' title='bbox 1802 5522 1848 5584; x_wconf 83' lang='lat' dir='ltr'><strong>et</strong></span> <span class='ocrx_word' id='word_1_857' title='bbox 1875 5509 2024 5584; x_wconf 51' lang='lat' dir='ltr'><strong>ﬁdit.</strong></span> <span class='ocrx_word' id='word_1_858' title='bbox 2063 5511 2130 5566; x_wconf 88' lang='lat' dir='ltr'><strong>de</strong></span> <span class='ocrx_word' id='word_1_859' title='bbox 2157 5528 2260 5581; x_wconf 91' lang='lat' dir='ltr'><strong>qua</strong></span> <span class='ocrx_word' id='word_1_860' title='bbox 2342 5505 2513 5584; x_wconf 49' lang='lat' dir='ltr'><strong>W&#39;Et</strong></span> <span class='ocrx_word' id='word_1_861' title='bbox 2545 5508 2985 5584; x_wconf 8' lang='lat' dir='ltr'><strong>nominis_ms._ve_t</strong></span> <span class='ocrx_word' id='word_1_862' title='bbox 3017 5505 3158 5584; x_wconf 60' lang='lat' dir='ltr'><strong>fidit.</strong></span> <span class='ocrx_word' id='word_1_863' title='bbox 3193 5505 3485 5584; x_wconf 37' lang='lat' dir='ltr'><strong>etonomiua</strong></span> 
     </span>
    </p>
   </div>
   <div class='ocr_carea' id='block_1_113' title="bbox 1762 5581 2565 5637">
    <p class='ocr_par' dir='ltr' id='par_1_113' title="bbox 1762 5581 2565 5637">
     <span class='ocr_line' id='line_1_114' title="bbox 1762 5581 2565 5637; baseline -0.005 0"><span class='ocrx_word' id='word_1_864' title='bbox 1762 5583 1828 5614; x_wconf 59' lang='lat'><strong>‘“</strong></span> <span class='ocrx_word' id='word_1_865' title='bbox 1859 5581 2068 5636; x_wconf 86' lang='lat' dir='ltr'><strong>Collata</strong></span> <span class='ocrx_word' id='word_1_866' title='bbox 2110 5599 2224 5637; x_wconf 77' lang='lat' dir='ltr'><strong>cum</strong></span> <span class='ocrx_word' id='word_1_867' title='bbox 2257 5581 2431 5636; x_wconf 77' lang='lat' dir='ltr'><strong>eodem</strong></span> <span class='ocrx_word' id='word_1_868' title='bbox 2471 5595 2565 5635; x_wconf 85' lang='lat' dir='ltr'><strong>ms.</strong></span> 
     </span>
    </p>
   </div>
   <div class='ocr_carea' id='block_1_114' title="bbox 210 5444 653 5502">
    <p class='ocr_par' dir='ltr' id='par_1_114' title="bbox 210 5444 653 5502">
     <span class='ocr_line' id='line_1_115' title="bbox 210 5444 653 5502; baseline 0.002 -1"><span class='ocrx_word' id='word_1_869' title='bbox 210 5447 415 5502; x_wconf 85' lang='lat' dir='ltr'><strong>selmus</strong></span> <span class='ocrx_word' id='word_1_870' title='bbox 468 5446 509 5498; x_wconf 80' lang='grc' dir='ltr'>Α</span> <span class='ocrx_word' id='word_1_871' title='bbox 521 5444 653 5502; x_wconf 87' lang='lat' dir='ltr'><strong>bbas</strong></span> 
     </span>
    </p>
   </div>
   <div class='ocr_carea' id='block_1_115' title="bbox 213 5512 1242 5586">
    <p class='ocr_par' dir='ltr' id='par_1_115' title="bbox 213 5512 1242 5586">
     <span class='ocr_line' id='line_1_116' title="bbox 213 5512 1242 5586; baseline 0 -18"><span class='ocrx_word' id='word_1_872' title='bbox 213 5535 308 5571; x_wconf 87' lang='lat' dir='ltr'><strong>ms.</strong></span> <span class='ocrx_word' id='word_1_873' title='bbox 335 5525 382 5569; x_wconf 85' lang='lat' dir='ltr'><strong>et</strong></span> <span class='ocrx_word' id='word_1_874' title='bbox 413 5512 561 5586; x_wconf 77' lang='grc' dir='ltr'><strong>Εάίε.</strong></span> <span class='ocrx_word' id='word_1_875' title='bbox 593 5517 734 5586; x_wconf 81' lang='lat' dir='ltr'><strong>quod</strong></span> <span class='ocrx_word' id='word_1_876' title='bbox 765 5517 938 5573; x_wconf 88' lang='lat' dir='ltr'><strong>ivislis</strong></span> <span class='ocrx_word' id='word_1_877' title='bbox 972 5512 1242 5586; x_wconf 74' lang='lat' dir='ltr'><strong>COIICCSsit</strong></span> 
     </span>
    </p>
   </div>
   <div class='ocr_carea' id='block_1_116' title="bbox 211 5585 1650 5711">
    <p class='ocr_par' dir='ltr' id='par_1_116' title="bbox 211 5585 1650 5711">
     <span class='ocr_line' id='line_1_117' title="bbox 211 5585 1650 5711; baseline 0.005 -78"><span class='ocrx_word' id='word_1_878' title='bbox 305 5587 413 5710; x_wconf 41' lang='lat' dir='ltr'><strong>Stoic</strong></span> <span class='ocrx_word' id='word_1_879' title='bbox 446 5585 550 5707; x_wconf 66' lang='lat' dir='ltr'><strong>:ioc</strong></span> <span class='ocrx_word' id='word_1_880' title='bbox 603 5585 900 5656; x_wconf 78' lang='lat' dir='ltr'><strong>inciperent</strong></span> <span class='ocrx_word' id='word_1_881' title='bbox 960 5603 1057 5641; x_wconf 86' lang='lat' dir='ltr'><strong>ms.</strong></span> <span class='ocrx_word' id='word_1_882' title='bbox 1101 5600 1166 5641; x_wconf 89' lang='lat' dir='ltr'><strong>ne</strong></span> <span class='ocrx_word' id='word_1_883' title='bbox 1209 5585 1310 5640; x_wconf 90' lang='lat' dir='ltr'><strong>hoc</strong></span> <span class='ocrx_word' id='word_1_884' title='bbox 1353 5585 1650 5655; x_wconf 84' lang='lat' dir='ltr'><strong>inciperent</strong></span> 
     </span>
     <span class='ocr_line' id='line_1_118' title="bbox 285 5669 556 5710; baseline -0.004 -2"><span class='ocrx_word' id='word_1_885' title='bbox 285 5677 311 5708; x_wconf 74' lang='grc' dir='ltr'><strong>ιι</strong></span> <span class='ocrx_word' id='word_1_886' title='bbox 339 5674 364 5710; x_wconf 84' lang='lat' dir='ltr'><strong>c</strong></span> <span class='ocrx_word' id='word_1_887' title='bbox 390 5671 438 5709; x_wconf 78' lang='lat' dir='ltr'><strong>ie</strong></span> <span class='ocrx_word' id='word_1_888' title='bbox 468 5669 556 5708; x_wconf 88' lang='lat' dir='ltr'><strong>IltO</strong></span> 
     </span>
    </p>
   </div>
   <div class='ocr_carea' id='block_1_117' title="bbox 2306 5363 3486 5500">
    <p class='ocr_par' dir='ltr' id='par_1_117' title="bbox 2306 5363 3486 5500">
     <span class='ocr_line' id='line_1_119' title="bbox 2306 5363 3484 5424; baseline -0.007 0"><span class='ocrx_word' id='word_1_889' title='bbox 2306 5369 2376 5401; x_wconf 76' lang='lat'><strong>“°</strong></span> <span class='ocrx_word' id='word_1_890' title='bbox 2404 5368 2692 5424; x_wconf 82' lang='lat' dir='ltr'><strong>Ansclmus</strong></span> <span class='ocrx_word' id='word_1_891' title='bbox 2728 5367 2906 5422; x_wconf 87' lang='lat' dir='ltr'><strong>dictus</strong></span> <span class='ocrx_word' id='word_1_892' title='bbox 2954 5364 3134 5419; x_wconf 78' lang='lat' dir='ltr'><strong>Abbas</strong></span> <span class='ocrx_word' id='word_1_893' title='bbox 3179 5363 3321 5418; x_wconf 80' lang='lat' dir='ltr'><strong>Edit.</strong></span> <span class='ocrx_word' id='word_1_894' title='bbox 3375 5366 3484 5417; x_wconf 78' lang='lat' dir='ltr'><strong>An-</strong></span> 
     </span>
     <span class='ocr_line' id='line_1_120' title="bbox 2306 5433 3486 5500; baseline -0.005 -8"><span class='ocrx_word' id='word_1_895' title='bbox 2306 5440 2373 5492; x_wconf 90' lang='lat' dir='ltr'><strong>tis</strong></span> <span class='ocrx_word' id='word_1_896' title='bbox 2425 5439 2810 5500; x_wconf 80' lang='lat' dir='ltr'><strong>perfectionem</strong></span> <span class='ocrx_word' id='word_1_897' title='bbox 2920 5435 2990 5466; x_wconf 76' lang='lat'><strong>“&#39;</strong></span> <span class='ocrx_word' id='word_1_898' title='bbox 3019 5434 3172 5500; x_wconf 87' lang='lat' dir='ltr'><strong>Quod</strong></span> <span class='ocrx_word' id='word_1_899' title='bbox 3220 5433 3486 5488; x_wconf 82' lang='lat' dir='ltr'><strong>concessit</strong></span> 
     </span>
    </p>
   </div>
   <div class='ocr_carea' id='block_1_118' title="bbox 2681 5568 3482 5633">
    <p class='ocr_par' dir='ltr' id='par_1_118' title="bbox 2681 5568 3482 5633">
     <span class='ocr_line' id='line_1_121' title="bbox 2681 5568 3482 5633; baseline 0.006 -7"><span class='ocrx_word' id='word_1_900' title='bbox 2681 5578 2748 5611; x_wconf 72' lang='lat' dir='ltr'><strong>W’</strong></span> <span class='ocrx_word' id='word_1_901' title='bbox 2777 5568 3125 5633; x_wconf 72' lang='lat' dir='ltr'><strong>GualChelmo</strong></span> <span class='ocrx_word' id='word_1_902' title='bbox 3163 5568 3262 5629; x_wconf 51' lang='lat' dir='ltr'><strong>ms;</strong></span> <span class='ocrx_word' id='word_1_903' title='bbox 3293 5573 3482 5630; x_wconf 79' lang='lat' dir='ltr'><strong>rectius</strong></span> 
     </span>
    </p>
   </div>
  </div>
