4056 6302
178 274 296 332 “85

1448 270 1572 324 LIB.
1610 269 1670 333 ll,
1717 267 1934 322 EPIST.
1976 265 2204 319 XXXIV.

3278 265 3420 321 1186

176 401 278 439 ιιιιιι
310 388 384 439 rei
415 383 584 452 ipsms
609 383 748 436 serie
783 389 1129 451 pertractata,
1165 396 1262 434 nec
1294 389 1468 434 vestra
1508 380 1737 448 pruden-
1768 384 1811 438 Α
1841 380 2114 434 descendit
2153 379 2504 448 benignitate,
2542 395 2664 447 qua:
2690 394 2747 433 se
2778 395 2909 434 mea:
2939 379 3192 448 parvitati
3221 380 3418 438 litteris

176 477 235 528 tia
272 483 452 526 nostro
495 472 721 526 consilio
768 471 1049 540 indigebit,
1098 485 1194 524 nec
1234 469 1444 536 justitia
1489 470 1737 538 precibus

174 581 290 633 opus
322 565 556 618 habebit.
593 563 776 615 Solum
824 560 987 630 igitur
1025 562 1126 615 hoc
1161 575 1304 614 nunc
1347 561 1555 622 intitno,
1595 561 1735 627 quod

175 657 210 710 si
236 657 296 706 ad
323 652 682 720 vestramjant
715 653 858 705 venit
885 651 1065 720 (sicuti
1099 659 1181 703 est
1207 659 1298 703 attt
1328 659 1608 704 venturum
1635 650 1738 720 cst)

127 807 129 820 π
176 746 404 799 notitiam
438 761 533 813 per
555 745 738 806 alium,
766 745 976 806 nescio;
1015 743 1219 796 scilicet
1248 744 1372 811 quia
1404 743 1473 777 ⁸⁷⁸
1505 758 1608 795 ιιοιι
1641 743 1740 795 ιιιί-

177 837 360 889 nimam
410 836 547 888 idem
607 835 890 903 cpiscopus
932 836 1333 901 persecutionem
1381 835 1581 902 patitur
1615 849 1737 903 pro-

173 936 272 994 pter
311 926 572 993 justitiam
618 925 829 994 (Matth.
871 941 924 988 v,
970 925 1079 992 10),
1134 940 1292 992 quam
1349 940 1442 992 per
1482 922 1742 990 jussiouis

175 1026 352 1069 vestra:
379 1031 594 1068 servare
627 1015 812 1067 nititur
838 1015 1219 1068 obedientiam.
1273 1013 1427 1076 Nam,
1476 1013 1739 1066 intantutn

171 1106 277 1173 ejus
309 1106 489 1158 odium
523 1106 764 1158 canonici
807 1115 861 1158 et
903 1105 1200 1174 presbyteri
1231 1102 1347 1171 ejus
1375 1105 1742 1172 episcopatus,

170 1195 498 1265 paucissimis
518 1196 776 1264 exceptis,
805 1206 858 1248 et
879 1197 1098 1264 quidam
1121 1195 1243 1250 laici
1273 1196 1634 1250 exartlescuut
1652 1234 1668 1259 ,
1691 1205 1746 1248 et

168 1297 486 1348 extraneos,
542 1302 888 1356 quoscunque
944 1298 1168 1356 possunt
1226 1296 1280 1341 et
1333 1288 1746 1356 quibuscunque

170 1375 337 1430 modis
364 1375 561 1440 valent,
608 1378 928 1440 accendunt,
963 1388 1021 1430 ιιι
1063 1393 1164 1430 non
1209 1377 1380 1431 solum
1411 1378 1607 1446 ipsmn,
1650 1378 1746 1431 sed

169 1475 216 1520 et
275 1466 398 1520 illos
457 1468 805 1521 immoderate
867 1471 1234 1533 detestentur,
1293 1479 1346 1522 et
1401 1468 1748 1523 detestabiles

166 1567 472 1611 monstrare
503 1566 784 1620 conentur,
818 1559 908 1627 qui
937 1561 982 1612 ei
1010 1559 1223 1626 aliquod
1251 1559 1501 1612 solatium
1541 1560 1747 1626 impen-

164 1650 302 1703 tlunl
335 1668 346 1701 :
385 1658 442 1702 ut
467 1665 589 1704 cum
617 1651 685 1680 "’7
717 1650 979 1718 PrOpheta
1027 1650 1137 1716 ipse
1162 1651 1340 1703 direre
1370 1651 1535 1718 possit
1566 1667 1580 1701 :
1615 1649 1746 1702 Tota

169 1739 244 1790 die
271 1738 429 1790 verba
455 1755 566 1791 mea
588 1739 1010 1803 exsecrabantur,
1043 1739 1314 1792 adversum
1352 1756 1431 1792 tne
1461 1755 1634 1792 omnes
1663 1757 1748 1792 co-

175 1828 440 1896 gitationes
469 1820 648 1880 eorum
695 1829 748 1880 in
782 1826 975 1880 malum
1005 1841 1022 1878 :
1056 1828 1418 1880 inhabitabant
1453 1837 1498 1879 et
1531 1828 1751 1881 abscon-

175 1916 284 1967 dent
300 1931 320 1979 ;
350 1917 450 1984 ipsi
474 1916 772 1970 calcaneutn
803 1933 972 1970 meum
1000 1917 1336 1970 observabant
1363 1915 1532 1986 (Psal.
1559 1934 1645 1982 LV,
1670 1919 1747 1981 b’).

175 2004 422 2059 Canonici
459 2005 670 2073 quidem
702 2015 756 2058 et
787 2007 1082 2075 presbyteri
1115 2008 1214 2062 hoc
1250 2008 1320 2061 illi
1354 2005 1588 2071 faciunt,
1623 2010 1749 2077 quia

173 2107 261 2146 eos
285 2111 310 2145 a
338 2095 519 2160 prinis
541 2095 1041 2160 consuettnlinihus,
1069 2105 1121 2150 et
1149 2099 1381 2150 maxime
1407 2114 1435 2150 a
1466 2097 1748 2152 mulierum

177 2184 403 2252 reproba
435 2186 844 2238 conversatione
889 2185 997 2238 vult
1032 2186 1354 2256 prohibere,
1399 2199 1448 2240 et
1495 2189 1630 2242 tilios
1659 2205 1753 2243 eo-

173 2291 306 2338 rum,
339 2276 451 2329 sive
480 2291 613 2343 quos
640 2276 740 2330 sibi
767 2277 1060 2330 secundum
1094 2275 1346 2345 placitum
1377 2279 1613 2333 lneredes
1652 2280 1750 2334 eli-

170 2378 321 2434 gunt,
348 2383 376 2420 a
411 2369 814 2436 pmbeudarum
841 2369 1179 2422 litet'cditaria
1204 2373 1566 2437 successione,
1591 2384 1751 2442 atque

167 2472 200 2510 a
243 2474 522 2513 sacrorum
571 2460 819 2513 ordinum
873 2461 1208 2530 promotione
1260 2474 1487 2516 conatur
1539 2482 1747 2522 arcere.

169 2548 313 2602 Laici
348 2564 474 2603 vero
504 2550 726 2616 idcirco,
751 2554 876 2620 quia
900 2553 1266 2608 iuvasiouibus
1289 2569 1465 2608 rerum
1495 2555 1751 2612 Ecclesia:

170 2638 476 2694 inordinate
529 2641 688 2696 lactis
737 2659 841 2697 non
893 2643 1005 2696 vult
1054 2643 1257 2700 lavere.
1311 2647 1648 2716 Quapropter
1694 2659 1753 2702 ut

169 2745 289 2782 cum
332 2731 530 2784 vestris
560 2731 754 2788 litteris
784 2735 1132 2791 vehementer
1165 2739 1476 2792 roboratam
1507 2740 1752 2794 remitta-

171 2819 265 2882 tis,
320 2821 474 2874 valde
520 2825 883 2877 necessarium
939 2828 1221 2893 existimo,
1267 2839 1321 2881 et
1373 2839 1428 2882 ιιι
1475 2831 1749 2884 dominum

168 2911 389 2978 Supplex
421 2927 610 2969 servus
641 2917 869 2984 postulo.
907 2918 1104 2988 Sicque
1149 2922 1297 2974 illttm
1331 2922 1624 2976 auctoritas
1661 2937 1750 2976 ve-

166 3009 276 3053 stra
313 3002 563 3058 lletnensi
608 3009 1031 3077 archiepiscopo,
1064 3021 1119 3064 et
1156 3013 1278 3065 aliis
1307 3013 1500 3066 vicinis
1539 3014 1750 3083 episco-

1840 487 1935 540 per
1958 472 2234 542 praelatum
2259 472 2568 540 episcoputn
2600 471 2976 526 Belvaccnsem
3001 472 3204 539 missis,
3225 481 3277 526 et
3300 487 3422 526 ver-

1839 565 1922 618 bis
1951 565 2077 616 mihi
2109 579 2202 632 per
2229 563 2376 616 illum
2420 573 2475 616 et
2511 564 2770 630 quosdam
2803 565 2936 618 alios
2966 564 3171 629 relatis,
3201 565 3419 634 dignata

1839 664 1920 708 est
1948 663 2267 708 monstrare.
2298 654 2392 706 Est
2417 653 2563 706 enim
2610 669 2743 707 nova
2791 670 2896 717 res,
2943 663 3184 708 nostrum
3234 670 3421 707 mona-

1841 746 2064 799 sterium
2106 759 2204 798 nec
2230 744 2406 797 adhuc
2437 743 2541 798 ulla
2585 744 2924 810 antiquitate,
2972 752 3064 796 aut
3108 742 3265 798 ullius
3293 759 3421 811 apo-

1842 838 2029 894 stolica
2063 836 2404 899 auctoritate,
2443 844 2536 888 aut
2581 835 2857 904 privilegio
2889 835 3293 897 confirmatum;
3325 834 3420 888 sed

1843 930 2036 983 vestris
2080 928 2410 995 temporibus
2437 935 2490 980 et
2526 936 2721 980 vestra:
2753 926 3055 980 clementia:
3080 926 3307 995 jussioni
3342 926 3421 978 di-

1849 1023 2044 1074 vinitus
2075 1029 2369 1074 servatum.
2401 1016 2469 1071 Ut
2497 1032 2626 1085 ergo
2655 1017 2834 1085 aliquo
2861 1027 3052 1070 vestra:
3083 1016 3424 1070 auctoritatis

1847 1113 2007 1174 dono,
2055 1118 2209 1178 prout
2253 1117 2446 1162 vestra:
2491 1109 2664 1161 visum
2717 1109 2879 1161 fuerit
2918 1124 2973 1161 re
2999 1109 3180 1174 igiosa:
3222 1108 3429 1161 discre-

1849 1201 2000 1264 tioni,
2033 1215 2091 1253 se
2134 1200 2366 1270 gmdeat
2395 1199 2648 1251 honorari
2682 1206 2736 1251 et
2763 1197 3072 1250 conﬁrmari
3104 1238 3118 1258 ,
3155 1197 3294 1249 nulla
3327 1212 3429 1248 no-

1849 1304 1957 1347 stra
1991 1291 2180 1344 merita
2210 1289 2577 1350 obtendimus;
2626 1289 2717 1342 sed
2751 1289 2941 1342 divina:
2965 1287 3224 1340 voluntati
3253 1297 3307 1340 et
3337 1302 3431 1339 ve-

1849 1393 1973 1438 stra?
2002 1381 2186 1451 pietati
2219 1380 2629 1434 committimus.
2680 1379 2792 1431 Non
2846 1381 2991 1432 enim
3041 1380 3277 1448 ignotum
3310 1393 3428 1433 esse

1849 1481 1980 1542 puto
2028 1482 2218 1526 vestra:
2261 1469 2592 1524 excellentia:
2641 1469 2763 1537 quia
2811 1469 2994 1536 plures
3038 1469 3274 1538 episcopi
3324 1484 3430 1520 non

1853 1572 2059 1616 tantum
2090 1563 2325 1632 gaudent
2368 1561 2698 1614 monasteria
2742 1569 2960 1628 paterna
2999 1560 3196 1627 pietate
3226 1559 3432 1611 nutrire

1852 1665 1906 1709 et
1949 1655 2236 1724 episrtipali
2279 1669 2407 1708 cura
2453 1654 2685 1713 erudire,
2730 1667 2890 1720 quam
2937 1662 3149 1705 austera
3201 1651 3430 1716 quadan

1781 1757 1826 1816 Β
1854 1746 2219 1800 dominatione
2248 1755 2302 1798 et
2338 1745 2553 1812 propria
2584 1745 2856 1798 volun-tate
2881 1758 3128 1812 gravare.
3170 1742 3320 1807 Quod
3353 1753 3422 1794 ta-

1855 1852 1976 1891 men
2033 1838 2133 1890 sub
2187 1845 2410 1904 paterna
2473 1837 2758 1890 sanctitate
2825 1834 3103 1889 reverentli
3162 1834 3428 1902 archiepi-

1852 1926 1998 1994 sc0pi
2025 1923 2470 1978 aostriGuillelmi
2493 1924 2624 1994 (ριν)
2651 1925 2822 1979 fidelis
2840 1925 3111 1979 dilectoris
3135 1926 3302 1980 nostri
3326 1941 3432 1979 non

1854 2016 2123 2069 timemus.
2154 2011 2306 2066 Servi
2335 2013 2524 2076 vestri,
2556 2014 2796 2067 conservi
2839 2023 2894 2067 et
2925 2014 3127 2067 domini
3173 2015 3274 2066 mei
3321 2013 3431 2066 l'ra-

1855 2114 1963 2159 tres
1995 2115 2193 2159 nostra:
2228 2105 2687 2175 congregationis,
2725 2105 2816 2171 qui
2856 2119 2952 2171 pro
2980 2114 3155 2157 vestra
3200 2103 3438 2172 paterni-

1853 2203 1962 2248 tate
1993 2194 2234 2262 quotidie
2274 2211 2482 2247 meeum
2521 2209 2627 2246 non
2666 2203 2882 2247 cessant
2909 2208 3087 2255 orare,
3125 2193 3436 2248 desiderant

1852 2300 1910 2340 se
1936 2301 2146 2338 mecum
2173 2283 2405 2339 oratfoni
2438 2293 2494 2337 et
2534 2283 2892 2338 bcuetlictioni
2932 2293 3126 2336 vestrae
3159 2299 3436 2337 commen-

1853 2375 1984 2429 dare
2013 2373 2102 2426 "3.

2292 2462 2623 2517 EPISTOLA
2665 2461 2879 2514 XXXIV
2919 2461 3010 2513 ‘7’.

2456 2568 2524 2604 Αἰ)
2565 2565 2832 2606 URBANUM.

1857 2665 2016 2718 Timet
2051 2682 2112 2718 ne
2141 2666 2407 2734 episeopus
2437 2675 2543 2716 tam
2579 2662 2822 2734 gravibus
2861 2661 3109 2734 (erantnis
3151 2658 3436 2724 obruatur;

2169 2730 2386 2803 cumque
2412 2744 2552 2800 optat
2577 2730 2874 2801 episcopatu
2903 2730 3120 2783 absofui.

1925 2824 2034 2878 Suo
2077 2823 2371 2877 reverenda
2416 2822 2635 2875 domino
2676 2819 3104 2873 Christianorum
3148 2815 3436 2871 universali

1853 2915 2089 2985 pontillci
2129 2915 2344 2970 Uttatno
2373 2915 2541 2968 frater
2574 2913 2876 2973 Ansmaws,
2909 2909 3049 2978 quod
3083 2923 3231 2962 suus.

1924 3009 1999 3062 De
2029 3007 2337 3062 Belvacensi
2377 3006 2650 3076 cpisc0po,
2681 3003 2823 3071 quod
2855 3001 3029 3063 sentio
3062 2999 3318 3062 breviter,
3344 2996 3438 3052 sed

163 3091 266 3158 bis.
298 3103 350 3146 el
390 3094 534 3146 clero
562 3097 876 3165 civibusque
921 3099 1153 3162 Belvaei,
1191 3109 1244 3154 et
1272 3101 1388 3169 ejus
1411 3103 1512 3154 lem
1543 3104 1753 3170 episco—
1778 3092 1819 3146 (ἶ
1855 3115 2048 3169 magno
2078 3098 2271 3152 allecto
2304 3099 2439 3159 dico,
2485 3105 2541 3148 et
2584 3107 2643 3148 ιιι
2683 3104 2867 3147 ιιοιιιιιι
2915 3091 2985 3143 sit
3016 3098 3209 3142 vestra:
3254 3085 3440 3155 pietati

161 3189 323 3246 palus
372 3182 643 3236 nobilibus
671 3186 1057 3239 commendans
1086 3196 1275 3240 contra
1327 3188 1588 3242 malevola
1638 3205 1748 3243 ma-

157 3269 518 3324 chinamenta
561 3273 788 3338 muniat,
821 3286 877 3327 nt
911 3275 960 3328 in
991 3276 1336 3331 exsecutione
1373 3280 1747 3332 mandatorum

159 3368 472 3414 vestrorum
506 3377 609 3418 non
647 3378 750 3417 tam
793 3381 888 3419 eos
917 3367 1258 3422 adversarios
1285 3383 1444 3438 quam
1477 3369 1750 3437 adjutores

157 3449 428 3506 inveniat.
467 3453 738 3508 Prtrsumo
768 3457 1002 3526 aliquam
1047 3461 1273 3529 gratiam
1305 3461 1371 3514 de
1405 3470 1596 3515 vestra:
1643 3462 1748 3514 lar-

153 3541 330 3607 gitufe
360 3542 578 3611 pietatis
602 3545 852 3600 Ecclesia:
880 3545 1133 3602 Beccensi
1178 3550 1477 3619 postulare;
1510 3551 1604 3605 sed
1637 3552 1751 3605 haec

151 3635 514 3703 prtesutnptio
546 3653 649 3690 non
681 3646 885 3691 tantum
914 3639 979 3693 de
1011 3655 1127 3693 mea
1152 3642 1393 3696 ascendit
1424 3643 1746 3708 temeritate,

152 3734 430 3790 quantum
481 3727 546 3779 de
596 3738 772 3781 vestra
821 3730 1112 3784 reverenda
1159 3733 1287 3784 mihi
1333 3742 1389 3785 et
1428 3733 1609 3786 charis
1641 3734 1747 3786 ima

1857 3189 2126 3242 desidero.
2171 3186 2311 3263 Nihil
2349 3185 2560 3256 prolicit
2593 3185 2644 3236 in
2692 3185 3022 3252 episcopatu,
3054 3180 3148 3232 sed
3174 3187 3231 3231 et
3270 3178 3380 3244 ipse
3407 3191 3437 3228 a

1856 3281 1936 3334 sui
1967 3279 2206 3333 custodia
2233 3278 2544 3346 impeditur,
2589 3289 2688 3329 nec
2717 3273 2878 3327 rebus
2903 3270 3157 3325 Ecclesia:
3197 3266 3436 3336 prodest.

1856 3383 1956 3422 nec
1999 3367 2051 3421 in
2085 3365 2266 3420 futuro
2291 3381 2408 3436 ego,
2439 3373 2533 3417 aut
2560 3363 2754 3432 aliquis
2778 3375 2965 3415 eorum
2994 3358 3085 3428 qui
3118 3372 3231 3411 rem
3273 3369 3442 3410 nove-

1857 3471 2019 3525 runt,
2065 3470 2112 3515 et
2161 3459 2456 3515 secundum
2499 3459 2664 3511 Deum
2693 3471 2812 3511 eam
2855 3453 3202 3510 considerare
3233 3449 3438 3512 volunt,

1859 3551 2058 3620 aliquid
2103 3549 2296 3605 melius
2337 3549 2428 3603 sed
2459 3549 2695 3602 deterius
2723 3555 3119 3616 exspectamus.
3153 3541 3268 3596 Non
3312 3542 3438 3612 quia

1859 3643 1913 3695 in
1944 3641 2059 3710 ejus
2089 3641 2363 3696 innocenti
2403 3641 2512 3693 vita
2553 3639 2733 3707 aliqua
2763 3637 2925 3706 culpa
2965 3635 3120 3689 mala:
3153 3631 3440 3686 voluntat’s

1859 3735 1956 3795 sit;
2003 3734 2096 3786 sed
2143 3735 2268 3800 quia
2314 3742 2529 3785 nonest
2557 3731 2679 3784 talis
2720 3731 2811 3798 qui
2855 3738 3061 3782 tantum
3092 3741 3228 3780 onus
3272 3726 3440 3794 possit

1506 3818 1739 3873 VARItE
1770 3819 2171 3874 LECTIONES.
2214 3889 2215 3892 η

227 3913 303 3944 ⁸⁷⁸
337 3910 535 3964 Nescio
559 3912 768 3966 scilicet
798 3930 810 3964 :
848 3913 972 3980 quia
1005 3929 1099 3964 ms.
1133 3912 1314 3965 nescio
1337 3926 1356 3964 :
1387 3910 1628 3976 Scilicet,
1667 3910 1792 3978 quia
1866 3912 1934 3944 ⁸⁷⁷
1969 3911 2036 3966 Ut
2073 3928 2196 3968 cum
2225 3927 2322 3964 ms.
2361 3919 2413 3964 ct
2438 3925 2559 3963 cum
2633 3907 2705 3939 ⁸⁷⁸
2737 3905 3112 3961 Commendari
3143 3922 3240 3958 ms.
3286 3918 3437 3959 com-

149 3983 428 4037 mendare
503 3981 572 4012 "9
599 3981 802 4034 Collata
834 3998 949 4034 cum
979 3981 1154 4034 eodem
1181 3997 1278 4032 ms.

1429 4069 1712 4127 JOANNIS
1741 4073 2011 4130 PlCAIlDl
2040 4073 2268 4128 NOTAE.

226 4166 372 4237 (29‘)
400 4165 798 4237 Are/tiepiswpi
836 4166 999 4218 nostri
1029 4164 1324 4237 ll’illielmi.
1377 4165 1595 4237 Scilicet
1641 4165 1750 4220 Ro-

148 4234 562 4305 thdmagensis,
602 4236 666 4288 ad
695 4251 850 4302 quem
881 4243 963 4288 est
983 4237 1138 4304 epist.
1171 4235 1258 4290 68.
1293 4234 1327 4287 ι.
1362 4251 1443 4298 ιιι,
1483 4235 1743 4305 cujusque

1859 4168 2064 4223 tradam
2090 4167 2261 4234 Einter
2292 4179 2486 4218 uxores
2515 4163 2768 4218 Fulconis
2812 4175 2916 4214 non
2966 4158 3175 4227 reperio
3221 4159 3270 4211 in
3303 4158 3436 4234 Tra-

1854 4247 2000 4292 ctatu
2041 4231 2299 4291 comitum
2359 4234 2825 4302 Andegavensium
2871 4245 3028 4298 quem
3072 4237 3252 4302 servat
3298 4231 3432 4302 serio

148 4324 260 4362 non
289 4299 471 4378 semel
519 4299 962 4378 Cbronie.__[}_e_ce.
1008 4299 1086 4378 _i_n.
1147 4306 1411 4378 meminit.
1470 4299 1741 4360 Successit
1780 4316 1822 4368 ι)
1851 4318 1996 4378 ptum
2016 4299 2693 4378 Bibliotheca?ieto’riana.
2725 4301 2818 4378 llis
2839 4316 2966 4378 vero
2985 4300 3270 4378 connubiis
3295 4299 3434 4352 male

148 4386 338 4430 autem
371 4372 573 4426 Joanni
608 4383 742 4428 teste
767 4374 967 4428 Willel.
998 4374 1265 4429 Gemmet.
1310 4375 1404 4429 lib.
1453 4390 1570 4439 \‘lll,
1623 4391 1745 4443 cap.

146 4448 202 4499 5.
236 4447 456 4499 llistor.
497 4445 618 4498 due.
647 4444 964 4498 Nortlnnan.
1001 4445 1089 4510 (ad
1124 4459 1284 4512 quem
1332 4444 1433 4512 legi
1487 4447 1747 4499 nonnulla

146 4515 463 4568 Latift'anci
497 4514 745 4582 cpistola)
791 4515 895 4566 vita
934 4513 1114 4568 functo
1145 4529 1286 4567 anno
1334 4514 1492 4570 1079.
1527 4532 1545 4564 ι
1589 4517 1658 4578 Is,
1698 4525 1754 4568 ut

145 4586 282 4639 alibi
347 4585 690 4648 monuimus,
746 4582 845 4636 fuit
876 4599 1042 4652 nepos
1088 4583 1376 4647 llathbodi,
1432 4599 1551 4647 ceu,
1586 4595 1644 4637 ut
1674 4585 1752 4638 le-

145 4665 287 4724 gunt
341 4652 683 4707 Victoriam:
723 4652 968 4722 Sagiens.
1013 4655 1311 4722 epi5c0por.
1344 4653 1583 4724 Tabulm,
1630 4670 1749 4724 ms.

145 4724 476 4779 ltathbandi
503 4724 738 4791 episcopi
767 4737 955 4791 nepos,
982 4733 1038 4776 et
1087 4725 1381 4776 monachus
1409 4723 1465 4776 S.
1486 4723 1750 4792 Stephani

142 4793 555 4854 Gadoniensis,
599 4793 922 4860 tandemque
966 4794 1132 4846 abbas
1182 4805 1302 4860 p0st
1355 4791 1748 4857 LanfranCum;

142 4865 221 4917 llli
262 4875 462 4918 autem
521 4872 828 4932 nuncupato
882 4863 1294 4931 llotlnnnageusi
1343 4863 1753 4931 archiepiscopo

141 4936 541 4989 CllllOillCllSCS
607 4943 957 5003 surrogarunt
1022 4932 1366 4986 Gillebertum
1440 4933 1750 5003 Constanti-

138 5008 402 5058 nieusem
445 5023 466 5053 ι
500 5011 560 5053 ιιι
588 5001 786 5056 notavit
811 5003 1125 5057 Guillelmus
1178 5001 1623 5057 Gemnteticensis
1657 5002 1747 5054 lib.

139 5091 242 5128 vn.
274 5074 498 5126 llistor.
540 5071 743 5142 Ducum
768 5071 1282 5136 Northtnannorum,
1320 5088 1438 5142 cap.
1465 5073 1556 5132 26,
1611 5087 1752 5124 anno

139 5145 310 5206 1081,
345 5142 550 5196 habuit
583 5141 844 5212 synodum
867 5145 1003 5212 apud
1034 5141 1399 5196 Lisscbonatn
1439 5142 1619 5194 multis
1665 5159 1753 5196 as-

140 5216 399 5266 tantibus
444 5210 745 5279 episcnpis,
802 5220 854 5264 et
909 5210 1174 5266 Willclano
1233 5213 1407 5266 Nntbo
1460 5211 1750 5280 Anglorum

138 5297 296 5352 rege,
342 5292 490 5334 teste
523 5280 778 5336 Mattbaeo
810 5282 959 5335 Paris
991 5282 1042 5334 in
1075 5281 1306 5336 llistoria
1342 5282 1574 5350 majore;
1608 5282 1754 5336 solus

134 5354 232 5406 ille
261 5352 751 5421 archiepiscopus,
777 5352 1094 5421 quasijnibili
1113 5352 1315 5406 laceret
1339 5355 1534 5421 ubique
1561 5363 1753 5405 tonazh

136 5424 214 5475 tia
278 5421 707 5490 [mutiliciorum
761 5422 1166 5475 anathematum
1215 5421 1455 5484 fulmina,
1519 5424 1752 5476 incestas

135 5493 309 5544 etlicit
340 5493 580 5560 nuptias
620 5490 864 5561 Philippo
891 5492 1218 5547 Francorum
1243 5493 1373 5561 regi,
1403 5505 1455 5545 et
1484 5492 1754 5545 Bertradae

131 5562 412 5616 Fulconis
445 5561 684 5614 ltecbini
708 5563 1002 5629 Anglorum
1026 5563 1238 5616 comitis
1266 5562 1441 5625 uxori,
1469 5565 1606 5615 sicut
1634 5562 1752 5613 uni-

134 5631 287 5686 vcrsi
321 5631 682 5685 Francorum
703 5633 924 5685 annales
957 5635 1184 5686 reeitant
1241 5632 1383 5685 llauc
1413 5643 1591 5685 tamen
1620 5631 1748 5684 Ber-

1857 4367 2568 4446 etperperauta7Willelmo
2619 4371 2944 4440 conjunctis,
3000 4367 3245 4422 Urbanus
3297 4383 3431 4446 papa

1862 4437 2248 4500 tanto-Domini
2280 4445 2460 4497 furore
2488 4445 2536 4496 in
2573 4457 2694 4496 eum
2720 4437 2808 4495 est
2848 4453 3112 4494 accensus
3161 4447 3212 4490 ut
3250 4437 3436 4491 multis

1859 4519 2014 4570 annis
2053 4514 2396 4569 interdictmn
2456 4513 2541 4566 vix
2594 4512 2882 4565 Anselmus
2931 4509 3166 4576 alioquin
3217 4507 3437 4562 Urbano

1856 4587 2234 4647 amicissimus,
2267 4584 2504 4653 potuerit
2534 4576 2914 4653 reconciliare;
2953 4580 3095 4653 quod
3124 4587 3274 4630 notat
3297 4576 3431 4653 ιγιις

1857 4656 2046 4710 lelmus
2091 4649 2583 4727 Malmesberiensis
2617 4652 2709 4727 lib.
2740 4669 2769 4727 v
2807 4653 2887 4727 De
2908 4651 3074 4727 gestis
3100 4663 3286 4727 regunt
3315 4649 3427 4727 An-

1855 4727 2084 4795 glorum.
2131 4725 2242 4796 lino
2284 4741 2388 4776 nou
2424 4723 2810 4796 reconciliavit.
2845 4716 2996 4796 Nam
3030 4716 3286 4796 Pascliali
3318 4716 3434 4796 epi-

1855 4786 1978 4850 stol.
2008 4796 2126 4858 MO,
2182 4795 2274 4849 lib.
2313 4810 2369 4847 ιιι
2421 4794 2770 4860 epistularum
2829 4789 2998 4844 nostri
3036 4786 3288 4860 AAnseluti
3329 4786 3433 4839 sub

1858 4866 2040 4929 linem,
2094 4867 2261 4936 ait:_t
2326 4857 2777 4932 llotliomagensis
2810 4857 3049 4936 episcopi
3088 4871 3316 4936 causam
3377 4865 3432 4908 et

1856 4926 2199 4992 interdictum
2220 4934 2427 5002 justitia
2455 4926 2688 4986 dictante
2717 4926 2987 5002 prolatum
3022 4929 3136 5002 tute
3169 4926 3434 5002 delibera-

1857 5007 1984 5061 tioni
2012 4995 2432 5061 commissimus.
2453 5004 2600 5068 Quoi
2625 4995 2768 5056 eniin
2793 4997 3102 5057 indulseris.
3127 4995 3430 5064 indulgeo,»

1854 5087 1961 5131 etc.
1993 5076 2161 5130 Porro
2205 5079 2346 5128 hunc
2398 5090 2516 5128 esse
2561 5072 2717 5126 electi
2753 5068 3006 5123 Willeltni
3037 5082 3234 5120 annum
3269 5080 3435 5132 supe~

1855 5149 1967 5202 rius
2001 5147 2349 5208 recensitum,
2387 5143 2674 5197 etAntonii
2727 5138 3097 5201 Democharis,
3142 5145 3198 5190 ut
3230 5144 3432 5189 nostra:

1857 5218 2168 5272 tabul.cms.
2201 5213 2712 5280 llothomagensium
2745 5210 3272 5280 archiepiscoporum
3301 5220 3434 5280 eon-

1857 5291 2094 5350 lirmant,
2129 5285 2390 5339 cxstatatl
2423 5275 2668 5337 eumdem
2727 5284 2793 5334 80
2857 5275 3032 5350 [venis
3081 5275 3435 5350 tlarnotcnsis

1855 5347 2102 5427 epistola.
2129 5356 2271 5410 Obiit
2296 5369 2435 5407 anno
2461 5353 2517 5406 ll
2537 5351 2616 5418 10,
2645 5364 2956 5427 successpre
2979 5347 3236 5427 Gaufrido
3262 5347 3438 5427 (leno-

1858 5417 2098 5481 nianensi
2124 5426 2349 5488 tlecano,
2378 5440 2440 5477 ex
2467 5417 2777 5477 earumdem
2806 5419 3108 5488 tabularum
3135 5417 3431 5488 notatione,

1856 5508 1911 5550 et
1962 5495 2232 5552 Guillehui
2277 5485 2745 5557 Getnmeticensis,
2800 5505 2919 5558 cap.
2973 5488 3060 5551 14,
3100 5487 3192 5540 lib.
3246 5485 3278 5538 8
3324 5499 3434 5538 sua:

1858 5566 2126 5622 Historiae.
