4056 6302
575 272 710 330 1187

1104 276 1160 331 S.
1202 271 1500 331 ANSELMI
1538 269 1886 328 CANTUAR.
1928 266 2244 323 ARCHIEP.
2277 266 2427 324 OPP.
2462 268 2644 323 PARS
2670 269 2754 323 ΙΙΙ.
2780 297 2849 308 ——
2880 266 3255 327 EPISTOLE.

3691 269 3826 330 “88

569 395 864 452 sustinere,
902 395 1106 442 tantam
1143 385 1406 440 malitiam
1446 384 1765 448 irruentem,
1808 389 1987 434 tantas
2026 379 2157 434 insi-
2185 383 2227 437 Α
2260 384 2393 431 trem
2422 385 2478 430 et
2507 376 2765 446 Spiritum
2793 386 3037 432 sanctum
3072 393 3192 432 cum
3240 375 3380 430 Filio
3409 388 3530 429 esse
3583 373 3835 432 incarna-

572 476 693 531 dias
745 477 1157 531 circumstantes
1198 487 1410 529 cavere.
1463 472 1618 528 Unde
1661 472 1817 527 valde
1869 471 2032 526 timeo
2085 489 2152 526 ne

573 565 947 619 abundantiori
979 563 1196 618 tristitia
1220 564 1597 627 absorbeatur,
1624 563 1676 616 in
1700 577 1804 630 qua
1837 575 1958 619 cum
1985 562 2150 616 nimio

573 653 755 707 dolore
775 668 869 706 cor
890 653 1006 722 ejus
1033 662 1300 715 versatur,
1332 661 1388 707 et
1412 653 1464 705 in
1489 667 1592 720 qua
1623 651 1769 706 nullo
1801 651 1905 705 alio
1935 650 2151 705 vinculo

572 759 731 812 quam
777 744 886 797 sola
926 754 1100 799 vestra
1141 743 1386 812 jnssione
1429 743 1645 814 ligatur.
1677 742 2019 812 Quapropter
2050 756 2152 812 ego

571 843 626 886 et
658 832 746 886 alii
785 834 1076 887 secundum
1122 835 1286 888 Deum
1328 834 1486 887 amici
1525 832 1641 901 ejus
1685 833 1848 887 corde
1877 848 1997 886 cum
2033 833 2150 902 ipso

568 922 960 990 prosternimur
992 923 1056 976 ad
1089 923 1311 992 vestigia
1349 933 1541 977 vestra:
1572 922 1970 983 misericordize,
2002 929 2058 976 ut
2097 923 2146 974 ei

569 1011 774 1066 viscera
811 1027 906 1066 sua
939 1015 1166 1082 aperiat,
1198 1023 1252 1067 et
1279 1014 1344 1067 de
1378 1022 1524 1067 tanto
1555 1012 1695 1066 malo
1720 1021 1776 1065 ct
1804 1011 2064 1080 periculo,
2097 1012 2147 1065 in

565 1101 760 1168 quibus
805 1101 923 1156 sine
953 1102 1186 1156 utilitate
1219 1117 1338 1157 esse
1370 1117 1429 1157 se
1474 1103 1662 1166 sentit,
1709 1101 2003 1156 clementer
2042 1102 2154 1155 eri-

566 1193 695 1258 piat.
723 1190 803 1246 Ne
833 1193 1117 1260 prohibeat
1153 1210 1346 1264 agnum
1384 1194 1565 1247 mitem
1606 1194 1672 1245 de
1709 1195 1884 1248 medio
1919 1195 2151 1251 circum-

566 1279 900 1334 venientium
943 1290 998 1335 et
1045 1282 1363 1336 irruentium
1414 1282 1657 1352 luporum
1701 1292 1754 1337 el
1805 1284 2020 1338 leonum
2068 1285 2150 1338 fu-

565 1384 721 1440 gere;
766 1387 864 1427 nec
897 1388 1122 1441 puerum
1155 1374 1493 1428 innocentem
1530 1374 1594 1428 de
1624 1373 2000 1428 Chaldmorum
2041 1374 2148 1429 for-

567 1481 702 1518 nace
724 1466 892 1520 exire.
931 1468 1082 1533 Quod
1119 1468 1352 1536 qualiter
1381 1483 1513 1522 mea:
1544 1470 1795 1538 parvitati
1840 1469 1954 1522 fieri
1993 1483 2149 1538 posse

564 1557 949 1626 congruentius
975 1558 1237 1620 videatur,
1271 1575 1368 1628 per
1398 1561 1646 1614 eumdem
1671 1560 1844 1628 ipsum
1877 1560 2150 1614 excellen~

567 1647 636 1698 t?a
667 1654 843 1699 vestra
868 1647 1064 1715 poterit
1086 1649 1299 1712 audire,
1329 1649 1372 1702 si
1399 1649 1675 1720 dignatur.
1699 1650 1772 1703 Eo
1794 1650 1938 1704 enim
1966 1648 2143 1714 modo,

2255 475 2404 531 tum;
2439 467 2558 520 ideo
2587 468 2768 522 tandiu
2799 477 3040 543 moratus
3063 482 3181 520 sum
3206 465 3559 536 respondere,
3583 467 3712 536 quia
3743 482 3837 524 vo-

2253 555 2428 613 lebam
2460 557 2670 625 plenius
2691 559 2756 613 de
2781 560 2882 613 hac
2910 573 2968 613 re
3004 557 3170 626 loqui.
3203 557 3308 610 Sed
3357 557 3506 625 quia,
3537 557 3728 612 multis
3752 572 3836 614 me

2251 649 2693 717 occupationibus
2731 648 3168 718 impedientibus,
3202 659 3490 718 postquam
3545 650 3830 717 epistolam

2251 747 2490 792 vestram
2520 741 2726 808 suscepi
2764 741 2856 803 ⁸⁸³,
2886 757 2989 794 non
3038 738 3168 793 mihi
3200 739 3384 802 licuit,
3441 740 3659 795 interim
3714 743 3835 798 inde

2256 830 2495 883 breviter
2521 830 2854 898 respondeo;
2889 832 2942 884 in
2997 830 3180 885 futuro
3212 845 3362 894 vero,
3413 831 3459 883 si
3509 831 3653 885 Dens
3708 833 3834 884 dare

2251 919 2708 986 opportunitatem
2736 917 3423 988 dignabitur,voluntatem
3457 919 3634 974 habeo
3657 919 3837 987 copio-

2251 1006 2364 1059 sius
2390 1006 2510 1058 imle
2525 1015 2778 1060 tractare.
2808 1006 2960 1072 Quod
2989 1021 3119 1077 ergo
3141 1007 3271 1060 dicit
3292 1014 3406 1062 tres
3431 1021 3700 1076 personas
3729 1019 3834 1063 tres

2253 1110 2340 1148 res
2363 1135 2376 1157 ,
2409 1106 2501 1149 aut
2529 1097 2644 1150 vult
2673 1097 2894 1167 intelligi
2933 1096 3229 1151 secundum
3260 1105 3372 1152 tres
3419 1099 3738 1164 relationes,
3787 1100 3835 1154 id

2251 1198 2333 1241 est
2360 1191 2653 1243 secundum
2675 1189 2818 1258 quod
2847 1189 2986 1243 Deus
3008 1187 3205 1243 dicitur
3227 1188 3410 1251 Pater,
3434 1198 3489 1243 et
3511 1189 3706 1256 Filius,
3729 1199 3782 1244 et
3807 1207 3836 1244 a

2253 1274 2415 1330 Patre
2443 1285 2499 1332 ct
2526 1293 2555 1329 a
2583 1276 2716 1330 Filio
2743 1276 2812 1308 ’⁵⁸³
2837 1278 3134 1346 procedens
3179 1276 3451 1346 Spiritus;
3491 1287 3587 1332 aut
3645 1293 3838 1333 secun-

2251 1367 2379 1422 dum
2401 1367 2452 1422 id
2492 1368 2634 1437 quod
2663 1367 2731 1400 ⁸⁸⁵
2759 1368 2898 1423 Deus
2918 1368 3135 1423 dicitur.
3165 1367 3272 1422 Sed
3291 1370 3346 1423 'si
3379 1369 3523 1439 ipsas
3562 1379 3676 1426 tres
3699 1371 3835 1425 rela-

2253 1459 2428 1512 tiones
2460 1460 2588 1513 dicit
2620 1470 2730 1514 tres
2753 1474 2842 1515 res
2867 1473 3006 1523 esse,
3032 1459 3306 1528 superﬂue
3326 1460 3428 1514 hoc
3465 1461 3618 1516 dicit.
3647 1461 3832 1518 Nullus

2250 1549 2392 1602 enim
2419 1559 2578 1619 negat
2604 1549 2706 1604 hoc
2753 1549 2912 1602 modo
2957 1559 3066 1603 tres
3091 1563 3352 1618 personas
3389 1564 3511 1605 esse
3563 1560 3678 1606 tres
3727 1567 3828 1608 res.

2252 1637 2344 1692 Sic
2371 1650 2574 1702 tamen,
2605 1639 2974 1709 ut'diligenter
3001 1639 3352 1708 intelligatur,
3381 1641 3658 1708 quomodo
3709 1642 3834 1710 ipsa

565 1736 667 1789 nisi
709 1736 868 1791 aliter
898 1737 1194 1805 prudenti:e
1239 1748 1430 1794 vestrae
1473 1741 1761 1807 videbitur,
1806 1745 2144 1810 nequaquam

2253 1729 2539 1784 relatimtes
2565 1730 2816 1784 dicantur
2857 1745 2964 1796 res,
2999 1741 3053 1784 et
3081 1731 3382 1797 cujusmodi
3434 1745 3554 1796 res;
3583 1732 3712 1787 etsi
3739 1731 3836 1785 ali-

564 1829 882 1900 gloriabitur
905 1845 964 1885 se
989 1832 1190 1886 malitia
1217 1848 1313 1901 per
1336 1832 1625 1888 falsitatem
1652 1833 2024 1902 praevaluisse;
2052 1833 2146 1887 sed

565 1920 872 1976 innocentia
919 1923 1278 1991 gratulabitur
1317 1939 1411 1994 per
1445 1924 1747 1979 libertatem
1789 1925 1986 1979 mentis
2025 1941 2149 1980 eva-

562 2012 720 2066 sisse.
769 2011 948 2066 Mirari
997 2021 1172 2081 potest
1221 2012 1446 2067 forsitan
1492 2024 1668 2068 vestra
1742 2015 2006 2084 sapientia
2051 2031 2149 2069 cur

563 2101 644 2154 sic
671 2100 740 2131 ⁸⁸⁸
775 2102 1020 2155 mihimet
1055 2101 1362 2156 contrarius
1393 2102 1570 2156 videat
1598 2105 1853 2167 existere,
1892 2115 1949 2157 ut
1987 2118 2146 2173 quem

566 2193 878 2261 episcopum
925 2193 1036 2246 fieri
1069 2194 1243 2264 coegi,
1273 2194 1639 2263 episcopatum
1667 2197 1826 2250 velint
1870 2196 2143 2253 deserere.

565 2277 671 2332 Sed
710 2279 883 2333 fateor
920 2280 1013 2344 illi,
1058 2282 1143 2335 eui
1191 2282 1577 2336 conscientiam
1611 2282 1784 2337 meam
1824 2284 2002 2340 celare
2039 2300 2145 2340 non

564 2367 756 2430 debeo,
779 2369 901 2437 quia
928 2369 1065 2422 tnala
1089 2385 1208 2438 qua:
1231 2370 1453 2439 patitur,
1477 2372 1626 2440 prius
1651 2373 1791 2426 sensi
1819 2381 1872 2425 et
1897 2375 2143 2441 praedixi,

561 2471 684 2510 cum
714 2458 780 2510 ad
823 2458 1188 2526 episcopatum
1223 2468 1526 2526 peteretur;
1563 2460 1656 2513 sed
1695 2460 1766 2514 illi
1801 2462 1852 2514 in
1895 2477 1981 2515 me
2023 2478 2145 2516 scn-

563 2544 782 2599 tentiam
831 2562 1004 2599 meam
1039 2547 1367 2613 obruerunt,
1414 2549 1504 2616 qni
1556 2547 1701 2601 illum
1752 2553 1980 2617 petendo
2023 2566 2144 2605 cum

562 2652 752 2706 magna
796 2638 1200 2708 importunitate
1244 2639 1676 2694 concorditer'in
1721 2655 1807 2694 me
1849 2641 2144 2696 irruerunt.

562 2726 842 2782 Timeham
879 2731 1022 2783 enim
1055 2731 1106 2784 in
1143 2733 1305 2785 corde
1343 2745 1462 2785 meo
1490 2747 1737 2786 asserere
1775 2732 1938 2786 Deum
1977 2735 2146 2803 magis

561 2831 683 2869 esse
715 2815 766 2868 in
796 2832 915 2870 meo
938 2817 1053 2872 solo
1079 2834 1238 2872 sensu
1266 2828 1320 2872 et
1350 2819 1648 2882 voluntate,
1677 2836 1837 2889 quam
1868 2821 1918 2874 in
1955 2823 2148 2876 multo-

565 2919 682 2956 rum
702 2944 715 2966 ,
750 2920 807 2957 se
855 2906 1174 2974 simpliciter
1215 2923 1336 2960 eum
1385 2920 1604 2978 propter
1629 2910 1796 2963 Deum
1824 2924 2006 2978 petere
2036 2913 2148 2965 cla-

563 2993 850 3056 mantium,
877 2995 1250 3050 unanimitate.
1275 2996 1555 3066 Ingerebat
1582 3013 1641 3053 se
1663 3001 1824 3053 etiam
1852 3001 1952 3054 hoc
1981 3003 2143 3056 menti

567 3095 734 3143 mete,
786 3083 911 3152 quia
957 3099 1098 3153 szepe
1149 3085 1288 3140 Deus
1333 3087 1504 3155 magis
1540 3098 1796 3157 operatur
1839 3104 1935 3160 per
1983 3095 2146 3145 vitam

565 3170 967 3226 illitteratorum
1007 3177 1361 3242 quaerentium
1408 3193 1526 3247 qua:
1549 3179 1641 3234 Dei
1687 3191 1831 3246 sunt,
1863 3197 2023 3250 quam
2057 3198 2152 3251 per

563 3262 1208 3331 astutiam_litteratorum
1233 3270 1587 3336 quterentium
1625 3252 1744 3340 qua:
1775 3288 1871 3326 sua
1905 3283 2029 3327 sunt
2058 3274 2148 3325 ⁸⁸³.

561 3351 701 3406 Ecce
738 3352 791 3406 in
837 3365 1128 3424 conspectu
1176 3368 1356 3412 vestro
1398 3369 1500 3425 est,
1534 3375 1630 3415 cur
1671 3376 1794 3415 eum
1839 3363 2149 3433 episcopum

563 3441 680 3496 fieri
709 3446 974 3511 concessi,
1005 3457 1059 3501 et
1089 3463 1188 3501 cur
1232 3465 1374 3504 nunc
1405 3459 1618 3505 mutare
1655 3452 1955 3510 desiderem
1999 3456 2150 3523 quod

563 3543 783 3588 coactus
824 3539 1066 3590 concessi
1100 3556 1113 3590 :
1146 3549 1200 3592 et
1227 3541 1434 3606 judicio
1461 3551 1641 3596 vestro
1676 3544 1938 3612 sulijacet,
1973 3547 2016 3600 si
2049 3564 2150 3612 pn-

565 3620 852 3685 niendum,
896 3639 988 3678 aut
1032 3627 1444 3694 corrigendum,
1495 3639 1588 3683 aut
1636 3633 2034 3702 suscipiendum
2081 3638 2152 3690 sit

563 3710 705 3777 quod
741 3709 882 3767 facio
909 3725 961 3766 et
987 3715 1129 3783 quod
1157 3714 1280 3772 feci.
1313 3717 1598 3772 Paternum
1629 3731 1866 3793 vestram
1895 3727 2152 3786 sanctita-

565 3812 672 3855 tem
698 3805 1040 3875 omnipotens
1077 3808 1218 3864 Deus
1247 3809 1337 3863 diu
1375 3811 1530 3866 nobis
1559 3812 1610 3866 in
1645 3813 1850 3885 integra
1880 3819 2150 3886 prosperi-

566 3902 677 3946 tate
709 3907 1022 3963 conservet,
1061 3901 1258 3954 Amen.
1300 3900 1410 3954 Soli
1442 3911 1623 3958 vestro
1665 3912 1975 3975 conspectui
2009 3909 2149 3965 hanc
2223 3952 2226 3956 .

563 3985 844 4051 epistolam
885 3997 1065 4042 notam
1099 4006 1240 4055 esse,
1276 3992 1319 4045 si
1363 3993 1516 4047 vobis
1554 3994 1756 4075 placet,
1792 3997 2054 4067 quidquid
2084 4001 2150 4055 de

562 4075 652 4129 illa
687 4077 834 4133 vobis
865 4081 1132 4146 videatur,
1161 4083 1410 4138 desidero
1435 4093 1489 4138 et
1511 4083 1714 4156 ﬂagito.

913 4207 1074 4279 355
1105 4209 1432 4266 EPISTOLA
1463 4211 1655 4269 xxxv
1701 4213 1792 4270 tu.

1186 4339 1254 4376 AD
1279 4339 1538 4379 ΙΟᾹΝΝΕΗ.

561 4421 708 4493 (30)’,
743 4423 814 4478 Dc
841 4426 978 4493 [uisa
1022 4440 1068 4482 et
1087 4431 1258 4511 impia
1299 4436 1583 4511 assertione
1613 4415 2009 4511 rujusdamiqui
2035 4450 2140 4497 tres

799 4512 1046 4563 personas
1080 4502 1136 4552 in
1166 4501 1272 4555 Deo
1303 4503 1508 4558 dicebat
1539 4524 1650 4562 esse
1672 4501 1774 4563 tres
1805 4527 1906 4565 res.

631 4605 880 4675 Domino,
902 4617 956 4663 et
986 4609 1138 4666 fratri
1167 4613 1362 4669 dilecto
1413 4616 1624 4692 losum,

558 4712 662 4754 nus
707 4714 922 4771 semper
947 4702 1013 4756 ad
1041 4702 1260 4758 meliora
1292 4707 1573 4775 prolicere.

632 4791 712 4844 Ad
737 4791 963 4857 litteras,
987 4809 1122 4863 quas
1150 4797 1280 4851 mihi
1305 4799 1523 4854 dilectio
1550 4814 1726 4858 vestra
1755 4807 1920 4870 misit,
1957 4810 2021 4861 de
2049 4809 2140 4864 illo

559 4875 650 4945 qui
674 4876 803 4932 dicit
827 4877 882 4932 in
906 4879 1017 4935 Deo
1049 4889 1162 4936 tres
1184 4898 1445 4952 personas
1473 4901 1593 4941 esse
1622 4897 1731 4944 tres
1767 4905 1882 4956 res;
1921 4903 2011 4946 aut
2043 4893 2146 4947 Pa-

1714 4622 1883 4679 frater
1933 4626 2141 4682 Assec-

2250 1821 2378 1888 quid
2400 1819 2608 1874 faciunt
2645 1822 2855 1876 eazdem
2906 1823 3195 1875 relationes
3248 1821 3392 1876 circa
3448 1824 3832 1888 substantiam,

2250 1911 2700 1978 quemadmodum
2727 1913 2893 1966 multa
2925 1912 3246 1976 accidentia,
3302 1927 3371 1966 an
3403 1929 3532 1968 non.
3568 1914 3833 1980 Quamvis

2250 2003 2498 2056 videatur
2525 2018 2628 2056 non
2651 2003 2955 2073 intelligere
2985 2005 3088 2058 hoc
3117 2005 3277 2059 modo
3303 2016 3412 2060 tres
3444 2021 3555 2071 res,
3584 2023 3724 2077 quas
3751 2011 3833 2063 di-

2251 2093 2323 2144 cit
2361 2111 2372 2144 :
2414 2106 2478 2146 ex
2507 2109 2573 2148 eo
2602 2095 2726 2164 quia
2753 2095 3028 2164 subjungit
3059 2091 3219 2149 trium
3261 2111 3617 2164 personarum
3668 2115 3831 2153 unam

2249 2197 2370 2236 esse
2397 2181 2747 2248 voluntatem,
2771 2194 2865 2236 aut
2890 2191 3232 2252 potestatem.
3258 2183 3392 2259 Nam
3422 2194 3538 2239 tres
3567 2186 3695 2256 ipsa
3720 2203 3837 2256 per-

2251 2287 2399 2326 sona:
2425 2287 2542 2346 non.
2561 2273 2763 2327 habent
2788 2274 3144 2338 voluntatem,
3175 2285 3264 2328 aut
3292 2285 3614 2344 potestatem
3635 2293 3838 2333 secun-

2253 2365 2378 2418 dum
2398 2363 2706 2428 relationes,
2731 2365 2825 2417 sed
2858 2366 3151 2418 secundum
3193 2366 3294 2420 hoc
3319 2367 3460 2435 quod
3497 2383 3839 2438 unaquaeque

2259 2468 2484 2521 persona
2513 2453 2652 2506 Deus
2675 2463 2759 2507 est
2787 2453 2877 2505 ⁸⁸⁸.
2899 2451 3053 2518 Quod
3076 2453 3118 2506 si
3148 2454 3280 2508 dicit
3309 2466 3694 2525 trespersonas
3718 2474 3841 2512 esse

2251 2552 2360 2595 tres
2391 2557 2499 2604 res,
2559 2543 2857 2605 secundum
2887 2544 3030 2613 quod
3090 2555 3421 2616 unaquzeque
3465 2562 3698 2615 persona
3751 2558 3840 2603 est

2250 2631 2422 2695 Deus;
2453 2641 2546 2686 aut
2569 2642 2678 2686 tres
2706 2633 2836 2687 deos
2866 2633 2977 2686 vult
3000 2635 3352 2697 constituere;
3378 2643 3470 2688 aut
3489 2650 3596 2688 non
3622 2635 3840 2691 intelli-

2247 2724 2321 2790 git
2345 2725 2486 2794 quod
2508 2725 2655 2778 dicit.
2678 2725 2760 2778 Ad
2789 2725 3182 2780 osmndendum
3208 2725 3334 2796 quid
3353 2727 3584 2780 sentiam
3609 2727 3683 2781 de
3715 2743 3840 2782 sen-

2251 2815 2419 2868 tentia
2438 2815 2686 2883 prail'ata,
2701 2815 2802 2868 ista
2821 2815 3034 2868 interim
3051 2816 3324 2870 dilectioni
3341 2817 3834 2873 vcstmsnlﬁciant.

2249 2903 2402 2968 Quod
2451 2913 2631 2958 autem
2680 2905 2860 2973 petitis
2907 2919 3115 2959 mecum
3154 2906 3492 2970 conservari,
3537 2917 3833 2978 antequam

2254 2996 2479 3048 Romam
2507 2995 2952 3063 proficiscamini,
2973 2997 3168 3058 scitote
3193 2997 3322 3066 quiia
3361 3007 3616 3066 quantum
3647 3001 3721 3052 ad
3745 3000 3830 3053 di-

2254 3084 2537 3138 lectionem
2563 3085 2867 3141 houestatis
2882 3095 3076 3140 vestrae
3091 3087 3348 3156 pertinet,
3375 3088 3598 3143 libenter
3610 3090 3838 3144 vellem.

2254 3177 2359 3232 Sed
2393 3178 2704 3245 inquautum
2735 3177 2997 3247 intelligo,
3033 3190 3088 3233 et
3114 3180 3266 3233 vobis
3293 3195 3486 3249 parum
3513 3190 3656 3235 esset
3702 3183 3838 3236 utile

2254 3277 2474 3336 propter
2499 3268 2698 3322 multas
2720 3270 3107 3338 occupationes
3161 3285 3335 3335 meas,
3387 3280 3445 3325 et
3481 3271 3837 3341 impedimen-

2255 3367 2366 3411 tum
2394 3367 2541 3414 esset
2595 3359 2770 3414 vobis.
2831 3360 3066 3416 Omnino
3116 3375 3349 3430 namque
3400 3364 3643 3430 persensi
3683 3366 3831 3433 quia,

2253 3450 2354 3504 nisi
2387 3464 2508 3504 cum
2544 3452 2796 3520 episcopo
2827 3454 3320 3524 manseritisusque
3358 3457 3488 3510 dum
3519 3453 3832 3524 proﬁciscao

2254 3539 2407 3601 mini,
2439 3547 2540 3591 aut
2567 3540 2700 3594 nihil
2727 3551 2820 3593 aut
2853 3557 3040 3608 parum
3076 3558 3167 3596 vos
3214 3544 3559 3614 ipsejnvabit
3602 3546 3671 3599 ad
3729 3545 3828 3598 hoc

2252 3629 2399 3703 quod,
2419 3627 2595 3683 facere
2622 3631 2856 3691 debetis;
2883 3648 2981 3686 nec
3006 3648 3105 3701 ego
3125 3633 3362 3702 aliquid,
3391 3637 3538 3704 quod
3565 3635 3740 3690 valeat
3760 3635 3827 3688 ad

2255 3716 2361 3770 iter
2382 3720 2671 3788 agendum,
2703 3723 2850 3774 vobis
2889 3720 3069 3777 facere
3095 3738 3332 3791 possum.

2741 3831 3072 3887 EPISTOLA
3105 3833 3346 3888 XXXVI.

2796 3937 2865 3974 AD
2896 3937 3284 3977 GISLEBERTUI.

2252 4009 2460 4064 Laudat
2489 4012 2606 4065 vittt'
2637 4011 2702 4063 ab
2743 4013 2928 4064 abbate
2955 4013 3210 4065 instituta:
3237 4014 3519 4067 rationem.
3560 4013 3824 4078 Fratrem,

2429 4097 2582 4150 quem
2607 4083 2659 4134 in
2693 4079 2980 4134 claustrum
3008 4083 3308 4145 reduxerat,
3343 4085 3390 4136 ei
3413 4085 3652 4138 dimittit.

2319 4171 2531 4235 Amico,
2563 4173 2740 4236 fratri,
2774 4173 3018 4239 domino,
3051 4174 3224 4239 Patri,
3256 4174 3453 4230 dilecto
3479 4177 3727 4231 dilectori
3753 4192 3834 4232 re-

2251 4260 2488 4314 verendo
2515 4261 2695 4315 abbati
2721 4261 3063 4316 GISLt-znt-zn'ro
3084 4262 3252 4317 frater
3296 4265 3602 4331 Assuuus,
3654 4279 3835 4332 perse-

2179 4374 2225 4430 D
2252 4362 2528 4406 verantem
2553 4353 2779 4423 inlonga
2799 4354 2906 4407 vita
2928 4371 3049 4408 eum
3078 4355 3437 4425 prosperitate
3466 4359 3830 4421 sanctitatem,

2247 4455 2304 4499 et
2333 4443 2723 4500 iudeﬁcientetn
2758 4446 2809 4499 in
2839 4448 3138 4501 aeternitate
3179 4436 3509 4502 felicitatem.

2321 4532 2376 4588 Si
2414 4535 2574 4589 velim
2621 4533 2859 4588 scribere
2887 4544 3085 4589 mutuae
3129 4543 3330 4590 nostra:
3355 4535 3668 4590 dilectionis
3705 4535 3835 4589 aleo

2254 4633 2422 4686 ctum,
2450 4625 2612 4678 timeo
2644 4639 2711 4678 ne
2741 4634 2833 4678 aut
2861 4625 3046 4679 videar
3081 4626 3148 4678 ab
3201 4626 3576 4696 ignorantibus
3635 4625 3827 4678 verita-

2250 4722 2356 4768 tem
2385 4713 2666 4780 excedere,
2699 4723 2792 4768 aut
2820 4729 3039 4770 necesse
3059 4715 3131 4768 sit
3149 4713 3351 4784 aliquid
3372 4716 3592 4770 veritati
3615 4715 3834 4770 subtra-

2249 4804 2396 4857 here.
2433 4802 2534 4870 Qni
2565 4804 2790 4859 allectus
2816 4817 3050 4874 quantus
3083 4814 3137 4858 et
3180 4821 3340 4875 quam
3387 4824 3551 4864 verus
3588 4813 3682 4875 sit,
3711 4823 3836 4863 cum

2250 4894 2476 4948 multum
2502 4910 2906 4967 cognoscerem,
2935 4896 3152 4977 quando
3174 4911 3294 4951 sese
3321 4898 3478 4954 oculo
3503 4901 3570 4956 ad
3589 4899 3835 4962 oculum,

1845 5028 2078 5084 VARUE
2116 5030 2519 5088 LECTIONES.

629 5153 699 5188 δ”
725 5153 856 5242 Cum
889 5158 967 5212 sic
1003 5175 1102 5212 ms.
1125 5173 1222 5242 cur
1249 5161 1326 5215 sic
1498 5162 1602 5216 Per
1631 5165 1797 5220 vitam
1837 5167 2198 5242 quaerentium
2229 5184 2347 5238 qua:
2391 5169 2480 5242 Dei
2513 5178 2660 5235 sunt,
2691 5185 2851 5239 quam
2893 5154 2991 5240 per
3037 5170 3286 5242 astutiam
3323 5172 3681 5240 qnterentium
3709 5187 3838 5242 qua

557 5239 654 5280 sua
683 5237 820 5306 sunt
862 5245 961 5281 ms.
1009 5243 1106 5296 per
1139 5232 1319 5311 vitam
1344 5231 1727 5311 initer-altorum
1769 5231 2126 5311 maerentium
2175 5231 2296 5311 qua;
2342 5241 2433 5311 Dei
2457 5250 2603 5301 sunt,
2630 5231 2792 5309 quam
2842 5231 2936 5311 per
2975 5242 3232 5295 astutiam
3271 5231 3638 5295 litteratorum
3683 5231 3836 5311 qua:-

558 5296 788 5348 rentium
827 5312 944 5364 quae
987 5313 1084 5351 sua
1111 5309 1236 5353 sunt
1342 5302 1410 5333 ⁵⁸⁸
1444 5303 1649 5358 Collum
1679 5296 1803 5359 cunt
1818 5308 1996 5361 eodem
2020 5323 2126 5360 ms.

2231 5308 2301 5340 ⁸⁸³
2331 5310 2620 5382 Epistolam
2649 5308 2859 5382 suscepi
2906 5327 3005 5364 ms.
3041 5311 3322 5379 epistolam
3349 5308 3832 5382 veStramsus—cepi

557 5364 628 5396 ‘“
668 5366 731 5419 Et
760 5365 868 5421 lilio
901 5384 996 5421 ms.
1029 5375 1083 5422 et
1109 5384 1138 5422 a
1171 5371 1278 5424 lilio
1349 5371 1420 5404 ⁸⁸⁵
1446 5371 1752 5429 Secundum
1780 5375 1831 5430 id
1853 5378 1996 5446 quod
2020 5394 2119 5431 ms.
2149 5364 2442 5434 secundum
2469 5381 2611 5449 quod
2686 5380 2755 5412 ’⁸⁸⁸
2777 5364 3015 5435 Persona
3045 5364 3300 5436 licusms.
3327 5364 3561 5451 persona
3585 5364 3836 5437 Dveusie'st

1735 5509 1848 5566 1οΑ
1858 5511 2012 5569 ΝΝΙΞ
2048 5511 2321 5569 PICARDI
2352 5511 2580 5569 NOTAE.

633 5612 743 5676 (30)
777 5614 837 5672 ν.
875 5617 1051 5686 Epist.
1083 5617 1144 5675 41
1179 5628 1232 5674 et
1259 5617 1324 5672 5i
1350 5620 1526 5692 infra.

1057 6157 3992 6302 __________.‘
