4056 6302
224 257 358 316 H89
1451 244 1577 299 LIII.
1621 244 1681 311 II,
1714 240 1931 297 EPIST.
1972 236 2198 294 XXXIX
3323 231 3462 291 1190

221 369 403 422 osculo
424 364 781 433 adpsculum,
824 363 1074 432 amplexu
1103 360 1170 417 ad
1200 359 1504 430 amplexum
1537 359 1788 415 ostende-
1815 359 1863 416 Α
1890 363 1972 409 ter
1994 356 2276 408 Anseuws
2305 351 2478 404 dictus
2508 348 2675 402 abbas
2702 345 2877 409 Becci,
2905 343 3065 418 hujus
3092 345 3216 400 vitze
3236 357 3485 420 prospe-'

221 464 303 510 ret
333 472 347 507 :
373 467 520 525 nunc.
547 452 713 507 multo
736 453 908 522 magis
924 451 1195 521 experior,
1242 465 1363 507 cum
1397 450 1589 505 abesse
1640 447 1789 503 illuni

224 544 730 615 irrecuperahiliter,
767 544 824 599 in
864 559 971 619 quo
995 552 1141 598 tanta
1180 541 1521 611 jucunditate
1561 540 1795 597 delecta-

223 636 337 699 bar,
373 634 607 692 intueor.
638 635 792 690 Sicut
834 635 980 689 enim
1012 633 1301 688 abundans
1349 631 1524 686 nescit
1572 630 1698 700 quid
1724 631 1793 685 sit

223 725 512 794 indigenti,
536 735 594 779 ut
622 725 712 794 qui
735 722 940 779 deliciis
964 721 1156 787 aflluit,
1184 721 1396 792 ignorat
1419 721 1547 790 quid
1571 721 1640 775 sit
1665 735 1795 789 esu-

223 812 411 875 rienti;
438 814 510 865 ita
535 813 623 880 qni
655 811 833 865 amico
865 810 1079 875 fruitur,
1112 825 1221 864 non
1263 808 1426 863 sentit
1483 808 1793 878 languorem

220 905 413 961 anima:
443 904 699 959 carentis.
731 903 997 970 Quoniam
1024 915 1154 979 ergo
1181 915 1302 963 ,nec
1333 899 1497 954 scribi
1525 897 1794 953 sufﬁcien-

222 1003 302 1049 ter
317 1003 496 1061 potest
518 995 647 1063 quid
672 994 829 1049 nobis
862 994 1091 1053 invicem
1114 991 1206 1057 sit,
1263 1004 1366 1045 nec
1401 989 1670 1059 ignoranti
1718 988 1797 1042 lo-

219 1098 392 1151 quor:
420 1084 502 1138 his
527 1083 739 1138 interim
761 1082 1001 1148 omissis,
1022 1096 1118 1138 oro
1138 1080 1414 1137 vobiscum
1433 1088 1493 1134 ut
1513 1078 1797 1148 aliquando

220 1190 324 1230 nos
346 1174 574 1230 invicem
634 1174 878 1229 videntes
913 1171 1072 1227 oculo
1099 1173 1166 1226 ad
1213 1171 1450 1234 oculum,
1486 1161 1674 1226 osculo
1728 1169 1798 1223 ad

219 1264 485 1330 osculum,
515 1262 761 1332 amplexu
792 1261 860 1317 ad
896 1262 1203 1331 amplexum
1234 1276 1340 1315 non
1394 1260 1623 1315 oblitum
1647 1274 1799 1337 alno-

219 1369 334 1409 rcm
369 1353 686 1411 recolamus.
714 1353 795 1413 De
812 1353 898 1408 his
917 1363 1097 1407 autem
1153 1367 1272 1422 qua:
1294 1350 1360 1405 de
1388 1351 1511 1406 vita:
1532 1366 1643 1405 suae
1671 1365 1802 1406 con-

217 1446 529 1501 versatione
545 1444 782 1499 charitas
808 1452 986 1499 vestra
1013 1444 1143 1498 mihi
1167 1443 1384 1514 dignata
1404 1452 1489 1498 est
1507 1456 1797 1511 exponere,

216 1538 429 1608 gratias
453 1552 557 1605 ago
582 1535 692 1591 Deo
718 1536 845 1606 quia
875 1536 1009 1591 nihil
1035 1536 1106 1591 ibi
1134 1536 1320 1592 videre
1358 1551 1604 1605 possum,
1654 1535 1798 1604 quod

216 1643 329 1682 non
353 1628 427 1681 sit
453 1626 739 1681 laudabile.
770 1628 849 1682 De
868 1626 1036 1682 fratre
1064 1627 1172 1691 illo,
1198 1641 1360 1696 quem
1408 1626 1463 1680 in
1502 1625 1799 1680 claustrum

1897 443 2111 498 ritatem
2150 452 2201 497 et
2231 439 2425 495 futura:
2450 438 2783 493 felicitatem.

1897 544 1905 555 ‘
1967 532 2319 603 Respondens
2346 539 2540 585 vestra:
2565 526 2882 584 reverentia:
2930 528 2995 580 de
3047 541 3126 591 re,
3186 526 3328 581 unde
3377 542 3475 598 per

1897 622 2063 676 filium
2110 637 2266 676 suum
2297 619 2600 676 Viilelmnm
2642 632 2814 673 meam
2843 615 3164 686 parvitatem
3222 615 3476 687 dignatur

1896 711 2195 770 consulere.
2213 709 2404 765 vellem
2421 709 2664 777 exempla
2685 718 2739 762 et
2755 707 3109 761 auctoritates
3132 720 3436 778 proponere
3458 728 3474 765 :

1896 802 1990 856 sed
2012 800 2128 871 ejus
2148 798 2514 866 festinatione,
2537 809 2593 853 et
2614 814 2733 854 mea
2755 797 3130 866 occupatione,
3153 798 3292 852 sicut
3311 798 3478 871 356

1898 889 2012 960 ipse
2043 891 2195 944 testis
2219 901 2322 955 est,
2355 890 2702 959 impediente,
2732 888 2820 941 vix
2857 888 2986 943 mihi
3013 886 3138 940 licet
3185 886 3261 941 rei
3308 889 3478 958 ipsius

1896 981 2182 1034 veritatem
2238 976 2555 1048 simpliciter
2602 991 2893 1047 exponere.
2946 973 3151 1030 Nullius
3201 974 3470 1031 Catholici

1898 1065 2110 1136 ignorat
2140 1064 2422 1137 prudentia
2468 1065 2592 1135 quia
2623 1066 2762 1120 sicut
2790 1062 2876 1117 ille
2898 1062 2988 1131 qui
3019 1062 3217 1117 bonum
3240 1078 3374 1133 opus
3396 1062 3483 1119 fa-

1899 1165 2025 1206 cere
2052 1151 2234 1207 volens
2254 1152 2588 1221 prohibetur,
2624 1164 2679 1207 et
2719 1160 2904 1223 postea
2941 1151 3137 1217 gaudet
3186 1166 3245 1206 se
3299 1150 3483 1209 facere

1900 1256 2007 1296 non
2035 1242 2443 1319 potuisse‘quod
2465 1243 2603 1297 bene
2655 1244 2856 1312 voluit,
2891 1263 2997 1301 non
3049 1259 3133 1302 est
3180 1246 3482 1302 laudandus

1901 1348 2005 1387 non
2043 1332 2234 1388 fecisse
2263 1332 2462 1388 boumn
2504 1334 2645 1402 quod
2703 1346 3078 1407 proposuerat.
3127 1338 3202 1392 Ita
3250 1336 3339 1391 ille
3388 1335 3480 1405 qni
3532 1364 3547 1386 ι

1901 1441 2125 1495 pravum
2160 1439 2298 1496 opus
2320 1439 2481 1495 agere
2544 1424 2839 1495 disponcns
2887 1444 2992 1484 non
3050 1428 3381 1498 permittitur
3428 1435 3484 1480 et

1900 1526 2084 1585 postea
2116 1515 2333 1570 lzctatur
2366 1530 2424 1571 se
2454 1530 2559 1570 non
2589 1532 2708 1571 esse
2744 1517 3195 1587 concupiscentia:
3225 1532 3337 1572 sum
3367 1525 3481 1591 tra-

1902 1608 2095 1674 ditum,
2135 1623 2476 1678 nequaquam
2527 1607 2850 1677 iudicandus
2902 1617 2984 1664 est
3034 1610 3241 1664 crimen
3302 1606 3478 1678 egisse

218 1715 537 1789 reduxistis,
568 1713 710 1784 quod
742 1716 903 1771 vultis
929 1717 1100 1771 donec
1133 1692 1290 1770 vobis
1310 1724 1407 1769 aut
1456 1714 1614 1771 nobis
1643 1713 1801 1769 aliter
1831 1692 1876 1748 Β
1903 1699 2047 1769 (ιηοά
2080 1699 2341 1789 νοίξιθηη·
2383 1699 2517 1754 Nam
2546 1700 2647 1756 (εἰεί
2690 1700 2926 1767 finitimi"
2958 1709 3040 1755 εει
3067 1700 3264 1770 ali‘1“55
3287 1700 3339 1789 if"
3372 1698 3482 1789 ετξ·

215 1806 486 1872 videatur,
518 1805 757 1883 concedo
795 1823 809 1860 :
843 1806 938 1883 sed
969 1806 1180 1862 occulta
1212 1806 1332 1876 ejus
1383 1814 1567 1863 vestra
1621 1805 1802 1860 discu-

215 1900 361 1955 tiens
388 1898 698 1969 prudentia,
725 1907 883 1969 prout
917 1898 1259 1968 iudicaverit,
1316 1898 1389 1953 illi
1420 1897 1689 1954 coosulat.
1727 1897 1804 1961 De

213 1990 420 2047 damno
447 2000 653 2054 vestro,
680 1989 827 2060 quod
861 1988 1183 2065 inundastis,
1218 1988 1408 2065 -mi_ror
1435 1997 1491 2043 et
1518 1986 1799 2043 condoleo.

214 2078 375 2146 Quod
416 2079 671 2148 dignatur
729 2087 908 2135 vestra
953 2078 1197 2135 charitas
1238 2093 1500 2143 excusare
1530 2077 1802 2148 .se,qquia

218 2185 330 2224 non
368 2178 550 2238 potest
577 2170 737 2224 modo
788 2169 968 2243 facere
1015 2171 1158 2239 quod
1196 2168 1359 2231 vellet
1400 2186 1414 2222 :
1456 2169 1660 2237 gratias
1701 2154 1803 2237 ago

223 2270 417 2315 vestra:
445 2258 738 2326 dignationi
768 2269 823 2315 et
845 2260 1004 2337 bona:
1029 2258 1315 2313 voluntati.
1346 2259 1419 2313 De
1445 2259 1644 2320 domno
1663 2256 1807 2312 Latt-

222 2350 411 2405 franro
438 2350 572 2404 nihil
599 2349 788 2404 melius
815 2350 968 2415 scivi,
994 2363 1085 2404 aut
1123 2349 1294 2420 potui,
1343 2365 1506 2420 qttam
1556 2351 1701 2419 quod
1749 2350 1802 2404 in

219 2439 415 2510 Anglia
455 2439 556 2495 feci
595 2450 650 2496 et
677 2440 807 2494 dixi.
835 2440 1041 2496 Valete.

642 2530 979 2587 EPISTOLA
1017 2528 1373 2602 KXXWIW.

901 2616 969 2656 AD
999 2617 1147 2655 IDAH.

188 2666 383 2739 _Quod
411 2668 555 2723 debet
591 2671 686 2724 niti
739 2670 809 2723 ad
859 2650 1169 2791 proﬁcit-uin,
1221 2670 1311 2740 qui
1353 2670 1493 2740 cupit
1546 2650 1804 2738 defectum

628 2748 641 2761 '
929 2756 959 2791 τ
1002 2756 1112 2791 are.

628 2748 641 2761 ⁵
929 2748 1112 2793 mare.

291 2827 625 2886 Reverentia:
652 2837 707 2885 et
739 2829 1074 2885 charissima:
1119 2829 1351 2884 domina:
1374 2843 1487 2885 suae
1510 2829 1804 2884 eomitissae

219 2922 326 2977 lea:
353 2922 521 2979 frater
544 2923 840 2987 Amemus,
867 2937 965 2993 per
984 2922 1124 2978 bona
1163 2922 1476 2994 temporalia
1500 2923 1568 2977 ad
1598 2931 1802 2976 aeterna

219 3017 555 3084 pertingere.
1540 3000 1541 3003 η

290 3105 449 3161 Sicut
471 3120 629 3160 verus
649 3121 822 3171 amor,
849 3122 1010 3176 quem
1040 3106 1333 3161 secundum
1364 3105 1530 3159 Deum
1559 3118 1688 3174 erga
1714 3119 1803 3157 re—

219 3196 520 3249 verentiam
546 3206 778 3250 vestram
810 3197 1002 3260 habeo,
1042 3212 1071 3249 a
1113 3211 1207 3249 sua
1241 3195 1551 3265 integritate
1572 3209 1678 3247 non
1704 3207 1802 3260 po-

215 3294 326 3340 test
352 3286 591 3345 deﬂcere
616 3288 733 3342 :‘ita
767 3303 1041 3357 nunquam
1070 3288 1228 3342 debet
1285 3302 1315 3341 a
1369 3285 1572 3341 salubri
1607 3286 1805 3340 exhor-

219 3375 427 3431 tatione
453 3376 703 3432 defice-re.
743 3375 1002 3444 Quamvis
1023 3376 1186 3447 igitur
1208 3389 1422 3446 semper
1442 3389 1653 3446 sperem
1679 3389 1806 3443 pru-

213 3465 458 3521 dentiam
490 3478 724 3524 vestram
755 3469 992 3539 nndique
1019 3468 1121 3524 sibi
1156 3466 1487 3537 prospicere,
1535 3481 1603 3522 ne
1649 3465 1805 3522 calli-

212 3554 319 3612 dus
340 3558 516 3615 hostis
539 3559 717 3630 aliqua
759 3559 947 3616 fraude
988 3559 1196 3614 violare
1247 3558 1428 3612 valeat
1470 3559 1627 3613 home
1677 3557 1804 3613 vita:

210 3652 592 3718 propositum;
627 3668 965 3723 nequaquam
995 3661 1195 3715 tamen,
1229 3650 1274 3705 si
1311 3649 1395 3705 vel
1424 3656 1632 3705 tantum
1673 3664 1802 3720 sng-

214 3750 352 3805 gero
381 3749 443 3793 ut
470 3741 759 3796 instantius
784 3742 1002 3800 faciatis
1033 3741 1175 3809 quod
1223 3740 1378 3794 bene
1399 3739 1601 3803 facitis,
1649 3739 1801 3809 jndia

206 3829 457 3882 candnm
489 3840 574 3886 est
598 3847 717 3886 esse
749 3831 1095 3902 superfluum.
1128 3824 1316 3884 Nullus
1351 3829 1495 3883 enim
1546 3831 1800 3898 gaudium

203 3918 370 3974 bona:
410 3922 541 3978 vita:
573 3938 733 3992 quem
760 3923 869 3993 jam
910 3921 1243 3993 conscendit,
1280 3920 1552 3976 custodire
1583 3917 1800 3984 sufﬁcit,

202 4010 296 4077 qui
322 4025 551 4084 seraper
575 4015 641 4068 ad
671 4013 918 4069 altiorem
944 4014 1207 4082 prolicere
1235 4000 1341 4066 non
1394 4011 1620 4082 appetit.
1648 4008 1800 4065 Sem-

203 4113 305 4167 per
343 4103 519 4173 igitur
549 4119 769 4160 necesse
794 4114 879 4160 est
900 4114 963 4159 ιιι
1003 4104 1209 4158 nitatur
1239 4103 1306 4158 ad
1350 4101 1677 4171 profectum,
1709 4104 1801 4172 qui

202 4205 434 4263 semper
456 4196 571 4251 vult
599 4199 772 4252 vitare
800 4195 1092 4252 defectum.
1123 4193 1214 4251 Sic
1250 4195 1434 4265 itaque
1463 4210 1523 4251 se
1548 4210 1800 4250 reveren-

207 4281 279 4335 tia
307 4294 522 4355 vestra,
554 4288 661 4343 imo
689 4282 843 4343 Deus
865 4304 959 4342 cor
987 4296 1042 4343 et
1069 4301 1130 4341 os
1155 4296 1211 4342 et
1242 4296 1395 4343 actus
1417 4297 1629 4343 vestros
1652 4302 1794 4343 sem-

1907 1789 2069 1843 minis
2100 1787 2401 1854 voluntate,
2422 1789 2473 1844 si
2497 1789 2550 1843 in
2590 1788 2733 1843 nulla
2775 1790 2936 1844 vitam
2971 1789 3245 1849 terminat,
3280 1788 3345 1841 de
3370 1787 3485 1841 cri-

1906 1879 2050 1933 mine
2073 1876 2400 1948 judicandus
2443 1879 2547 1946 sit,
2578 1895 2770 1948 magna
2804 1890 2979 1933 tamen
3006 1878 3371 1933 distantiaest
3399 1878 3487 1931 in-

1908 1977 1993 2024 ter
2018 1968 2184 2034 illum,
2210 1983 2372 2039 quem
2402 1970 2482 2023 ira
2513 1971 2729 2040 superni
2765 1968 2962 2045 judicis
2994 1983 3167 2039 usque
3207 1970 3259 2022 in
3303 1982 3488 2036 repro-

1904 2060 2028 2115 bam
2060 2060 2325 2114 actionem
2352 2060 2573 2125 deserit,
2604 2070 2659 2114 et
2690 2061 2859 2125 illum,
2900 2074 3059 2130 quem
3079 2051 3260 2129 gratia
3290 2073 3318 2112 a
3350 2073 3488 2127 prae-

1904 2153 2091 2222 cipitio
2118 2168 2343 2209 servans
2369 2155 2550 2223 operis
2573 2156 2624 2208 in
2650 2155 2844 2208 bonam
2870 2153 3197 2206 volnn:atem
3226 2151 3486 2205 restituit.

1908 2241 2131 2295 Multum
2172 2241 2338 2312 igitur
2361 2242 2836 2297 cstcriminamlns
2881 2240 2967 2296 ille
2994 2241 3085 2310 qui
3137 2240 3340 2310 pariter
3381 2239 3490 2294 illis

1905 2334 2113 2387 crimen
2141 2341 2366 2387 conatur
2389 2333 2710 2402 impingere,
2753 2347 2981 2402 quorum
3007 2347 3205 2401 pravas
3239 2331 3490 2384 volunta.

1909 2433 1991 2477 tes
2018 2422 2197 2476 divina
2235 2422 2500 2493 sapientia
2541 2431 2651 2476 tam
2700 2422 2914 2476 diverse
2958 2420 3128 2475 voluit
3176 2421 3484 2490 disponere.

1909 2510 2002 2565 Ille
2034 2526 2265 2582 namque
2296 2512 2511 2566 nomine
2539 2512 2798 2567 facinoris
2842 2511 3110 2565 notandus
3135 2520 3240 2577 est,
3267 2511 3355 2580 qui
3394 2519 3490 2564 aut

1884 2602 1960 2655 ‘in
1990 2611 2167 2659 actum
2192 2601 2406 2667 labitur,
2447 2612 2547 2656 aut.
2573 2603 2626 2657 in
2691 2602 2957 2657 malitiosa
3013 2603 3308 2657 intentione
3337 2603 3491 2659 dese-

1908 2693 2078 2757 ritur,
2106 2708 2210 2746 non
2239 2692 2348 2757 ille,
2373 2693 2463 2762 qui
2488 2708 2585 2748 nec
2616 2690 2830 2764 inlopus
2851 2692 3071 2747 malitia:
3099 2694 3486 2763 praecipitatur,

1907 2789 1965 2835 et
2008 2796 2036 2833 a
2067 2796 2323 2850 perversa
2376 2781 2672 2836 intentione
2708 2773 2935 2836 eruitur.
2966 2780 3067 2837 llic
3121 2781 3264 2836 enim
3302 2783 3354 2840 in
3387 2782 3491 2836 hoc

1906 2882 2155 2928 servatus
2182 2881 2286 2938 est,
2319 2872 2462 2929 unde
2508 2872 2788 2943 gaudendo
2842 2872 3046 2944 gratias
3084 2873 3255 2943 possit
3293 2887 3486 2944 agere;

1885 2965 1997 3020 “ille
2025 2965 2078 3019 in
2106 2965 2209 3020 hoc
2237 2965 2484 3021 desertus
2513 2974 2618 3027 est,
2673 2961 2821 3019 unde
2864 2963 3093 3020 dolendo
3135 2964 3347 3019 veniam
3392 2979 3489 3017 ne-

1830 3040 1877 3104 C
1908 3067 2061 3107 cesse
2091 3053 2158 3107 sit
2185 3062 2389 3123 petere.
2415 3053 2490 3108 De
2527 3052 2633 3108 hoc
2657 3063 2867 3108 certum
2899 3061 2984 3108 est
3012 3053 3137 3123 quia
3166 3067 3263 3122 pro
3293 3052 3481 3121 hujus.

1910 3144 2055 3197 modi
2086 3145 2280 3212 gaudio
2311 3145 2592 3213 prmmium
2616 3145 2880 3214 accipiet;
2924 3143 2998 3197 illi
3048 3143 3271 3197 multum
3308 3150 3414 3204 est,
3441 3142 3489 3197 si

1907 3247 2009 3303 pro
2058 3232 2244 3287 dolore
2274 3234 2480 3303 peccati
2531 3249 2746 3304 poenam
2793 3233 3030 3302 effugiet.
3082 3232 3242 3286 Plura
3295 3232 3487 3286 vellem

1894 3318 2171 3391 scribere,
2193 3325 2288 3378 sed
2318 3324 2467 3393 quia,
2509 3324 2651 3380 sicut
2679 3324 2814 3390 dixi,
2862 3325 2994 3379 mihi
3025 3340 3131 3380 non
3174 3323 3332 3386 licet,
3385 3323 3489 3377 ista

1906 3417 1989 3472 vel
2018 3416 2085 3471 ad
2117 3415 2480 3470 testimonium
2509 3430 2694 3470 eormn
2721 3414 2811 3480 δ”,
2841 3429 2960 3484 qua:
3011 3414 3299 3482 praedictus
3347 3413 3490 3469 illius

1906 3516 2088 3562 vester
2116 3507 2182 3561 de
2208 3514 2393 3561 nostra
2423 3507 2545 3558 viva
2581 3518 2714 3558 voce
2742 3497 2892 3561 vobis
2918 3505 3135 3573 referet,
3165 3504 3290 3562 licet
3324 3504 3492 3560 inter-

1904 3598 2036 3664 cisa,
2074 3597 2190 3653 sine
2222 3595 2639 3667 reprehensione
2664 3594 2938 3663 suscipite.
2972 3593 3177 3657 Valete.

2352 3702 2687 3758 EPISTULA
2709 3702 2931 3757 XXXIX
2950 3703 3041 3757 ⁸⁹².

2480 3827 2545 3865 Δί)
2573 3827 2920 3867 ιΑιιιιειιτωι.

1907 3928 2062 3982 llimc
2091 3925 2312 3981 nobilem
2347 3925 2513 3979 eiram
2542 3925 2614 3978 ad
2653 3924 2809 3978 vitam
2858 3925 3197 3979 nionasticmn
3226 3932 3488 3983 hortatur.

1977 4036 2185 4092 Dilecto
2209 4046 2263 4091 et
2292 4036 2600 4090 desiderato
2636 4037 2687 4091 in
2714 4036 2954 4091 Christo
2985 4040 3143 4101 Laus.
3172 4054 3275 4093 aro
3321 4039 3492 4095 frater

1892 4130 2188 4185 Anseuus
2208 4128 2375 4183 abbas
2397 4128 2703 4194 Beccensis,
2730 4137 2841 4184 toto
2890 4131 3053 4185 corde
3109 4134 3291 4187 smcnIi
3330 4133 3489 4200 hujus

1907 4221 2198 4275 vanitatem
2252 4229 2623 4288 contemnere,
2676 4232 2730 4275 et
2779 4223 2846 4275 ad
2893 4233 3153 4277 arteriam
3201 4224 3487 4286 Veritatem

1904 4311 2253 4366 contendere.
2829 4315 2833 4319 ‘

202 4383 305 4436 per
329 4385 388 4429 et
412 4379 618 4448 ubique
643 4380 932 4447 custodiat,
964 4390 1022 4434 ut
1052 4383 1162 4437 vita
1210 4390 1386 4438 vestra
1422 4395 1724 4449 nunquam,
1749 4389 1799 4435 et

1975 4400 2149 4455 Tanta
2174 4401 2303 4456 mihi
2327 4400 2682 4467 charissiinns
2710 4383 2879 4456 frater
2898 4412 2954 4457 et
2989 4403 3126 4458 filius
3154 4419 3304 4460 meus
3336 4405 3489 4460 dom-

200 4473 484 4532 nusquam
514 4467 567 4522 in
595 4484 865 4541 magnam,
889 4471 968 4526 vel
999 4487 1221 4541 parvam
1249 4471 1458 4540 culpam
1475 4469 1545 4502 ⁸⁸⁸
1569 4468 1802 4525 decidat.

200 4548 280 4604 De
313 4562 655 4615 monasterio
684 4573 885 4627 vestro,
911 4565 1053 4633 quod
1074 4580 1105 4618 a
1129 4578 1214 4619 me
1232 4562 1515 4635 petebatis,
1549 4562 1662 4632 regi
1691 4562 1801 4617 An-

200 4639 423 4708 glorum
451 4652 644 4719 retuli;
682 4656 774 4709 sed
807 4664 954 4710 certe
984 4671 1088 4711 non
1145 4654 1384 4710 laudavit
1438 4661 1499 4709 ut
1541 4653 1799 4709 facerem.

197 4727 514 4800 Al‘lientum
536 4744 717 4799 domui
746 4744 965 4800 Ricardi
992 4760 1089 4815 per
1117 4743 1549 4816 praesentium”9
1571 4745 1800 4801 latorem

196 4821 362 4880 mitte
393 4832 579 4889 nobis.
608 4835 812 4891 \‘alete.
1090 4890 1093 4891 ν

631 4927 964 4984 EPISTOLA
992 4927 1255 4983 XXXVIII
1286 4927 1379 4982 m.

810 5016 876 5052 AD
902 5015 1104 5054 ROBEIIT
1114 5015 1205 5054 UH.

195 5062 437 5157 Pe‘crnre
493 5094 752 5150 alatuens,
812 5097 857 5139 et
912 5088 1158 5141 divinitus
1200 5088 1497 5157 impeditus,
1531 5086 1576 5139 si
1618 5095 1796 5155 postea

264 5137 485 5219 {mlemr
507 5170 566 5207 se
604 5172 703 5210 non
732 5137 989 5222 peccasse,
1017 5173 1132 5211 reus
1157 5174 1258 5212 non
1272 5137 1361 5212 rest
1413 5137 1547 5212 (ιε’δὶ
1597 5137 1795 5210 ένῖιιιέιι

262 5222 446 5274 ipsum
477 5226 767 5282 comisisset
790 5245 821 5281 α
848 5227 958 5280 Deo
984 5228 1238 5281 desertus.

267 5296 513 5364 Domino
538 5325 595 5370 et
615 5316 785 5384 Patri,
823 5319 1003 5374 abbati
1045 5319 1344 5375 reverenda
1389 5319 1674 5382 Bonnam,
1710 5330 1798 5385 pa-

1906 4508 2009 4549 nus
2031 4492 2291 4548 Rodnlfus
2314 4490 2674 4559 Belvacensis,
2699 4495 2825 4549 olim
2849 4495 3028 4552 socius
3051 4508 3192 4560 tuus,
3227 4512 3370 4553 nunc
3398 4513 3489 4553 ve-

1906 4602 1997 4641 rus
2032 4587 2240 4641 amicus
2269 4598 2325 4641 et
2345 4586 2682 4644 desideratur
2716 4597 2858 4654 tuus,
2892 4589 3070 4644 retulit
3095 4588 3165 4645 de
3208 4589 3487 4646 nobilitate

1904 4685 1959 4729 et
1995 4677 2061 4731 de
2092 4691 2301 4730 morum
2347 4673 2418 4707 ⁸⁸⁸
2459 4681 2697 4743 tuorum,
2732 4692 2851 4746 qua:
2882 4679 3096 4747 generis
3140 4678 3483 4741 nobilitatem

1906 4776 2149 4828 exornat,
2186 4768 2492 4831 honestate,
2518 4772 2579 4821 ut
2602 4782 2707 4821 non
2731 4783 2897 4836 parvo
2919 4766 3113 4833 affectu
3139 4778 3364 4838 cogatur
3387 4785 3485 4823 cor

1906 4873 2084 4911 meum
2114 4866 2168 4912 te
2197 4859 2555 4915 desiderando
2581 4858 2830 4929 diligere,
2862 4866 2916 4913 et
2954 4858 3224 4929 diligendo
3269 4860 3485 4916 deside-

1905 4965 2047 5005 rare.
2075 4949 2417 5020 Quapropter
2437 4950 2692 5021 quoniam
2716 4949 2953 5004 animam
2987 4954 3132 5004 tuam
3157 4951 3337 5006 anima
3362 4969 3485 5008 mea

1907 5058 2009 5098 nec
2040 5044 2218 5097 minus
2245 5043 2379 5106 vult,
2415 5057 2514 5097 nec
2536 5041 2657 5109 plus
2682 5050 2859 5111 potest
2902 5042 3131 5111 diligere
3158 5058 3318 5112 quam
3344 5046 3485 5112 seip-

1905 5149 2020 5190 sam
2055 5150 2068 5186 :
2111 5148 2218 5188 non
2267 5133 2412 5187 aliud
2446 5142 2624 5203 potest
2650 5134 2961 5189 desiderare
2990 5134 3057 5188 de
3101 5133 3190 5188 illa
3220 5150 3382 5204 quam
3416 5136 3485 5190 de

1904 5226 2104 5295 seipse.
2135 5224 2247 5280 Hoc
2274 5225 2439 5295 igitur
2488 5234 2576 5298 est
2619 5226 2687 5281 de
2725 5235 2775 5281 te
2812 5226 3163 5291 desiderium
3186 5242 3363 5282 inenm
3424 5236 3485 5280 ut

1904 5314 2162 5373 mundum
2188 5314 2540 5385 relinquendo
2560 5316 2835 5373 Christum
2860 5318 3128 5387 sequaris,
3152 5327 3206 5372 et
3224 5333 3322 5388 per
3340 5328 3482 5387 tem-

264 5455 492 5488 mm,
543 5486 552 5488 _
845 5481 855 5488 _
1280 5479 1299 5488 _
1495 5406 1732 5488 vanus.
1761 5402 2168 5488 moriones.

289 5457 590 5550 _':’_'Collala
613 5496 730 5535 cum
759 5481 937 5535 eodem
970 5498 1067 5535 ms.
1181 5478 1250 5512 ⁸⁸⁸
1280 5457 1732 5550 humana—invict
1765 5457 2229 5550 pai'vainenlnain
2250 5491 2347 5550 ms.
2377 5475 2428 5529 in
2467 5490 2663 5550 magna
2688 5475 2770 5531 vel
2815 5491 2977 5545 parva
3006 5483 3168 5550 culpa
3276 5477 3348 5512 W
3375 5477 3481 5534 Per

188 5531 533 5628 ἢξωέξξειιςιῐι
560 5531 1165 5628 ιιιᾶίιιριξιιῶξεέιιιίιιιιῃ
1197 5531 1676 5628 Ἆδθδίζυιιιῗιιιειιηι
1703 5531 1880 5628 eadem
1914 5562 2017 5599 ms.
2090 5531 2159 5578 ⁸⁸⁸
2188 5545 2514 5602 Testimonia
2542 5531 2728 5601 eorum
2756 5531 2854 5603 ms.
2891 5531 3259 5604 testimoitiutu
3285 5531 3475 5606 eorum

293 5597 531 5667 Coum
1196 5619 1261 5677 Ει
