  <div class='ocr_page' id='page_1' title='image "/cluster/home/n/w/nwhite01/storage/ocr_20150623/158/hvd.32044024236689/649.png"; bbox 0 0 4056 6302; ppageno 0'>
   <div class='ocr_carea' id='block_1_1' title="bbox 121 5980 1076 6300">
    <p class='ocr_par' dir='ltr' id='par_1_1' title="bbox 121 5980 1076 6300">
     <span class='ocr_line' id='line_1_1' title="bbox 121 5980 1076 6300; baseline 0.002 -2"><span class='ocrx_word' id='word_1_1' title='bbox 121 5980 1076 6300; x_wconf 42' lang='grc' dir='ltr'><strong>μ-</strong></span> 
     </span>
    </p>
   </div>
   <div class='ocr_carea' id='block_1_2' title="bbox 554 283 683 337">
    <p class='ocr_par' dir='ltr' id='par_1_2' title="bbox 554 283 683 337">
     <span class='ocr_line' id='line_1_2' title="bbox 554 283 683 337; baseline -0.008 0"><span class='ocrx_word' id='word_1_2' title='bbox 554 283 683 337; x_wconf 73' lang='grc' dir='ltr'>ιιθι</span> 
     </span>
    </p>
   </div>
   <div class='ocr_carea' id='block_1_3' title="bbox 1163 250 3266 329">
    <p class='ocr_par' dir='ltr' id='par_1_3' title="bbox 1163 250 3266 329">
     <span class='ocr_line' id='line_1_3' title="bbox 1163 250 3266 329; baseline -0.012 0"><span class='ocrx_word' id='word_1_3' title='bbox 1163 275 1218 329; x_wconf 88' lang='lat' dir='ltr'><strong>S.</strong></span> <span class='ocrx_word' id='word_1_4' title='bbox 1253 270 1548 327; x_wconf 77' lang='lat' dir='ltr'><strong>ANSELMI</strong></span> <span class='ocrx_word' id='word_1_5' title='bbox 1572 265 1919 324; x_wconf 73' lang='lat' dir='ltr'><strong>CANTUAB.</strong></span> <span class='ocrx_word' id='word_1_6' title='bbox 1951 258 2266 317; x_wconf 80' lang='lat' dir='ltr'><strong>ARCHlEP.</strong></span> <span class='ocrx_word' id='word_1_7' title='bbox 2296 256 2444 314; x_wconf 82' lang='lat' dir='ltr'><strong>OPP.</strong></span> <span class='ocrx_word' id='word_1_8' title='bbox 2472 255 2650 309; x_wconf 72' lang='lat' dir='ltr'><strong>PAilS</strong></span> <span class='ocrx_word' id='word_1_9' title='bbox 2679 252 2761 307; x_wconf 92' lang='lat' dir='ltr'><strong>lll.</strong></span> <span class='ocrx_word' id='word_1_10' title='bbox 2785 282 2854 293; x_wconf 89' lang='lat'><strong>—</strong></span> <span class='ocrx_word' id='word_1_11' title='bbox 2894 250 3266 308; x_wconf 64' lang='lat' dir='ltr'><strong>EPISTOL/E.</strong></span> 
     </span>
    </p>
   </div>
   <div class='ocr_carea' id='block_1_4' title="bbox 3676 248 3824 320">
    <p class='ocr_par' dir='ltr' id='par_1_4' title="bbox 3676 248 3824 320">
     <span class='ocr_line' id='line_1_4' title="bbox 3676 248 3824 320; baseline 0.007 -17"><span class='ocrx_word' id='word_1_12' title='bbox 3676 248 3824 320; x_wconf 68' lang='lat' dir='ltr'><strong>ttae</strong></span> 
     </span>
    </p>
   </div>
   <div class='ocr_carea' id='block_1_5' title="bbox 552 360 2118 461">
    <p class='ocr_par' dir='ltr' id='par_1_5' title="bbox 552 378 2118 461">
     <span class='ocr_line' id='line_1_5' title="bbox 552 378 2118 461; baseline -0.011 -15"><span class='ocrx_word' id='word_1_13' title='bbox 552 391 790 461; x_wconf 86' lang='lat' dir='ltr'><strong>poraletu</strong></span> <span class='ocrx_word' id='word_1_14' title='bbox 818 386 1170 442; x_wconf 89' lang='lat' dir='ltr'><strong>humilitatem</strong></span> <span class='ocrx_word' id='word_1_15' title='bbox 1200 393 1250 436; x_wconf 89' lang='lat' dir='ltr'><strong>et</strong></span> <span class='ocrx_word' id='word_1_16' title='bbox 1294 390 1684 451; x_wconf 87' lang='lat' dir='ltr'><strong>paupertatem,</strong></span> <span class='ocrx_word' id='word_1_17' title='bbox 1742 378 2118 432; x_wconf 82' lang='lat' dir='ltr'><strong>exaltationetn</strong></span> 
     </span>
    </p>
   </div>
   <div class='ocr_carea' id='block_1_6' title="bbox 2225 360 3823 461">
    <p class='ocr_par' dir='ltr' id='par_1_6' title="bbox 2236 360 3823 437">
     <span class='ocr_line' id='line_1_6' title="bbox 2236 360 3823 437; baseline -0.003 -15"><span class='ocrx_word' id='word_1_18' title='bbox 2236 369 2388 437; x_wconf 80' lang='lat' dir='ltr'><strong>cujus</strong></span> <span class='ocrx_word' id='word_1_19' title='bbox 2412 376 2559 422; x_wconf 85' lang='lat' dir='ltr'><strong>certo</strong></span> <span class='ocrx_word' id='word_1_20' title='bbox 2581 376 2634 420; x_wconf 90' lang='lat' dir='ltr'><strong>et</strong></span> <span class='ocrx_word' id='word_1_21' title='bbox 2659 374 2862 419; x_wconf 81' lang='lat' dir='ltr'><strong>aeterno</strong></span> <span class='ocrx_word' id='word_1_22' title='bbox 2886 363 3167 417; x_wconf 88' lang='lat' dir='ltr'><strong>commodo</strong></span> <span class='ocrx_word' id='word_1_23' title='bbox 3184 361 3370 424; x_wconf 90' lang='lat' dir='ltr'><strong>dubia,</strong></span> <span class='ocrx_word' id='word_1_24' title='bbox 3387 360 3516 413; x_wconf 83' lang='lat' dir='ltr'><strong>vilia</strong></span> <span class='ocrx_word' id='word_1_25' title='bbox 3549 370 3605 414; x_wconf 90' lang='lat' dir='ltr'><strong>et</strong></span> <span class='ocrx_word' id='word_1_26' title='bbox 3640 370 3823 417; x_wconf 83' lang='lat' dir='ltr'><strong>trans-</strong></span> 
     </span>
    </p>
   </div>
   <div class='ocr_carea' id='block_1_7' title="bbox 549 467 2125 542">
    <p class='ocr_par' dir='ltr' id='par_1_7' title="bbox 549 467 2125 542">
     <span class='ocr_line' id='line_1_7' title="bbox 549 467 2125 542; baseline -0.01 -5"><span class='ocrx_word' id='word_1_27' title='bbox 549 494 604 537; x_wconf 90' lang='lat' dir='ltr'><strong>et</strong></span> <span class='ocrx_word' id='word_1_28' title='bbox 625 482 838 537; x_wconf 73' lang='lat' dir='ltr'><strong>divitias</strong></span> <span class='ocrx_word' id='word_1_29' title='bbox 865 488 1096 532; x_wconf 79' lang='lat' dir='ltr'><strong>aeternas</strong></span> <span class='ocrx_word' id='word_1_30' title='bbox 1120 474 1493 542; x_wconf 81' lang='lat' dir='ltr'><strong>consequaris.</strong></span> <span class='ocrx_word' id='word_1_31' title='bbox 1520 470 1633 523; x_wconf 76' lang='lat' dir='ltr'><strong>Non</strong></span> <span class='ocrx_word' id='word_1_32' title='bbox 1669 478 1717 522; x_wconf 90' lang='lat' dir='ltr'><strong>te</strong></span> <span class='ocrx_word' id='word_1_33' title='bbox 1742 469 2002 532; x_wconf 91' lang='lat' dir='ltr'><strong>detineat,</strong></span> <span class='ocrx_word' id='word_1_34' title='bbox 2053 467 2125 521; x_wconf 90' lang='lat' dir='ltr'><strong>mi</strong></span> 
     </span>
    </p>
   </div>
   <div class='ocr_carea' id='block_1_8' title="bbox 550 559 2119 633">
    <p class='ocr_par' dir='ltr' id='par_1_8' title="bbox 550 559 2119 633">
     <span class='ocr_line' id='line_1_8' title="bbox 550 559 2119 633; baseline -0.011 -5"><span class='ocrx_word' id='word_1_35' title='bbox 550 575 764 633; x_wconf 87' lang='lat' dir='ltr'><strong>dilecte,</strong></span> <span class='ocrx_word' id='word_1_36' title='bbox 792 586 890 624; x_wconf 91' lang='lat' dir='ltr'><strong>nec</strong></span> <span class='ocrx_word' id='word_1_37' title='bbox 918 577 1157 621; x_wconf 76' lang='lat' dir='ltr'><strong>moretur</strong></span> <span class='ocrx_word' id='word_1_38' title='bbox 1181 564 1284 618; x_wconf 86' lang='lat' dir='ltr'><strong>ulla</strong></span> <span class='ocrx_word' id='word_1_39' title='bbox 1312 563 1524 617; x_wconf 76' lang='lat' dir='ltr'><strong>occasio</strong></span> <span class='ocrx_word' id='word_1_40' title='bbox 1554 559 1822 622; x_wconf 76' lang='lat' dir='ltr'><strong>carnalis;</strong></span> <span class='ocrx_word' id='word_1_41' title='bbox 1861 559 1984 627; x_wconf 91' lang='lat' dir='ltr'><strong>quia</strong></span> <span class='ocrx_word' id='word_1_42' title='bbox 2016 559 2119 611; x_wconf 88' lang='lat' dir='ltr'><strong>nti-</strong></span> 
     </span>
    </p>
   </div>
   <div class='ocr_carea' id='block_1_9' title="bbox 549 645 2123 732">
    <p class='ocr_par' dir='ltr' id='par_1_9' title="bbox 549 645 2123 732">
     <span class='ocr_line' id='line_1_9' title="bbox 549 645 2123 732; baseline -0.008 -18"><span class='ocrx_word' id='word_1_43' title='bbox 549 680 654 732; x_wconf 89' lang='lat' dir='ltr'><strong>que</strong></span> <span class='ocrx_word' id='word_1_44' title='bbox 686 678 786 714; x_wconf 90' lang='lat' dir='ltr'><strong>non</strong></span> <span class='ocrx_word' id='word_1_45' title='bbox 816 669 897 713; x_wconf 87' lang='lat' dir='ltr'><strong>est</strong></span> <span class='ocrx_word' id='word_1_46' title='bbox 920 658 1225 721; x_wconf 84' lang='lat' dir='ltr'><strong>consilium,</strong></span> <span class='ocrx_word' id='word_1_47' title='bbox 1252 645 1355 708; x_wconf 81' lang='lat' dir='ltr'><strong>non</strong></span> <span class='ocrx_word' id='word_1_48' title='bbox 1386 654 1604 723; x_wconf 82' lang='lat' dir='ltr'><strong>expedit</strong></span> <span class='ocrx_word' id='word_1_49' title='bbox 1638 654 1836 707; x_wconf 89' lang='lat' dir='ltr'><strong>bonum</strong></span> <span class='ocrx_word' id='word_1_50' title='bbox 1864 659 2123 704; x_wconf 61' lang='lat' dir='ltr'><strong>aeternum</strong></span> 
     </span>
    </p>
   </div>
   <div class='ocr_carea' id='block_1_10' title="bbox 550 740 2121 823">
    <p class='ocr_par' dir='ltr' id='par_1_10' title="bbox 550 740 2121 823">
     <span class='ocr_line' id='line_1_10' title="bbox 550 740 2121 823; baseline -0.008 -16"><span class='ocrx_word' id='word_1_51' title='bbox 550 754 795 823; x_wconf 76' lang='lat' dir='ltr'><strong>perdere,</strong></span> <span class='ocrx_word' id='word_1_52' title='bbox 820 761 907 802; x_wconf 90' lang='lat' dir='ltr'><strong>aut</strong></span> <span class='ocrx_word' id='word_1_53' title='bbox 939 750 1201 808; x_wconf 82' lang='lat' dir='ltr'><strong>minuere,</strong></span> <span class='ocrx_word' id='word_1_54' title='bbox 1227 756 1320 799; x_wconf 91' lang='lat' dir='ltr'><strong>aut</strong></span> <span class='ocrx_word' id='word_1_55' title='bbox 1348 745 1430 797; x_wconf 90' lang='lat' dir='ltr'><strong>vel</strong></span> <span class='ocrx_word' id='word_1_56' title='bbox 1456 744 1671 797; x_wconf 76' lang='lat' dir='ltr'><strong>differre</strong></span> <span class='ocrx_word' id='word_1_57' title='bbox 1702 759 1798 812; x_wconf 89' lang='lat' dir='ltr'><strong>pro</strong></span> <span class='ocrx_word' id='word_1_58' title='bbox 1822 740 2121 810; x_wconf 86' lang='lat' dir='ltr'><strong>temporali.</strong></span> 
     </span>
    </p>
   </div>
   <div class='ocr_carea' id='block_1_11' title="bbox 550 832 2125 909">
    <p class='ocr_par' dir='ltr' id='par_1_11' title="bbox 550 832 2125 909">
     <span class='ocr_line' id='line_1_11' title="bbox 550 832 2125 909; baseline -0.007 -16"><span class='ocrx_word' id='word_1_59' title='bbox 550 844 700 909; x_wconf 87' lang='lat' dir='ltr'><strong>Quod</strong></span> <span class='ocrx_word' id='word_1_60' title='bbox 730 844 774 896; x_wconf 88' lang='lat' dir='ltr'><strong>si</strong></span> <span class='ocrx_word' id='word_1_61' title='bbox 812 856 1042 909; x_wconf 86' lang='lat' dir='ltr'><strong>superna</strong></span> <span class='ocrx_word' id='word_1_62' title='bbox 1072 838 1244 907; x_wconf 86' lang='lat' dir='ltr'><strong>gratia</strong></span> <span class='ocrx_word' id='word_1_63' title='bbox 1291 836 1406 900; x_wconf 84' lang='lat' dir='ltr'><strong>libi,</strong></span> <span class='ocrx_word' id='word_1_64' title='bbox 1463 834 1603 902; x_wconf 88' lang='lat' dir='ltr'><strong>quod</strong></span> <span class='ocrx_word' id='word_1_65' title='bbox 1658 833 1861 885; x_wconf 79' lang='lat' dir='ltr'><strong>utinam</strong></span> <span class='ocrx_word' id='word_1_66' title='bbox 1910 832 2125 885; x_wconf 86' lang='lat' dir='ltr'><strong>videant</strong></span> 
     </span>
    </p>
   </div>
   <div class='ocr_carea' id='block_1_12' title="bbox 547 920 2125 997">
    <p class='ocr_par' dir='ltr' id='par_1_12' title="bbox 547 920 2125 997">
     <span class='ocr_line' id='line_1_12' title="bbox 547 920 2125 997; baseline -0.009 -10"><span class='ocrx_word' id='word_1_67' title='bbox 547 934 686 987; x_wconf 90' lang='lat' dir='ltr'><strong>oculi</strong></span> <span class='ocrx_word' id='word_1_68' title='bbox 731 933 856 994; x_wconf 88' lang='lat' dir='ltr'><strong>mei,</strong></span> <span class='ocrx_word' id='word_1_69' title='bbox 913 930 1179 997; x_wconf 89' lang='lat' dir='ltr'><strong>inspirare</strong></span> <span class='ocrx_word' id='word_1_70' title='bbox 1218 925 1530 994; x_wconf 86' lang='lat' dir='ltr'><strong>dignabitur</strong></span> <span class='ocrx_word' id='word_1_71' title='bbox 1579 923 1872 977; x_wconf 89' lang='lat' dir='ltr'><strong>secundum</strong></span> <span class='ocrx_word' id='word_1_72' title='bbox 1916 920 2125 973; x_wconf 86' lang='lat' dir='ltr'><strong>deside-</strong></span> 
     </span>
    </p>
   </div>
   <div class='ocr_carea' id='block_1_13' title="bbox 549 1012 2117 1085">
    <p class='ocr_par' dir='ltr' id='par_1_13' title="bbox 549 1012 2117 1085">
     <span class='ocr_line' id='line_1_13' title="bbox 549 1012 2117 1085; baseline -0.01 -8"><span class='ocrx_word' id='word_1_73' title='bbox 549 1026 687 1077; x_wconf 85' lang='lat' dir='ltr'><strong>rium</strong></span> <span class='ocrx_word' id='word_1_74' title='bbox 715 1039 913 1085; x_wconf 84' lang='lat' dir='ltr'><strong>nteum,</strong></span> <span class='ocrx_word' id='word_1_75' title='bbox 930 1034 984 1075; x_wconf 92' lang='lat' dir='ltr'><strong>et</strong></span> <span class='ocrx_word' id='word_1_76' title='bbox 1007 1022 1071 1073; x_wconf 69' lang='lat' dir='ltr'><strong>azl</strong></span> <span class='ocrx_word' id='word_1_77' title='bbox 1100 1021 1198 1072; x_wconf 93' lang='lat' dir='ltr'><strong>hoc</strong></span> <span class='ocrx_word' id='word_1_78' title='bbox 1221 1018 1418 1085; x_wconf 86' lang='lat' dir='ltr'><strong>eligere</strong></span> <span class='ocrx_word' id='word_1_79' title='bbox 1440 1013 1766 1083; x_wconf 88' lang='lat' dir='ltr'><strong>dignabertis</strong></span> <span class='ocrx_word' id='word_1_80' title='bbox 1782 1012 2117 1066; x_wconf 75' lang='lat' dir='ltr'><strong>causortiusn</strong></span> 
     </span>
    </p>
   </div>
   <div class='ocr_carea' id='block_1_14' title="bbox 549 1092 2121 1177">
    <p class='ocr_par' dir='ltr' id='par_1_14' title="bbox 549 1092 2121 1177">
     <span class='ocr_line' id='line_1_14' title="bbox 549 1092 2121 1177; baseline -0.008 -7"><span class='ocrx_word' id='word_1_81' title='bbox 549 1127 601 1169; x_wconf 88' lang='lat' dir='ltr'><strong>et</strong></span> <span class='ocrx_word' id='word_1_82' title='bbox 632 1116 914 1170; x_wconf 84' lang='lat' dir='ltr'><strong>consilium</strong></span> <span class='ocrx_word' id='word_1_83' title='bbox 950 1109 1279 1177; x_wconf 88' lang='lat' dir='ltr'><strong>meum,jam</strong></span> <span class='ocrx_word' id='word_1_84' title='bbox 1312 1109 1533 1161; x_wconf 87' lang='lat' dir='ltr'><strong>dilatata</strong></span> <span class='ocrx_word' id='word_1_85' title='bbox 1589 1105 1641 1159; x_wconf 93' lang='lat' dir='ltr'><strong>in</strong></span> <span class='ocrx_word' id='word_1_86' title='bbox 1662 1092 1951 1172; x_wconf 79' lang='lat' dir='ltr'><strong>amplexus</strong></span> <span class='ocrx_word' id='word_1_87' title='bbox 2001 1115 2121 1158; x_wconf 88' lang='lat' dir='ltr'><strong>tuos</strong></span> 
     </span>
    </p>
   </div>
   <div class='ocr_carea' id='block_1_15' title="bbox 548 1190 2120 1261">
    <p class='ocr_par' dir='ltr' id='par_1_15' title="bbox 548 1190 2120 1261">
     <span class='ocr_line' id='line_1_15' title="bbox 548 1190 2120 1261; baseline -0.006 -3"><span class='ocrx_word' id='word_1_88' title='bbox 548 1206 759 1260; x_wconf 84' lang='lat' dir='ltr'><strong>obviam</strong></span> <span class='ocrx_word' id='word_1_89' title='bbox 793 1190 974 1257; x_wconf 69' lang='lat' dir='ltr'><strong>cantat</strong></span> <span class='ocrx_word' id='word_1_90' title='bbox 1009 1202 1099 1255; x_wconf 85' lang='lat' dir='ltr'><strong>tibi</strong></span> <span class='ocrx_word' id='word_1_91' title='bbox 1125 1200 1303 1253; x_wconf 86' lang='lat' dir='ltr'><strong>anima</strong></span> <span class='ocrx_word' id='word_1_92' title='bbox 1340 1212 1455 1251; x_wconf 88' lang='lat' dir='ltr'><strong>mea</strong></span> <span class='ocrx_word' id='word_1_93' title='bbox 1484 1214 1495 1248; x_wconf 90' lang='lat'><strong>:</strong></span> <span class='ocrx_word' id='word_1_94' title='bbox 1530 1194 1779 1247; x_wconf 80' lang='lat' dir='ltr'><strong>Paratum</strong></span> <span class='ocrx_word' id='word_1_95' title='bbox 1812 1213 1901 1247; x_wconf 84' lang='lat' dir='ltr'><strong>cor</strong></span> <span class='ocrx_word' id='word_1_96' title='bbox 1923 1213 2120 1261; x_wconf 84' lang='lat' dir='ltr'><strong>meum,</strong></span> 
     </span>
    </p>
   </div>
   <div class='ocr_carea' id='block_1_16' title="bbox 550 1284 2127 1357">
    <p class='ocr_par' dir='ltr' id='par_1_16' title="bbox 550 1284 2127 1357">
     <span class='ocr_line' id='line_1_16' title="bbox 550 1284 2127 1357; baseline -0.006 -9"><span class='ocrx_word' id='word_1_97' title='bbox 550 1296 743 1348; x_wconf 89' lang='lat' dir='ltr'><strong>dilecte</strong></span> <span class='ocrx_word' id='word_1_98' title='bbox 771 1294 864 1357; x_wconf 89' lang='lat' dir='ltr'><strong>mi,</strong></span> <span class='ocrx_word' id='word_1_99' title='bbox 894 1304 1133 1355; x_wconf 77' lang='lat' dir='ltr'><strong>paramur</strong></span> <span class='ocrx_word' id='word_1_100' title='bbox 1164 1306 1252 1341; x_wconf 82' lang='lat' dir='ltr'><strong>cor</strong></span> <span class='ocrx_word' id='word_1_101' title='bbox 1274 1304 1440 1339; x_wconf 82' lang='lat' dir='ltr'><strong>nteant</strong></span> <span class='ocrx_word' id='word_1_102' title='bbox 1495 1284 1667 1354; x_wconf 80' lang='lat' dir='ltr'><strong>(Psal.</strong></span> <span class='ocrx_word' id='word_1_103' title='bbox 1710 1302 1818 1349; x_wconf 79' lang='lat' dir='ltr'><strong>LVI,</strong></span> <span class='ocrx_word' id='word_1_104' title='bbox 1850 1286 1927 1353; x_wconf 89' lang='lat'><strong>8).</strong></span> <span class='ocrx_word' id='word_1_105' title='bbox 1964 1287 2127 1353; x_wconf 58' lang='lat' dir='ltr'><strong>Vale,</strong></span> 
     </span>
    </p>
   </div>
   <div class='ocr_carea' id='block_1_17' title="bbox 552 1375 2125 1445">
    <p class='ocr_par' dir='ltr' id='par_1_17' title="bbox 552 1375 2125 1445">
     <span class='ocr_line' id='line_1_17' title="bbox 552 1375 2125 1445; baseline -0.003 -9"><span class='ocrx_word' id='word_1_106' title='bbox 552 1382 881 1445; x_wconf 87' lang='lat' dir='ltr'><strong>dulcissime,</strong></span> <span class='ocrx_word' id='word_1_107' title='bbox 910 1380 1028 1434; x_wconf 88' lang='lat' dir='ltr'><strong>vale</strong></span> <span class='ocrx_word' id='word_1_108' title='bbox 1062 1397 1075 1432; x_wconf 90' lang='lat'>:</span> <span class='ocrx_word' id='word_1_109' title='bbox 1114 1389 1168 1432; x_wconf 90' lang='lat' dir='ltr'><strong>et</strong></span> <span class='ocrx_word' id='word_1_110' title='bbox 1197 1394 1357 1445; x_wconf 85' lang='lat' dir='ltr'><strong>quam</strong></span> <span class='ocrx_word' id='word_1_111' title='bbox 1388 1377 1545 1430; x_wconf 91' lang='lat' dir='ltr'><strong>dubia</strong></span> <span class='ocrx_word' id='word_1_112' title='bbox 1590 1384 1642 1429; x_wconf 91' lang='lat' dir='ltr'><strong>et</strong></span> <span class='ocrx_word' id='word_1_113' title='bbox 1690 1375 1868 1429; x_wconf 82' lang='lat' dir='ltr'><strong>brevis</strong></span> <span class='ocrx_word' id='word_1_114' title='bbox 1912 1378 1981 1431; x_wconf 86' lang='lat' dir='ltr'><strong>sil</strong></span> <span class='ocrx_word' id='word_1_115' title='bbox 2017 1378 2125 1431; x_wconf 88' lang='lat' dir='ltr'><strong>vita</strong></span> 
     </span>
    </p>
   </div>
   <div class='ocr_carea' id='block_1_18' title="bbox 552 1468 2122 1540">
    <p class='ocr_par' dir='ltr' id='par_1_18' title="bbox 552 1468 2122 1540">
     <span class='ocr_line' id='line_1_18' title="bbox 552 1468 2122 1540; baseline -0.002 -15"><span class='ocrx_word' id='word_1_116' title='bbox 552 1473 805 1534; x_wconf 85' lang='lat' dir='ltr'><strong>hominis,</strong></span> <span class='ocrx_word' id='word_1_117' title='bbox 839 1482 892 1526; x_wconf 87' lang='lat' dir='ltr'><strong>et</strong></span> <span class='ocrx_word' id='word_1_118' title='bbox 928 1486 1086 1540; x_wconf 91' lang='lat' dir='ltr'><strong>quam</strong></span> <span class='ocrx_word' id='word_1_119' title='bbox 1125 1468 1333 1522; x_wconf 86' lang='lat' dir='ltr'><strong>inﬁnita</strong></span> <span class='ocrx_word' id='word_1_120' title='bbox 1364 1477 1487 1520; x_wconf 85' lang='lat' dir='ltr'><strong>sunt</strong></span> <span class='ocrx_word' id='word_1_121' title='bbox 1508 1482 1625 1533; x_wconf 76' lang='lat' dir='ltr'><strong>quze</strong></span> <span class='ocrx_word' id='word_1_122' title='bbox 1656 1477 1958 1537; x_wconf 89' lang='lat' dir='ltr'><strong>sequuntur</strong></span> <span class='ocrx_word' id='word_1_123' title='bbox 1985 1468 2122 1522; x_wconf 84' lang='lat' dir='ltr'><strong>bona</strong></span> 
     </span>
    </p>
   </div>
   <div class='ocr_carea' id='block_1_19' title="bbox 551 1560 1525 1624">
    <p class='ocr_par' dir='ltr' id='par_1_19' title="bbox 551 1560 1525 1624">
     <span class='ocr_line' id='line_1_19' title="bbox 551 1560 1525 1624; baseline -0.005 -10"><span class='ocrx_word' id='word_1_124' title='bbox 551 1562 634 1616; x_wconf 89' lang='lat' dir='ltr'><strong>vel</strong></span> <span class='ocrx_word' id='word_1_125' title='bbox 665 1560 823 1624; x_wconf 89' lang='lat' dir='ltr'><strong>mala,</strong></span> <span class='ocrx_word' id='word_1_126' title='bbox 850 1560 1182 1612; x_wconf 87' lang='lat' dir='ltr'><strong>incessanter</strong></span> <span class='ocrx_word' id='word_1_127' title='bbox 1208 1571 1525 1609; x_wconf 83' lang='lat' dir='ltr'><strong>memorare.</strong></span> 
     </span>
    </p>
   </div>
   <div class='ocr_carea' id='block_1_20' title="bbox 1060 1664 1629 1721">
    <p class='ocr_par' dir='ltr' id='par_1_20' title="bbox 1060 1664 1629 1721">
     <span class='ocr_line' id='line_1_20' title="bbox 1060 1664 1629 1721; baseline -0.004 0"><span class='ocrx_word' id='word_1_128' title='bbox 1060 1665 1391 1721; x_wconf 79' lang='lat' dir='ltr'><strong>EPISTOLA</strong></span> <span class='ocrx_word' id='word_1_129' title='bbox 1420 1664 1511 1718; x_wconf 71' lang='lat' dir='ltr'><strong>XL</strong></span> <span class='ocrx_word' id='word_1_130' title='bbox 1541 1668 1629 1719; x_wconf 59' lang='grc'><strong>³⁸⁸.</strong></span> 
     </span>
    </p>
   </div>
   <div class='ocr_carea' id='block_1_21' title="bbox 1075 1794 1583 1833">
    <p class='ocr_par' dir='ltr' id='par_1_21' title="bbox 1075 1794 1583 1833">
     <span class='ocr_line' id='line_1_21' title="bbox 1075 1794 1583 1833; baseline -0.004 0"><span class='ocrx_word' id='word_1_131' title='bbox 1075 1796 1142 1833; x_wconf 75' lang='lat' dir='ltr'><strong>AD</strong></span> <span class='ocrx_word' id='word_1_132' title='bbox 1172 1794 1583 1833; x_wconf 65' lang='lat' dir='ltr'><strong>EBMENGARDAM.</strong></span> 
     </span>
    </p>
   </div>
   <div class='ocr_carea' id='block_1_22' title="bbox 551 1893 2115 1961">
    <p class='ocr_par' dir='ltr' id='par_1_22' title="bbox 551 1893 2115 1961">
     <span class='ocr_line' id='line_1_22' title="bbox 551 1893 2115 1961; baseline -0.001 -13"><span class='ocrx_word' id='word_1_133' title='bbox 551 1894 1063 1961; x_wconf 76' lang='lat' dir='ltr'><strong>lpsa,canscntienle</strong></span> <span class='ocrx_word' id='word_1_134' title='bbox 1120 1893 1250 1951; x_wconf 78' lang='lat' dir='ltr'><strong>viro,</strong></span> <span class='ocrx_word' id='word_1_135' title='bbox 1302 1902 1506 1944; x_wconf 78' lang='lat' dir='ltr'><strong>voverat</strong></span> <span class='ocrx_word' id='word_1_136' title='bbox 1556 1894 1973 1955; x_wconf 82' lang='lat' dir='ltr'><strong>continentiam;</strong></span> <span class='ocrx_word' id='word_1_137' title='bbox 2026 1894 2115 1946; x_wconf 78' lang='lat' dir='ltr'><strong>sed</strong></span> 
     </span>
    </p>
   </div>
   <div class='ocr_carea' id='block_1_23' title="bbox 618 1961 2124 2028">
    <p class='ocr_par' dir='ltr' id='par_1_23' title="bbox 618 1961 2124 2028">
     <span class='ocr_line' id='line_1_23' title="bbox 618 1961 2124 2028; baseline 0.001 -12"><span class='ocrx_word' id='word_1_138' title='bbox 618 1982 733 2018; x_wconf 83' lang='lat' dir='ltr'><strong>cum</strong></span> <span class='ocrx_word' id='word_1_139' title='bbox 764 1965 842 2016; x_wconf 84' lang='lat' dir='ltr'><strong>vir</strong></span> <span class='ocrx_word' id='word_1_140' title='bbox 863 1963 1145 2015; x_wconf 82' lang='lat' dir='ltr'><strong>monac/tus</strong></span> <span class='ocrx_word' id='word_1_141' title='bbox 1176 1961 1319 2014; x_wconf 85' lang='lat' dir='ltr'><strong>vellet</strong></span> <span class='ocrx_word' id='word_1_142' title='bbox 1350 1964 1485 2028; x_wconf 81' lang='lat' dir='ltr'><strong>ﬁeri,</strong></span> <span class='ocrx_word' id='word_1_143' title='bbox 1524 1964 1633 2027; x_wconf 78' lang='lat' dir='ltr'><strong>ipsa</strong></span> <span class='ocrx_word' id='word_1_144' title='bbox 1675 1979 1775 2015; x_wconf 83' lang='lat' dir='ltr'><strong>non</strong></span> <span class='ocrx_word' id='word_1_145' title='bbox 1806 1980 1867 2016; x_wconf 77' lang='lat' dir='ltr'><strong>tm</strong></span> <span class='ocrx_word' id='word_1_146' title='bbox 1892 1975 1906 2015; x_wconf 87' lang='grc' dir='ltr'><strong>ι</strong></span> <span class='ocrx_word' id='word_1_147' title='bbox 1942 1976 1959 2013; x_wconf 92' lang='lat'><strong><em>:</em></strong></span> <span class='ocrx_word' id='word_1_148' title='bbox 1988 1966 2124 2017; x_wconf 81' lang='lat' dir='ltr'><strong>unde</strong></span> 
     </span>
    </p>
   </div>
   <div class='ocr_carea' id='block_1_24' title="bbox 618 2031 1627 2100">
    <p class='ocr_par' dir='ltr' id='par_1_24' title="bbox 618 2031 1627 2100">
     <span class='ocr_line' id='line_1_24' title="bbox 618 2031 1627 2100; baseline -0.004 -14"><span class='ocrx_word' id='word_1_149' title='bbox 618 2051 732 2087; x_wconf 81' lang='lat' dir='ltr'><strong>eam</strong></span> <span class='ocrx_word' id='word_1_150' title='bbox 752 2042 994 2100; x_wconf 78' lang='lat' dir='ltr'><strong>precatur</strong></span> <span class='ocrx_word' id='word_1_151' title='bbox 1023 2031 1298 2084; x_wconf 79' lang='lat' dir='ltr'><strong>Auselmus</strong></span> <span class='ocrx_word' id='word_1_152' title='bbox 1328 2042 1381 2083; x_wconf 82' lang='lat' dir='ltr'><strong>ut</strong></span> <span class='ocrx_word' id='word_1_153' title='bbox 1410 2042 1627 2083; x_wconf 82' lang='lat' dir='ltr'><strong>annuat.</strong></span> 
     </span>
    </p>
   </div>
   <div class='ocr_carea' id='block_1_25' title="bbox 622 2139 2125 2197">
    <p class='ocr_par' dir='ltr' id='par_1_25' title="bbox 622 2139 2125 2197">
     <span class='ocr_line' id='line_1_25' title="bbox 622 2139 2125 2197; baseline 0.003 -5"><span class='ocrx_word' id='word_1_154' title='bbox 622 2141 859 2193; x_wconf 71' lang='lat' dir='ltr'><strong>Domina:</strong></span> <span class='ocrx_word' id='word_1_155' title='bbox 889 2142 940 2193; x_wconf 91' lang='lat' dir='ltr'><strong>itt</strong></span> <span class='ocrx_word' id='word_1_156' title='bbox 970 2139 1299 2194; x_wconf 77' lang='lat' dir='ltr'><strong>Deodilecta:</strong></span> <span class='ocrx_word' id='word_1_157' title='bbox 1323 2140 1699 2194; x_wconf 62' lang='lat' dir='ltr'><strong>EMIESGARDE</strong></span> <span class='ocrx_word' id='word_1_158' title='bbox 1729 2141 1835 2195; x_wconf 81' lang='lat' dir='ltr'><strong>frat</strong></span> <span class='ocrx_word' id='word_1_159' title='bbox 1872 2158 1897 2195; x_wconf 74' lang='grc' dir='ltr'>ι’</span> <span class='ocrx_word' id='word_1_160' title='bbox 1922 2143 2125 2197; x_wconf 69' lang='lat' dir='ltr'><strong>Assu-</strong></span> 
     </span>
    </p>
   </div>
   <div class='ocr_carea' id='block_1_26' title="bbox 549 2230 2038 2294">
    <p class='ocr_par' dir='ltr' id='par_1_26' title="bbox 549 2230 2038 2294">
     <span class='ocr_line' id='line_1_26' title="bbox 549 2230 2038 2294; baseline 0.001 -11"><span class='ocrx_word' id='word_1_161' title='bbox 549 2246 650 2283; x_wconf 75' lang='lat' dir='ltr'><strong>uus</strong></span> <span class='ocrx_word' id='word_1_162' title='bbox 681 2230 849 2283; x_wconf 80' lang='lat' dir='ltr'><strong>abbas</strong></span> <span class='ocrx_word' id='word_1_163' title='bbox 878 2231 1057 2294; x_wconf 88' lang='lat' dir='ltr'><strong>Becci,</strong></span> <span class='ocrx_word' id='word_1_164' title='bbox 1088 2230 1318 2284; x_wconf 86' lang='lat' dir='ltr'><strong>salutem</strong></span> <span class='ocrx_word' id='word_1_165' title='bbox 1353 2241 1406 2283; x_wconf 90' lang='lat' dir='ltr'><strong>et</strong></span> <span class='ocrx_word' id='word_1_166' title='bbox 1432 2230 1614 2284; x_wconf 88' lang='lat' dir='ltr'><strong>ﬁdeles</strong></span> <span class='ocrx_word' id='word_1_167' title='bbox 1642 2233 1918 2286; x_wconf 76' lang='lat' dir='ltr'><strong>orationes</strong></span> <span class='ocrx_word' id='word_1_168' title='bbox 1947 2234 2038 2285; x_wconf 65' lang='grc'><strong>⁸³⁸.</strong></span> 
     </span>
    </p>
   </div>
   <div class='ocr_carea' id='block_1_27' title="bbox 621 2319 2120 2391">
    <p class='ocr_par' dir='ltr' id='par_1_27' title="bbox 621 2319 2120 2391">
     <span class='ocr_line' id='line_1_27' title="bbox 621 2319 2120 2391; baseline 0.006 -23"><span class='ocrx_word' id='word_1_169' title='bbox 621 2319 880 2384; x_wconf 82' lang='lat' dir='ltr'><strong>Quamvis</strong></span> <span class='ocrx_word' id='word_1_170' title='bbox 934 2334 1028 2373; x_wconf 87' lang='lat' dir='ltr'><strong>vos</strong></span> <span class='ocrx_word' id='word_1_171' title='bbox 1070 2335 1176 2373; x_wconf 90' lang='lat' dir='ltr'><strong>non</strong></span> <span class='ocrx_word' id='word_1_172' title='bbox 1221 2335 1542 2390; x_wconf 78' lang='lat' dir='ltr'><strong>cognoscam</strong></span> <span class='ocrx_word' id='word_1_173' title='bbox 1596 2320 1735 2383; x_wconf 87' lang='lat' dir='ltr'><strong>visu,</strong></span> <span class='ocrx_word' id='word_1_174' title='bbox 1779 2331 1953 2375; x_wconf 88' lang='lat' dir='ltr'><strong>tamen</strong></span> <span class='ocrx_word' id='word_1_175' title='bbox 1998 2323 2120 2391; x_wconf 91' lang='lat' dir='ltr'><strong>quia</strong></span> 
     </span>
    </p>
   </div>
   <div class='ocr_carea' id='block_1_28' title="bbox 546 2410 2120 2480">
    <p class='ocr_par' dir='ltr' id='par_1_28' title="bbox 546 2410 2120 2480">
     <span class='ocr_line' id='line_1_28' title="bbox 546 2410 2120 2480; baseline 0.004 -19"><span class='ocrx_word' id='word_1_176' title='bbox 546 2410 661 2477; x_wconf 80' lang='lat' dir='ltr'><strong>ejus</strong></span> <span class='ocrx_word' id='word_1_177' title='bbox 690 2410 896 2464; x_wconf 88' lang='lat' dir='ltr'><strong>ordinis</strong></span> <span class='ocrx_word' id='word_1_178' title='bbox 924 2426 1041 2465; x_wconf 89' lang='lat' dir='ltr'><strong>sum</strong></span> <span class='ocrx_word' id='word_1_179' title='bbox 1096 2411 1186 2480; x_wconf 85' lang='lat' dir='ltr'><strong>qui</strong></span> <span class='ocrx_word' id='word_1_180' title='bbox 1220 2412 1471 2465; x_wconf 82' lang='lat' dir='ltr'><strong>erunibus</strong></span> <span class='ocrx_word' id='word_1_181' title='bbox 1501 2411 1811 2465; x_wconf 89' lang='lat' dir='ltr'><strong>hominibus</strong></span> <span class='ocrx_word' id='word_1_182' title='bbox 1844 2412 2001 2466; x_wconf 86' lang='lat' dir='ltr'><strong>debet</strong></span> <span class='ocrx_word' id='word_1_183' title='bbox 2028 2414 2120 2468; x_wconf 89' lang='lat' dir='ltr'><strong>be-</strong></span> 
     </span>
    </p>
   </div>
   <div class='ocr_carea' id='block_1_29' title="bbox 550 2500 2121 2565">
    <p class='ocr_par' dir='ltr' id='par_1_29' title="bbox 550 2500 2121 2565">
     <span class='ocr_line' id='line_1_29' title="bbox 550 2500 2121 2565; baseline 0.003 -13"><span class='ocrx_word' id='word_1_184' title='bbox 550 2518 615 2554; x_wconf 91' lang='lat' dir='ltr'><strong>ne</strong></span> <span class='ocrx_word' id='word_1_185' title='bbox 645 2501 778 2555; x_wconf 91' lang='lat' dir='ltr'><strong>velle</strong></span> <span class='ocrx_word' id='word_1_186' title='bbox 809 2510 863 2554; x_wconf 91' lang='lat' dir='ltr'><strong>et</strong></span> <span class='ocrx_word' id='word_1_187' title='bbox 886 2500 1176 2555; x_wconf 81' lang='lat' dir='ltr'><strong>salubriter</strong></span> <span class='ocrx_word' id='word_1_188' title='bbox 1213 2503 1515 2565; x_wconf 88' lang='lat' dir='ltr'><strong>consulere,</strong></span> <span class='ocrx_word' id='word_1_189' title='bbox 1552 2501 1677 2555; x_wconf 93' lang='lat' dir='ltr'><strong>nulli</strong></span> <span class='ocrx_word' id='word_1_190' title='bbox 1716 2502 1908 2555; x_wconf 90' lang='lat' dir='ltr'><strong>mirum</strong></span> <span class='ocrx_word' id='word_1_191' title='bbox 1954 2502 2121 2556; x_wconf 90' lang='lat' dir='ltr'><strong>videri</strong></span> 
     </span>
    </p>
   </div>
   <div class='ocr_carea' id='block_1_30' title="bbox 547 2592 2123 2661">
    <p class='ocr_par' dir='ltr' id='par_1_30' title="bbox 547 2592 2123 2661">
     <span class='ocr_line' id='line_1_30' title="bbox 547 2592 2123 2661; baseline 0.001 -16"><span class='ocrx_word' id='word_1_192' title='bbox 547 2592 705 2647; x_wconf 86' lang='lat' dir='ltr'><strong>debet</strong></span> <span class='ocrx_word' id='word_1_193' title='bbox 731 2593 775 2647; x_wconf 89' lang='lat' dir='ltr'><strong>si</strong></span> <span class='ocrx_word' id='word_1_194' title='bbox 809 2603 1043 2647; x_wconf 88' lang='lat' dir='ltr'><strong>vestram</strong></span> <span class='ocrx_word' id='word_1_195' title='bbox 1082 2593 1463 2655; x_wconf 84' lang='lat' dir='ltr'><strong>reverentiam,</strong></span> <span class='ocrx_word' id='word_1_196' title='bbox 1522 2594 1813 2646; x_wconf 86' lang='lat' dir='ltr'><strong>secundum</strong></span> <span class='ocrx_word' id='word_1_197' title='bbox 1856 2594 1998 2661; x_wconf 89' lang='lat' dir='ltr'><strong>quod</strong></span> <span class='ocrx_word' id='word_1_198' title='bbox 2029 2609 2123 2646; x_wconf 84' lang='lat' dir='ltr'><strong>au-</strong></span> 
     </span>
    </p>
   </div>
   <div class='ocr_carea' id='block_1_31' title="bbox 549 2681 2118 2749">
    <p class='ocr_par' dir='ltr' id='par_1_31' title="bbox 549 2681 2118 2749">
     <span class='ocr_line' id='line_1_31' title="bbox 549 2681 2118 2749; baseline 0 -14"><span class='ocrx_word' id='word_1_199' title='bbox 549 2683 635 2735; x_wconf 88' lang='lat' dir='ltr'><strong>dio</strong></span> <span class='ocrx_word' id='word_1_200' title='bbox 660 2682 933 2749; x_wconf 73' lang='lat' dir='ltr'><strong>cxpedire,</strong></span> <span class='ocrx_word' id='word_1_201' title='bbox 950 2695 1287 2735; x_wconf 88' lang='lat' dir='ltr'><strong>commoneo.</strong></span> <span class='ocrx_word' id='word_1_202' title='bbox 1315 2681 1526 2741; x_wconf 85' lang='lat' dir='ltr'><strong>Audivi,</strong></span> <span class='ocrx_word' id='word_1_203' title='bbox 1548 2682 1865 2734; x_wconf 86' lang='lat' dir='ltr'><strong>charissima</strong></span> <span class='ocrx_word' id='word_1_204' title='bbox 1883 2683 2118 2747; x_wconf 89' lang='lat' dir='ltr'><strong>domina,</strong></span> 
     </span>
    </p>
   </div>
   <div class='ocr_carea' id='block_1_32' title="bbox 547 2771 2120 2840">
    <p class='ocr_par' dir='ltr' id='par_1_32' title="bbox 547 2771 2120 2840">
     <span class='ocr_line' id='line_1_32' title="bbox 547 2771 2120 2840; baseline 0.003 -18"><span class='ocrx_word' id='word_1_205' title='bbox 547 2772 779 2839; x_wconf 87' lang='lat' dir='ltr'><strong>qualiter</strong></span> <span class='ocrx_word' id='word_1_206' title='bbox 804 2772 873 2825; x_wconf 89' lang='lat' dir='ltr'><strong>sit</strong></span> <span class='ocrx_word' id='word_1_207' title='bbox 909 2773 1049 2825; x_wconf 89' lang='lat' dir='ltr'><strong>inter</strong></span> <span class='ocrx_word' id='word_1_208' title='bbox 1092 2771 1267 2824; x_wconf 90' lang='lat' dir='ltr'><strong>virum</strong></span> <span class='ocrx_word' id='word_1_209' title='bbox 1309 2782 1545 2825; x_wconf 86' lang='lat' dir='ltr'><strong>vestrum</strong></span> <span class='ocrx_word' id='word_1_210' title='bbox 1584 2781 1638 2825; x_wconf 89' lang='lat' dir='ltr'><strong>et</strong></span> <span class='ocrx_word' id='word_1_211' title='bbox 1692 2787 1803 2835; x_wconf 71' lang='lat' dir='ltr'><strong>vos,</strong></span> <span class='ocrx_word' id='word_1_212' title='bbox 1868 2773 2120 2840; x_wconf 87' lang='lat' dir='ltr'><strong>quoniam</strong></span> 
     </span>
    </p>
   </div>
   <div class='ocr_carea' id='block_1_33' title="bbox 548 2861 2117 2932">
    <p class='ocr_par' dir='ltr' id='par_1_33' title="bbox 548 2861 2117 2932">
     <span class='ocr_line' id='line_1_33' title="bbox 548 2861 2117 2932; baseline -0.001 -17"><span class='ocrx_word' id='word_1_213' title='bbox 548 2862 799 2915; x_wconf 86' lang='lat' dir='ltr'><strong>nobilitas</strong></span> <span class='ocrx_word' id='word_1_214' title='bbox 826 2872 1000 2915; x_wconf 86' lang='lat' dir='ltr'><strong>vestra</strong></span> <span class='ocrx_word' id='word_1_215' title='bbox 1032 2877 1136 2915; x_wconf 92' lang='lat' dir='ltr'><strong>non</strong></span> <span class='ocrx_word' id='word_1_216' title='bbox 1161 2861 1261 2914; x_wconf 90' lang='lat' dir='ltr'><strong>hoc</strong></span> <span class='ocrx_word' id='word_1_217' title='bbox 1288 2862 1488 2929; x_wconf 87' lang='lat' dir='ltr'><strong>patitur</strong></span> <span class='ocrx_word' id='word_1_218' title='bbox 1517 2862 1798 2924; x_wconf 67' lang='lat' dir='ltr'><strong>occultari,</strong></span> <span class='ocrx_word' id='word_1_219' title='bbox 1832 2864 1925 2914; x_wconf 85' lang='lat' dir='ltr'><strong>sed</strong></span> <span class='ocrx_word' id='word_1_220' title='bbox 1960 2862 2117 2932; x_wconf 82' lang='lat' dir='ltr'><strong>longe</strong></span> 
     </span>
    </p>
   </div>
   <div class='ocr_carea' id='block_1_34' title="bbox 546 2952 2120 3021">
    <p class='ocr_par' dir='ltr' id='par_1_34' title="bbox 546 2952 2120 3021">
     <span class='ocr_line' id='line_1_34' title="bbox 546 2952 2120 3021; baseline 0.002 -18"><span class='ocrx_word' id='word_1_221' title='bbox 546 2952 758 3021; x_wconf 83' lang='lat' dir='ltr'><strong>lateque</strong></span> <span class='ocrx_word' id='word_1_222' title='bbox 786 2952 911 3004; x_wconf 80' lang='lat' dir='ltr'><strong>facit</strong></span> <span class='ocrx_word' id='word_1_223' title='bbox 934 2952 1213 3020; x_wconf 84' lang='lat' dir='ltr'><strong>publicari.</strong></span> <span class='ocrx_word' id='word_1_224' title='bbox 1243 2954 1295 3004; x_wconf 91' lang='lat' dir='ltr'><strong>In</strong></span> <span class='ocrx_word' id='word_1_225' title='bbox 1323 2967 1427 3021; x_wconf 90' lang='lat' dir='ltr'><strong>qua</strong></span> <span class='ocrx_word' id='word_1_226' title='bbox 1453 2967 1509 3005; x_wconf 85' lang='lat' dir='ltr'><strong>re</strong></span> <span class='ocrx_word' id='word_1_227' title='bbox 1532 2952 1763 3018; x_wconf 77' lang='lat' dir='ltr'><strong>primunt</strong></span> <span class='ocrx_word' id='word_1_228' title='bbox 1795 2952 1995 3020; x_wconf 79' lang='lat' dir='ltr'><strong>gratias</strong></span> <span class='ocrx_word' id='word_1_229' title='bbox 2019 2967 2120 3021; x_wconf 85' lang='lat' dir='ltr'><strong>ago</strong></span> 
     </span>
    </p>
   </div>
   <div class='ocr_carea' id='block_1_35' title="bbox 547 3035 2193 3108">
    <p class='ocr_par' dir='ltr' id='par_1_35' title="bbox 547 3035 2193 3108">
     <span class='ocr_line' id='line_1_35' title="bbox 547 3035 2193 3108; baseline 0.002 -17"><span class='ocrx_word' id='word_1_230' title='bbox 547 3039 678 3099; x_wconf 59' lang='lat' dir='ltr'><strong>Dto,</strong></span> <span class='ocrx_word' id='word_1_231' title='bbox 704 3054 732 3091; x_wconf 93' lang='lat' dir='ltr'><strong>a</strong></span> <span class='ocrx_word' id='word_1_232' title='bbox 764 3054 871 3107; x_wconf 87' lang='lat' dir='ltr'><strong>qtto</strong></span> <span class='ocrx_word' id='word_1_233' title='bbox 892 3048 971 3093; x_wconf 87' lang='lat' dir='ltr'><strong>est</strong></span> <span class='ocrx_word' id='word_1_234' title='bbox 1000 3054 1159 3092; x_wconf 89' lang='lat' dir='ltr'><strong>omne</strong></span> <span class='ocrx_word' id='word_1_235' title='bbox 1194 3041 1412 3105; x_wconf 90' lang='lat' dir='ltr'><strong>bonum,</strong></span> <span class='ocrx_word' id='word_1_236' title='bbox 1442 3040 1532 3108; x_wconf 85' lang='lat' dir='ltr'><strong>qui</strong></span> <span class='ocrx_word' id='word_1_237' title='bbox 1562 3039 1738 3093; x_wconf 90' lang='lat' dir='ltr'><strong>eidem</strong></span> <span class='ocrx_word' id='word_1_238' title='bbox 1780 3041 1896 3092; x_wconf 83' lang='lat' dir='ltr'><strong>viro</strong></span> <span class='ocrx_word' id='word_1_239' title='bbox 1941 3050 2121 3095; x_wconf 83' lang='lat' dir='ltr'><strong>vestro</strong></span> <span class='ocrx_word' id='word_1_240' title='bbox 2151 3035 2193 3095; x_wconf 90' lang='lat' dir='ltr'><strong>C</strong></span> 
     </span>
    </p>
   </div>
   <div class='ocr_carea' id='block_1_36' title="bbox 545 3128 2123 3197">
    <p class='ocr_par' dir='ltr' id='par_1_36' title="bbox 545 3128 2123 3197">
     <span class='ocr_line' id='line_1_36' title="bbox 545 3128 2123 3197; baseline 0.001 -16"><span class='ocrx_word' id='word_1_241' title='bbox 545 3128 692 3182; x_wconf 81' lang='lat' dir='ltr'><strong>dedit</strong></span> <span class='ocrx_word' id='word_1_242' title='bbox 725 3136 872 3182; x_wconf 91' lang='lat' dir='ltr'><strong>tanta</strong></span> <span class='ocrx_word' id='word_1_243' title='bbox 895 3128 1194 3183; x_wconf 85' lang='lat' dir='ltr'><strong>constantia</strong></span> <span class='ocrx_word' id='word_1_244' title='bbox 1230 3128 1578 3197; x_wconf 82' lang='lat' dir='ltr'><strong>temporalem</strong></span> <span class='ocrx_word' id='word_1_245' title='bbox 1607 3128 1834 3197; x_wconf 78' lang='lat' dir='ltr'><strong>gloriam</strong></span> <span class='ocrx_word' id='word_1_246' title='bbox 1880 3140 2123 3183; x_wconf 87' lang='lat' dir='ltr'><strong>contem-</strong></span> 
     </span>
    </p>
   </div>
   <div class='ocr_carea' id='block_1_37' title="bbox 547 3217 2122 3286">
    <p class='ocr_par' dir='ltr' id='par_1_37' title="bbox 547 3217 2122 3286">
     <span class='ocr_line' id='line_1_37' title="bbox 547 3217 2122 3286; baseline 0.001 -16"><span class='ocrx_word' id='word_1_247' title='bbox 547 3233 695 3284; x_wconf 77' lang='lat' dir='ltr'><strong>nere,</strong></span> <span class='ocrx_word' id='word_1_248' title='bbox 722 3227 774 3271; x_wconf 91' lang='lat' dir='ltr'><strong>et</strong></span> <span class='ocrx_word' id='word_1_249' title='bbox 800 3218 945 3271; x_wconf 78' lang='lat' dir='ltr'><strong>vobis</strong></span> <span class='ocrx_word' id='word_1_250' title='bbox 971 3218 1237 3272; x_wconf 88' lang='lat' dir='ltr'><strong>concessit</strong></span> <span class='ocrx_word' id='word_1_251' title='bbox 1288 3224 1367 3271; x_wconf 89' lang='lat' dir='ltr'><strong>tot</strong></span> <span class='ocrx_word' id='word_1_252' title='bbox 1399 3217 1773 3271; x_wconf 89' lang='lat' dir='ltr'><strong>tribulationcs</strong></span> <span class='ocrx_word' id='word_1_253' title='bbox 1805 3232 1902 3286; x_wconf 91' lang='lat' dir='ltr'><strong>pro</strong></span> <span class='ocrx_word' id='word_1_254' title='bbox 1928 3219 2122 3273; x_wconf 86' lang='lat' dir='ltr'><strong>tuenda</strong></span> 
     </span>
    </p>
   </div>
   <div class='ocr_carea' id='block_1_38' title="bbox 546 3306 2119 3373">
    <p class='ocr_par' dir='ltr' id='par_1_38' title="bbox 546 3306 2119 3373">
     <span class='ocr_line' id='line_1_38' title="bbox 546 3306 2119 3373; baseline 0.003 -12"><span class='ocrx_word' id='word_1_255' title='bbox 546 3309 795 3362; x_wconf 87' lang='lat' dir='ltr'><strong>castitate</strong></span> <span class='ocrx_word' id='word_1_256' title='bbox 825 3318 931 3361; x_wconf 88' lang='lat' dir='ltr'><strong>tam</strong></span> <span class='ocrx_word' id='word_1_257' title='bbox 962 3308 1186 3362; x_wconf 75' lang='lat' dir='ltr'><strong>viriliter</strong></span> <span class='ocrx_word' id='word_1_258' title='bbox 1210 3306 1474 3362; x_wconf 71' lang='lat' dir='ltr'><strong>sufferre:</strong></span> <span class='ocrx_word' id='word_1_259' title='bbox 1512 3309 1581 3361; x_wconf 89' lang='lat' dir='ltr'><strong>ita</strong></span> <span class='ocrx_word' id='word_1_260' title='bbox 1618 3319 1795 3363; x_wconf 89' lang='lat' dir='ltr'><strong>tamen</strong></span> <span class='ocrx_word' id='word_1_261' title='bbox 1854 3320 1911 3373; x_wconf 89' lang='lat' dir='ltr'><strong>ut</strong></span> <span class='ocrx_word' id='word_1_262' title='bbox 1948 3310 2037 3364; x_wconf 90' lang='lat' dir='ltr'><strong>ille</strong></span> <span class='ocrx_word' id='word_1_263' title='bbox 2065 3310 2119 3364; x_wconf 91' lang='lat' dir='ltr'><strong>in</strong></span> 
     </span>
    </p>
   </div>
   <div class='ocr_carea' id='block_1_39' title="bbox 547 3401 2117 3472">
    <p class='ocr_par' dir='ltr' id='par_1_39' title="bbox 547 3401 2117 3472">
     <span class='ocr_line' id='line_1_39' title="bbox 547 3401 2117 3472; baseline 0.003 -19"><span class='ocrx_word' id='word_1_264' title='bbox 547 3402 664 3467; x_wconf 89' lang='lat' dir='ltr'><strong>ipso</strong></span> <span class='ocrx_word' id='word_1_265' title='bbox 687 3401 868 3454; x_wconf 81' lang='lat' dir='ltr'><strong>mundi</strong></span> <span class='ocrx_word' id='word_1_266' title='bbox 896 3410 1207 3469; x_wconf 75' lang='lat' dir='ltr'><strong>contemptu</strong></span> <span class='ocrx_word' id='word_1_267' title='bbox 1233 3416 1336 3454; x_wconf 92' lang='lat' dir='ltr'><strong>non</strong></span> <span class='ocrx_word' id='word_1_268' title='bbox 1359 3401 1475 3470; x_wconf 88' lang='lat' dir='ltr'><strong>plus</strong></span> <span class='ocrx_word' id='word_1_269' title='bbox 1498 3401 1932 3470; x_wconf 85' lang='lat' dir='ltr'><strong>tliligatseipsum</strong></span> <span class='ocrx_word' id='word_1_270' title='bbox 1956 3419 2117 3472; x_wconf 86' lang='lat' dir='ltr'><strong>quam</strong></span> 
     </span>
    </p>
   </div>
   <div class='ocr_carea' id='block_1_40' title="bbox 545 3489 2112 3557">
    <p class='ocr_par' dir='ltr' id='par_1_40' title="bbox 545 3489 2112 3557">
     <span class='ocr_line' id='line_1_40' title="bbox 545 3489 2112 3557; baseline 0.006 -18"><span class='ocrx_word' id='word_1_271' title='bbox 545 3504 663 3553; x_wconf 87' lang='lat' dir='ltr'><strong>vos,</strong></span> <span class='ocrx_word' id='word_1_272' title='bbox 697 3505 793 3542; x_wconf 91' lang='lat' dir='ltr'><strong>nec</strong></span> <span class='ocrx_word' id='word_1_273' title='bbox 827 3489 976 3543; x_wconf 87' lang='lat' dir='ltr'><strong>vobis</strong></span> <span class='ocrx_word' id='word_1_274' title='bbox 1003 3490 1205 3557; x_wconf 88' lang='lat' dir='ltr'><strong>aliquid</strong></span> <span class='ocrx_word' id='word_1_275' title='bbox 1234 3490 1284 3542; x_wconf 87' lang='lat' dir='ltr'><strong>itt</strong></span> <span class='ocrx_word' id='word_1_276' title='bbox 1318 3490 1419 3543; x_wconf 91' lang='lat' dir='ltr'><strong>hoc</strong></span> <span class='ocrx_word' id='word_1_277' title='bbox 1450 3492 1647 3545; x_wconf 88' lang='lat' dir='ltr'><strong>mundo</strong></span> <span class='ocrx_word' id='word_1_278' title='bbox 1676 3492 1746 3545; x_wconf 88' lang='lat' dir='ltr'><strong>sit</strong></span> <span class='ocrx_word' id='word_1_279' title='bbox 1779 3492 1979 3547; x_wconf 88' lang='lat' dir='ltr'><strong>clarius</strong></span> <span class='ocrx_word' id='word_1_280' title='bbox 2004 3494 2112 3548; x_wconf 90' lang='lat' dir='ltr'><strong>illo.</strong></span> 
     </span>
    </p>
   </div>
   <div class='ocr_carea' id='block_1_41' title="bbox 546 3578 2109 3650">
    <p class='ocr_par' dir='ltr' id='par_1_41' title="bbox 546 3578 2109 3650">
     <span class='ocr_line' id='line_1_41' title="bbox 546 3578 2109 3650; baseline 0.004 -19"><span class='ocrx_word' id='word_1_281' title='bbox 546 3578 703 3632; x_wconf 85' lang='lat' dir='ltr'><strong>Certe</strong></span> <span class='ocrx_word' id='word_1_282' title='bbox 716 3581 886 3650; x_wconf 74' lang='lat' dir='ltr'><strong>ambo</strong></span> <span class='ocrx_word' id='word_1_283' title='bbox 916 3582 965 3633; x_wconf 92' lang='lat' dir='ltr'><strong>in</strong></span> <span class='ocrx_word' id='word_1_284' title='bbox 991 3582 1092 3634; x_wconf 92' lang='lat' dir='ltr'><strong>hoc</strong></span> <span class='ocrx_word' id='word_1_285' title='bbox 1117 3581 1225 3635; x_wconf 89' lang='lat' dir='ltr'><strong>Deo</strong></span> <span class='ocrx_word' id='word_1_286' title='bbox 1253 3590 1306 3635; x_wconf 91' lang='lat' dir='ltr'><strong>et</strong></span> <span class='ocrx_word' id='word_1_287' title='bbox 1328 3580 1482 3635; x_wconf 89' lang='lat' dir='ltr'><strong>bonis</strong></span> <span class='ocrx_word' id='word_1_288' title='bbox 1510 3583 2109 3645; x_wconf 85' lang='lat' dir='ltr'><strong>hominibusamabiles.</strong></span> 
     </span>
    </p>
   </div>
   <div class='ocr_carea' id='block_1_42' title="bbox 546 3668 2116 3738">
    <p class='ocr_par' dir='ltr' id='par_1_42' title="bbox 546 3668 2116 3738">
     <span class='ocr_line' id='line_1_42' title="bbox 546 3668 2116 3738; baseline 0.003 -17"><span class='ocrx_word' id='word_1_289' title='bbox 546 3668 702 3721; x_wconf 88' lang='lat' dir='ltr'><strong>amba</strong></span> <span class='ocrx_word' id='word_1_290' title='bbox 731 3670 856 3721; x_wconf 85' lang='lat' dir='ltr'><strong>estis</strong></span> <span class='ocrx_word' id='word_1_291' title='bbox 880 3669 1191 3731; x_wconf 77' lang='lat' dir='ltr'><strong>laudabiles,</strong></span> <span class='ocrx_word' id='word_1_292' title='bbox 1224 3670 1409 3738; x_wconf 89' lang='lat' dir='ltr'><strong>utique</strong></span> <span class='ocrx_word' id='word_1_293' title='bbox 1436 3670 1486 3722; x_wconf 92' lang='lat' dir='ltr'><strong>in</strong></span> <span class='ocrx_word' id='word_1_294' title='bbox 1521 3677 1669 3724; x_wconf 89' lang='lat' dir='ltr'><strong>tanta</strong></span> <span class='ocrx_word' id='word_1_295' title='bbox 1724 3680 1778 3723; x_wconf 90' lang='lat' dir='ltr'><strong>ct</strong></span> <span class='ocrx_word' id='word_1_296' title='bbox 1827 3683 1932 3724; x_wconf 90' lang='lat' dir='ltr'><strong>tam</strong></span> <span class='ocrx_word' id='word_1_297' title='bbox 1985 3688 2116 3726; x_wconf 85' lang='lat' dir='ltr'><strong>vera</strong></span> 
     </span>
    </p>
   </div>
   <div class='ocr_carea' id='block_1_43' title="bbox 545 3759 2119 3829">
    <p class='ocr_par' dir='ltr' id='par_1_43' title="bbox 545 3759 2119 3829">
     <span class='ocr_line' id='line_1_43' title="bbox 545 3759 2119 3829; baseline 0.003 -17"><span class='ocrx_word' id='word_1_298' title='bbox 545 3770 728 3812; x_wconf 88' lang='lat' dir='ltr'><strong>tnutua</strong></span> <span class='ocrx_word' id='word_1_299' title='bbox 758 3769 931 3812; x_wconf 84' lang='lat' dir='ltr'><strong>vestra</strong></span> <span class='ocrx_word' id='word_1_300' title='bbox 957 3759 1239 3812; x_wconf 88' lang='lat' dir='ltr'><strong>dilectione</strong></span> <span class='ocrx_word' id='word_1_301' title='bbox 1274 3774 1376 3812; x_wconf 84' lang='lat' dir='ltr'><strong>non</strong></span> <span class='ocrx_word' id='word_1_302' title='bbox 1414 3768 1522 3813; x_wconf 89' lang='lat' dir='ltr'><strong>tant</strong></span> <span class='ocrx_word' id='word_1_303' title='bbox 1577 3775 1803 3829; x_wconf 84' lang='lat' dir='ltr'><strong>corpora</strong></span> <span class='ocrx_word' id='word_1_304' title='bbox 1830 3772 2007 3816; x_wconf 83' lang='lat' dir='ltr'><strong>vestra</strong></span> <span class='ocrx_word' id='word_1_305' title='bbox 2037 3764 2119 3816; x_wconf 89' lang='lat' dir='ltr'><strong>di-</strong></span> 
     </span>
    </p>
   </div>
   <div class='ocr_carea' id='block_1_44' title="bbox 545 3851 2118 3922">
    <p class='ocr_par' dir='ltr' id='par_1_44' title="bbox 545 3851 2118 3922">
     <span class='ocr_line' id='line_1_44' title="bbox 545 3851 2118 3922; baseline 0.003 -19"><span class='ocrx_word' id='word_1_306' title='bbox 545 3851 709 3920; x_wconf 82' lang='lat' dir='ltr'><strong>ligere</strong></span> <span class='ocrx_word' id='word_1_307' title='bbox 738 3851 987 3904; x_wconf 85' lang='lat' dir='ltr'><strong>credendi</strong></span> <span class='ocrx_word' id='word_1_308' title='bbox 1025 3852 1154 3904; x_wconf 86' lang='lat' dir='ltr'><strong>estis</strong></span> <span class='ocrx_word' id='word_1_309' title='bbox 1175 3867 1335 3920; x_wconf 89' lang='lat' dir='ltr'><strong>quam</strong></span> <span class='ocrx_word' id='word_1_310' title='bbox 1369 3853 1593 3904; x_wconf 81' lang='lat' dir='ltr'><strong>animas.</strong></span> <span class='ocrx_word' id='word_1_311' title='bbox 1618 3852 1856 3920; x_wconf 89' lang='lat' dir='ltr'><strong>Corpora</strong></span> <span class='ocrx_word' id='word_1_312' title='bbox 1888 3869 2118 3922; x_wconf 84' lang='lat' dir='ltr'><strong>namque</strong></span> 
     </span>
    </p>
   </div>
   <div class='ocr_carea' id='block_1_45' title="bbox 543 3940 2116 4010">
    <p class='ocr_par' dir='ltr' id='par_1_45' title="bbox 543 3940 2116 4010">
     <span class='ocr_line' id='line_1_45' title="bbox 543 3940 2116 4010; baseline 0.003 -19"><span class='ocrx_word' id='word_1_313' title='bbox 543 3951 721 3993; x_wconf 88' lang='lat' dir='ltr'><strong>vestra</strong></span> <span class='ocrx_word' id='word_1_314' title='bbox 768 3940 908 3993; x_wconf 90' lang='lat' dir='ltr'><strong>nulla</strong></span> <span class='ocrx_word' id='word_1_315' title='bbox 964 3956 1114 4001; x_wconf 83' lang='lat' dir='ltr'><strong>cura,</strong></span> <span class='ocrx_word' id='word_1_316' title='bbox 1173 3940 1318 3993; x_wconf 88' lang='lat' dir='ltr'><strong>nullo</strong></span> <span class='ocrx_word' id='word_1_317' title='bbox 1348 3950 1531 3994; x_wconf 92' lang='lat' dir='ltr'><strong>mutuo</strong></span> <span class='ocrx_word' id='word_1_318' title='bbox 1582 3956 1766 3995; x_wconf 89' lang='lat' dir='ltr'><strong>amore</strong></span> <span class='ocrx_word' id='word_1_319' title='bbox 1824 3943 2046 4010; x_wconf 75' lang='lat' dir='ltr'><strong>potestis</strong></span> <span class='ocrx_word' id='word_1_320' title='bbox 2087 3960 2116 3996; x_wconf 92' lang='lat' dir='ltr'><strong>a</strong></span> 
     </span>
    </p>
   </div>
   <div class='ocr_carea' id='block_1_46' title="bbox 543 4032 2115 4101">
    <p class='ocr_par' dir='ltr' id='par_1_46' title="bbox 543 4032 2115 4101">
     <span class='ocr_line' id='line_1_46' title="bbox 543 4032 2115 4101; baseline 0.001 -16"><span class='ocrx_word' id='word_1_321' title='bbox 543 4042 717 4086; x_wconf 89' lang='lat' dir='ltr'><strong>morte</strong></span> <span class='ocrx_word' id='word_1_322' title='bbox 744 4032 1020 4101; x_wconf 84' lang='lat' dir='ltr'><strong>temporali</strong></span> <span class='ocrx_word' id='word_1_323' title='bbox 1049 4034 1294 4099; x_wconf 85' lang='lat' dir='ltr'><strong>eripere;</strong></span> <span class='ocrx_word' id='word_1_324' title='bbox 1324 4032 1608 4087; x_wconf 84' lang='lat' dir='ltr'><strong>animabus</strong></span> <span class='ocrx_word' id='word_1_325' title='bbox 1644 4048 1771 4087; x_wconf 87' lang='lat' dir='ltr'><strong>vero</strong></span> <span class='ocrx_word' id='word_1_326' title='bbox 1800 4034 2015 4099; x_wconf 87' lang='lat' dir='ltr'><strong>vestris,</strong></span> <span class='ocrx_word' id='word_1_327' title='bbox 2071 4035 2115 4089; x_wconf 91' lang='lat' dir='ltr'><strong>si</strong></span> 
     </span>
    </p>
   </div>
   <div class='ocr_carea' id='block_1_47' title="bbox 543 4126 2119 4196">
    <p class='ocr_par' dir='ltr' id='par_1_47' title="bbox 543 4126 2119 4196">
     <span class='ocr_line' id='line_1_47' title="bbox 543 4126 2119 4196; baseline 0.003 -17"><span class='ocrx_word' id='word_1_328' title='bbox 543 4126 719 4195; x_wconf 83' lang='lat' dir='ltr'><strong>ipsum</strong></span> <span class='ocrx_word' id='word_1_329' title='bbox 744 4138 981 4179; x_wconf 87' lang='lat' dir='ltr'><strong>vestrum</strong></span> <span class='ocrx_word' id='word_1_330' title='bbox 1010 4142 1252 4180; x_wconf 89' lang='lat' dir='ltr'><strong>amorem</strong></span> <span class='ocrx_word' id='word_1_331' title='bbox 1300 4142 1483 4196; x_wconf 84' lang='lat' dir='ltr'><strong>regere</strong></span> <span class='ocrx_word' id='word_1_332' title='bbox 1526 4128 1697 4192; x_wconf 80' lang='lat' dir='ltr'><strong>scitis,</strong></span> <span class='ocrx_word' id='word_1_333' title='bbox 1749 4130 1911 4182; x_wconf 85' lang='lat' dir='ltr'><strong>vitata</strong></span> <span class='ocrx_word' id='word_1_334' title='bbox 1962 4141 2119 4183; x_wconf 76' lang='lat' dir='ltr'><strong>teter-</strong></span> 
     </span>
    </p>
   </div>
   <div class='ocr_carea' id='block_1_48' title="bbox 542 4217 2118 4287">
    <p class='ocr_par' dir='ltr' id='par_1_48' title="bbox 542 4217 2118 4287">
     <span class='ocr_line' id='line_1_48' title="bbox 542 4217 2118 4287; baseline 0.003 -19"><span class='ocrx_word' id='word_1_335' title='bbox 542 4232 667 4268; x_wconf 87' lang='lat' dir='ltr'><strong>nam</strong></span> <span class='ocrx_word' id='word_1_336' title='bbox 697 4218 924 4285; x_wconf 87' lang='lat' dir='ltr'><strong>potestis</strong></span> <span class='ocrx_word' id='word_1_337' title='bbox 954 4218 1256 4286; x_wconf 87' lang='lat' dir='ltr'><strong>acquirere.</strong></span> <span class='ocrx_word' id='word_1_338' title='bbox 1313 4217 1450 4282; x_wconf 85' lang='lat' dir='ltr'><strong>Quid</strong></span> <span class='ocrx_word' id='word_1_339' title='bbox 1479 4232 1608 4287; x_wconf 88' lang='lat' dir='ltr'><strong>ergo</strong></span> <span class='ocrx_word' id='word_1_340' title='bbox 1640 4228 1741 4283; x_wconf 91' lang='lat' dir='ltr'><strong>est,</strong></span> <span class='ocrx_word' id='word_1_341' title='bbox 1784 4218 1983 4272; x_wconf 82' lang='lat' dir='ltr'><strong>femina</strong></span> <span class='ocrx_word' id='word_1_342' title='bbox 2040 4237 2118 4273; x_wconf 89' lang='lat' dir='ltr'><strong>re-</strong></span> 
     </span>
    </p>
   </div>
   <div class='ocr_carea' id='block_1_49' title="bbox 543 4306 2112 4379">
    <p class='ocr_par' dir='ltr' id='par_1_49' title="bbox 543 4306 2112 4379">
     <span class='ocr_line' id='line_1_49' title="bbox 543 4306 2112 4379; baseline 0.003 -21"><span class='ocrx_word' id='word_1_343' title='bbox 543 4308 800 4370; x_wconf 88' lang='lat' dir='ltr'><strong>verenda,</strong></span> <span class='ocrx_word' id='word_1_344' title='bbox 836 4306 1029 4361; x_wconf 89' lang='lat' dir='ltr'><strong>femina</strong></span> <span class='ocrx_word' id='word_1_345' title='bbox 1062 4309 1299 4378; x_wconf 69' lang='lat' dir='ltr'><strong>probata.&quot;</strong></span> <span class='ocrx_word' id='word_1_346' title='bbox 1329 4309 1619 4374; x_wconf 89' lang='lat' dir='ltr'><strong>castitatis,</strong></span> <span class='ocrx_word' id='word_1_347' title='bbox 1658 4310 1786 4379; x_wconf 89' lang='lat' dir='ltr'><strong>quid</strong></span> <span class='ocrx_word' id='word_1_348' title='bbox 1836 4320 1918 4364; x_wconf 87' lang='lat' dir='ltr'><strong>est</strong></span> <span class='ocrx_word' id='word_1_349' title='bbox 1971 4312 2112 4379; x_wconf 86' lang='lat' dir='ltr'><strong>quod</strong></span> 
     </span>
    </p>
   </div>
   <div class='ocr_carea' id='block_1_50' title="bbox 2230 450 3823 525">
    <p class='ocr_par' dir='ltr' id='par_1_50' title="bbox 2230 450 3823 525">
     <span class='ocr_line' id='line_1_50' title="bbox 2230 450 3823 525; baseline -0.003 -13"><span class='ocrx_word' id='word_1_350' title='bbox 2230 451 2385 513; x_wconf 78' lang='lat' dir='ltr'><strong>iioria</strong></span> <span class='ocrx_word' id='word_1_351' title='bbox 2441 467 2527 510; x_wconf 90' lang='lat' dir='ltr'><strong>tua</strong></span> <span class='ocrx_word' id='word_1_352' title='bbox 2562 455 2827 525; x_wconf 69' lang='lat' dir='ltr'><strong>[imponis</strong></span> <span class='ocrx_word' id='word_1_353' title='bbox 2851 453 2920 485; x_wconf 68' lang='grc'><strong>⁸⁸⁸</strong></span> <span class='ocrx_word' id='word_1_354' title='bbox 2949 451 3269 506; x_wconf 88' lang='lat' dir='ltr'><strong>commoda?</strong></span> <span class='ocrx_word' id='word_1_355' title='bbox 3322 450 3428 504; x_wconf 78' lang='lat' dir='ltr'><strong>Aut</strong></span> <span class='ocrx_word' id='word_1_356' title='bbox 3461 465 3572 519; x_wconf 88' lang='lat' dir='ltr'><strong>qua</strong></span> <span class='ocrx_word' id='word_1_357' title='bbox 3602 452 3823 508; x_wconf 84' lang='lat' dir='ltr'><strong>ratione</strong></span> 
     </span>
    </p>
   </div>
   <div class='ocr_carea' id='block_1_51' title="bbox 2226 542 3821 621">
    <p class='ocr_par' dir='ltr' id='par_1_51' title="bbox 2226 542 3821 621">
     <span class='ocr_line' id='line_1_51' title="bbox 2226 542 3821 621; baseline -0.003 -18"><span class='ocrx_word' id='word_1_358' title='bbox 2226 565 2379 621; x_wconf 83' lang='lat' dir='ltr'><strong>petes</strong></span> <span class='ocrx_word' id='word_1_359' title='bbox 2400 550 2467 603; x_wconf 90' lang='lat' dir='ltr'><strong>ab</strong></span> <span class='ocrx_word' id='word_1_360' title='bbox 2491 563 2556 605; x_wconf 91' lang='lat' dir='ltr'><strong>eo</strong></span> <span class='ocrx_word' id='word_1_361' title='bbox 2583 549 2816 618; x_wconf 79' lang='lat' dir='ltr'><strong>exigere,</strong></span> <span class='ocrx_word' id='word_1_362' title='bbox 2848 554 2905 600; x_wconf 93' lang='lat' dir='ltr'><strong>ut</strong></span> <span class='ocrx_word' id='word_1_363' title='bbox 2937 546 3051 614; x_wconf 87' lang='lat' dir='ltr'><strong>ipse</strong></span> <span class='ocrx_word' id='word_1_364' title='bbox 3074 554 3275 598; x_wconf 76' lang='lat' dir='ltr'><strong>teterna</strong></span> <span class='ocrx_word' id='word_1_365' title='bbox 3304 543 3444 597; x_wconf 90' lang='lat' dir='ltr'><strong>bona</strong></span> <span class='ocrx_word' id='word_1_366' title='bbox 3471 542 3679 598; x_wconf 79' lang='lat' dir='ltr'><strong>anima:</strong></span> <span class='ocrx_word' id='word_1_367' title='bbox 3709 560 3821 599; x_wconf 74' lang='lat' dir='ltr'><strong>sua:</strong></span> 
     </span>
    </p>
   </div>
   <div class='ocr_carea' id='block_1_52' title="bbox 2227 634 3820 709">
    <p class='ocr_par' dir='ltr' id='par_1_52' title="bbox 2227 634 3820 709">
     <span class='ocr_line' id='line_1_52' title="bbox 2227 634 3820 709; baseline -0.003 -18"><span class='ocrx_word' id='word_1_368' title='bbox 2227 648 2512 709; x_wconf 83' lang='lat' dir='ltr'><strong>postponat</strong></span> <span class='ocrx_word' id='word_1_369' title='bbox 2543 636 2925 707; x_wconf 85' lang='lat' dir='ltr'><strong>temporalibus</strong></span> <span class='ocrx_word' id='word_1_370' title='bbox 2946 635 3101 689; x_wconf 89' lang='lat' dir='ltr'><strong>bonis</strong></span> <span class='ocrx_word' id='word_1_371' title='bbox 3131 634 3375 703; x_wconf 89' lang='lat' dir='ltr'><strong>corporis</strong></span> <span class='ocrx_word' id='word_1_372' title='bbox 3401 634 3512 698; x_wconf 91' lang='lat' dir='ltr'><strong>tui;</strong></span> <span class='ocrx_word' id='word_1_373' title='bbox 3546 635 3592 688; x_wconf 94' lang='lat' dir='ltr'><strong>si</strong></span> <span class='ocrx_word' id='word_1_374' title='bbox 3639 645 3696 688; x_wconf 90' lang='lat' dir='ltr'><strong>tu</strong></span> <span class='ocrx_word' id='word_1_375' title='bbox 3722 634 3820 688; x_wconf 76' lang='lat' dir='ltr'><strong>bo-</strong></span> 
     </span>
    </p>
   </div>
   <div class='ocr_carea' id='block_1_53' title="bbox 2228 724 3823 798">
    <p class='ocr_par' dir='ltr' id='par_1_53' title="bbox 2228 724 3823 798">
     <span class='ocr_line' id='line_1_53' title="bbox 2228 724 3823 798; baseline -0.003 -14"><span class='ocrx_word' id='word_1_376' title='bbox 2228 747 2295 785; x_wconf 88' lang='lat' dir='ltr'><strong>na</strong></span> <span class='ocrx_word' id='word_1_377' title='bbox 2323 729 2565 798; x_wconf 87' lang='lat' dir='ltr'><strong>corporis</strong></span> <span class='ocrx_word' id='word_1_378' title='bbox 2604 728 2677 781; x_wconf 92' lang='lat' dir='ltr'><strong>tui</strong></span> <span class='ocrx_word' id='word_1_379' title='bbox 2731 726 2998 796; x_wconf 70' lang='lat' dir='ltr'><strong>prteponis</strong></span> <span class='ocrx_word' id='word_1_380' title='bbox 3045 726 3201 778; x_wconf 89' lang='lat' dir='ltr'><strong>bonis</strong></span> <span class='ocrx_word' id='word_1_381' title='bbox 3231 724 3424 777; x_wconf 70' lang='lat' dir='ltr'><strong>anima:</strong></span> <span class='ocrx_word' id='word_1_382' title='bbox 3454 724 3638 778; x_wconf 82' lang='lat' dir='ltr'><strong>illius?</strong></span> <span class='ocrx_word' id='word_1_383' title='bbox 3687 725 3823 780; x_wconf 75' lang='lat' dir='ltr'><strong>Vide</strong></span> 
     </span>
    </p>
   </div>
   <div class='ocr_carea' id='block_1_54' title="bbox 2227 813 3822 889">
    <p class='ocr_par' dir='ltr' id='par_1_54' title="bbox 2227 813 3822 889">
     <span class='ocr_line' id='line_1_54' title="bbox 2227 813 3822 889; baseline -0.003 -15"><span class='ocrx_word' id='word_1_384' title='bbox 2227 818 2707 889; x_wconf 85' lang='lat' dir='ltr'><strong>ergo,charissima</strong></span> <span class='ocrx_word' id='word_1_385' title='bbox 2737 815 2977 880; x_wconf 86' lang='lat' dir='ltr'><strong>domina,</strong></span> <span class='ocrx_word' id='word_1_386' title='bbox 3002 814 3145 881; x_wconf 85' lang='lat' dir='ltr'><strong>vide,</strong></span> <span class='ocrx_word' id='word_1_387' title='bbox 3171 813 3326 868; x_wconf 89' lang='lat' dir='ltr'><strong>fortis</strong></span> <span class='ocrx_word' id='word_1_388' title='bbox 3348 822 3402 868; x_wconf 90' lang='lat' dir='ltr'><strong>et</strong></span> <span class='ocrx_word' id='word_1_389' title='bbox 3430 816 3678 883; x_wconf 75' lang='lat' dir='ltr'><strong>prudens</strong></span> <span class='ocrx_word' id='word_1_390' title='bbox 3703 832 3822 870; x_wconf 58' lang='lat' dir='ltr'><strong>mu.</strong></span> 
     </span>
    </p>
   </div>
   <div class='ocr_carea' id='block_1_55' title="bbox 2229 904 3817 973">
    <p class='ocr_par' dir='ltr' id='par_1_55' title="bbox 2229 904 3817 973">
     <span class='ocr_line' id='line_1_55' title="bbox 2229 904 3817 973; baseline -0.001 -12"><span class='ocrx_word' id='word_1_391' title='bbox 2229 909 2351 973; x_wconf 89' lang='lat' dir='ltr'><strong>licr,</strong></span> <span class='ocrx_word' id='word_1_392' title='bbox 2378 908 2497 961; x_wconf 90' lang='lat' dir='ltr'><strong>vide</strong></span> <span class='ocrx_word' id='word_1_393' title='bbox 2523 906 2566 961; x_wconf 92' lang='lat' dir='ltr'><strong>si</strong></span> <span class='ocrx_word' id='word_1_394' title='bbox 2597 906 2699 960; x_wconf 88' lang='lat' dir='ltr'><strong>hoc</strong></span> <span class='ocrx_word' id='word_1_395' title='bbox 2727 905 2878 970; x_wconf 88' lang='lat' dir='ltr'><strong>facis,</strong></span> <span class='ocrx_word' id='word_1_396' title='bbox 2909 919 3070 972; x_wconf 88' lang='lat' dir='ltr'><strong>quam</strong></span> <span class='ocrx_word' id='word_1_397' title='bbox 3102 919 3206 956; x_wconf 88' lang='lat' dir='ltr'><strong>nort</strong></span> <span class='ocrx_word' id='word_1_398' title='bbox 3268 904 3405 957; x_wconf 89' lang='lat' dir='ltr'><strong>bene</strong></span> <span class='ocrx_word' id='word_1_399' title='bbox 3456 919 3619 973; x_wconf 84' lang='lat' dir='ltr'><strong>regas</strong></span> <span class='ocrx_word' id='word_1_400' title='bbox 3670 920 3817 960; x_wconf 82' lang='lat' dir='ltr'><strong>amo-</strong></span> 
     </span>
    </p>
   </div>
   <div class='ocr_carea' id='block_1_56' title="bbox 2230 991 3817 1065">
    <p class='ocr_par' dir='ltr' id='par_1_56' title="bbox 2230 991 3817 1065">
     <span class='ocr_line' id='line_1_56' title="bbox 2230 991 3817 1065; baseline -0.003 -13"><span class='ocrx_word' id='word_1_401' title='bbox 2230 1014 2340 1053; x_wconf 90' lang='lat' dir='ltr'><strong>rem</strong></span> <span class='ocrx_word' id='word_1_402' title='bbox 2373 1007 2543 1063; x_wconf 87' lang='lat' dir='ltr'><strong>tuum,</strong></span> <span class='ocrx_word' id='word_1_403' title='bbox 2574 1010 2734 1065; x_wconf 87' lang='lat' dir='ltr'><strong>quam</strong></span> <span class='ocrx_word' id='word_1_404' title='bbox 2762 1010 2868 1049; x_wconf 92' lang='lat' dir='ltr'><strong>non</strong></span> <span class='ocrx_word' id='word_1_405' title='bbox 2904 1002 3049 1047; x_wconf 90' lang='lat' dir='ltr'><strong>recte</strong></span> <span class='ocrx_word' id='word_1_406' title='bbox 3074 991 3264 1062; x_wconf 81' lang='lat' dir='ltr'><strong>diligas</strong></span> <span class='ocrx_word' id='word_1_407' title='bbox 3307 991 3632 1060; x_wconf 76' lang='lat' dir='ltr'><strong>diligentem</strong></span> <span class='ocrx_word' id='word_1_408' title='bbox 3667 1002 3721 1047; x_wconf 90' lang='lat' dir='ltr'><strong>te</strong></span> <span class='ocrx_word' id='word_1_409' title='bbox 3744 996 3817 1048; x_wconf 86' lang='lat' dir='ltr'><strong>vi-</strong></span> 
     </span>
    </p>
   </div>
   <div class='ocr_carea' id='block_1_57' title="bbox 2230 1084 3813 1155">
    <p class='ocr_par' dir='ltr' id='par_1_57' title="bbox 2230 1084 3813 1155">
     <span class='ocr_line' id='line_1_57' title="bbox 2230 1084 3813 1155; baseline -0.004 -11"><span class='ocrx_word' id='word_1_410' title='bbox 2230 1106 2347 1144; x_wconf 92' lang='lat' dir='ltr'><strong>rum</strong></span> <span class='ocrx_word' id='word_1_411' title='bbox 2378 1098 2545 1144; x_wconf 90' lang='lat' dir='ltr'><strong>tuum.</strong></span> <span class='ocrx_word' id='word_1_412' title='bbox 2581 1088 2717 1155; x_wconf 84' lang='lat' dir='ltr'><strong>Quid</strong></span> <span class='ocrx_word' id='word_1_413' title='bbox 2742 1088 2786 1141; x_wconf 91' lang='lat' dir='ltr'><strong>si</strong></span> <span class='ocrx_word' id='word_1_414' title='bbox 2814 1085 2967 1141; x_wconf 90' lang='lat' dir='ltr'><strong>illum</strong></span> <span class='ocrx_word' id='word_1_415' title='bbox 3002 1085 3150 1152; x_wconf 81' lang='lat' dir='ltr'><strong>cogis</strong></span> <span class='ocrx_word' id='word_1_416' title='bbox 3198 1092 3258 1137; x_wconf 92' lang='lat' dir='ltr'><strong>ut</strong></span> <span class='ocrx_word' id='word_1_417' title='bbox 3290 1084 3570 1138; x_wconf 73' lang='lat' dir='ltr'><strong>desiderat</strong></span> <span class='ocrx_word' id='word_1_418' title='bbox 3623 1087 3813 1139; x_wconf 84' lang='lat' dir='ltr'><strong>consi-</strong></span> 
     </span>
    </p>
   </div>
   <div class='ocr_carea' id='block_1_58' title="bbox 2229 1174 3817 1247">
    <p class='ocr_par' dir='ltr' id='par_1_58' title="bbox 2229 1174 3817 1247">
     <span class='ocr_line' id='line_1_58' title="bbox 2229 1174 3817 1247; baseline -0.003 -12"><span class='ocrx_word' id='word_1_419' title='bbox 2229 1182 2356 1236; x_wconf 90' lang='lat' dir='ltr'><strong>lium</strong></span> <span class='ocrx_word' id='word_1_420' title='bbox 2392 1180 2585 1235; x_wconf 83' lang='lat' dir='ltr'><strong>animae</strong></span> <span class='ocrx_word' id='word_1_421' title='bbox 2614 1192 2724 1232; x_wconf 63' lang='lat' dir='ltr'><strong>suae</strong></span> <span class='ocrx_word' id='word_1_422' title='bbox 2755 1192 2854 1247; x_wconf 90' lang='lat' dir='ltr'><strong>pro</strong></span> <span class='ocrx_word' id='word_1_423' title='bbox 2900 1174 3181 1230; x_wconf 88' lang='lat' dir='ltr'><strong>voluntate</strong></span> <span class='ocrx_word' id='word_1_424' title='bbox 3231 1185 3350 1239; x_wconf 89' lang='lat' dir='ltr'><strong>tua;</strong></span> <span class='ocrx_word' id='word_1_425' title='bbox 3384 1185 3433 1227; x_wconf 87' lang='lat' dir='ltr'><strong>et</strong></span> <span class='ocrx_word' id='word_1_426' title='bbox 3476 1184 3607 1230; x_wconf 90' lang='lat' dir='ltr'><strong>tunc</strong></span> <span class='ocrx_word' id='word_1_427' title='bbox 3640 1187 3817 1231; x_wconf 85' lang='lat' dir='ltr'><strong>morte</strong></span> 
     </span>
    </p>
   </div>
   <div class='ocr_carea' id='block_1_59' title="bbox 2231 1267 3815 1330">
    <p class='ocr_par' dir='ltr' id='par_1_59' title="bbox 2231 1267 3815 1330">
     <span class='ocr_line' id='line_1_59' title="bbox 2231 1267 3815 1330; baseline -0.004 -1"><span class='ocrx_word' id='word_1_428' title='bbox 2231 1284 2318 1329; x_wconf 91' lang='lat' dir='ltr'><strong>tua</strong></span> <span class='ocrx_word' id='word_1_429' title='bbox 2344 1272 2428 1328; x_wconf 91' lang='lat' dir='ltr'><strong>vel</strong></span> <span class='ocrx_word' id='word_1_430' title='bbox 2461 1272 2604 1325; x_wconf 88' lang='lat' dir='ltr'><strong>illius</strong></span> <span class='ocrx_word' id='word_1_431' title='bbox 2631 1277 2980 1328; x_wconf 87' lang='lat' dir='ltr'><strong>occurrente;</strong></span> <span class='ocrx_word' id='word_1_432' title='bbox 3015 1276 3110 1319; x_wconf 90' lang='lat' dir='ltr'><strong>aut</strong></span> <span class='ocrx_word' id='word_1_433' title='bbox 3136 1267 3239 1320; x_wconf 91' lang='lat' dir='ltr'><strong>alio</strong></span> <span class='ocrx_word' id='word_1_434' title='bbox 3271 1282 3421 1329; x_wconf 82' lang='lat' dir='ltr'><strong>casn,</strong></span> <span class='ocrx_word' id='word_1_435' title='bbox 3471 1268 3617 1320; x_wconf 88' lang='lat' dir='ltr'><strong>sicut</strong></span> <span class='ocrx_word' id='word_1_436' title='bbox 3654 1268 3815 1330; x_wconf 88' lang='lat' dir='ltr'><strong>solet,</strong></span> 
     </span>
    </p>
   </div>
   <div class='ocr_carea' id='block_1_60' title="bbox 2229 1355 3814 1427">
    <p class='ocr_par' dir='ltr' id='par_1_60' title="bbox 2229 1355 3814 1427">
     <span class='ocr_line' id='line_1_60' title="bbox 2229 1355 3814 1427; baseline -0.003 -11"><span class='ocrx_word' id='word_1_437' title='bbox 2229 1363 2489 1427; x_wconf 89' lang='lat' dir='ltr'><strong>irruente,</strong></span> <span class='ocrx_word' id='word_1_438' title='bbox 2510 1360 2598 1414; x_wconf 92' lang='lat' dir='ltr'><strong>ille</strong></span> <span class='ocrx_word' id='word_1_439' title='bbox 2611 1373 2713 1413; x_wconf 92' lang='lat' dir='ltr'><strong>non</strong></span> <span class='ocrx_word' id='word_1_440' title='bbox 2730 1356 3097 1427; x_wconf 88' lang='lat' dir='ltr'><strong>prosittibi,et</strong></span> <span class='ocrx_word' id='word_1_441' title='bbox 3110 1364 3163 1409; x_wconf 90' lang='lat' dir='ltr'><strong>tu</strong></span> <span class='ocrx_word' id='word_1_442' title='bbox 3201 1370 3398 1410; x_wconf 84' lang='lat' dir='ltr'><strong>noceas</strong></span> <span class='ocrx_word' id='word_1_443' title='bbox 3430 1355 3526 1421; x_wconf 92' lang='lat' dir='ltr'><strong>illi;</strong></span> <span class='ocrx_word' id='word_1_444' title='bbox 3555 1358 3745 1427; x_wconf 61' lang='lat' dir='ltr'><strong>dique</strong></span> <span class='ocrx_word' id='word_1_445' title='bbox 3768 1361 3814 1412; x_wconf 92' lang='lat' dir='ltr'><strong>si</strong></span> 
     </span>
    </p>
   </div>
   <div class='ocr_carea' id='block_1_61' title="bbox 2230 1444 3809 1515">
    <p class='ocr_par' dir='ltr' id='par_1_61' title="bbox 2230 1444 3809 1515">
     <span class='ocr_line' id='line_1_61' title="bbox 2230 1444 3809 1515; baseline -0.003 -8"><span class='ocrx_word' id='word_1_446' title='bbox 2230 1468 2393 1507; x_wconf 90' lang='lat' dir='ltr'><strong>noces</strong></span> <span class='ocrx_word' id='word_1_447' title='bbox 2410 1452 2601 1503; x_wconf 76' lang='lat' dir='ltr'><strong>anima:</strong></span> <span class='ocrx_word' id='word_1_448' title='bbox 2615 1449 2778 1509; x_wconf 87' lang='lat' dir='ltr'><strong>illius.</strong></span> <span class='ocrx_word' id='word_1_449' title='bbox 2792 1447 3161 1501; x_wconf 79' lang='lat' dir='ltr'><strong>nocesanimze</strong></span> <span class='ocrx_word' id='word_1_450' title='bbox 3178 1454 3302 1499; x_wconf 73' lang='lat' dir='ltr'><strong>ture.</strong></span> <span class='ocrx_word' id='word_1_451' title='bbox 3317 1444 3361 1500; x_wconf 93' lang='grc' dir='ltr'><strong>Ο</strong></span> <span class='ocrx_word' id='word_1_452' title='bbox 3374 1457 3582 1515; x_wconf 90' lang='lat' dir='ltr'><strong>quanto</strong></span> <span class='ocrx_word' id='word_1_453' title='bbox 3599 1449 3809 1507; x_wconf 76' lang='lat' dir='ltr'><strong>melius,</strong></span> 
     </span>
    </p>
   </div>
   <div class='ocr_carea' id='block_1_62' title="bbox 2242 1537 3812 1608">
    <p class='ocr_par' dir='ltr' id='par_1_62' title="bbox 2242 1537 3812 1608">
     <span class='ocr_line' id='line_1_62' title="bbox 2242 1537 3812 1608; baseline -0.003 -9"><span class='ocrx_word' id='word_1_454' title='bbox 2242 1547 2539 1599; x_wconf 89' lang='lat' dir='ltr'><strong>reverenda</strong></span> <span class='ocrx_word' id='word_1_455' title='bbox 2570 1541 2811 1605; x_wconf 88' lang='lat' dir='ltr'><strong>domina,</strong></span> <span class='ocrx_word' id='word_1_456' title='bbox 2838 1547 3042 1608; x_wconf 87' lang='lat' dir='ltr'><strong>quanto</strong></span> <span class='ocrx_word' id='word_1_457' title='bbox 3070 1537 3392 1593; x_wconf 86' lang='lat' dir='ltr'><strong>laudabilius</strong></span> <span class='ocrx_word' id='word_1_458' title='bbox 3412 1541 3698 1593; x_wconf 89' lang='lat' dir='ltr'><strong>ostenditis</strong></span> <span class='ocrx_word' id='word_1_459' title='bbox 3720 1556 3812 1594; x_wconf 84' lang='lat' dir='ltr'><strong>vos</strong></span> 
     </span>
    </p>
   </div>
   <div class='ocr_carea' id='block_1_63' title="bbox 2231 1628 3802 1699">
    <p class='ocr_par' dir='ltr' id='par_1_63' title="bbox 2231 1628 3802 1699">
     <span class='ocr_line' id='line_1_63' title="bbox 2231 1628 3802 1699; baseline -0.003 -14"><span class='ocrx_word' id='word_1_460' title='bbox 2231 1632 2451 1699; x_wconf 77' lang='lat' dir='ltr'><strong>diligere</strong></span> <span class='ocrx_word' id='word_1_461' title='bbox 2483 1631 2652 1683; x_wconf 89' lang='lat' dir='ltr'><strong>virum</strong></span> <span class='ocrx_word' id='word_1_462' title='bbox 2688 1632 3006 1693; x_wconf 85' lang='lat' dir='ltr'><strong>vestrnm,si</strong></span> <span class='ocrx_word' id='word_1_463' title='bbox 3033 1645 3135 1683; x_wconf 89' lang='lat' dir='ltr'><strong>non</strong></span> <span class='ocrx_word' id='word_1_464' title='bbox 3161 1628 3335 1683; x_wconf 80' lang='lat' dir='ltr'><strong>soluat</strong></span> <span class='ocrx_word' id='word_1_465' title='bbox 3354 1629 3691 1697; x_wconf 89' lang='lat' dir='ltr'><strong>permittitis,</strong></span> <span class='ocrx_word' id='word_1_466' title='bbox 3707 1630 3802 1683; x_wconf 83' lang='lat' dir='ltr'><strong>sed</strong></span> 
     </span>
    </p>
   </div>
   <div class='ocr_carea' id='block_1_64' title="bbox 2231 1718 3813 1790">
    <p class='ocr_par' dir='ltr' id='par_1_64' title="bbox 2231 1718 3813 1790">
     <span class='ocr_line' id='line_1_64' title="bbox 2231 1718 3813 1790; baseline -0.002 -15"><span class='ocrx_word' id='word_1_467' title='bbox 2231 1723 2393 1775; x_wconf 83' lang='lat' dir='ltr'><strong>etiam</strong></span> <span class='ocrx_word' id='word_1_468' title='bbox 2419 1720 2699 1776; x_wconf 89' lang='lat' dir='ltr'><strong>consulitis</strong></span> <span class='ocrx_word' id='word_1_469' title='bbox 2711 1730 2762 1773; x_wconf 89' lang='lat' dir='ltr'><strong>et</strong></span> <span class='ocrx_word' id='word_1_470' title='bbox 2781 1718 3001 1788; x_wconf 89' lang='lat' dir='ltr'><strong>juvatis,</strong></span> <span class='ocrx_word' id='word_1_471' title='bbox 3017 1730 3077 1774; x_wconf 91' lang='lat' dir='ltr'><strong>ut</strong></span> <span class='ocrx_word' id='word_1_472' title='bbox 3103 1720 3245 1789; x_wconf 92' lang='lat' dir='ltr'><strong>quod</strong></span> <span class='ocrx_word' id='word_1_473' title='bbox 3260 1720 3497 1789; x_wconf 72' lang='lat' dir='ltr'><strong>incmpit,</strong></span> <span class='ocrx_word' id='word_1_474' title='bbox 3517 1720 3625 1774; x_wconf 91' lang='lat' dir='ltr'><strong>Deo</strong></span> <span class='ocrx_word' id='word_1_475' title='bbox 3639 1721 3813 1790; x_wconf 87' lang='lat' dir='ltr'><strong>inspi-</strong></span> 
     </span>
    </p>
   </div>
   <div class='ocr_carea' id='block_1_65' title="bbox 2230 1811 3808 1881">
    <p class='ocr_par' dir='ltr' id='par_1_65' title="bbox 2230 1811 3808 1881">
     <span class='ocr_line' id='line_1_65' title="bbox 2230 1811 3808 1881; baseline 0.001 -15"><span class='ocrx_word' id='word_1_476' title='bbox 2230 1823 2402 1873; x_wconf 88' lang='lat' dir='ltr'><strong>rante,</strong></span> <span class='ocrx_word' id='word_1_477' title='bbox 2432 1814 2533 1867; x_wconf 90' lang='lat' dir='ltr'><strong>hoc</strong></span> <span class='ocrx_word' id='word_1_478' title='bbox 2562 1821 2789 1866; x_wconf 89' lang='lat' dir='ltr'><strong>conetur</strong></span> <span class='ocrx_word' id='word_1_479' title='bbox 2819 1812 3102 1881; x_wconf 82' lang='lat' dir='ltr'><strong>penﬁeere,</strong></span> <span class='ocrx_word' id='word_1_480' title='bbox 3126 1813 3244 1881; x_wconf 83' lang='lat' dir='ltr'><strong>ipso</strong></span> <span class='ocrx_word' id='word_1_481' title='bbox 3269 1811 3555 1881; x_wconf 86' lang='lat' dir='ltr'><strong>adjuvante</strong></span> <span class='ocrx_word' id='word_1_482' title='bbox 3580 1831 3593 1864; x_wconf 91' lang='lat'><strong><em>:</em></strong></span> <span class='ocrx_word' id='word_1_483' title='bbox 3623 1813 3669 1865; x_wconf 91' lang='lat' dir='ltr'><strong>si</strong></span> <span class='ocrx_word' id='word_1_484' title='bbox 3700 1814 3773 1867; x_wconf 88' lang='lat' dir='ltr'><strong>bo</strong></span> <span class='ocrx_word' id='word_1_485' title='bbox 3794 1842 3808 1852; x_wconf 75' lang='grc' dir='ltr'><strong><em>ο</em></strong></span> 
     </span>
    </p>
   </div>
   <div class='ocr_carea' id='block_1_66' title="bbox 2230 1901 3812 1965">
    <p class='ocr_par' dir='ltr' id='par_1_66' title="bbox 2230 1901 3812 1965">
     <span class='ocr_line' id='line_1_66' title="bbox 2230 1901 3812 1965; baseline -0.001 -8"><span class='ocrx_word' id='word_1_486' title='bbox 2230 1919 2354 1957; x_wconf 91' lang='lat' dir='ltr'><strong>num</strong></span> <span class='ocrx_word' id='word_1_487' title='bbox 2385 1902 2526 1957; x_wconf 86' lang='lat' dir='ltr'><strong>illius</strong></span> <span class='ocrx_word' id='word_1_488' title='bbox 2574 1901 2826 1965; x_wconf 87' lang='lat' dir='ltr'><strong>amando,</strong></span> <span class='ocrx_word' id='word_1_489' title='bbox 2877 1909 3113 1955; x_wconf 89' lang='lat' dir='ltr'><strong>vestrum</strong></span> <span class='ocrx_word' id='word_1_490' title='bbox 3158 1901 3364 1965; x_wconf 87' lang='lat' dir='ltr'><strong>facitis;</strong></span> <span class='ocrx_word' id='word_1_491' title='bbox 3418 1901 3461 1954; x_wconf 89' lang='lat' dir='ltr'><strong>si</strong></span> <span class='ocrx_word' id='word_1_492' title='bbox 3501 1902 3812 1955; x_wconf 82' lang='lat' dir='ltr'><strong>certissime</strong></span> 
     </span>
    </p>
   </div>
   <div class='ocr_carea' id='block_1_67' title="bbox 2228 1991 3813 2062">
    <p class='ocr_par' dir='ltr' id='par_1_67' title="bbox 2228 1991 3813 2062">
     <span class='ocr_line' id='line_1_67' title="bbox 2228 1991 3813 2062; baseline -0.001 -13"><span class='ocrx_word' id='word_1_493' title='bbox 2228 1994 2469 2059; x_wconf 87' lang='lat' dir='ltr'><strong>creditis;</strong></span> <span class='ocrx_word' id='word_1_494' title='bbox 2511 1993 2635 2062; x_wconf 89' lang='lat' dir='ltr'><strong>quia</strong></span> <span class='ocrx_word' id='word_1_495' title='bbox 2666 2000 2869 2061; x_wconf 90' lang='lat' dir='ltr'><strong>quanto</strong></span> <span class='ocrx_word' id='word_1_496' title='bbox 2896 1991 3090 2046; x_wconf 86' lang='lat' dir='ltr'><strong>fortius</strong></span> <span class='ocrx_word' id='word_1_497' title='bbox 3112 2000 3337 2061; x_wconf 86' lang='lat' dir='ltr'><strong>propter</strong></span> <span class='ocrx_word' id='word_1_498' title='bbox 3364 2007 3607 2046; x_wconf 89' lang='lat' dir='ltr'><strong>amorem</strong></span> <span class='ocrx_word' id='word_1_499' title='bbox 3638 1992 3733 2047; x_wconf 87' lang='lat' dir='ltr'><strong>Dei</strong></span> <span class='ocrx_word' id='word_1_500' title='bbox 3756 2005 3813 2046; x_wconf 88' lang='lat' dir='ltr'><strong>et</strong></span> 
     </span>
    </p>
   </div>
   <div class='ocr_carea' id='block_1_68' title="bbox 2226 2083 3813 2155">
    <p class='ocr_par' dir='ltr' id='par_1_68' title="bbox 2226 2083 3813 2155">
     <span class='ocr_line' id='line_1_68' title="bbox 2226 2083 3813 2155; baseline -0.002 -16"><span class='ocrx_word' id='word_1_501' title='bbox 2226 2086 2477 2155; x_wconf 76' lang='lat' dir='ltr'><strong>proximi,</strong></span> <span class='ocrx_word' id='word_1_502' title='bbox 2504 2085 2797 2139; x_wconf 88' lang='lat' dir='ltr'><strong>humanum</strong></span> <span class='ocrx_word' id='word_1_503' title='bbox 2823 2083 3081 2137; x_wconf 82' lang='lat' dir='ltr'><strong>auxilium</strong></span> <span class='ocrx_word' id='word_1_504' title='bbox 3108 2083 3399 2146; x_wconf 89' lang='lat' dir='ltr'><strong>dimittitis,</strong></span> <span class='ocrx_word' id='word_1_505' title='bbox 3448 2092 3598 2137; x_wconf 88' lang='lat' dir='ltr'><strong>tanto</strong></span> <span class='ocrx_word' id='word_1_506' title='bbox 3658 2084 3813 2137; x_wconf 83' lang='lat' dir='ltr'><strong>fami-</strong></span> 
     </span>
    </p>
   </div>
   <div class='ocr_carea' id='block_1_69' title="bbox 2226 2173 3808 2241">
    <p class='ocr_par' dir='ltr' id='par_1_69' title="bbox 2226 2173 3808 2241">
     <span class='ocr_line' id='line_1_69' title="bbox 2226 2173 3808 2241; baseline -0.003 -12"><span class='ocrx_word' id='word_1_507' title='bbox 2226 2176 2413 2230; x_wconf 88' lang='lat' dir='ltr'><strong>liarius</strong></span> <span class='ocrx_word' id='word_1_508' title='bbox 2442 2184 2494 2229; x_wconf 91' lang='lat' dir='ltr'><strong>et</strong></span> <span class='ocrx_word' id='word_1_509' title='bbox 2517 2174 2759 2229; x_wconf 81' lang='lat' dir='ltr'><strong>securius</strong></span> <span class='ocrx_word' id='word_1_510' title='bbox 2789 2188 2884 2228; x_wconf 83' lang='lat' dir='ltr'><strong>vos</strong></span> <span class='ocrx_word' id='word_1_511' title='bbox 2918 2173 3112 2226; x_wconf 71' lang='lat' dir='ltr'><strong>divina:</strong></span> <span class='ocrx_word' id='word_1_512' title='bbox 3146 2173 3470 2241; x_wconf 89' lang='lat' dir='ltr'><strong>protectioni</strong></span> <span class='ocrx_word' id='word_1_513' title='bbox 3501 2174 3808 2227; x_wconf 56' lang='lat' dir='ltr'><strong>committi-</strong></span> 
     </span>
    </p>
   </div>
   <div class='ocr_carea' id='block_1_70' title="bbox 2228 2261 3810 2334">
    <p class='ocr_par' dir='ltr' id='par_1_70' title="bbox 2228 2261 3810 2334">
     <span class='ocr_line' id='line_1_70' title="bbox 2228 2261 3810 2334; baseline -0.001 -15"><span class='ocrx_word' id='word_1_514' title='bbox 2228 2266 2313 2319; x_wconf 91' lang='lat' dir='ltr'><strong>tis.</strong></span> <span class='ocrx_word' id='word_1_515' title='bbox 2342 2264 2589 2320; x_wconf 86' lang='lat' dir='ltr'><strong>Conlidat</strong></span> <span class='ocrx_word' id='word_1_516' title='bbox 2617 2278 2747 2334; x_wconf 87' lang='lat' dir='ltr'><strong>ergo</strong></span> <span class='ocrx_word' id='word_1_517' title='bbox 2774 2264 2827 2317; x_wconf 90' lang='lat' dir='ltr'><strong>in</strong></span> <span class='ocrx_word' id='word_1_518' title='bbox 2859 2264 2969 2317; x_wconf 89' lang='lat' dir='ltr'><strong>Deo</strong></span> <span class='ocrx_word' id='word_1_519' title='bbox 3002 2261 3240 2333; x_wconf 81' lang='lat' dir='ltr'><strong>prudens</strong></span> <span class='ocrx_word' id='word_1_520' title='bbox 3290 2273 3471 2317; x_wconf 89' lang='lat' dir='ltr'><strong>vestra</strong></span> <span class='ocrx_word' id='word_1_521' title='bbox 3524 2262 3810 2328; x_wconf 81' lang='lat' dir='ltr'><strong>fortitudo,</strong></span> 
     </span>
    </p>
   </div>
   <div class='ocr_carea' id='block_1_71' title="bbox 2224 2355 3816 2426">
    <p class='ocr_par' dir='ltr' id='par_1_71' title="bbox 2224 2355 3816 2426">
     <span class='ocr_line' id='line_1_71' title="bbox 2224 2355 3816 2426; baseline -0.002 -14"><span class='ocrx_word' id='word_1_522' title='bbox 2224 2368 2277 2412; x_wconf 91' lang='lat' dir='ltr'><strong>et</strong></span> <span class='ocrx_word' id='word_1_523' title='bbox 2303 2357 2456 2411; x_wconf 89' lang='lat' dir='ltr'><strong>fortis</strong></span> <span class='ocrx_word' id='word_1_524' title='bbox 2485 2358 2767 2426; x_wconf 88' lang='lat' dir='ltr'><strong>prudentia</strong></span> <span class='ocrx_word' id='word_1_525' title='bbox 2802 2375 2815 2409; x_wconf 90' lang='lat'>:</span> <span class='ocrx_word' id='word_1_526' title='bbox 2845 2365 2900 2409; x_wconf 91' lang='lat' dir='ltr'><strong>et</strong></span> <span class='ocrx_word' id='word_1_527' title='bbox 2922 2357 3083 2420; x_wconf 88' lang='lat' dir='ltr'><strong>sicut,</strong></span> <span class='ocrx_word' id='word_1_528' title='bbox 3146 2355 3188 2408; x_wconf 94' lang='lat' dir='ltr'><strong>si</strong></span> <span class='ocrx_word' id='word_1_529' title='bbox 3246 2365 3492 2409; x_wconf 89' lang='lat' dir='ltr'><strong>mortuus</strong></span> <span class='ocrx_word' id='word_1_530' title='bbox 3539 2368 3681 2410; x_wconf 79' lang='lat' dir='ltr'><strong>esset</strong></span> <span class='ocrx_word' id='word_1_531' title='bbox 3727 2356 3816 2409; x_wconf 87' lang='lat' dir='ltr'><strong>vir</strong></span> 
     </span>
    </p>
   </div>
   <div class='ocr_carea' id='block_1_72' title="bbox 2226 2447 3818 2516">
    <p class='ocr_par' dir='ltr' id='par_1_72' title="bbox 2226 2447 3818 2516">
     <span class='ocr_line' id='line_1_72' title="bbox 2226 2447 3818 2516; baseline -0.001 -14"><span class='ocrx_word' id='word_1_532' title='bbox 2226 2449 2335 2514; x_wconf 71' lang='lat' dir='ltr'><strong>iile,</strong></span> <span class='ocrx_word' id='word_1_533' title='bbox 2366 2451 2666 2505; x_wconf 90' lang='lat' dir='ltr'><strong>absentiam</strong></span> <span class='ocrx_word' id='word_1_534' title='bbox 2723 2448 2839 2516; x_wconf 81' lang='lat' dir='ltr'><strong>ejus</strong></span> <span class='ocrx_word' id='word_1_535' title='bbox 2868 2447 3168 2502; x_wconf 70' lang='lat' dir='ltr'><strong>sul&#39;fcrretis</strong></span> <span class='ocrx_word' id='word_1_536' title='bbox 3222 2447 3473 2508; x_wconf 79' lang='lat' dir='ltr'><strong>nolendo.</strong></span> <span class='ocrx_word' id='word_1_537' title='bbox 3536 2448 3655 2502; x_wconf 88' lang='lat' dir='ltr'><strong>sine</strong></span> <span class='ocrx_word' id='word_1_538' title='bbox 3702 2447 3818 2501; x_wconf 88' lang='lat' dir='ltr'><strong>ullo</strong></span> 
     </span>
    </p>
   </div>
   <div class='ocr_carea' id='block_1_73' title="bbox 2224 2536 3816 2609">
    <p class='ocr_par' dir='ltr' id='par_1_73' title="bbox 2224 2536 3816 2609">
     <span class='ocr_line' id='line_1_73' title="bbox 2224 2536 3816 2609; baseline -0.001 -16"><span class='ocrx_word' id='word_1_539' title='bbox 2224 2541 2339 2609; x_wconf 86' lang='lat' dir='ltr'><strong>ejus</strong></span> <span class='ocrx_word' id='word_1_540' title='bbox 2369 2549 2424 2593; x_wconf 90' lang='lat' dir='ltr'><strong>et</strong></span> <span class='ocrx_word' id='word_1_541' title='bbox 2457 2550 2636 2593; x_wconf 87' lang='lat' dir='ltr'><strong>vestro</strong></span> <span class='ocrx_word' id='word_1_542' title='bbox 2659 2538 2929 2607; x_wconf 88' lang='lat' dir='ltr'><strong>proﬁcuo;</strong></span> <span class='ocrx_word' id='word_1_543' title='bbox 2965 2538 3035 2591; x_wconf 85' lang='lat' dir='ltr'><strong>ita</strong></span> <span class='ocrx_word' id='word_1_544' title='bbox 3065 2537 3193 2590; x_wconf 90' lang='lat' dir='ltr'><strong>dum</strong></span> <span class='ocrx_word' id='word_1_545' title='bbox 3232 2538 3380 2600; x_wconf 83' lang='lat' dir='ltr'><strong>vivit,</strong></span> <span class='ocrx_word' id='word_1_546' title='bbox 3414 2546 3603 2605; x_wconf 88' lang='lat' dir='ltr'><strong>sponte</strong></span> <span class='ocrx_word' id='word_1_547' title='bbox 3654 2536 3816 2591; x_wconf 83' lang='lat' dir='ltr'><strong>illam</strong></span> 
     </span>
    </p>
   </div>
   <div class='ocr_carea' id='block_1_74' title="bbox 2227 2626 3819 2699">
    <p class='ocr_par' dir='ltr' id='par_1_74' title="bbox 2227 2626 3819 2699">
     <span class='ocr_line' id='line_1_74' title="bbox 2227 2626 3819 2699; baseline -0.002 -15"><span class='ocrx_word' id='word_1_548' title='bbox 2227 2631 2457 2686; x_wconf 90' lang='lat' dir='ltr'><strong>tolerate</strong></span> <span class='ocrx_word' id='word_1_549' title='bbox 2495 2645 2592 2699; x_wconf 92' lang='lat' dir='ltr'><strong>pro</strong></span> <span class='ocrx_word' id='word_1_550' title='bbox 2632 2644 2826 2698; x_wconf 87' lang='lat' dir='ltr'><strong>magno</strong></span> <span class='ocrx_word' id='word_1_551' title='bbox 2853 2627 2967 2695; x_wconf 86' lang='lat' dir='ltr'><strong>ejus</strong></span> <span class='ocrx_word' id='word_1_552' title='bbox 2997 2636 3051 2682; x_wconf 92' lang='lat' dir='ltr'><strong>et</strong></span> <span class='ocrx_word' id='word_1_553' title='bbox 3083 2635 3260 2681; x_wconf 83' lang='lat' dir='ltr'><strong>vestro</strong></span> <span class='ocrx_word' id='word_1_554' title='bbox 3296 2626 3533 2696; x_wconf 68' lang='lat' dir='ltr'><strong>praemio.</strong></span> <span class='ocrx_word' id='word_1_555' title='bbox 3589 2628 3819 2681; x_wconf 79' lang='lat' dir='ltr'><strong>Conce-</strong></span> 
     </span>
    </p>
   </div>
   <div class='ocr_carea' id='block_1_75' title="bbox 2223 2717 3812 2787">
    <p class='ocr_par' dir='ltr' id='par_1_75' title="bbox 2223 2717 3812 2787">
     <span class='ocr_line' id='line_1_75' title="bbox 2223 2717 3812 2787; baseline -0.003 -11"><span class='ocrx_word' id='word_1_556' title='bbox 2223 2722 2333 2776; x_wconf 71' lang='lat' dir='ltr'><strong>dite</strong></span> <span class='ocrx_word' id='word_1_557' title='bbox 2362 2731 2422 2774; x_wconf 87' lang='lat' dir='ltr'><strong>ut</strong></span> <span class='ocrx_word' id='word_1_558' title='bbox 2448 2721 2616 2774; x_wconf 89' lang='lat' dir='ltr'><strong>libere</strong></span> <span class='ocrx_word' id='word_1_559' title='bbox 2642 2719 2805 2773; x_wconf 88' lang='lat' dir='ltr'><strong>faciat</strong></span> <span class='ocrx_word' id='word_1_560' title='bbox 2853 2720 2994 2787; x_wconf 87' lang='lat' dir='ltr'><strong>quod</strong></span> <span class='ocrx_word' id='word_1_561' title='bbox 3026 2718 3309 2778; x_wconf 86' lang='lat' dir='ltr'><strong>desiderat,</strong></span> <span class='ocrx_word' id='word_1_562' title='bbox 3340 2727 3615 2786; x_wconf 82' lang='lat' dir='ltr'><strong>quatenus</strong></span> <span class='ocrx_word' id='word_1_563' title='bbox 3642 2717 3812 2787; x_wconf 81' lang='lat'><strong>357</strong></span> 
     </span>
    </p>
   </div>
   <div class='ocr_carea' id='block_1_76' title="bbox 2222 2805 3811 2878">
    <p class='ocr_par' dir='ltr' id='par_1_76' title="bbox 2222 2805 3811 2878">
     <span class='ocr_line' id='line_1_76' title="bbox 2222 2805 3811 2878; baseline -0.003 -14"><span class='ocrx_word' id='word_1_564' title='bbox 2222 2827 2343 2865; x_wconf 89' lang='lat' dir='ltr'><strong>cum</strong></span> <span class='ocrx_word' id='word_1_565' title='bbox 2373 2810 2462 2863; x_wconf 89' lang='lat' dir='ltr'><strong>illo</strong></span> <span class='ocrx_word' id='word_1_566' title='bbox 2488 2809 2824 2878; x_wconf 87' lang='lat' dir='ltr'><strong>participetis</strong></span> <span class='ocrx_word' id='word_1_567' title='bbox 2850 2805 3175 2863; x_wconf 89' lang='lat' dir='ltr'><strong>mercedem.</strong></span> <span class='ocrx_word' id='word_1_568' title='bbox 3207 2805 3419 2861; x_wconf 90' lang='lat' dir='ltr'><strong>Sienitn</strong></span> <span class='ocrx_word' id='word_1_569' title='bbox 3448 2805 3591 2860; x_wconf 80' lang='lat' dir='ltr'><strong>Dens</strong></span> <span class='ocrx_word' id='word_1_570' title='bbox 3615 2821 3811 2861; x_wconf 87' lang='lat' dir='ltr'><strong>curam</strong></span> 
     </span>
    </p>
   </div>
   <div class='ocr_carea' id='block_1_77' title="bbox 2223 2896 3806 2970">
    <p class='ocr_par' dir='ltr' id='par_1_77' title="bbox 2223 2896 3806 2970">
     <span class='ocr_line' id='line_1_77' title="bbox 2223 2896 3806 2970; baseline -0.003 -19"><span class='ocrx_word' id='word_1_571' title='bbox 2223 2902 2364 2970; x_wconf 84' lang='lat' dir='ltr'><strong>gerit</strong></span> <span class='ocrx_word' id='word_1_572' title='bbox 2392 2901 2457 2954; x_wconf 92' lang='lat' dir='ltr'><strong>de</strong></span> <span class='ocrx_word' id='word_1_573' title='bbox 2488 2899 2663 2952; x_wconf 90' lang='lat' dir='ltr'><strong>viduis</strong></span> <span class='ocrx_word' id='word_1_574' title='bbox 2691 2913 2809 2967; x_wconf 69' lang='lat' dir='ltr'><strong>qua:</strong></span> <span class='ocrx_word' id='word_1_575' title='bbox 2840 2914 2943 2952; x_wconf 92' lang='lat' dir='ltr'><strong>non</strong></span> <span class='ocrx_word' id='word_1_576' title='bbox 2973 2905 3194 2966; x_wconf 88' lang='lat' dir='ltr'><strong>propter</strong></span> <span class='ocrx_word' id='word_1_577' title='bbox 3225 2896 3372 2949; x_wconf 92' lang='lat' dir='ltr'><strong>illum</strong></span> <span class='ocrx_word' id='word_1_578' title='bbox 3403 2906 3530 2949; x_wconf 89' lang='lat' dir='ltr'><strong>sunt</strong></span> <span class='ocrx_word' id='word_1_579' title='bbox 3582 2896 3764 2949; x_wconf 63' lang='lat' dir='ltr'><strong>vidum</strong></span> <span class='ocrx_word' id='word_1_580' title='bbox 3792 2913 3806 2947; x_wconf 91' lang='lat'>:</span> 
     </span>
    </p>
   </div>
   <div class='ocr_carea' id='block_1_78' title="bbox 2228 2985 3808 3055">
    <p class='ocr_par' dir='ltr' id='par_1_78' title="bbox 2228 2985 3808 3055">
     <span class='ocr_line' id='line_1_78' title="bbox 2228 2985 3808 3055; baseline -0.003 -13"><span class='ocrx_word' id='word_1_581' title='bbox 2228 2989 2393 3043; x_wconf 91' lang='lat' dir='ltr'><strong>multo</strong></span> <span class='ocrx_word' id='word_1_582' title='bbox 2422 2988 2639 3043; x_wconf 90' lang='lat' dir='ltr'><strong>charius</strong></span> <span class='ocrx_word' id='word_1_583' title='bbox 2661 2988 2804 3041; x_wconf 88' lang='lat' dir='ltr'><strong>illam</strong></span> <span class='ocrx_word' id='word_1_584' title='bbox 2833 2987 3032 3041; x_wconf 85' lang='lat' dir='ltr'><strong>fovebit</strong></span> <span class='ocrx_word' id='word_1_585' title='bbox 3061 3001 3224 3055; x_wconf 88' lang='lat' dir='ltr'><strong>quam</strong></span> <span class='ocrx_word' id='word_1_586' title='bbox 3250 3001 3350 3055; x_wconf 86' lang='lat' dir='ltr'><strong>pro</strong></span> <span class='ocrx_word' id='word_1_587' title='bbox 3379 3000 3474 3039; x_wconf 89' lang='lat' dir='ltr'><strong>suo</strong></span> <span class='ocrx_word' id='word_1_588' title='bbox 3504 3000 3695 3038; x_wconf 90' lang='lat' dir='ltr'><strong>amore</strong></span> <span class='ocrx_word' id='word_1_589' title='bbox 3724 2985 3808 3038; x_wconf 90' lang='lat' dir='ltr'><strong>vi-</strong></span> 
     </span>
    </p>
   </div>
   <div class='ocr_carea' id='block_1_79' title="bbox 2226 3075 3815 3148">
    <p class='ocr_par' dir='ltr' id='par_1_79' title="bbox 2226 3075 3815 3148">
     <span class='ocr_line' id='line_1_79' title="bbox 2226 3075 3815 3148; baseline -0.003 -15"><span class='ocrx_word' id='word_1_590' title='bbox 2226 3080 2372 3133; x_wconf 87' lang='lat' dir='ltr'><strong>debit</strong></span> <span class='ocrx_word' id='word_1_591' title='bbox 2399 3088 2591 3148; x_wconf 83' lang='lat' dir='ltr'><strong>sponte</strong></span> <span class='ocrx_word' id='word_1_592' title='bbox 2615 3078 2851 3132; x_wconf 90' lang='lat' dir='ltr'><strong>viduam.</strong></span> <span class='ocrx_word' id='word_1_593' title='bbox 2879 3076 3030 3142; x_wconf 83' lang='lat' dir='ltr'><strong>Quod</strong></span> <span class='ocrx_word' id='word_1_594' title='bbox 3057 3077 3099 3130; x_wconf 89' lang='lat' dir='ltr'><strong>si</strong></span> <span class='ocrx_word' id='word_1_595' title='bbox 3129 3077 3421 3146; x_wconf 84' lang='lat' dir='ltr'><strong>contigerit</strong></span> <span class='ocrx_word' id='word_1_596' title='bbox 3443 3076 3596 3145; x_wconf 89' lang='lat' dir='ltr'><strong>(quod</strong></span> <span class='ocrx_word' id='word_1_597' title='bbox 3632 3075 3780 3129; x_wconf 84' lang='lat' dir='ltr'><strong>forsi</strong></span> <span class='ocrx_word' id='word_1_598' title='bbox 3807 3101 3815 3111; x_wconf 90' lang='lat'><strong>-</strong></span> 
     </span>
    </p>
   </div>
   <div class='ocr_carea' id='block_1_80' title="bbox 2227 3166 3809 3241">
    <p class='ocr_par' dir='ltr' id='par_1_80' title="bbox 2227 3166 3809 3241">
     <span class='ocr_line' id='line_1_80' title="bbox 2227 3166 3809 3241; baseline -0.003 -16"><span class='ocrx_word' id='word_1_599' title='bbox 2227 3183 2313 3225; x_wconf 89' lang='lat' dir='ltr'><strong>tan</strong></span> <span class='ocrx_word' id='word_1_600' title='bbox 2342 3187 2445 3227; x_wconf 91' lang='lat' dir='ltr'><strong>non</strong></span> <span class='ocrx_word' id='word_1_601' title='bbox 2472 3170 2595 3241; x_wconf 82' lang='lat' dir='ltr'><strong>erit)</strong></span> <span class='ocrx_word' id='word_1_602' title='bbox 2625 3178 2682 3223; x_wconf 87' lang='lat' dir='ltr'><strong>ut</strong></span> <span class='ocrx_word' id='word_1_603' title='bbox 2720 3180 2992 3223; x_wconf 90' lang='lat' dir='ltr'><strong>terrenum</strong></span> <span class='ocrx_word' id='word_1_604' title='bbox 3025 3167 3261 3237; x_wconf 89' lang='lat' dir='ltr'><strong>perdatis</strong></span> <span class='ocrx_word' id='word_1_605' title='bbox 3306 3168 3577 3228; x_wconf 80' lang='lat' dir='ltr'><strong>honorem,</strong></span> <span class='ocrx_word' id='word_1_606' title='bbox 3630 3166 3809 3220; x_wconf 81' lang='lat' dir='ltr'><strong>nolite</strong></span> 
     </span>
    </p>
   </div>
   <div class='ocr_carea' id='block_1_81' title="bbox 2223 3253 3808 3329">
    <p class='ocr_par' dir='ltr' id='par_1_81' title="bbox 2223 3253 3808 3329">
     <span class='ocr_line' id='line_1_81' title="bbox 2223 3253 3808 3329; baseline -0.005 -13"><span class='ocrx_word' id='word_1_607' title='bbox 2223 3261 2424 3323; x_wconf 85' lang='lat' dir='ltr'><strong>dolere,</strong></span> <span class='ocrx_word' id='word_1_608' title='bbox 2455 3260 2579 3329; x_wconf 91' lang='lat' dir='ltr'><strong>quia</strong></span> <span class='ocrx_word' id='word_1_609' title='bbox 2613 3259 2663 3312; x_wconf 88' lang='lat' dir='ltr'><strong>itt</strong></span> <span class='ocrx_word' id='word_1_610' title='bbox 2700 3258 2837 3312; x_wconf 67' lang='lat' dir='ltr'><strong>coelo</strong></span> <span class='ocrx_word' id='word_1_611' title='bbox 2866 3256 3137 3325; x_wconf 85' lang='lat' dir='ltr'><strong>recipietis</strong></span> <span class='ocrx_word' id='word_1_612' title='bbox 3184 3254 3485 3308; x_wconf 85' lang='lat' dir='ltr'><strong>meliorem.</strong></span> <span class='ocrx_word' id='word_1_613' title='bbox 3543 3253 3610 3305; x_wconf 78' lang='lat' dir='ltr'><strong>Et</strong></span> <span class='ocrx_word' id='word_1_614' title='bbox 3657 3266 3808 3308; x_wconf 84' lang='lat' dir='ltr'><strong>certe</strong></span> 
     </span>
    </p>
   </div>
   <div class='ocr_carea' id='block_1_82' title="bbox 2222 3346 3806 3421">
    <p class='ocr_par' dir='ltr' id='par_1_82' title="bbox 2222 3346 3806 3421">
     <span class='ocr_line' id='line_1_82' title="bbox 2222 3346 3806 3421; baseline -0.003 -18"><span class='ocrx_word' id='word_1_615' title='bbox 2222 3352 2365 3421; x_wconf 89' lang='lat' dir='ltr'><strong>quod</strong></span> <span class='ocrx_word' id='word_1_616' title='bbox 2392 3368 2419 3403; x_wconf 92' lang='lat' dir='ltr'><strong>a</strong></span> <span class='ocrx_word' id='word_1_617' title='bbox 2440 3350 2752 3404; x_wconf 87' lang='lat' dir='ltr'><strong>melioribus</strong></span> <span class='ocrx_word' id='word_1_618' title='bbox 2780 3358 2833 3401; x_wconf 91' lang='lat' dir='ltr'><strong>et</strong></span> <span class='ocrx_word' id='word_1_619' title='bbox 2856 3347 3274 3416; x_wconf 86' lang='lat' dir='ltr'><strong>sapientioribus</strong></span> <span class='ocrx_word' id='word_1_620' title='bbox 3302 3346 3529 3398; x_wconf 90' lang='lat' dir='ltr'><strong>multum</strong></span> <span class='ocrx_word' id='word_1_621' title='bbox 3559 3356 3806 3398; x_wconf 81' lang='lat' dir='ltr'><strong>conteru-</strong></span> 
     </span>
    </p>
   </div>
   <div class='ocr_carea' id='block_1_83' title="bbox 2223 3438 3803 3510">
    <p class='ocr_par' dir='ltr' id='par_1_83' title="bbox 2223 3438 3803 3510">
     <span class='ocr_line' id='line_1_83' title="bbox 2223 3438 3803 3510; baseline -0.003 -13"><span class='ocrx_word' id='word_1_622' title='bbox 2223 3444 2389 3507; x_wconf 84' lang='lat' dir='ltr'><strong>nitut‘,</strong></span> <span class='ocrx_word' id='word_1_623' title='bbox 2416 3458 2524 3497; x_wconf 85' lang='lat' dir='ltr'><strong>non</strong></span> <span class='ocrx_word' id='word_1_624' title='bbox 2557 3450 2641 3497; x_wconf 78' lang='lat' dir='ltr'><strong>est.</strong></span> <span class='ocrx_word' id='word_1_625' title='bbox 2671 3440 2897 3495; x_wconf 86' lang='lat' dir='ltr'><strong>multum</strong></span> <span class='ocrx_word' id='word_1_626' title='bbox 2926 3438 3237 3501; x_wconf 84' lang='lat' dir='ltr'><strong>dolendum,</strong></span> <span class='ocrx_word' id='word_1_627' title='bbox 3276 3438 3322 3490; x_wconf 87' lang='lat' dir='ltr'><strong>si</strong></span> <span class='ocrx_word' id='word_1_628' title='bbox 3373 3438 3641 3510; x_wconf 83' lang='lat' dir='ltr'><strong>perditur.</strong></span> <span class='ocrx_word' id='word_1_629' title='bbox 3681 3438 3803 3493; x_wconf 81' lang='lat' dir='ltr'><strong>Plus</strong></span> 
     </span>
    </p>
   </div>
   <div class='ocr_carea' id='block_1_84' title="bbox 2221 3534 3803 3604">
    <p class='ocr_par' dir='ltr' id='par_1_84' title="bbox 2221 3534 3803 3604">
     <span class='ocr_line' id='line_1_84' title="bbox 2221 3534 3803 3604; baseline -0.004 -14"><span class='ocrx_word' id='word_1_630' title='bbox 2221 3537 2422 3604; x_wconf 85' lang='lat' dir='ltr'><strong>aliquid</strong></span> <span class='ocrx_word' id='word_1_631' title='bbox 2462 3534 2648 3589; x_wconf 90' lang='lat' dir='ltr'><strong>vellem</strong></span> <span class='ocrx_word' id='word_1_632' title='bbox 2678 3534 2981 3597; x_wconf 88' lang='lat' dir='ltr'><strong>consulere,</strong></span> <span class='ocrx_word' id='word_1_633' title='bbox 3014 3534 3105 3588; x_wconf 84' lang='lat' dir='ltr'><strong>sed</strong></span> <span class='ocrx_word' id='word_1_634' title='bbox 3133 3550 3237 3586; x_wconf 91' lang='lat' dir='ltr'><strong>non</strong></span> <span class='ocrx_word' id='word_1_635' title='bbox 3288 3534 3491 3597; x_wconf 89' lang='lat' dir='ltr'><strong>audeo;</strong></span> <span class='ocrx_word' id='word_1_636' title='bbox 3527 3548 3685 3585; x_wconf 87' lang='lat' dir='ltr'><strong>orare</strong></span> <span class='ocrx_word' id='word_1_637' title='bbox 3727 3542 3803 3584; x_wconf 82' lang='lat' dir='ltr'><strong>ta-</strong></span> 
     </span>
    </p>
   </div>
   <div class='ocr_carea' id='block_1_85' title="bbox 2223 3622 3802 3691">
    <p class='ocr_par' dir='ltr' id='par_1_85' title="bbox 2223 3622 3802 3691">
     <span class='ocr_line' id='line_1_85' title="bbox 2223 3622 3802 3691; baseline -0.002 -13"><span class='ocrx_word' id='word_1_638' title='bbox 2223 3641 2345 3679; x_wconf 89' lang='lat' dir='ltr'><strong>men</strong></span> <span class='ocrx_word' id='word_1_639' title='bbox 2378 3639 2481 3678; x_wconf 91' lang='lat' dir='ltr'><strong>non</strong></span> <span class='ocrx_word' id='word_1_640' title='bbox 2515 3624 2698 3677; x_wconf 91' lang='lat' dir='ltr'><strong>timeo.</strong></span> <span class='ocrx_word' id='word_1_641' title='bbox 2736 3624 3091 3691; x_wconf 87' lang='lat' dir='ltr'><strong>Omnipotens</strong></span> <span class='ocrx_word' id='word_1_642' title='bbox 3113 3633 3165 3677; x_wconf 89' lang='lat' dir='ltr'><strong>et</strong></span> <span class='ocrx_word' id='word_1_643' title='bbox 3194 3623 3507 3677; x_wconf 87' lang='lat' dir='ltr'><strong>misericors</strong></span> <span class='ocrx_word' id='word_1_644' title='bbox 3563 3622 3706 3675; x_wconf 85' lang='lat' dir='ltr'><strong>Deus</strong></span> <span class='ocrx_word' id='word_1_645' title='bbox 3730 3624 3802 3675; x_wconf 69' lang='lat' dir='ltr'><strong>ita</strong></span> 
     </span>
    </p>
   </div>
   <div class='ocr_carea' id='block_1_86' title="bbox 2221 3714 3799 3782">
    <p class='ocr_par' dir='ltr' id='par_1_86' title="bbox 2221 3714 3799 3782">
     <span class='ocr_line' id='line_1_86' title="bbox 2221 3714 3799 3782; baseline -0.003 -13"><span class='ocrx_word' id='word_1_646' title='bbox 2221 3716 2309 3769; x_wconf 91' lang='lat' dir='ltr'><strong>det</strong></span> <span class='ocrx_word' id='word_1_647' title='bbox 2338 3715 2430 3768; x_wconf 89' lang='lat' dir='ltr'><strong>tibi</strong></span> <span class='ocrx_word' id='word_1_648' title='bbox 2456 3714 2635 3768; x_wconf 91' lang='lat' dir='ltr'><strong>mundi</strong></span> <span class='ocrx_word' id='word_1_649' title='bbox 2660 3723 3046 3782; x_wconf 88' lang='lat' dir='ltr'><strong>contemptum,</strong></span> <span class='ocrx_word' id='word_1_650' title='bbox 3084 3714 3224 3767; x_wconf 90' lang='lat' dir='ltr'><strong>sicut</strong></span> <span class='ocrx_word' id='word_1_651' title='bbox 3254 3714 3403 3767; x_wconf 86' lang='lat' dir='ltr'><strong>dedit</strong></span> <span class='ocrx_word' id='word_1_652' title='bbox 3435 3714 3554 3767; x_wconf 90' lang='lat' dir='ltr'><strong>viro</strong></span> <span class='ocrx_word' id='word_1_653' title='bbox 3584 3723 3712 3777; x_wconf 87' lang='lat' dir='ltr'><strong>tuo;</strong></span> <span class='ocrx_word' id='word_1_654' title='bbox 3744 3723 3799 3764; x_wconf 89' lang='lat' dir='ltr'><strong>ut</strong></span> 
     </span>
    </p>
   </div>
   <div class='ocr_carea' id='block_1_87' title="bbox 2222 3805 3798 3875">
    <p class='ocr_par' dir='ltr' id='par_1_87' title="bbox 2222 3805 3798 3875">
     <span class='ocr_line' id='line_1_87' title="bbox 2222 3805 3798 3875; baseline -0.001 -16"><span class='ocrx_word' id='word_1_655' title='bbox 2222 3808 2271 3859; x_wconf 92' lang='lat' dir='ltr'><strong>in</strong></span> <span class='ocrx_word' id='word_1_656' title='bbox 2300 3805 2504 3859; x_wconf 65' lang='lat' dir='ltr'><strong>caelesti</strong></span> <span class='ocrx_word' id='word_1_657' title='bbox 2538 3820 2701 3875; x_wconf 90' lang='lat' dir='ltr'><strong>regno</strong></span> <span class='ocrx_word' id='word_1_658' title='bbox 2731 3820 2829 3874; x_wconf 86' lang='lat' dir='ltr'><strong>par</strong></span> <span class='ocrx_word' id='word_1_659' title='bbox 2858 3805 2933 3859; x_wconf 93' lang='lat' dir='ltr'><strong>sis</strong></span> <span class='ocrx_word' id='word_1_660' title='bbox 2956 3805 3073 3859; x_wconf 89' lang='lat' dir='ltr'><strong>viro</strong></span> <span class='ocrx_word' id='word_1_661' title='bbox 3097 3815 3185 3859; x_wconf 90' lang='lat' dir='ltr'><strong>tuo</strong></span> <span class='ocrx_word' id='word_1_662' title='bbox 3218 3819 3372 3859; x_wconf 87' lang='lat' dir='ltr'><strong>soror</strong></span> <span class='ocrx_word' id='word_1_663' title='bbox 3403 3813 3458 3858; x_wconf 91' lang='lat' dir='ltr'><strong>et</strong></span> <span class='ocrx_word' id='word_1_664' title='bbox 3491 3805 3718 3859; x_wconf 82' lang='lat' dir='ltr'><strong>Domina</strong></span> <span class='ocrx_word' id='word_1_665' title='bbox 3747 3806 3798 3857; x_wconf 86' lang='lat' dir='ltr'><strong>in</strong></span> 
     </span>
    </p>
   </div>
   <div class='ocr_carea' id='block_1_88' title="bbox 2222 3897 2573 3953">
    <p class='ocr_par' dir='ltr' id='par_1_88' title="bbox 2222 3897 2573 3953">
     <span class='ocr_line' id='line_1_88' title="bbox 2222 3897 2573 3953; baseline -0.009 0"><span class='ocrx_word' id='word_1_666' title='bbox 2222 3899 2328 3953; x_wconf 78' lang='lat' dir='ltr'><strong>Deo</strong></span> <span class='ocrx_word' id='word_1_667' title='bbox 2360 3897 2573 3952; x_wconf 70' lang='lat' dir='ltr'><strong>dilecta.</strong></span> 
     </span>
    </p>
   </div>
   <div class='ocr_carea' id='block_1_89' title="bbox 2693 3986 3795 4043">
    <p class='ocr_par' dir='ltr' id='par_1_89' title="bbox 2693 3986 3795 4043">
     <span class='ocr_line' id='line_1_89' title="bbox 2693 3986 3795 4043; baseline 0.002 -2"><span class='ocrx_word' id='word_1_668' title='bbox 2693 3987 3026 4043; x_wconf 73' lang='lat' dir='ltr'><strong>EPISTOLA</strong></span> <span class='ocrx_word' id='word_1_669' title='bbox 3066 3986 3179 4041; x_wconf 82' lang='lat' dir='ltr'><strong>XLI</strong></span> <span class='ocrx_word' id='word_1_670' title='bbox 3206 3987 3294 4039; x_wconf 71' lang='lat'><strong>“’7.</strong></span> <span class='ocrx_word' id='word_1_671' title='bbox 3724 4018 3795 4043; x_wconf 44' lang='grc' dir='ltr'><strong>ε</strong></span> 
     </span>
    </p>
   </div>
   <div class='ocr_carea' id='block_1_90' title="bbox 2801 4094 3209 4134">
    <p class='ocr_par' dir='ltr' id='par_1_90' title="bbox 2801 4094 3209 4134">
     <span class='ocr_line' id='line_1_90' title="bbox 2801 4094 3209 4134; baseline -0.007 -1"><span class='ocrx_word' id='word_1_672' title='bbox 2801 4096 2868 4133; x_wconf 78' lang='lat' dir='ltr'><strong>AD</strong></span> <span class='ocrx_word' id='word_1_673' title='bbox 2917 4094 3209 4134; x_wconf 66' lang='lat' dir='ltr'><strong>FALCONEM.</strong></span> 
     </span>
    </p>
   </div>
   <div class='ocr_carea' id='block_1_91' title="bbox 2222 4169 3796 4239">
    <p class='ocr_par' dir='ltr' id='par_1_91' title="bbox 2222 4169 3796 4239">
     <span class='ocr_line' id='line_1_91' title="bbox 2222 4169 3796 4239; baseline -0.004 -14"><span class='ocrx_word' id='word_1_674' title='bbox 2222 4172 2293 4225; x_wconf 83' lang='lat' dir='ltr'><strong>De</strong></span> <span class='ocrx_word' id='word_1_675' title='bbox 2324 4171 2614 4234; x_wconf 81' lang='lat' dir='ltr'><strong>Iloscelino,</strong></span> <span class='ocrx_word' id='word_1_676' title='bbox 2661 4173 2748 4239; x_wconf 78' lang='lat' dir='ltr'><strong>qui</strong></span> <span class='ocrx_word' id='word_1_677' title='bbox 2796 4170 3156 4239; x_wconf 80' lang='lat' dir='ltr'><strong>Lanfrancmn</strong></span> <span class='ocrx_word' id='word_1_678' title='bbox 3193 4180 3239 4222; x_wconf 86' lang='lat' dir='ltr'><strong>et</strong></span> <span class='ocrx_word' id='word_1_679' title='bbox 3280 4169 3585 4222; x_wconf 71' lang='lat' dir='ltr'><strong>Attselmnm</strong></span> <span class='ocrx_word' id='word_1_680' title='bbox 3624 4186 3796 4221; x_wconf 70' lang='lat' dir='ltr'><strong>sema:</strong></span> 
     </span>
    </p>
   </div>
   <div class='ocr_carea' id='block_1_92' title="bbox 2286 4241 3798 4303">
    <p class='ocr_par' dir='ltr' id='par_1_92' title="bbox 2286 4241 3798 4303">
     <span class='ocr_line' id='line_1_92' title="bbox 2286 4241 3798 4303; baseline -0.004 -8"><span class='ocrx_word' id='word_1_681' title='bbox 2286 4244 2475 4295; x_wconf 79' lang='lat' dir='ltr'><strong>sentire</strong></span> <span class='ocrx_word' id='word_1_682' title='bbox 2525 4243 2723 4293; x_wconf 75' lang='lat' dir='ltr'><strong>diccbat</strong></span> <span class='ocrx_word' id='word_1_683' title='bbox 2761 4243 2813 4294; x_wconf 81' lang='lat' dir='ltr'><strong>in</strong></span> <span class='ocrx_word' id='word_1_684' title='bbox 2848 4242 2951 4293; x_wconf 84' lang='lat' dir='ltr'><strong>Deo</strong></span> <span class='ocrx_word' id='word_1_685' title='bbox 3002 4257 3110 4294; x_wconf 76' lang='lat' dir='ltr'><strong>esse</strong></span> <span class='ocrx_word' id='word_1_686' title='bbox 3154 4251 3255 4292; x_wconf 77' lang='lat' dir='ltr'><strong>tres</strong></span> <span class='ocrx_word' id='word_1_687' title='bbox 3310 4256 3411 4303; x_wconf 82' lang='lat' dir='ltr'><strong>res,</strong></span> <span class='ocrx_word' id='word_1_688' title='bbox 3454 4252 3499 4291; x_wconf 79' lang='lat' dir='ltr'><strong>et</strong></span> <span class='ocrx_word' id='word_1_689' title='bbox 3552 4256 3666 4291; x_wconf 57' lang='grc' dir='ltr'>ιιεέε</span> <span class='ocrx_word' id='word_1_690' title='bbox 3694 4241 3798 4290; x_wconf 77' lang='lat' dir='ltr'><strong>dici</strong></span> 
     </span>
    </p>
   </div>
   <div class='ocr_carea' id='block_1_93' title="bbox 2289 4315 2729 4381">
    <p class='ocr_par' dir='ltr' id='par_1_93' title="bbox 2289 4315 2729 4381">
     <span class='ocr_line' id='line_1_93' title="bbox 2289 4315 2729 4381; baseline -0.005 -18"><span class='ocrx_word' id='word_1_691' title='bbox 2289 4328 2435 4381; x_wconf 82' lang='lat' dir='ltr'><strong>posse</strong></span> <span class='ocrx_word' id='word_1_692' title='bbox 2458 4324 2558 4364; x_wconf 73' lang='lat' dir='ltr'><strong>tres</strong></span> <span class='ocrx_word' id='word_1_693' title='bbox 2591 4315 2729 4365; x_wconf 81' lang='lat' dir='ltr'><strong>deos.</strong></span> 
     </span>
    </p>
   </div>
   <div class='ocr_carea' id='block_1_94' title="bbox 545 4372 3800 4469">
    <p class='ocr_par' dir='ltr' id='par_1_94' title="bbox 545 4372 3800 4469">
     <span class='ocr_line' id='line_1_94' title="bbox 545 4372 3800 4469; baseline 0.002 -22"><span class='ocrx_word' id='word_1_694' title='bbox 545 4404 595 4447; x_wconf 91' lang='lat' dir='ltr'><strong>te</strong></span> <span class='ocrx_word' id='word_1_695' title='bbox 624 4395 757 4463; x_wconf 91' lang='lat' dir='ltr'><strong>cogit</strong></span> <span class='ocrx_word' id='word_1_696' title='bbox 793 4395 1054 4464; x_wconf 90' lang='lat' dir='ltr'><strong>impedire</strong></span> <span class='ocrx_word' id='word_1_697' title='bbox 1088 4399 1264 4451; x_wconf 90' lang='lat' dir='ltr'><strong>virum</strong></span> <span class='ocrx_word' id='word_1_698' title='bbox 1297 4407 1471 4462; x_wconf 89' lang='lat' dir='ltr'><strong>tuutn,</strong></span> <span class='ocrx_word' id='word_1_699' title='bbox 1508 4413 1575 4452; x_wconf 88' lang='lat' dir='ltr'><strong>ne</strong></span> <span class='ocrx_word' id='word_1_700' title='bbox 1628 4397 1863 4467; x_wconf 88' lang='lat' dir='ltr'><strong>perfecte</strong></span> <span class='ocrx_word' id='word_1_701' title='bbox 1906 4409 2116 4468; x_wconf 79' lang='lat' dir='ltr'><strong>quaerat</strong></span> <span class='ocrx_word' id='word_1_702' title='bbox 2147 4372 2193 4430; x_wconf 71' lang='grc' dir='ltr'>θ</span> <span class='ocrx_word' id='word_1_703' title='bbox 2298 4402 2521 4455; x_wconf 85' lang='grc' dir='ltr'>υοιιιίιιο</span> <span class='ocrx_word' id='word_1_704' title='bbox 2542 4411 2596 4455; x_wconf 91' lang='lat' dir='ltr'><strong>ct</strong></span> <span class='ocrx_word' id='word_1_705' title='bbox 2629 4404 2800 4455; x_wconf 87' lang='lat' dir='ltr'><strong>am&#39;co</strong></span> <span class='ocrx_word' id='word_1_706' title='bbox 2831 4401 3168 4465; x_wconf 79' lang='lat' dir='ltr'><strong>charissima,</strong></span> <span class='ocrx_word' id='word_1_707' title='bbox 3215 4400 3512 4453; x_wconf 82' lang='lat' dir='ltr'><strong>reverenda</strong></span> <span class='ocrx_word' id='word_1_708' title='bbox 3548 4400 3800 4469; x_wconf 82' lang='lat' dir='ltr'><strong>episcopo</strong></span> 
     </span>
    </p>
   </div>
   <div class='ocr_carea' id='block_1_95' title="bbox 540 4484 2111 4560">
    <p class='ocr_par' dir='ltr' id='par_1_95' title="bbox 540 4484 2111 4560">
     <span class='ocr_line' id='line_1_95' title="bbox 540 4484 2111 4560; baseline 0.004 -21"><span class='ocrx_word' id='word_1_709' title='bbox 540 4484 768 4539; x_wconf 91' lang='lat' dir='ltr'><strong>salutem</strong></span> <span class='ocrx_word' id='word_1_710' title='bbox 801 4486 992 4539; x_wconf 77' lang='lat' dir='ltr'><strong>anima:</strong></span> <span class='ocrx_word' id='word_1_711' title='bbox 1015 4503 1144 4550; x_wconf 62' lang='lat' dir='ltr'><strong>sua},</strong></span> <span class='ocrx_word' id='word_1_712' title='bbox 1174 4504 1463 4556; x_wconf 89' lang='lat' dir='ltr'><strong>quamnon</strong></span> <span class='ocrx_word' id='word_1_713' title='bbox 1505 4490 1684 4543; x_wconf 84' lang='lat' dir='ltr'><strong>minus</strong></span> <span class='ocrx_word' id='word_1_714' title='bbox 1715 4490 1903 4560; x_wconf 87' lang='lat' dir='ltr'><strong>deligis</strong></span> <span class='ocrx_word' id='word_1_715' title='bbox 1949 4506 2111 4558; x_wconf 86' lang='lat' dir='ltr'><strong>quam</strong></span> 
     </span>
    </p>
   </div>
   <div class='ocr_carea' id='block_1_96' title="bbox 542 4575 2113 4649">
    <p class='ocr_par' dir='ltr' id='par_1_96' title="bbox 542 4575 2113 4649">
     <span class='ocr_line' id='line_1_96' title="bbox 542 4575 2113 4649; baseline 0.004 -20"><span class='ocrx_word' id='word_1_716' title='bbox 542 4575 1059 4631; x_wconf 81' lang='lat' dir='ltr'><strong>tttam?Nullatenus</strong></span> <span class='ocrx_word' id='word_1_717' title='bbox 1106 4579 1248 4630; x_wconf 88' lang='lat' dir='ltr'><strong>enim</strong></span> <span class='ocrx_word' id='word_1_718' title='bbox 1280 4580 1363 4632; x_wconf 92' lang='lat' dir='ltr'><strong>vel</strong></span> <span class='ocrx_word' id='word_1_719' title='bbox 1412 4581 1755 4649; x_wconf 88' lang='lat' dir='ltr'><strong>cogitandum</strong></span> <span class='ocrx_word' id='word_1_720' title='bbox 1804 4592 1885 4635; x_wconf 91' lang='lat' dir='ltr'><strong>est</strong></span> <span class='ocrx_word' id='word_1_721' title='bbox 1924 4591 1981 4635; x_wconf 91' lang='lat' dir='ltr'><strong>ut</strong></span> <span class='ocrx_word' id='word_1_722' title='bbox 2013 4582 2113 4636; x_wconf 91' lang='lat' dir='ltr'><strong>hoc</strong></span> 
     </span>
    </p>
   </div>
   <div class='ocr_carea' id='block_1_97' title="bbox 538 4669 2106 4741">
    <p class='ocr_par' dir='ltr' id='par_1_97' title="bbox 538 4669 2106 4741">
     <span class='ocr_line' id='line_1_97' title="bbox 538 4669 2106 4741; baseline 0.002 -19"><span class='ocrx_word' id='word_1_723' title='bbox 538 4669 705 4723; x_wconf 88' lang='lat' dir='ltr'><strong>facias</strong></span> <span class='ocrx_word' id='word_1_724' title='bbox 748 4678 968 4738; x_wconf 86' lang='lat' dir='ltr'><strong>propter</strong></span> <span class='ocrx_word' id='word_1_725' title='bbox 1017 4669 1174 4721; x_wconf 88' lang='lat' dir='ltr'><strong>vilem</strong></span> <span class='ocrx_word' id='word_1_726' title='bbox 1238 4670 1419 4723; x_wconf 89' lang='lat' dir='ltr'><strong>carnis</strong></span> <span class='ocrx_word' id='word_1_727' title='bbox 1456 4671 1893 4736; x_wconf 87' lang='lat' dir='ltr'><strong>delectationem,</strong></span> <span class='ocrx_word' id='word_1_728' title='bbox 1946 4687 2106 4741; x_wconf 89' lang='lat' dir='ltr'><strong>quam</strong></span> 
     </span>
    </p>
   </div>
   <div class='ocr_carea' id='block_1_98' title="bbox 539 4762 2107 4834">
    <p class='ocr_par' dir='ltr' id='par_1_98' title="bbox 539 4762 2107 4834">
     <span class='ocr_line' id='line_1_98' title="bbox 539 4762 2107 4834; baseline 0.003 -21"><span class='ocrx_word' id='word_1_729' title='bbox 539 4771 766 4828; x_wconf 90' lang='lat' dir='ltr'><strong>tantum,</strong></span> <span class='ocrx_word' id='word_1_730' title='bbox 791 4772 1073 4830; x_wconf 88' lang='lat' dir='ltr'><strong>postquam</strong></span> <span class='ocrx_word' id='word_1_731' title='bbox 1099 4763 1212 4830; x_wconf 90' lang='lat' dir='ltr'><strong>ipse</strong></span> <span class='ocrx_word' id='word_1_732' title='bbox 1243 4777 1273 4815; x_wconf 92' lang='lat' dir='ltr'><strong>a</strong></span> <span class='ocrx_word' id='word_1_733' title='bbox 1308 4771 1358 4814; x_wconf 92' lang='lat' dir='ltr'><strong>te</strong></span> <span class='ocrx_word' id='word_1_734' title='bbox 1389 4762 1656 4828; x_wconf 86' lang='lat' dir='ltr'><strong>disecssit,</strong></span> <span class='ocrx_word' id='word_1_735' title='bbox 1693 4765 2066 4834; x_wconf 87' lang='lat' dir='ltr'><strong>contempsisti</strong></span> <span class='ocrx_word' id='word_1_736' title='bbox 2096 4783 2107 4817; x_wconf 93' lang='lat'><strong>:</strong></span> 
     </span>
    </p>
   </div>
   <div class='ocr_carea' id='block_1_99' title="bbox 535 4854 2112 4923">
    <p class='ocr_par' dir='ltr' id='par_1_99' title="bbox 535 4854 2112 4923">
     <span class='ocr_line' id='line_1_99' title="bbox 535 4854 2112 4923; baseline 0.003 -18"><span class='ocrx_word' id='word_1_737' title='bbox 535 4861 592 4906; x_wconf 84' lang='grc' dir='ltr'><strong>ιιι</strong></span> <span class='ocrx_word' id='word_1_738' title='bbox 616 4869 680 4906; x_wconf 90' lang='lat' dir='ltr'><strong>ne</strong></span> <span class='ocrx_word' id='word_1_739' title='bbox 704 4854 876 4906; x_wconf 89' lang='lat' dir='ltr'><strong>virum</strong></span> <span class='ocrx_word' id='word_1_740' title='bbox 909 4854 1135 4907; x_wconf 87' lang='lat' dir='ltr'><strong>alterum</strong></span> <span class='ocrx_word' id='word_1_741' title='bbox 1165 4854 1493 4923; x_wconf 89' lang='lat' dir='ltr'><strong>susciperes,</strong></span> <span class='ocrx_word' id='word_1_742' title='bbox 1550 4869 1671 4906; x_wconf 90' lang='lat' dir='ltr'><strong>cum</strong></span> <span class='ocrx_word' id='word_1_743' title='bbox 1720 4856 1863 4908; x_wconf 91' lang='lat' dir='ltr'><strong>hunc</strong></span> <span class='ocrx_word' id='word_1_744' title='bbox 1912 4856 2112 4910; x_wconf 88' lang='lat' dir='ltr'><strong>habere</strong></span> 
     </span>
    </p>
   </div>
   <div class='ocr_carea' id='block_1_100' title="bbox 534 4946 2112 5015">
    <p class='ocr_par' dir='ltr' id='par_1_100' title="bbox 534 4946 2112 5015">
     <span class='ocr_line' id='line_1_100' title="bbox 534 4946 2112 5015; baseline 0.003 -17"><span class='ocrx_word' id='word_1_745' title='bbox 534 4962 638 5000; x_wconf 91' lang='lat' dir='ltr'><strong>non</strong></span> <span class='ocrx_word' id='word_1_746' title='bbox 670 4961 873 5013; x_wconf 79' lang='lat' dir='ltr'><strong>posses,</strong></span> <span class='ocrx_word' id='word_1_747' title='bbox 904 4946 1099 5000; x_wconf 90' lang='lat' dir='ltr'><strong>multas</strong></span> <span class='ocrx_word' id='word_1_748' title='bbox 1126 4961 1283 5015; x_wconf 91' lang='lat' dir='ltr'><strong>passa</strong></span> <span class='ocrx_word' id='word_1_749' title='bbox 1338 4947 1414 5001; x_wconf 88' lang='lat' dir='ltr'><strong>sis</strong></span> <span class='ocrx_word' id='word_1_750' title='bbox 1471 4946 1865 5014; x_wconf 90' lang='lat' dir='ltr'><strong>tribulationes,</strong></span> <span class='ocrx_word' id='word_1_751' title='bbox 1915 4951 2112 5003; x_wconf 87' lang='lat' dir='ltr'><strong>multas</strong></span> 
     </span>
    </p>
   </div>
   <div class='ocr_carea' id='block_1_101' title="bbox 533 5039 2107 5108">
    <p class='ocr_par' dir='ltr' id='par_1_101' title="bbox 533 5039 2107 5108">
     <span class='ocr_line' id='line_1_101' title="bbox 533 5039 2107 5108; baseline 0.003 -18"><span class='ocrx_word' id='word_1_752' title='bbox 533 5039 806 5105; x_wconf 87' lang='lat' dir='ltr'><strong>respueris</strong></span> <span class='ocrx_word' id='word_1_753' title='bbox 860 5040 1255 5108; x_wconf 86' lang='lat' dir='ltr'><strong>persuasiones.</strong></span> <span class='ocrx_word' id='word_1_754' title='bbox 1307 5039 1461 5106; x_wconf 82' lang='lat' dir='ltr'><strong>Quod</strong></span> <span class='ocrx_word' id='word_1_755' title='bbox 1502 5040 1545 5094; x_wconf 93' lang='lat' dir='ltr'><strong>si</strong></span> <span class='ocrx_word' id='word_1_756' title='bbox 1609 5039 1821 5095; x_wconf 86' lang='lat' dir='ltr'><strong>detines</strong></span> <span class='ocrx_word' id='word_1_757' title='bbox 1871 5042 2107 5094; x_wconf 90' lang='lat' dir='ltr'><strong>animam</strong></span> 
     </span>
    </p>
   </div>
   <div class='ocr_carea' id='block_1_102' title="bbox 532 5128 2107 5207">
    <p class='ocr_par' dir='ltr' id='par_1_102' title="bbox 532 5128 2107 5207">
     <span class='ocr_line' id='line_1_102' title="bbox 532 5128 2107 5207; baseline 0.004 -26"><span class='ocrx_word' id='word_1_758' title='bbox 532 5128 648 5196; x_wconf 87' lang='lat' dir='ltr'><strong>ejus</strong></span> <span class='ocrx_word' id='word_1_759' title='bbox 668 5145 697 5181; x_wconf 89' lang='lat' dir='ltr'><strong>a</strong></span> <span class='ocrx_word' id='word_1_760' title='bbox 726 5130 916 5183; x_wconf 90' lang='lat' dir='ltr'><strong>salutis</strong></span> <span class='ocrx_word' id='word_1_761' title='bbox 940 5147 1048 5185; x_wconf 71' lang='lat' dir='ltr'><strong>sum</strong></span> <span class='ocrx_word' id='word_1_762' title='bbox 1078 5132 1341 5207; x_wconf 88' lang='lat' dir='ltr'><strong>profectu,</strong></span> <span class='ocrx_word' id='word_1_763' title='bbox 1369 5141 1591 5202; x_wconf 89' lang='lat' dir='ltr'><strong>propter</strong></span> <span class='ocrx_word' id='word_1_764' title='bbox 1620 5132 1851 5202; x_wconf 79' lang='lat' dir='ltr'><strong>gloriam</strong></span> <span class='ocrx_word' id='word_1_765' title='bbox 1874 5142 1929 5187; x_wconf 91' lang='lat' dir='ltr'><strong>et</strong></span> <span class='ocrx_word' id='word_1_766' title='bbox 1958 5150 2107 5188; x_wconf 89' lang='lat' dir='ltr'><strong>com-</strong></span> 
     </span>
    </p>
   </div>
   <div class='ocr_carea' id='block_1_103' title="bbox 533 5224 2108 5299">
    <p class='ocr_par' dir='ltr' id='par_1_103' title="bbox 533 5224 2108 5299">
     <span class='ocr_line' id='line_1_103' title="bbox 533 5224 2108 5299; baseline 0.006 -23"><span class='ocrx_word' id='word_1_767' title='bbox 533 5225 688 5277; x_wconf 86' lang='lat' dir='ltr'><strong>tnoda</strong></span> <span class='ocrx_word' id='word_1_768' title='bbox 721 5224 1030 5289; x_wconf 85' lang='lat' dir='ltr'><strong>temporalia</strong></span> <span class='ocrx_word' id='word_1_769' title='bbox 1069 5241 1186 5292; x_wconf 69' lang='lat' dir='ltr'><strong>qua:</strong></span> <span class='ocrx_word' id='word_1_770' title='bbox 1208 5243 1379 5288; x_wconf 87' lang='lat' dir='ltr'><strong>amas,</strong></span> <span class='ocrx_word' id='word_1_771' title='bbox 1407 5236 1461 5280; x_wconf 91' lang='lat' dir='ltr'><strong>et</strong></span> <span class='ocrx_word' id='word_1_772' title='bbox 1481 5243 1600 5296; x_wconf 62' lang='lat' dir='ltr'><strong>quae</strong></span> <span class='ocrx_word' id='word_1_773' title='bbox 1627 5237 1676 5282; x_wconf 89' lang='lat' dir='ltr'><strong>te</strong></span> <span class='ocrx_word' id='word_1_774' title='bbox 1702 5245 1796 5297; x_wconf 88' lang='lat' dir='ltr'><strong>per</strong></span> <span class='ocrx_word' id='word_1_775' title='bbox 1819 5228 1963 5283; x_wconf 91' lang='lat' dir='ltr'><strong>illum</strong></span> <span class='ocrx_word' id='word_1_776' title='bbox 1989 5245 2108 5299; x_wconf 82' lang='lat' dir='ltr'><strong>spe-</strong></span> 
     </span>
    </p>
   </div>
   <div class='ocr_carea' id='block_1_104' title="bbox 531 5316 2102 5389">
    <p class='ocr_par' dir='ltr' id='par_1_104' title="bbox 531 5316 2102 5389">
     <span class='ocr_line' id='line_1_104' title="bbox 531 5316 2102 5389; baseline 0.005 -22"><span class='ocrx_word' id='word_1_777' title='bbox 531 5329 620 5368; x_wconf 88' lang='lat' dir='ltr'><strong>ras</strong></span> <span class='ocrx_word' id='word_1_778' title='bbox 646 5329 804 5384; x_wconf 88' lang='lat' dir='ltr'><strong>posse</strong></span> <span class='ocrx_word' id='word_1_779' title='bbox 834 5316 1068 5370; x_wconf 85' lang='lat' dir='ltr'><strong>retinerc</strong></span> <span class='ocrx_word' id='word_1_780' title='bbox 1103 5336 1114 5369; x_wconf 89' lang='lat'>:</span> <span class='ocrx_word' id='word_1_781' title='bbox 1151 5320 1419 5386; x_wconf 87' lang='lat' dir='ltr'><strong>quomodo</strong></span> <span class='ocrx_word' id='word_1_782' title='bbox 1455 5320 1630 5389; x_wconf 76' lang='lat' dir='ltr'><strong>diligis</strong></span> <span class='ocrx_word' id='word_1_783' title='bbox 1658 5322 1893 5375; x_wconf 88' lang='lat' dir='ltr'><strong>animam</strong></span> <span class='ocrx_word' id='word_1_784' title='bbox 1938 5322 2102 5388; x_wconf 89' lang='lat' dir='ltr'><strong>illam,</strong></span> 
     </span>
    </p>
   </div>
   <div class='ocr_carea' id='block_1_105' title="bbox 2224 4490 3798 4549">
    <p class='ocr_par' dir='ltr' id='par_1_105' title="bbox 2224 4490 3798 4549">
     <span class='ocr_line' id='line_1_105' title="bbox 2224 4490 3798 4549; baseline -0.004 0"><span class='ocrx_word' id='word_1_785' title='bbox 2224 4495 2530 4549; x_wconf 84' lang='lat' dir='ltr'><strong>Belvacensi</strong></span> <span class='ocrx_word' id='word_1_786' title='bbox 2574 4493 2807 4547; x_wconf 72' lang='lat' dir='ltr'><strong>FULCONI</strong></span> <span class='ocrx_word' id='word_1_787' title='bbox 2858 4494 3028 4545; x_wconf 88' lang='lat' dir='ltr'><strong>frater</strong></span> <span class='ocrx_word' id='word_1_788' title='bbox 3073 4492 3355 4545; x_wconf 66' lang='lat' dir='ltr'><strong>Assenuus</strong></span> <span class='ocrx_word' id='word_1_789' title='bbox 3400 4490 3576 4545; x_wconf 87' lang='lat' dir='ltr'><strong>dictus</strong></span> <span class='ocrx_word' id='word_1_790' title='bbox 3635 4492 3798 4545; x_wconf 84' lang='lat' dir='ltr'><strong>abbas</strong></span> 
     </span>
    </p>
   </div>
   <div class='ocr_carea' id='block_1_106' title="bbox 2222 4584 2673 4647">
    <p class='ocr_par' dir='ltr' id='par_1_106' title="bbox 2222 4584 2673 4647">
     <span class='ocr_line' id='line_1_106' title="bbox 2222 4584 2673 4647; baseline 0 -9"><span class='ocrx_word' id='word_1_791' title='bbox 2222 4584 2398 4647; x_wconf 81' lang='lat' dir='ltr'><strong>Berei,</strong></span> <span class='ocrx_word' id='word_1_792' title='bbox 2426 4585 2673 4639; x_wconf 90' lang='lat' dir='ltr'><strong>salutem.</strong></span> 
     </span>
    </p>
   </div>
   <div class='ocr_carea' id='block_1_107' title="bbox 2292 4675 3799 4746">
    <p class='ocr_par' dir='ltr' id='par_1_107' title="bbox 2292 4675 3799 4746">
     <span class='ocr_line' id='line_1_107' title="bbox 2292 4675 3799 4746; baseline -0.007 -12"><span class='ocrx_word' id='word_1_793' title='bbox 2292 4678 2463 4733; x_wconf 87' lang='lat' dir='ltr'><strong>Audio</strong></span> <span class='ocrx_word' id='word_1_794' title='bbox 2497 4676 2661 4746; x_wconf 90' lang='lat' dir='ltr'><strong>(quod</strong></span> <span class='ocrx_word' id='word_1_795' title='bbox 2694 4685 2870 4729; x_wconf 89' lang='lat' dir='ltr'><strong>tamen</strong></span> <span class='ocrx_word' id='word_1_796' title='bbox 2905 4676 3107 4744; x_wconf 90' lang='lat' dir='ltr'><strong>absque</strong></span> <span class='ocrx_word' id='word_1_797' title='bbox 3138 4675 3415 4729; x_wconf 78' lang='lat' dir='ltr'><strong>dubietate</strong></span> <span class='ocrx_word' id='word_1_798' title='bbox 3438 4676 3663 4727; x_wconf 76' lang='lat' dir='ltr'><strong>credere</strong></span> <span class='ocrx_word' id='word_1_799' title='bbox 3692 4690 3799 4725; x_wconf 78' lang='lat' dir='ltr'><strong>non</strong></span> 
     </span>
    </p>
   </div>
   <div class='ocr_carea' id='block_1_108' title="bbox 2218 4765 3801 4842">
    <p class='ocr_par' dir='ltr' id='par_1_108' title="bbox 2218 4765 3801 4842">
     <span class='ocr_line' id='line_1_108' title="bbox 2218 4765 3801 4842; baseline -0.007 -16"><span class='ocrx_word' id='word_1_800' title='bbox 2218 4770 2460 4842; x_wconf 84' lang='lat' dir='ltr'><strong>possum)</strong></span> <span class='ocrx_word' id='word_1_801' title='bbox 2489 4770 2613 4837; x_wconf 93' lang='lat' dir='ltr'><strong>quia</strong></span> <span class='ocrx_word' id='word_1_802' title='bbox 2651 4767 2969 4821; x_wconf 76' lang='lat' dir='ltr'><strong>ltoscelinus</strong></span> <span class='ocrx_word' id='word_1_803' title='bbox 3014 4768 3245 4822; x_wconf 90' lang='lat' dir='ltr'><strong>clericus</strong></span> <span class='ocrx_word' id='word_1_804' title='bbox 3274 4766 3403 4819; x_wconf 89' lang='lat' dir='ltr'><strong>dicit</strong></span> <span class='ocrx_word' id='word_1_805' title='bbox 3449 4766 3503 4818; x_wconf 91' lang='lat' dir='ltr'><strong>in</strong></span> <span class='ocrx_word' id='word_1_806' title='bbox 3548 4765 3658 4818; x_wconf 53' lang='lat' dir='ltr'><strong>Deo</strong></span> <span class='ocrx_word' id='word_1_807' title='bbox 3687 4774 3801 4816; x_wconf 75' lang='lat' dir='ltr'><strong>tres</strong></span> 
     </span>
    </p>
   </div>
   <div class='ocr_carea' id='block_1_109' title="bbox 2216 4855 3800 4935">
    <p class='ocr_par' dir='ltr' id='par_1_109' title="bbox 2216 4855 3800 4935">
     <span class='ocr_line' id='line_1_109' title="bbox 2216 4855 3800 4935; baseline -0.007 -18"><span class='ocrx_word' id='word_1_808' title='bbox 2216 4879 2477 4935; x_wconf 87' lang='lat' dir='ltr'><strong>personas</strong></span> <span class='ocrx_word' id='word_1_809' title='bbox 2506 4876 2625 4914; x_wconf 88' lang='lat' dir='ltr'><strong>esse</strong></span> <span class='ocrx_word' id='word_1_810' title='bbox 2680 4870 2789 4913; x_wconf 90' lang='lat' dir='ltr'><strong>tres</strong></span> <span class='ocrx_word' id='word_1_811' title='bbox 2833 4874 2920 4912; x_wconf 90' lang='lat' dir='ltr'><strong>res</strong></span> <span class='ocrx_word' id='word_1_812' title='bbox 2953 4860 3019 4912; x_wconf 88' lang='lat' dir='ltr'><strong>ab</strong></span> <span class='ocrx_word' id='word_1_813' title='bbox 3050 4858 3275 4911; x_wconf 86' lang='lat' dir='ltr'><strong>invicem</strong></span> <span class='ocrx_word' id='word_1_814' title='bbox 3320 4865 3627 4925; x_wconf 80' lang='lat' dir='ltr'><strong>separatas.</strong></span> <span class='ocrx_word' id='word_1_815' title='bbox 3660 4855 3800 4907; x_wconf 75' lang='lat' dir='ltr'><strong>sicut</strong></span> 
     </span>
    </p>
   </div>
   <div class='ocr_carea' id='block_1_110' title="bbox 2214 4947 3801 5019">
    <p class='ocr_par' dir='ltr' id='par_1_110' title="bbox 2214 4947 3801 5019">
     <span class='ocr_line' id='line_1_110' title="bbox 2214 4947 3801 5019; baseline -0.008 -10"><span class='ocrx_word' id='word_1_816' title='bbox 2214 4965 2338 5010; x_wconf 80' lang='lat' dir='ltr'><strong>suat</strong></span> <span class='ocrx_word' id='word_1_817' title='bbox 2390 4964 2499 5007; x_wconf 89' lang='lat' dir='ltr'><strong>tres</strong></span> <span class='ocrx_word' id='word_1_818' title='bbox 2542 4950 2751 5019; x_wconf 85' lang='lat' dir='ltr'><strong>angeli,</strong></span> <span class='ocrx_word' id='word_1_819' title='bbox 2786 4951 2855 5004; x_wconf 91' lang='lat' dir='ltr'><strong>ita</strong></span> <span class='ocrx_word' id='word_1_820' title='bbox 2892 4962 3070 5003; x_wconf 87' lang='lat' dir='ltr'><strong>tamen</strong></span> <span class='ocrx_word' id='word_1_821' title='bbox 3109 4958 3169 5001; x_wconf 91' lang='lat' dir='ltr'><strong>nt</strong></span> <span class='ocrx_word' id='word_1_822' title='bbox 3216 4965 3316 5000; x_wconf 89' lang='lat' dir='ltr'><strong>una</strong></span> <span class='ocrx_word' id='word_1_823' title='bbox 3369 4949 3437 5000; x_wconf 91' lang='lat' dir='ltr'><strong>sit</strong></span> <span class='ocrx_word' id='word_1_824' title='bbox 3473 4947 3720 4999; x_wconf 78' lang='lat' dir='ltr'><strong>voluntas</strong></span> <span class='ocrx_word' id='word_1_825' title='bbox 3746 4956 3801 4998; x_wconf 83' lang='lat' dir='ltr'><strong>et</strong></span> 
     </span>
    </p>
   </div>
   <div class='ocr_carea' id='block_1_111' title="bbox 2214 5036 3800 5119">
    <p class='ocr_par' dir='ltr' id='par_1_111' title="bbox 2214 5036 3800 5119">
     <span class='ocr_line' id='line_1_111' title="bbox 2214 5036 3800 5119; baseline -0.011 -16"><span class='ocrx_word' id='word_1_826' title='bbox 2214 5056 2453 5119; x_wconf 88' lang='lat' dir='ltr'><strong>potestas</strong></span> <span class='ocrx_word' id='word_1_827' title='bbox 2486 5062 2498 5101; x_wconf 90' lang='lat'>:</span> <span class='ocrx_word' id='word_1_828' title='bbox 2534 5052 2627 5097; x_wconf 91' lang='lat' dir='ltr'><strong>aut</strong></span> <span class='ocrx_word' id='word_1_829' title='bbox 2665 5042 2877 5096; x_wconf 83' lang='lat' dir='ltr'><strong>Patrem</strong></span> <span class='ocrx_word' id='word_1_830' title='bbox 2918 5052 2971 5096; x_wconf 91' lang='lat' dir='ltr'><strong>et</strong></span> <span class='ocrx_word' id='word_1_831' title='bbox 3001 5040 3261 5109; x_wconf 87' lang='lat' dir='ltr'><strong>Spiritum</strong></span> <span class='ocrx_word' id='word_1_832' title='bbox 3289 5047 3534 5091; x_wconf 84' lang='lat' dir='ltr'><strong>sanctum</strong></span> <span class='ocrx_word' id='word_1_833' title='bbox 3567 5050 3686 5089; x_wconf 59' lang='lat' dir='ltr'><strong>eset:</strong></span> <span class='ocrx_word' id='word_1_834' title='bbox 3712 5036 3800 5087; x_wconf 88' lang='lat' dir='ltr'><strong>in-</strong></span> 
     </span>
    </p>
   </div>
   <div class='ocr_carea' id='block_1_112' title="bbox 2216 5127 3797 5201">
    <p class='ocr_par' dir='ltr' id='par_1_112' title="bbox 2216 5127 3797 5201">
     <span class='ocr_line' id='line_1_112' title="bbox 2216 5127 3797 5201; baseline -0.011 -8"><span class='ocrx_word' id='word_1_835' title='bbox 2216 5147 2517 5201; x_wconf 86' lang='lat' dir='ltr'><strong>carnalum,</strong></span> <span class='ocrx_word' id='word_1_836' title='bbox 2546 5144 2600 5189; x_wconf 89' lang='lat' dir='ltr'><strong>et</strong></span> <span class='ocrx_word' id='word_1_837' title='bbox 2635 5144 2744 5188; x_wconf 86' lang='lat' dir='ltr'><strong>tres</strong></span> <span class='ocrx_word' id='word_1_838' title='bbox 2785 5134 2913 5188; x_wconf 79' lang='lat' dir='ltr'><strong>deos</strong></span> <span class='ocrx_word' id='word_1_839' title='bbox 2952 5148 3079 5185; x_wconf 87' lang='lat' dir='ltr'><strong>vere</strong></span> <span class='ocrx_word' id='word_1_840' title='bbox 3118 5146 3275 5199; x_wconf 85' lang='lat' dir='ltr'><strong>posse</strong></span> <span class='ocrx_word' id='word_1_841' title='bbox 3304 5129 3409 5183; x_wconf 85' lang='lat' dir='ltr'><strong>dici</strong></span> <span class='ocrx_word' id='word_1_842' title='bbox 3446 5130 3490 5181; x_wconf 86' lang='lat' dir='ltr'><strong>si</strong></span> <span class='ocrx_word' id='word_1_843' title='bbox 3526 5144 3653 5180; x_wconf 86' lang='lat' dir='ltr'><strong>usus</strong></span> <span class='ocrx_word' id='word_1_844' title='bbox 3696 5127 3797 5177; x_wconf 59' lang='lat' dir='ltr'><strong>atl-</strong></span> 
     </span>
    </p>
   </div>
   <div class='ocr_carea' id='block_1_113' title="bbox 2218 5218 3799 5293">
    <p class='ocr_par' dir='ltr' id='par_1_113' title="bbox 2218 5218 3799 5293">
     <span class='ocr_line' id='line_1_113' title="bbox 2218 5218 3799 5293; baseline -0.009 -11"><span class='ocrx_word' id='word_1_845' title='bbox 2218 5230 2476 5283; x_wconf 86' lang='lat' dir='ltr'><strong>mitteret.</strong></span> <span class='ocrx_word' id='word_1_846' title='bbox 2518 5226 2574 5279; x_wconf 92' lang='lat' dir='ltr'><strong>ln</strong></span> <span class='ocrx_word' id='word_1_847' title='bbox 2631 5241 2736 5293; x_wconf 90' lang='lat' dir='ltr'><strong>qua</strong></span> <span class='ocrx_word' id='word_1_848' title='bbox 2781 5225 3050 5280; x_wconf 90' lang='lat' dir='ltr'><strong>sententia</strong></span> <span class='ocrx_word' id='word_1_849' title='bbox 3080 5223 3275 5277; x_wconf 88' lang='lat' dir='ltr'><strong>asserit</strong></span> <span class='ocrx_word' id='word_1_850' title='bbox 3302 5218 3632 5275; x_wconf 79' lang='lat' dir='ltr'><strong>venerabilis</strong></span> <span class='ocrx_word' id='word_1_851' title='bbox 3676 5233 3799 5269; x_wconf 71' lang='lat' dir='ltr'><strong>me-</strong></span> 
     </span>
    </p>
   </div>
   <div class='ocr_carea' id='block_1_114' title="bbox 2215 5310 3799 5385">
    <p class='ocr_par' dir='ltr' id='par_1_114' title="bbox 2215 5310 3799 5385">
     <span class='ocr_line' id='line_1_114' title="bbox 2215 5310 3799 5385; baseline -0.009 -11"><span class='ocrx_word' id='word_1_852' title='bbox 2215 5320 2401 5374; x_wconf 67' lang='lat' dir='ltr'><strong>moria:</strong></span> <span class='ocrx_word' id='word_1_853' title='bbox 2432 5316 2898 5385; x_wconf 85' lang='lat' dir='ltr'><strong>archiepiscopum</strong></span> <span class='ocrx_word' id='word_1_854' title='bbox 2940 5310 3545 5382; x_wconf 80' lang='lat' dir='ltr'><strong>Lattfrattcuttt_fuisse,</strong></span> <span class='ocrx_word' id='word_1_855' title='bbox 3601 5318 3657 5365; x_wconf 87' lang='lat' dir='ltr'><strong>et</strong></span> <span class='ocrx_word' id='word_1_856' title='bbox 3708 5324 3799 5360; x_wconf 82' lang='lat' dir='ltr'><strong>tne</strong></span> 
     </span>
    </p>
   </div>
   <div class='ocr_carea' id='block_1_115' title="bbox 1818 5454 2485 5513">
    <p class='ocr_par' dir='ltr' id='par_1_115' title="bbox 1818 5454 2485 5513">
     <span class='ocr_line' id='line_1_115' title="bbox 1818 5454 2485 5513; baseline -0.007 -1"><span class='ocrx_word' id='word_1_857' title='bbox 1818 5458 2048 5512; x_wconf 71' lang='lat' dir='ltr'><strong>VARIAS</strong></span> <span class='ocrx_word' id='word_1_858' title='bbox 2087 5454 2485 5513; x_wconf 63' lang='lat' dir='ltr'><strong>LECTIONES.</strong></span> 
     </span>
    </p>
   </div>
   <div class='ocr_carea' id='block_1_116' title="bbox 599 5556 3795 5639">
    <p class='ocr_par' dir='ltr' id='par_1_116' title="bbox 599 5556 3795 5639">
     <span class='ocr_line' id='line_1_116' title="bbox 599 5556 3795 5639; baseline -0.004 -21"><span class='ocrx_word' id='word_1_859' title='bbox 599 5562 892 5639; x_wconf 62' lang='lat' dir='ltr'><strong>&quot;_‘_Collata</strong></span> <span class='ocrx_word' id='word_1_860' title='bbox 915 5580 1029 5615; x_wconf 81' lang='lat' dir='ltr'><strong>cum</strong></span> <span class='ocrx_word' id='word_1_861' title='bbox 1055 5564 1229 5639; x_wconf 69' lang='lat' dir='ltr'><strong>eodem</strong></span> <span class='ocrx_word' id='word_1_862' title='bbox 1266 5581 1362 5616; x_wconf 77' lang='grc' dir='ltr'>ηις.</span> <span class='ocrx_word' id='word_1_863' title='bbox 1440 5565 1506 5597; x_wconf 65' lang='grc'><strong>⁵³⁸</strong></span> <span class='ocrx_word' id='word_1_864' title='bbox 1550 5567 1609 5620; x_wconf 84' lang='grc' dir='ltr'>Ει</span> <span class='ocrx_word' id='word_1_865' title='bbox 1641 5567 1846 5622; x_wconf 82' lang='lat' dir='ltr'><strong>ﬁdelem</strong></span> <span class='ocrx_word' id='word_1_866' title='bbox 1871 5570 2167 5625; x_wconf 85' lang='lat' dir='ltr'><strong>orationem</strong></span> <span class='ocrx_word' id='word_1_867' title='bbox 2190 5575 2367 5639; x_wconf 84' lang='lat' dir='ltr'><strong>ms._et</strong></span> <span class='ocrx_word' id='word_1_868' title='bbox 2404 5563 2590 5622; x_wconf 86' lang='lat' dir='ltr'><strong>ﬁdeles</strong></span> <span class='ocrx_word' id='word_1_869' title='bbox 2615 5563 2887 5620; x_wconf 88' lang='lat' dir='ltr'><strong>orationes</strong></span> <span class='ocrx_word' id='word_1_870' title='bbox 2942 5562 3031 5635; x_wconf 67' lang='lat'><strong>_““</strong></span> <span class='ocrx_word' id='word_1_871' title='bbox 3060 5558 3322 5629; x_wconf 85' lang='lat' dir='ltr'><strong>Proponis</strong></span> <span class='ocrx_word' id='word_1_872' title='bbox 3370 5573 3469 5610; x_wconf 84' lang='lat' dir='ltr'><strong>ms.</strong></span> <span class='ocrx_word' id='word_1_873' title='bbox 3521 5556 3795 5625; x_wconf 76' lang='lat' dir='ltr'><strong>praeponis</strong></span> 
     </span>
    </p>
   </div>
   <div class='ocr_carea' id='block_1_117' title="bbox 532 5623 1372 5687">
    <p class='ocr_par' dir='ltr' id='par_1_117' title="bbox 532 5623 1372 5687">
     <span class='ocr_line' id='line_1_117' title="bbox 532 5623 1372 5687; baseline 0.002 -3"><span class='ocrx_word' id='word_1_874' title='bbox 532 5623 599 5659; x_wconf 75' lang='grc'><strong>⁸³⁷</strong></span> <span class='ocrx_word' id='word_1_875' title='bbox 632 5632 833 5687; x_wconf 72' lang='lat' dir='ltr'><strong>Collata</strong></span> <span class='ocrx_word' id='word_1_876' title='bbox 883 5650 996 5687; x_wconf 79' lang='lat' dir='ltr'><strong>cum</strong></span> <span class='ocrx_word' id='word_1_877' title='bbox 1048 5635 1223 5684; x_wconf 78' lang='lat' dir='ltr'><strong>eodem</strong></span> <span class='ocrx_word' id='word_1_878' title='bbox 1274 5651 1372 5686; x_wconf 75' lang='lat' dir='ltr'><strong>ms.</strong></span> 
     </span>
    </p>
   </div>
   <div class='ocr_carea' id='block_1_118' title="bbox 2470 5766 2505 5783">
    <p class='ocr_par' dir='ltr' id='par_1_118' title="bbox 2470 5766 2505 5783">
     <span class='ocr_line' id='line_1_118' title="bbox 2470 5766 2505 5783; baseline 0 -2"><span class='ocrx_word' id='word_1_879' title='bbox 2470 5766 2505 5783; x_wconf 59' lang='lat'><strong>’-</strong></span> 
     </span>
    </p>
   </div>
   <div class='ocr_carea' id='block_1_119' title="bbox 1132 5912 3994 6302">
    <p class='ocr_par' dir='ltr' id='par_1_119' title="bbox 3654 5916 3990 6302">
     <span class='ocr_line' id='line_1_119' title="bbox 3654 5916 3990 6302; baseline -0.003 -234"><span class='ocrx_word' id='word_1_880' title='bbox 3654 6202 3661 6205; x_wconf 0' lang='lat' dir='ltr'><strong> </strong></span> <span class='ocrx_word' id='word_1_881' title='bbox 3980 5916 3990 6302; x_wconf 51' lang='grc' dir='ltr'><strong>ι</strong></span> 
     </span>
    </p>
   </div>
  </div>
