4056 6302
251 264 390 323 uas
490 245 509 263 '

1452 300 1453 303 η
1527 250 1655 307 LIB.
1694 250 1761 315 Il,
1803 247 2019 304 EPIST.
2060 244 2202 303 XLII

3344 234 3481 313 nat

248 389 390 432 esse.
420 373 755 445 Quapropter
770 371 971 427 dictum
994 376 1078 425 est
1102 366 1390 424 concilium
1411 362 1523 436 (3i)
1542 379 1570 418 a
1594 377 1814 419 venera-
1840 364 1890 424 Α
1922 359 2059 415 mitti
2090 359 2341 427 deposco.
2371 355 2518 424 Qum,
2565 353 2610 409 si
2656 353 2795 409 ratio
2824 350 3056 411 nominis
3083 349 3186 404 mei
3222 347 3484 419 exegerin

249 465 338 521 bili
355 463 466 537 (5i)
492 458 748 518 Remensi
768 459 1174 530 archiepiscopo
1188 455 1450 512 Rainaldo
1463 453 1818 524 colligendum

1921 448 1975 504 in
2004 449 2166 504 totius
2193 455 2490 503 conventus
2541 443 2813 499 audientia
2857 442 3133 511 legantur;
3176 441 3258 496 sin
3286 449 3491 507 autem,

250 531 373 610 esse
425 531 479 608 in
512 551 784 622 proximo.
817 549 1082 616 Quoniam
1123 562 1252 619 ergo
1280 554 1410 616 puto
1440 543 1819 600 Reverentiam
1919 554 2027 595 non
2056 538 2159 593 erit
2189 552 2324 609 opus
2348 546 2408 592 ut
2432 536 2679 603 legantur
2705 534 2797 587 ⁸⁸³.
2839 531 3027 587 Valete

249 650 482 698 vestram
501 639 574 695 ibi
600 647 917 710 prsesentcm
943 636 1210 701 futuram;
1242 633 1365 690 volo
1389 641 1449 688 ut
1467 633 1726 687 instructa
1752 629 1823 686 sit

249 733 377 805 quid
420 747 519 801 pro
571 745 659 786 me
705 729 1035 799 respondere
1068 725 1290 793 debeat,
1327 724 1373 780 si
1413 723 1554 778 ratio
1584 719 1823 792 exegerit

240 821 714 892 archiepiscopum
752 818 967 890 quidem
991 815 1353 871 Lanl‘rancum
1383 814 1490 867 vita
1516 812 1652 882 ejus,
1685 809 1823 868 mule

241 912 316 992 tis
345 911 608 981 religiosis
624 918 680 965 et
706 906 1039 979 sapientibus
1063 905 1196 959 viris
1219 902 1491 973 uota(52),
1516 901 1642 970 quia
1665 900 1732 954 de
1756 912 1823 954 eo

249 1016 523 1077 nunquam
555 1003 757 1074 aliquid
790 1000 897 1056 tale
924 999 1128 1065 sonuit,
1169 997 1237 1051 ab
1281 996 1384 1051 hoc
1409 994 1640 1049 crimine
1686 990 1823 1047 satis

248 1104 468 1154 excusat
491 1104 545 1151 et
570 1092 812 1149 absentia
838 1098 895 1145 et
916 1103 1062 1144 mors
1084 1085 1200 1155 ejus
1221 1099 1433 1141 omnem
1457 1083 1524 1138 de
1546 1096 1610 1137 eo
1626 1092 1823 1135 novam

246 1180 649 1245 accusationem
704 1181 1052 1260 recusatzbe
1087 1194 1175 1233 me
1219 1184 1399 1232 autem
1448 1175 1593 1230 hanc
1634 1184 1822 1225 veram

245 1292 437 1333 omnes
465 1274 710 1331 homines
755 1259 967 1327 habere
991 1267 1113 1322 volo
1150 1264 1496 1322 sententiam.
1528 1259 1622 1316 Sic
1668 1267 1823 1314 teneo

243 1384 312 1425 ea
336 1382 455 1438 quae
482 1363 801 1421 conﬁtemur
824 1362 877 1415 in
899 1356 1175 1430 Symbolo,
1205 1370 1328 1411 cum
1357 1351 1625 1408 dicimus:
1656 1347 1824 1404 Credo

243 1459 299 1513 in
353 1437 518 1511 Deum
563 1454 778 1510 Patrem
824 1450 1247 1520 omnipotentem,
1281 1452 1566 1499 creatorem
1620 1437 1733 1493 caeli
1774 1445 1827 1492 et

178 1584 184 1588 -
242 1556 421 1601 term.
449 1543 518 1611 Et
535 1561 547 1597 :
564 1540 731 1597 Credo
747 1540 800 1595 in
823 1554 985 1593 unum
1004 1536 1168 1592 Deum
1191 1532 1403 1588 Patrem
1426 1530 1826 1598 omnipotentem

245 1634 511 1707 [actorem
564 1624 676 1687 ι’ιέιὶ
719 1639 767 1685 et
806 1639 978 1684 terrce.
1007 1626 1124 1680 Et:
1159 1624 1464 1693 Quicunque
1509 1617 1615 1674 uult
1645 1616 1825 1672 salvus

242 1702 378 1792 esse,
407 1733 525 1779 ante
551 1724 728 1778 omnia
753 1738 883 1790 opus
910 1728 983 1773 est
1019 1726 1074 1771 ut
1103 1724 1273 1770 teneat
1297 1710 1612 1768 catholicam
1633 1709 1790 1780 ﬁdem
1807 1749 1823 1776 ,
1854 1702 1902 1765 Β

248 1831 302 1876 et
347 1833 412 1874 ea
444 1831 567 1887 quae
611 1820 933 1884 sequuntur.
982 1808 1113 1865 Ilaec.
1155 1808 1262 1861 tria
1320 1803 1645 1860 Christianae
1697 1816 1825 1856 eou-

249 1907 502 1963 t‘essionis
530 1904 601 1937 m
631 1896 915 1973 principia,
947 1911 1065 1968 qua:
1099 1896 1188 1951 hic
1230 1892 1494 1964 praeposui
1521 1890 1612 1953 ³³³,
1640 1890 1721 1944 sic
1745 1889 1828 1943 itt-

250 2012 437 2068 qnam,
461 1995 577 2050 haec
601 2004 656 2049 et
683 1978 848 2048 corde
882 1988 1045 2045 credo
1071 1996 1126 2042 et
1138 1973 1241 2041 ore
1269 1983 1530 2039 conﬁteor
1556 1990 1618 2035 ut
1645 1988 1827 2035 certus

248 2067 352 2141 sim
379 2085 505 2155 quia
534 2082 844 2152 quicunque
874 2079 1068 2133 horum
1111 2072 1315 2142 aliquid
1347 2084 1549 2141 negare
1569 2067 1825 2133 voluerit,

249 2182 305 2230 et
331 2172 654 2230 nominatim
694 2169 1003 2240 quicunque
1032 2162 1450 2232 blasphemiam,
1477 2174 1639 2229 quam
1665 2172 1826 2229 supra

249 2264 406 2334 posui
430 2277 516 2317 me
538 2261 753 2316 audisse
774 2277 805 2312 ει
829 2257 1118 2313 Roscelino
1145 2253 1273 2321 dici,
1308 2267 1405 2322 pro
1427 2252 1658 2306 veritate
1680 2263 1828 2305 asse-

252 2356 444 2419 ruerit,
480 2355 597 2409 sive
624 2353 808 2415 homo,
855 2350 969 2405 sive
1017 2346 1262 2418 angelus,
1297 2343 1585 2399 anathema
1623 2350 1740 2407 est;
1774 2349 1829 2395 et

253 2444 630 2502 conﬁrmando
657 2442 858 2505 dicam,
883 2439 1116 2510 quandiu
1163 2438 1216 2491 in
1246 2437 1348 2491 hac
1385 2433 1681 2505 perstiterit
1706 2447 1828 2502 per-

249 2535 473 2598 tinacia,
503 2533 788 2587 anathema
809 2532 900 2586 sit.
923 2530 1158 2587 Onmino
1187 2528 1331 2582 enim
1357 2525 1698 2581 Christianus
1719 2538 1826 2577 non

248 2632 355 2679 est.
383 2622 538 2688 Quod
584 2621 629 2675 si
665 2620 971 2690 baptizatus
997 2628 1053 2674 et
1083 2618 1229 2673 inter
1253 2615 1593 2672 Christianos
1624 2622 1706 2669 est
1729 2628 1828 2668 nu-

248 2716 436 2781 tritus,
467 2712 614 2768 nullo
639 2714 800 2769 modo
821 2711 1123 2767 audiendus
1151 2717 1268 2775 est;
1300 2723 1404 2764 nec
1431 2707 1538 2765 ulla
1566 2706 1709 2763 ratio
1734 2713 1830 2765 aut

248 2806 336 2864 sui
358 2804 673 2861 erroris'est
700 2802 768 2859 ab
793 2801 884 2859 illo
911 2801 1196 2872 exigenda,
1226 2808 1327 2855 aut.
1358 2808 1561 2857 nostrae
1584 2796 1829 2855 veritatis

247 2897 325 2953 illi
352 2905 441 2952 est
479 2894 814 2960 exhibenda;
855 2894 900 2951 si
933 2908 1081 2960 mox,
1119 2901 1181 2946 ut
1211 2891 1328 2961 ejus
1351 2891 1591 2964 "perﬁdia
1623 2890 1828 2959 absque

247 2986 530 3041 dubietate
586 2983 905 3049 innotuerit,
958 2992 1051 3036 aut
1081 2980 1506 3036 anathematizct
1558 2993 1824 3034 venenum

242 3076 395 3147 quod
426 3072 747 3144 proferendo
789 3071 1060 3134 evomuit,
1094 3078 1189 3125 aut
1227 3067 1712 3138 anathematizetur
1759 3068 1829 3122 ab
1854 3049 1900 3110 Ο

242 3164 506 3222 omnibus
532 3159 960 3224 Catholicis,nisi
991 3157 1298 3228 resipuerit.
1322 3154 1827 3224 lusipientissitnum

243 3254 400 3308 enim
435 3259 491 3317 et
522 3248 842 3304 inlruuitum
887 3247 959 3280 "°
988 3255 1095 3311 est,
1138 3253 1359 3317 propter
1391 3256 1829 3311 unumquemque

243 3360 356 3403 non
392 3340 781 3413 iutelligentem
814 3338 957 3409 quod
1002 3353 1169 3409 supra
1208 3336 1422 3392 ﬁrmam
1454 3342 1666 3406 petram
1696 3331 1828 3387 soli-

239 3435 477 3490 dissime
500 3432 781 3488 fundatum
803 3439 917 3499 est,
953 3429 1008 3486 in
1054 3427 1363 3485 nutantium
1385 3425 1729 3496 questionum
1755 3422 1827 3455 ὀι

240 3539 513 3583 revocare
537 3524 889 3581 dubietatem.
916 3522 1078 3578 Fides
1097 3521 1239 3578 enim
1270 3530 1459 3576 nostra
1485 3526 1679 3576 contra
1724 3516 1829 3572 im-

236 3618 365 3689 pios
397 3616 611 3671 ratione
636 3614 975 3672 defendenda
1000 3621 1113 3677 est;
1164 3627 1271 3668 non
1293 3619 1483 3667 contra
1508 3624 1602 3664 eos
1631 3608 1721 3679 qui
1769 3622 1829 3662 se

206 3706 549 3788 .Cbristiani
577 3706 814 3761 nominis
854 3706 1056 3760 honore
1081 3703 1319 3773 gaudere
1349 3701 1606 3755 fatentur.
1634 3700 1715 3754 Ab
1743 3699 1830 3753 his

228 3799 389 3854 enim
405 3794 558 3863 juste
578 3795 900 3865 exigendum
919 3802 1004 3848 est
1023 3802 1081 3847 ut
1100 3792 1407 3847 cautionem
1433 3792 1485 3845 in
1509 3791 1832 3860 baptismate

231 3888 452 3943 factam
489 3886 811 3941 inconcusse
843 3891 1090 3949 teneant;
1133 3883 1240 3938 illis
1267 3898 1396 3937 vero
1436 3881 1832 3936 rationabiliter

227 3975 652 4036 ostendendum
676 3983 763 4030 est
782 3989 946 4045 quam
975 3971 1417 4029 irrationabiliter
1460 3988 1560 4027 nos
1578 3982 1831 4027 contem-

2386 625 2718 684 EPISTOLA
2758 623 2898 679 XLII
2931 623 3022 676 ⁸⁸³³.

2471 715 2538 753 Δί)
2575 708 2944 751 ιΛΝΙῗΒΑΝιΞιΖΠ.

1922 791 2077 858 Quod
2099 784 2281 845 contra
2308 789 2624 844 voluntatem
2669 783 3047 858 consiliumque
3071 781 3169 858 sui
3195 777 3400 858 praelati
3442 776 3499 829 in

1992 862 2229 915 abbatem
2247 859 2445 913 assumi
2465 857 2754 911 consentire
2767 849 3026 922 nusquam
3046 849 3281 922 debuerit
3311 862 3329 900 :
3354 858 3502 922 c‘_nm_-

1988 946 2089 1012 que
2115 946 2217 1012 non
2242 928 2509 1012 intraverit
2532 941 2622 989 per
2640 915 2988 981 obedientiam
3017 921 3314 975 nullatenus
3341 919 3407 971 sit
3434 915 3501 969 ab

1991 997 2102 1069 ipso
2133 997 2529 1053 benedicendus.

1992 1087 2188 1143 Frater
2211 1088 2519 1150 Anseanus,
2553 1084 2799 1154 quamvis
2830 1083 3109 1154 indignus,
3134 1088 3311 1134 tamen
3335 1076 3503 1133 abbas

1924 1177 2243 1234 monasterii
2302 1175 2610 1240 Becceusis,
2658 1173 2813 1229 fratri
2858 1173 3205 1235 Lanrnaxco,
3235 1168 3503 1225 monacho

1924 1267 2165 1340 ejusdem
2191 1265 2450 1329 coenobii,
2476 1264 2747 1318 declinare
2768 1279 2798 1317 a
2825 1262 2969 1317 malo
2992 1270 3049 1316 et
3076 1261 3253 1315 facere
3278 1258 3501 1317 bonum.

1997 1358 2111 1428 Ego
2140 1355 2314 1413 frater
2345 1355 2638 1411 Auselmus
2660 1355 2713 1408 in
2743 1355 2908 1408 Deum
2940 1352 3168 1407 dilector
3196 1361 3340 1415 tuus,
3374 1348 3511 1404 lide-

1926 1445 1996 1505 Iis
2044 1445 2388 1502 consiliarius
2439 1453 2585 1508 tuus,
2645 1443 2829 1498 divina
2895 1441 3251 1512 dispositione
3304 1446 3361 1495 et
3415 1451 3509 1501 tua

1926 1537 2193 1595 electione
2212 1535 2382 1593 abbas
2414 1544 2559 1601 tuus,
2609 1535 2701 1589 tibi
2723 1574 2738 1598 ,
2772 1534 2942 1588 frater
2971 1532 3296 1598 Lanfrance,
3326 1532 3381 1585 in
3412 1543 3511 1585 no-

1926 1629 2076 1684 mine
2107 1628 2319 1683 Domiui
2356 1627 2527 1683 nostri
2555 1625 2683 1682 Iesu
2708 1624 2913 1681 Christi
2948 1638 3163 1691 moneo,
3190 1621 3416 1678 consulo
3455 1626 3513 1683 et

1930 1721 2188 1795 praecipio
2221 1728 2280 1775 ut
2344 1718 2632 1792 plusquam
2680 1717 2763 1773 bis
2802 1723 2896 1770 aut
2954 1722 3040 1769 ter
3084 1715 3294 1769 intente
3335 1712 3511 1786 perle-

1928 1827 2025 1884 gas
2076 1812 2216 1867 hanc
2276 1808 2489 1866 ﬁdelem
2532 1806 2816 1879 epistolam
2872 1820 3073 1868 meam,
3126 1814 3180 1858 et
3228 1804 3369 1861 inter
3414 1819 3511 1859 cur

1928 1904 2078 1981 tuum
2128 1901 2390 1957 assistens
2443 1915 2627 1956 coram
2677 1897 2928 1954 districto
2978 1894 3194 1964 judice,
3250 1895 3302 1948 in
3356 1894 3512 1962 cujus

1926 2000 2218 2062 conspectu
2246 2007 2463 2063 semper
2487 2006 2565 2055 es,
2602 1999 2905 2061 pcrtractes
2955 1987 3121 2043 verba
3144 1996 3201 2041 et
3223 1985 3509 2042 consilium

1928 2095 2129 2135 meum.
2159 2078 2313 2146 Quod
2351 2081 2396 2137 si
2426 2081 2610 2150 aliquo
2651 2079 2811 2134 modo
2853 2078 3054 2134 factum
3086 2075 3250 2130 fuerit
3281 2084 3340 2129 ut
3373 2074 3513 2128 alius

1927 2168 2097 2231 illam,
2131 2174 2183 2220 te
2237 2183 2344 2222 nou
2385 2167 2640 2237 habente.
2696 2176 2790 2222 aut
2834 2167 3015 2237 legere
3068 2164 3306 2220 nolente.
3344 2162 3508 2233 legat,

1927 2257 2118 2328 adjuro
2140 2275 2264 2315 eum
2297 2275 2395 2329 per
2416 2259 2844 2328 omnipotentem
2875 2257 3044 2311 Deum
3076 2264 3136 2309 ut
3163 2268 3267 2307 non
3296 2255 3513 2310 subtra-

1928 2352 2023 2407 hat
2056 2353 2252 2408 auium
2290 2359 2396 2406 tua:
2436 2350 2652 2405 salubre
2688 2348 3006 2413 consilium;
3061 2347 3155 2402 sed
3208 2348 3350 2401 hanc
3375 2360 3514 2414 pra:—

1928 2445 2152 2499 missam
2194 2457 2371 2497 meam
2401 2438 2699 2509 iussionem
2758 2440 2879 2505 tibi,
2926 2448 3019 2494 aut
3046 2438 3286 2493 audienti
3316 2445 3407 2490 aut
3438 2436 3513 2491 le-

1927 2531 2072 2605 genti
2097 2531 2399 2600 aperiat,‘et
2420 2531 2591 2605 ipsam
2612 2528 2894 2600 epistolam
2920 2537 3087 2583 totam
3111 2527 3205 2604 tibi
3228 2527 3511 2597 legendam

1927 2626 2180 2683 exhibeat
2207 2643 2222 2679 :
2254 2624 2394 2694 quod
2443 2625 2487 2679 si
2515 2622 2697 2680 facere
2725 2622 2982 2687 noluerit,
3037 2631 3319 2692 peccatum
3359 2629 3515 2674 tuum

1928 2718 1996 2773 ab
2021 2717 2111 2772 illo
2138 2716 2381 2787 requirat
2402 2714 2561 2779 Deus,
2591 2715 2747 2769 itaut
2775 2712 2919 2769 nulla
2944 2714 3015 2769 sit
3038 2711 3318 2768 excusatio
3349 2711 3401 2766 in
3425 2710 3512 2764 die

1927 2806 2274 2862 revelationis
2340 2804 2474 2876 jnSti
2517 2802 2708 2874 judicii
2760 2803 2880 2859 Dei.
2931 2804 3238 2871 Antequam
3310 2801 3511 2854 donum

1927 2897 2160 2953 abbatize
2187 2898 2262 2930 m
2294 2898 2597 2966 acciperes,
2649 2895 2897 2950 dicebam
2928 2892 3024 2948 tibi
3068 2902 3126 2947 et
3154 2891 3274 2946 aliis
3302 2900 3513 2947 secrete

1927 2996 1983 3044 et
2007 2987 2237 3059 publice,
2267 2987 2429 3044 corde
2457 2993 2512 3047 et
2536 2999 2654 3053 ore,
2692 2999 2778 3039 me
2811 2982 2956 3039 nolle
2987 2991 3046 3037 ut
3075 2982 3379 3051 acciperes;
3404 2996 3514 3035 non

1931 3080 2253 3149 approbare,
2299 3092 2406 3132 non
2454 3072 2740 3132 consulere
2778 3059 3055 3141 nunquam
3084 3073 3192 3138 {me
3231 3086 3350 3126 esse
3376 3084 3515 3139 prae-
3606 3094 3611 3109 ε

1929 3177 2212 3237 cepturum
2248 3184 2261 3220 :
2293 3175 2349 3220 et
2374 3166 2419 3220 si
2462 3166 2582 3220 sine
2619 3164 2866 3232 jussionc
2895 3177 3011 3217 mea
3046 3162 3343 3237 acciperes,
3364 3169 3514 3214 'uun-

1929 3230 2090 3326 quam
2139 3268 2193 3310 te
2242 3230 2676 3310 benedictionem
2720 3251 2934 3306 abbatis
2975 3248 3045 3304 ab
3090 3230 3200 3303 ullo
3254 3250 3511 3319 episcopo

1931 3362 2052 3402 meo
2080 3361 2305 3403 assensu
2336 3361 2460 3399 esse
2483 3353 2855 3414 accepturum.
2888 3343 2955 3397 Et
2983 3350 3163 3396 tamen
3195 3341 3375 3395 nescio
3400 3356 3511 3410 quo

1930 3451 2164 3507 superno
2187 3435 2394 3507 judicio
2416 3434 2699 3491 celabatur
2727 3433 2859 3488 mihi
2886 3433 3017 3504 quid
3047 3446 3307 3488 sensurus
3333 3445 3510 3497 eram,

1931 3546 2056 3586 cum
2087 3530 2226 3586 idem
2258 3528 2458 3583 donum
2504 3527 2803 3597 acciperes.
2855 3526 2961 3582 Sed
2984 3535 3273 3599 postquam
3308 3524 3514 3580 factum

1929 3622 2222 3678 estsubito
2252 3634 2311 3675 se
2344 3619 2569 3690 ingessit
2611 3620 2761 3675 cordi
2799 3634 2922 3674 meo
2965 3634 3130 3691 grave
3150 3619 3361 3690 pondus
3410 3616 3514 3679 rei.

1929 3724 1984 3771 et
2009 3715 2222 3784 aperuit
2247 3728 2307 3767 se
2332 3711 2575 3766 terribile
2617 3711 2880 3779 judicium
2916 3713 3011 3766 Dei
3046 3728 3061 3765 :
3096 3712 3286 3766 Audivi
3309 3719 3359 3764 et
3381 3724 3510 3763 con-

1928 3804 2169 3857 turbatus
2240 3811 2312 3855 est
2364 3810 2537 3863 uenter
2607 3816 2781 3866 meus,
2836 3800 3162 3854 consideravi
3214 3807 3262 3853 et
3321 3795 3512 3868 exponi

1930 3893 2160 3965 (Hahae.
2191 3908 2273 3958 ιιι,
2307 3892 2417 3962 l6).
2465 3891 2759 3947 Contritum
2789 3899 2865 3946 est
2905 3908 2996 3945 cor
3034 3907 3208 3945 meum
3254 3891 3309 3946 in
3337 3892 3512 3945 mento

1928 3986 2051 4051 mei,
2083 3994 2506 4040 contremuerunt
2550 3986 2728 4038 omnia
2764 4000 2885 4038 ossa
2925 3999 3037 4037 mea
3068 3982 3203 4052 (ler.
3239 3998 3399 4048 xxm,
3428 3962 3533 4055 9).:

230 4075 400 4125 nant.
453 4064 595 4122 Nam
655 4062 994 4120 Christianus
1060 4076 1160 4134 per
1207 4061 1370 4118 ﬁdem
1424 4060 1588 4119 debet
1633 4061 1700 4117 ad
1751 4061 1830 4115 in-

1932 4076 2088 4134 Sensi
2119 4091 2234 4132 rem
2263 4073 2639 4131 detestabilem
2684 4087 2804 4130 esse
2856 4088 3038 4130 coram
3090 4073 3220 4140 Deo,
3244 4080 3299 4127 et
3327 4085 3516 4128 coram

234 4158 536 4216 tellectum
579 4155 864 4227 prolicere,
897 4168 1003 4209 non
1029 4167 1127 4225 per
1172 4152 1506 4208 intellectum
1554 4151 1624 4207 ad
1671 4151 1830 4205 tidem

1931 4169 2191 4224 erunibus
2221 4167 2540 4223 illuminatis
2584 4168 2652 4223 ab
2682 4181 2770 4223 eo.
2804 4165 2958 4222 Unde
2984 4165 3128 4237 quod
3157 4164 3328 4221 tristis
3353 4165 3537 4233 dico;

229 4252 548 4315 accedere;
578 4257 674 4304 aut
703 4248 750 4304 si
796 4247 1097 4318 intelligere
1145 4262 1254 4302 non
1288 4245 1453 4312 valet,
1477 4260 1506 4299 a
1535 4243 1640 4300 ﬁde
1686 4259 1830 4300 rece-

1934 4268 1988 4314 tu
2012 4260 2269 4328 primum.
2296 4269 2351 4314 et
2383 4274 2482 4330 per
2510 4268 2562 4313 te
2602 4267 2748 4315 totus
2788 4266 2972 4310 noster
2998 4256 3155 4317 ordo.
3189 4265 3246 4311 ct
3278 4256 3517 4312 maxime

228 4342 393 4404 dere.
426 4343 541 4399 Sed
567 4357 689 4397 cum
719 4341 787 4397 ad
827 4340 1160 4397 intellectum
1203 4338 1347 4393 valet
1382 4338 1711 4409 pertingere,
1740 4336 1830 4392 de-

1935 4349 2122 4405 dolens
2154 4359 2211 4404 et
2255 4349 2550 4405 rubescens
2603 4363 2706 4416 ego
2741 4347 2909 4402 Pater
2938 4356 3084 4411 tuus,
3111 4356 3167 4401 et
3197 4356 3371 4402 mater
3423 4355 3518 4401 tua

232 4434 515 4497 lectetur;
548 4446 671 4486 cum
697 4444 826 4485 vero
852 4429 1060 4499 nequit,
1091 4428 1236 4498 quod
1262 4399 1460 4498 capere
1491 4399 1597 4482 non
1627 4399 1827 4498 potest,

1936 4438 2174 4495 Ecclesia
2220 4447 2430 4503 nostra,
2516 4437 2645 4507 {acti
2706 4453 2887 4491 sumus
2970 4437 3274 4508 opprobium
3326 4436 3515 4491 uicinis

228 4530 564 4579 veneratur.
597 4519 709 4576 Has
730 4530 908 4576 autem
933 4527 1150 4574 nostras
1175 4518 1384 4574 litteras
1410 4519 1478 4574 ad
1508 4518 1829 4589 praedictum

1934 4531 2152 4595 nostris,
2209 4530 2548 4585 subsannatio
2598 4540 2645 4583 et
2693 4529 2869 4584 irrisio
2914 4529 2994 4584 Itis
3041 4530 3131 4599 qui
3188 4530 3242 4584 in
3288 4528 3517 4583 circuitu

227 4614 602 4673 conciliuma
627 4621 808 4670 vestra
856 4612 1143 4668 sanctitate
1185 4611 1421 4681 portari;
1462 4620 1556 4668 aut
1598 4612 1645 4668 si
1692 4612 1830 4670 forte

1935 4630 2113 4676 nostro
2144 4631 2264 4676 sunt
2295 4617 2469 4689 (Psal.
2500 4636 2726 4685 uxvm,
2749 4620 2808 4691 4)
2838 4638 2853 4675 :
2878 4628 2935 4675 et
2963 4620 3216 4675 omnibus
3244 4617 3529 4674 audienti?

229 4721 344 4763 non
398 4704 644 4772 iveritis,
674 4718 771 4774 per
802 4703 1036 4796 aliquem
1067 4703 1135 4758 de
1166 4703 1365 4758 vestris
1413 4698 1829 4759 litterarumm

1936 4712 2040 4768 IIIIS
2064 4712 2239 4767 factus
2287 4719 2371 4768 est
2398 4710 2705 4783 exemplum
2728 4709 3085 4767 dedecorandi
3119 4718 3173 4764 et
3200 4705 3518 4764 destruendi

1551 4793 1780 4853 VARL/E
1818 4798 2219 4858 LECTIONES.

224 4962 240 4976 .
294 4890 381 4976 :9”
437 4888 783 4976 Christiani?”
805 4884 1226 4976 Arelig‘ionisums.
1258 4883 1581 4976 Christianae
1624 4888 1981 4976 confessionis
2094 4893 2466 4976 "ﬁProposui
2505 4910 2603 4946 ms.
2654 4891 2918 4959 praeposui
2993 4891 3063 4923 ⁸⁸⁸
3094 4890 3363 4949 lntlmtum
3410 4888 3534 4946 ms.’

225 4961 586 5042 infrunitum
648 4959 717 4989 ⁸⁸³
743 4957 1182 5042 ξιιιιεξειιιιιηὶφει,
1207 4957 1565 5042 qumstipnum
1592 4972 1693 5042 ms.
1723 4958 2000 5042 fundatum
2046 4973 2146 5026 est,
2182 4964 2235 5042 i_n
2280 4957 2584 5019 nummium
2613 4957 2969 5041 quaestionum
3068 4961 3138 4993 ⁸⁰¹
3186 4961 3517 5015 Litterarum

224 5048 333 5089 ms-
373 5034 687 5087 lillel‘alum
761 5027 832 5100 ⁸⁰ῗ
864 5026 956 5080 Sin
988 5034 1175 5100 autem
1190 5042 1294 5100 non
1332 5026 1438 5080 erit
1459 5035 1701 5100 opus_ut
1755 5028 2000 5100 legantur
2031 5050 2131 5088 ms.
2160 5036 2243 5089 sin
2295 5042 2509 5097 autem;
2560 5026 2665 5086 non
2721 5030 2980 5099 eritopus
3038 5040 3100 5087 ut
3158 5031 3519 5087 ostendantur

224 5101 303 5135 “"
338 5101 569 5159 Collata
590 5114 708 5154 cum
733 5097 908 5152 eodem
931 5111 1032 5149 ms.
1107 5095 1175 5127 ³⁰⁸
1198 5095 1412 5153 Donum
1443 5094 1669 5153 Abbalis
1691 5094 2018 5158 msfdonum
2045 5103 2293 5159 Abbaliw

1476 5186 1759 5247 .IOANNIS
1782 5192 2057 5251 PICAIIDI
2082 5193 2315 5251 NOTAE.

258 5310 259 5313 η
300 5288 427 5368 (3t)
451 5284 767 5368 .Concilinm
787 5299 819 5337 a
842 5281 1140 5368 υιειιενειιιίέῇἱ
1176 5278 1379 5368 [hujus
1397 5280 1614 5368 concilii
1646 5298 1832 5368 rursus
1938 5286 2431 5368 bulisﬁhemensis
2453 5284 2913 5368 archiepiscopum
2940 5280 3518 5368 apud_Pemocnar._et

217 5351 496 5444 aed-eihi}
508 5355 976 5444 39391995992;
994 5351 1673 5444 l:l“2~._93"1€=1!'95“22m:
1701 5354 1834 5437 νες-
1938 5358 1992 5413 in
2026 5357 2325 5444 ρτίιίιςιιὲο»
2351 5359 2494 5444 qua!
2521 5351 2807 5444 ίνεεέηπισ
2827 5351 3513 5444 ειιίιιίρηέυιωευειιεξιίον

216 5431 304 5506 ἓξ·
337 5424 778 5506 Αι-αιιῑερῖεορρῇ
813 5421 1002 5506 ριῑέιςιε
1029 5422 1097 5506 ἒίῖ
1120 5436 1281 5506 (ιιξεειξι
1329 5421 1606 5506 ειειῇιέὸ
1655 5423 1834 5506 ιιίᾳιιίε
1936 5421 2169 5506 contulit
2197 5421 2802 5506 Theoderico—secundo
2843 5421 3026 5481 abbati
3056 5423 3245 5485 Sancti
3288 5424 3518 5484 Huberti
3548 5464 3551 5469 ›

213 5490 613 5557 Carnotensis
640 5490 888 5564 epistola,
917 5491 1005 5549 ubi
1033 5490 1195 5615 (‘s’icut
1240 5491 1296 5546 in
1345 5490 1646 5561 praelatiou.
1699 5494 1828 5552 libr.
1937 5497 2329 5554 Ardennensis.
3519 5507 3554 5556 li

213 5568 484 5615 Anselm.
522 5564 615 5615 De
643 5563 1013 5615 incarnatione
1090 5560 1226 5615 erbil
1248 5569 1473 5615 vocatur
1515 5558 1830 5615 Iiainaldus-
2013 5569 2126 5615 t5~2l
2157 5569 2607 5615 Archieniscomtm
2636 5564 2845 5615 uiridem
2873 5562 3231 5615 Lant'rancum
3259 5565 3364 5615 uita
3397 5558 3525 5615 em

209 5568 484 5648 Anselm:
522 5558 1013 5648 De‘irjcat'natioue
1043 5558 1226 5648 Verbi)
1245 5558 1473 5648 vocatur
1493 5558 1831 5648 'Iiaioald'ps,
2013 5569 2126 5648 (βξ.)
2154 5569 2607 5648 Archiepiscopnm
2636 5564 2845 5648 quid-qm
2873 5562 3231 5648 Iolaum,qu
3259 5565 3364 5648 vi“!
3397 5558 3525 5635 ei".

208 5638 313 5697 κά
335 5636 552 5711 Purius
592 5631 917 5693 “amomum
945 5632 1177 5691 δίκετίεῖ
1206 5629 1294 5689 ’δίο
1319 5632 1463 5688 enim
1493 5629 1597 5704 1ρεὶ
1642 5634 1697 5691 iu
1726 5629 1833 5692 Ta;
1940 5629 2121 5695 multis'
2151 5629 2406 5709 religiosis
2435 5629 2583 5707 nota,
2611 5629 2718 5695 etc.
2748 5634 2941 5693 Nescio
2966 5629 3071 5702 qua
3101 5634 3276 5691 fronte
3302 5634 3392 5693 hic
3413 5629 3519 5694 new

477 5724 776 5786 PATBOL.
811 5721 1078 5787 CLVIII.
1270 5769 1275 5773 -
2990 5724 3068 5788 38

238 5815 305 5822 ⁴--
