4056 6302
511 232 649 332 nes

1077 273 1135 329 S.
1173 270 1472 328 ANSELMI
1502 270 1851 327 CANTUAR.
1885 272 2202 331 ARCHIEP.
2231 276 2381 333 OPP.
2413 276 2595 335 PARS
2627 279 2713 335 III.
2749 310 2816 322 —
2850 280 3229 339 EPISTOLE.

3640 283 3777 341 “96

517 389 814 448 Ecclesium
842 387 957 453 Dei,
977 385 1127 456 cuius
1154 387 1229 442 rei
1256 395 1307 442 te
1329 386 1505 443 fecisti
1534 387 1854 459 principium
1883 396 1935 442 et
1959 388 2105 457 prin-
2131 400 2177 455 Α
2209 390 2480 445 abbatiam
2513 407 2609 461 per
2631 393 3026 460 rectitudinem,
3090 395 3181 464 qui
3227 409 3331 449 non
3364 395 3533 449 intrat
3564 410 3664 466 per
3693 416 3779 454 re-

506 482 680 552 cipem
719 480 918 534 nostris
947 478 1279 548 temporibus
1309 478 1360 532 in
1389 479 1492 533 hac
1520 478 1718 550 patria.
1754 477 1974 533 Sustine
2004 491 2090 534 me

505 573 587 628 sic
613 572 849 644 graviter
902 569 1236 639 loquentem,
1273 567 1369 636 fili,
1423 569 1551 639 quia
1607 583 1713 623 non
1746 583 1833 623 me
1865 556 2091 637 impellit

505 663 661 718 furor
700 678 767 716 ex
794 660 943 726 odio,
973 659 1067 714 sed
1094 659 1239 730 cogit
1270 672 1356 714 me
1383 658 1537 714 dolor
1576 672 1641 713 ex
1690 672 1899 714 amore.
1941 658 2091 713 Desi-

504 754 658 809 derat
694 752 837 807 enim
873 750 1044 806 tristis
1081 749 1253 804 frater
1298 749 1589 805 subvenire
1636 749 1884 820 pereunti
1931 748 2089 804 fratri

502 859 634 909 suo;
681 843 900 899 festinat.
950 849 1188 897 tremens
1235 850 1425 912 pastor
1470 854 1667 896 eruere
1719 840 1786 895 de
1842 839 2088 895 faucibus

503 935 678 990 leonis
702 949 859 990 ovem
891 933 1157 988 tremendi
1198 931 1405 988 domini
1445 932 1549 987 sui.
1598 931 1953 1001 Prosequitur
1994 933 2089 987 do-

503 1024 621 1078 lens
649 1031 804 1094 pater
829 1031 887 1078 ut
917 1030 1134 1078 revocet
1170 1021 1224 1076 in
1263 1020 1535 1077 infernum
1572 1028 1953 1091 properantem
1992 1021 2089 1087 do-

502 1113 720 1168 lendum
780 1112 947 1168 lilium
972 1127 1152 1168 suum.
1185 1111 1321 1167 Redi
1347 1124 1498 1179 ergo,
1530 1110 1646 1165 redi
1678 1113 1745 1164 ad
1767 1125 1901 1175 cor;
1935 1118 2085 1165 tuum

503 1202 574 1235 '°‘
600 1205 811 1260 discute
854 1202 1164 1269 factum,et
1212 1211 1442 1259 concute
1488 1208 1724 1256 mentem
1790 1210 1965 1265 tuam;
2002 1216 2088 1257 re-

506 1299 748 1371 probasti
802 1299 1089 1356 consilium
1138 1309 1421 1360 tetri-num,
1451 1304 1504 1350 et
1546 1295 1765 1350 tenuisti
1802 1295 2084 1350 consilium

502 1390 815 1459 reprobum.
862 1388 996 1442 Nam
1050 1387 1307 1441 Dominus
1361 1387 1597 1456 reprobat
1627 1382 1792 1456 358
1866 1386 2086 1439 consilia

500 1478 815 1550 principum,
839 1478 1299 1532 consiliumatttent
1318 1477 1525 1531 Domini
1548 1488 1718 1531 manet
1747 1479 1801 1531 in
1829 1489 2084 1530 a’ternum

499 1567 676 1644 (Psal.
708 1585 879 1643 χχχιι,
927 1569 1035 1639 10).
1086 1566 1203 1624 Νοιι
1258 1569 1402 1624 enim
1452 1579 1505 1625 te
1561 1569 1689 1624 fecit
1719 1568 1788 1601 ⁸⁰⁷
1835 1567 2084 1624 abbatem

499 1662 750 1719 Christus
780 1663 983 1718 veritas
1049 1663 1142 1729 ⁸³⁸,
1198 1664 1294 1718 sed
1337 1672 1426 1718 tua
1457 1663 1747 1734 cupiditas,
1780 1668 1848 1718 et'
1895 1678 2083 1718 eorum

2191 480 2433 549 gularem
2479 480 2803 536 electionem
2857 492 2911 537 et
2952 499 3050 552 per
3088 482 3476 538 obedientiam.
3531 484 3653 541 Non
3730 500 3781 544 te

2191 582 2438 624 excuses.
2492 568 2644 625 Dices
2680 571 2810 624 mihi
2845 589 2860 625 :
2890 571 3015 626 Non
3048 572 3242 626 intravi
3275 588 3369 641 per
3405 573 3777 642 obedientiam,

2189 660 2312 729 quia
2338 675 2442 713 non
2461 661 2790 729 prohibuisti.
2840 662 3057 719 Sufficit
3091 664 3158 718 ad
3190 664 3577 719 removendam
3617 665 3781 722 recti-

2192 748 2455 816 tudinem,
2479 752 2605 820 quia
2637 767 2744 807 non
2775 767 2871 823 per
2893 752 3256 809 obedientiam
3287 755 3548 809 introisti.
3579 757 3777 815 Verum

2188 836 2271 896 est
2301 841 2427 911 quia
2455 857 2563 899 non
2591 842 2727 910 dixi,
2753 845 3043 915 prohibeo,
3074 854 3163 899 aut
3191 847 3452 918 przecipio
3482 865 3551 904 ne
3583 848 3775 907 facias.

2188 927 2448 1005 Videbam
2480 933 2624 988 enim
2654 933 2976 1005 intelligenti
3004 934 3258 992 sufficere
3281 939 3408 1006 quia
3438 939 3780 998 incessanter

2189 1017 2433 1075 dicebam
2467 1037 2481 1075 :
2514 1020 2629 1077 Non
2660 1022 2792 1086 vult,
2829 1038 2936 1078 non
2977 1025 3243 1095 approbat
3285 1041 3384 1081 cor
3428 1043 3637 1095 meum,
3669 1044 3778 1087 non

2188 1103 2440 1174 ConsuIit,
2466 1126 2570 1165 non
2609 1111 2873 1183 praecipit,
2920 1127 3023 1169 nec
3075 1115 3356 1185 praecipiet
3391 1131 3454 1174 os
3482 1129 3687 1175 meum.
3718 1118 3778 1178 Si

2189 1201 2468 1271 acceperis
2516 1200 2635 1257 sine
2686 1218 2806 1258 mea
2845 1202 3090 1274 iussione
3141 1206 3438 1275 abbatiam,
3496 1226 3778 1281 nunquam

2188 1286 2416 1343 habebis
2446 1289 2514 1343 ab
2535 1291 2944 1364 archiepiscopo
2993 1294 3453 1352 benedictionem.
3480 1295 3601 1354 Non
3627 1299 3777 1357 enim

2189 1375 2349 1430 debet
2376 1377 2673 1433 monachus
2703 1391 3023 1450 exspectare
3046 1383 3159 1438 oris
3190 1384 3503 1454 imperium,
3547 1386 3593 1442 si
3623 1391 3776 1445 novit

2191 1464 2522 1521 voluntatem
2552 1466 2762 1522 abbatis
2783 1469 2889 1534 sui,
2917 1479 3012 1524 aut
3055 1472 3362 1527 consilium.
3395 1472 3456 1529 Si
3502 1490 3636 1548 ergo
3668 1493 3772 1532 non

2188 1553 2429 1613 instrasti
2459 1571 2558 1628 per
2590 1561 2813 1627 ostium,
2852 1575 3017 1630 grave
3066 1562 3199 1617 mihi
3238 1570 3323 1618 est
3348 1564 3562 1633 dicere;
3588 1565 3687 1623 sci
3717 1579 3773 1623 tu

2187 1651 2473 1706 considera
2503 1662 2559 1707 et
2594 1652 2855 1724 intellige,
2879 1658 3041 1724 quem
3094 1663 3146 1709 te
3179 1655 3424 1712 nominet
3447 1658 3678 1724 veritas,
3703 1660 3771 1715 ad

499 1754 594 1826 qui
642 1769 746 1809 non
792 1754 1099 1824 percipiunt
1126 1769 1248 1823 qua:
1294 1753 1389 1809 Dei
1438 1762 1565 1809 sunt
1634 1754 1930 1809 temeritas.
1975 1752 2084 1807 Me-

2189 1741 2317 1812 quid
2346 1749 2398 1797 te
2421 1742 2634 1799 venisse
2658 1752 2907 1798 testetur.

498 1852 685 1898 mento
705 1845 831 1913 quia
861 1846 950 1916 qui
980 1863 1083 1900 non
1110 1847 1271 1900 intrat
1300 1862 1393 1916 per
1416 1846 1605 1901 ostium
1632 1846 1685 1900 in
1707 1845 1839 1900 ovile
1869 1845 2042 1899 ovium
2066 1885 2081 1911 ,

497 1935 590 1991 sed
617 1930 847 1991 ascendit
876 1937 1110 2001 aliunde.
1140 1936 1226 1992 ille
1253 1939 1342 2008 fur
1369 1948 1444 1993 est
1470 1949 1516 1993 et
1543 1938 1679 1993 latro
1703 1953 1723 1993 :
1752 1938 1841 2007 fur
1867 1954 1968 1991 non
1992 1953 2076 1991 re-

503 2028 580 2083 n’it
604 2030 782 2083 nisiut
816 2030 1043 2099 furetur,
1069 2041 1116 2085 et
1157 2040 1367 2095 timclet,
1396 2040 1444 2085 et
1469 2031 1651 2100 perdat
1680 2030 1862 2101 (Joan.
1898 2046 1954 2095 Χ,
1991 2028 2077 2100 i):

499 2117 578 2174 fili
607 2120 703 2183 mi,
735 2136 840 2175 non
868 2121 1080 2176 intrasti
1111 2136 1211 2191 per
1257 2120 1475 2186 ostium,
1510 2119 1636 2191 quia
1689 2135 1797 2174 non
1837 2120 2081 2175 instrasti

500 2223 602 2282 per
653 2210 950 2268 Christum.
1003 2210 1120 2267 Non
1173 2211 1391 2268 intrasti
1440 2227 1538 2282 per
1590 2209 1892 2278 Christum,
1953 2211 2080 2281 quia

504 2318 614 2358 non
666 2318 762 2372 per
823 2304 1130 2359 veritatem.
1184 2302 1301 2357 Non
1330 2318 1430 2371 per
1450 2303 1771 2366 veritatem,
1828 2301 1950 2371 quia
1973 2317 2079 2354 non

499 2404 599 2460 per
662 2389 1062 2447 rectitudincm.
1116 2389 1231 2445 l\on
1281 2391 1424 2445 enim
1478 2390 1646 2444 intrat
1686 2390 1986 2444 monaclms
2026 2388 2078 2441 in

2647 1842 2980 1916 EPISTOLA
3010 1841 3171 1900 XLIII
3208 1844 3300 1901 ⁸⁰⁹.

2681 1951 2749 1990 Δί)
2787 1948 3271 1994 “'ANDREGISILIUII.

2187 2048 2415 2121 Aﬁlictos
2442 2047 2497 2101 in
2527 2046 2874 2124 tribulatione
2896 2047 3218 2103 consolatur.
3244 2049 3313 2104 Et
3339 2051 3482 2124 quod
3508 2068 3769 2124 nusquam

2293 2118 2607 2171 consenserit
2636 2127 2690 2171 ut
2734 2114 3061 2187 Lanfrancus
3082 2136 3264 2174 eorum
3297 2114 3460 2175 alibas
3486 2114 3661 2191 ﬁerci.

2198 2276 2205 2279 ι
2259 2209 2483 2264 Domnis
2504 2216 2559 2265 et
2572 2208 2834 2264 fratribus
2856 2209 3214 2273 charissimis,
3231 2210 3429 2266 domno
3447 2213 3764 2279 Casurae,

2186 2299 2351 2370 priori
2382 2298 2695 2353 monasterii
2724 2296 2783 2353 S.
2813 2297 3219 2370 Wandregisilii
3268 2299 3382 2371 (55)
3412 2311 3469 2356 et
3503 2303 3624 2357 aliis
3648 2318 3764 2356 mo-

2189 2388 2376 2441 nachis
2393 2380 2638 2456 ejusdem
2668 2387 3004 2454 monasterii,
3037 2388 3128 2457 qui
3158 2403 3282 2443 cum
3325 2406 3392 2445 eo
3418 2401 3565 2456 sunt,
3595 2386 3765 2447 frater

1780 2478 2015 2534 γΑιιιΑῑ
2054 2477 2456 2534 LECTIONES.

576 2577 648 2663 εἷς
671 2574 754 2663 and
797 2592 921 2639 cor;
984 2584 1130 2663 tuum
1164 2593 1261 2629 ms.
1318 2575 1383 2632 ad
1427 2590 1522 2631 cor
1555 2583 1702 2629 tuum
1756 2571 1823 2604 “7
1856 2572 1930 2628 Te
1953 2570 2084 2627 facit
2110 2587 2210 2625 ms.
2243 2580 2295 2626 te
2320 2569 2450 2626 fecit
2522 2568 2591 2602 5°”
2621 2566 3137 2663 Christusveritatis
3160 2589 3256 2628 ms.
3284 2571 3525 2630 Christus
3555 2573 3771 2630 veritas

497 2649 571 2688 ¹⁰⁹
607 2645 816 2703 Collata
846 2663 964 2701 cum
991 2650 1168 2701 eodem
1191 2661 1291 2702 ms.

499 2810 629 2865 hnlo
652 2807 1042 2880 (Roscclinum)
1070 2809 1190 2865 dico
1212 2822 1374 2863 ausus
1393 2808 1461 2880 sit
1482 2806 1866 2880 Lanfrancum,
1896 2806 2073 2859 virum

501 2877 741 2948 alioquin
792 2877 1221 2950 integerrimum,
1248 2949 1253 2950 γ
1276 2892 1344 2933 ne
1394 2877 1686 2950 levinscule
1725 2877 1939 2950 quidem
1969 2891 2080 2950 _su_—

506 2944 752 3018 spec'tum
787 2944 1079 3013 haarésens,
1107 2950 1214 3003 imo
1245 2949 1520 3001 luereseon
1544 2947 1772 3018 Ahosiem
1803 2944 2083 3018 infestissi;

502 3011 677 3083 mum,
710 3027 816 3070 tam
840 3019 1018 3087 gravis
1043 3011 1360 3071 insimulare
1383 3016 1622 3087 erroris.
1640 3014 1859 3087 Verum,
1886 3011 2079 3087 ecquid

504 3103 611 3141 non
643 3083 917 3141 audeat'in
949 3088 1092 3141 viros
1144 3087 1532 3150 sanctissimos,
1583 3086 1626 3138 si
1659 3100 1782 3139 cum
1822 3084 1938 3154 ipso
1969 3083 2080 3154 Deo

501 3159 779 3229 gigantum
811 3173 963 3213 more
991 3157 1194 3229 bellare
1216 3173 1321 3212 non
1366 3156 1602 3229 dubitet?
1632 3155 1780 3210 Licet
1805 3152 1993 3229 autem
2019 3152 2081 3207 ti-

1668 2714 1786 2771 10A
1795 2712 1951 2770 NNIS
1985 2712 2259 2768 PICARDI
2292 2711 2519 2768 ΝΟΤιΕ.

2190 2805 2465 2876 hominem
2496 2803 2725 2876 similem
2749 2802 2906 2876 nobis
2928 2803 3234 2876 hominem,
3264 2805 3317 2859 in
3345 2806 3603 2876 praedicta
3646 2823 3767 2864 sen-

2191 2875 2356 2930 tentia
2387 2875 2609 2927 minime
2638 2873 2929 2929 retulisset.
2965 2893 2984 2925 ι
3030 2873 3371 2930 Lanfrancus
3406 2886 3609 2939 autem.
3640 2895 3765 2934 eum

2189 2945 2333 2999 dicat
2363 2944 2446 2998 his
2469 2946 2521 2997 in
2557 2942 2689 2998 locis
2725 2941 2998 2998 Christum
3029 2946 3080 2998 in
3109 2946 3299 3000 eadem
3331 2961 3556 3014 persona
3592 2948 3769 3002 homi-

2189 3029 2311 3084 nem
2332 3026 2517 3067 verum
2550 3014 2825 3080 Deumque
2860 3028 3047 3066 verum
3089 3015 3138 3068 ei
3168 3030 3386 3084 quoque
3415 3016 3510 3069 soli
3551 3018 3767 3072 tribuat

2187 3082 2450 3164 lnimanre
2467 3091 2672 3164 naturae
2698 3084 3146 3164 assumptionem,
3174 3082 3460 3164 manifeste
3480 3087 3766 3164 proﬁtetur

2188 3154 2361 3208 solum
2392 3152 2666 3207 Christum
2695 3150 2861 3206 fuisse
2887 3150 3261 3216 inearnatum;
3307 3156 3403 3208 sed
3432 3150 3499 3209 et'
3523 3171 3647 3210 eum
3672 3157 3765 3210 di-

626 3237 680 3282 ει
710 3230 1005 3284 auctoritas
1034 3228 1275 3283 Ansehnl
1305 3227 1437 3281 satis
1465 3227 1603 3296 apud
1641 3240 1832 3280 omnes
1878 3223 2080 3296 Catho-
2108 3213 2149 3270 C
2183 3232 2271 3279 cat
2296 3224 2348 3296 in
2374 3223 2561 3296 eadem
2595 3236 2843 3296 persona
2866 3236 3053 3296 verum
3098 3213 3277 3296 fuisse
3307 3224 3474 3279 Deum
3496 3260 3515 3289 ,
3564 3240 3631 3281 ac
3668 3241 3763 3296 se-

414 3338 417 3343 .
500 3288 637 3354 Iicns
659 3306 888 3368 purgent
914 3300 1228 3369 magistrum
1266 3298 1333 3369 de
1353 3288 1563 3367 objec'to
1592 3295 1842 3369 crimine,
1871 3294 2079 3369 gratior

505 3363 687 3422 tamen
718 3437 734 3438 ί
760 3363 1159 3438 potentiorque
1200 3367 1365 3422 fuerit
1420 3363 1661 3438 purgatis
1698 3381 1780 3438 ex
1836 3363 2075 3438 ejusdem

502 3439 684 3494 verbis
716 3433 1005 3492 Lanfranci
1047 3433 1242 3497 elicita.
1286 3433 1447 3504 quam
1472 3433 1892 3505 praestabimus,
1928 3433 2078 3502 prius

499 3508 676 3577 posita
710 3505 982 3577 Roscclini
1037 3506 1607 3577 cone_lnsione,_iq_uam
1652 3506 1734 3577 sic
1788 3505 2077 3559 Anselmus

500 3573 689 3645 refert.
726 3594 744 3626 ς
794 3575 1108 3630 Boscelinus
1132 3575 1366 3645 elei-iens
1390 3574 1521 3628 dicit
1562 3575 1614 3627 in
1652 3573 1760 3627 Deo
1804 3582 1914 3645 tres
1948 3588 2075 3641 per-

498 3642 809 3698 sonas'esse
833 3654 945 3700 tres
976 3657 1064 3699 res
1094 3644 1162 3699 ab
1194 3642 1424 3697 invicem
1448 3653 1749 3710 separatas,
1780 3643 1921 3697 sicut
1950 3651 2077 3697 sunt

500 3726 616 3770 tres
638 3713 836 3785 angeli.
871 3714 944 3769 ita
988 3724 1168 3785 tamen
1206 3722 1265 3785 ut
1296 3728 1402 3767 una
1428 3713 1497 3767 sit
1529 3710 1776 3767 voluntas
1816 3720 1872 3767 et
1897 3721 2076 3785 pote-

501 3795 640 3848 stas,
670 3782 767 3839 aut
800 3783 1016 3839 Patrem
1056 3794 1112 3840 et
1137 3782 1399 3853 Spiritum
1436 3792 1682 3838 sanctum
1727 3796 1849 3837 esse
1894 3782 2071 3853 incar-

494 3867 705 3919 natum,
729 3863 783 3910 et
813 3863 922 3909 tres
948 3854 1077 3909 deos
1110 3851 1236 3910 vere
1264 3853 1367 3908 dici
1397 3854 1583 3923 posse.’
1598 3854 1644 3906 si
1671 3868 1802 3923 usus
1824 3851 2074 3923 admitte-

494 3930 599 3990 ret,
623 3945 642 3978 ι
666 3924 951 3981 Lanl'ranci
969 3924 1316 3980 verbishisce
1332 3921 1742 3978 ad‘Rainaldum
1766 3921 2075 3977 Pietavien-

496 4009 611 4065 sein
626 3995 910 4065 scribentis
923 3995 1122 4065 poterit
1138 3994 1299 4065 impia
1318 3992 1589 4049 Roscelini
1600 3991 1880 4049 conclusio
1892 3990 2071 4065 dejici.

498 4062 812 4129 ¢,-Dominus
827 4062 1247 4120 JesitsChristns
1276 4064 1329 4118 in
1353 4064 1543 4119 eadem
1561 4077 1788 4131 persona
1813 4062 2077 4117 vernsho-

493 4149 612 4196 mo,
645 4145 697 4191 et
725 4149 884 4190 verus
908 4136 1077 4198 Deus,
1110 4133 1407 4190 secundum
1436 4132 1822 4187 humanitatem
1857 4133 2073 4201 quidem

494 4205 747 4271 esurivit,
774 4204 964 4270 sitivit,
986 4214 1321 4274 cmterasqne
1347 4204 1595 4257 humana:
1626 4210 1828 4256 natum
1849 4203 2075 4257 infirmi-

426 4330 431 4335 ,
492 4284 637 4329 tates
656 4276 978 4331 assumendo
1005 4275 1275 4331 hominem
1316 4281 1510 4343 praeter
1535 4279 1816 4343 peccatum
1865 4286 2074 4325 assum-

490 4345 635 4414 psit;
660 4346 953 4400 secundum
983 4340 1331 4400 divinitatem
1360 4358 1507 4404 vero.
1536 4340 1644 4413 qua
1675 4340 1824 4414 Patri
1858 4351 1921 4414 et
1950 4343 2074 4411 Spi-

495 4411 627 4484 ritui
671 4424 1004 4484 sanctoﬂper
1049 4416 1229 4469 omnia
1278 4411 1650 4484 tequaiisiest,
1695 4411 1829 4484 nihil
1874 4411 2068 4484 horum

478 4482 772 4565 sustinuit.
804 4502 827 4536 ι
863 4481 935 4537 Et
963 4493 1083 4565 posi
1106 4498 1280 4565 pauca
1319 4481 1388 4537 ε’(
1430 4481 1754 4565 Unigenitus
1794 4481 1971 4536 I’atris
1993 4482 2067 4535 ita

489 4555 548 4609 in
573 4553 830 4608 mundum
857 4553 1003 4607 venit
1032 4561 1090 4607 ut
1122 4563 1297 4607 tamen
1322 4568 1352 4606 a
1382 4562 1610 4622 paterno
1629 4553 1750 4608 sinu
1791 4565 2064 4621 nunquam

488 4624 818 4694 discederet.
852 4642 872 4676 ι
906 4622 975 4677 Ει
996 4631 1120 4694 post
1144 4637 1362 4694 pauca:
1386 4620 1419 4674 *ι
1449 4620 1561 4694 iloc
1587 4621 1872 4677 locutionis
1906 4620 2066 4694 modo

489 4694 736 4765 superius
789 4690 1015 4765 dictum'
1034 4690 1296 4762 esu—quia
1327 4691 1841 4765 hominiiassumpjo
1872 4707 1900 4746 a
1925 4690 2066 4747 Filio

488 4761 586 4843 Dei
608 4764 760 4843 ictus
789 4774 844 4819 et
871 4763 1092 4843 vulnera
1119 4761 1376 4843 impetum
1401 4761 1693 4843 passionis
1722 4761 2003 4843 ἑῆς-[νοω.
2037 4781 2060 4815 ι

383 4868 392 4876 -
487 4831 783 4905 Tertioque
813 4851 828 4889 :
865 4853 885 4886 ι
923 4834 1171 4905 Alioqui,
1194 4831 1540 4905 'siprtel‘atus
1576 4831 1765 4887 doctor
1801 4832 1897 4903 (Da
1920 4831 2067 4887 llila-

485 4904 628 4975 [iam
668 4903 1077 4975 ,Pictaviensem‘
1142 4903 1396 4975 intelligit
1452 4916 1724 4975 quemque
1797 4912 1990 4972 purgat
2034 4917 2065 4956 a

486 4972 802 5046 Caianismo
850 4976 1230 5046 Berengarium
1277 4972 1763 5046 sa'cramentarium
1806 4982 2068 5042 congesto

486 5045 543 5117 in
589 5046 834 5117 eumdem
886 5043 1174 5117 Hilarium)
1214 5053 1410 5117 contra
1449 5043 1694 5117 omnium
1750 5052 2065 5117 sauciorum

482 5112 707 5171 Patrum
735 5115 1100 5170 definitionem
1118 5156 1132 5179 ,
1155 5112 1374 5169 carnem
1399 5112 1768 5169 insensibilem
1792 5120 1849 5168 et
1870 5112 2073 5167 doloris

483 5196 762 5257 expertem
791 5185 1013 5257 intelligi
1046 5186 1335 5251 voluisset,
1375 5191 1714 5255 assumptum
1729 5199 1771 5245 ,a
1800 5181 1936 5239 Filio
1974 5182 2069 5238 Dei

524 5338 672 5442 1(555
700 5367 892 5442 smn
916 5367 1320 5442 Wandregisili.
1348 5369 1405 5426 Id
1438 5370 1811 5442 emacitatis
1833 5367 1903 5442 ab
1946 5369 2064 5442 ejus

484 5439 1085 5512 conditoreetiamnum
1112 5439 1330 5509 dicitur,
1362 5440 1524 5512 vulgo
1545 5440 1603 5495 S.
1641 5439 2065 5512 wandriie,de-

2183 3294 2420 3364 cnndnni
2445 3288 2781 3364 divinitatem
2819 3290 2987 3347 fuisse
3010 3294 3315 3364 peremnia
3350 3288 3618 3364 :eqnalem
3665 3294 3768 3349 Pa-

2184 3363 2251 3418 tri
2297 3372 2352 3417 et
2391 3358 2617 3430 Spiritui
2654 3372 2845 3416 sancto
2870 3402 2886 3426 ,
2916 3358 3026 3418 non
3074 3362 3304 3417 obscure
3335 3358 3494 3419 docet
3545 3365 3766 3421 minime

2179 3434 2284 3506 diei
2310 3447 2469 3506 posse
2498 3442 2606 3487 tres
2644 3432 2793 3506 deos.
2816 3432 3048 3506 _E_t_enim
3074 3449 3202 3506 cum
3245 3435 3453 3506 numeri
3483 3435 3552 3506 ad
3595 3436 3763 3506 signi-7

2179 3501 2445 3559 licandam
2476 3517 2654 3556 rerum
2677 3501 3126 3571 multiplicitatem
3158 3504 3357 3561 fuerint
3379 3501 3764 3571 institutifubi

2179 3573 2308 3654 quid
2328 3570 2436 3654 iam
2465 3573 2680 3654 utiiemii
2714 3572 3006 3654 repeteris,
3033 3573 3207 3654 oiiosa
3232 3575 3597 3654 prorsus_erit
3630 3570 3759 3654 niui-

2180 3640 2462 3711 tiplicatio.
2504 3642 2575 3695 At
2602 3641 2850 3698 Christus
2878 3658 2906 3696 a
2942 3640 3247 3699 Lanfrancd
3273 3645 3577 3698 secundum
3626 3645 3761 3699 divi—

2178 3710 2400 3784 nitatem
2431 3726 2530 3781 per
2565 3713 2745 3784 omnia
2774 3712 2997 3784 azqualis
3024 3712 3170 3768 Patri
3200 3722 3255 3769 et
3290 3710 3521 3784 Spiritui
3550 3724 3759 3779 sancto,

2180 3783 2284 3855 hoc
2310 3791 2417 3855 esi,
2446 3783 2832 3855 prorsusidem
2869 3783 3141 3855 creditur,
3158 3794 3237 3855 eL
3241 3794 3323 3855 est
3339 3783 3507 3851 juxta
3547 3788 3761 3855 symbo-

2176 3851 2285 3906 Intn
2306 3852 2627 3925 Athanasii;
2658 3852 2843 3919 Qualis
2868 3852 3028 3925 Pater
3055 3854 3178 3909 talis
3198 3853 3384 3917 Filius,
3417 3855 3545 3909 talis
3577 3851 3760 3925 Epiri-

2179 3919 2842 3993 tus_sanctus.JNaturam
2886 3922 3051 3993 igitur
3091 3938 3317 3979 numero
3360 3919 3758 3989 eamdeml'lin-

2175 3990 2612 4061 seelinusimpiis
2650 4005 2715 4046 ac
2739 3990 2938 4060 iniquis
2983 3993 3229 4048 distinxit
3273 3993 3519 4051 calculis.
3569 3993 3760 4048 Extre-

2175 4077 2322 4117 mum
2345 4077 2560 4131 quoque
2587 4060 2810 4123 ellatum
2843 4062 3163 4131 Lanfranei,
3191 4063 3446 4131 dicentis,
3492 4065 3575 4119 sic
3630 4063 3756 4119 Uni—

2175 4134 2414 4204 genitum
2457 4132 2643 4204 Patris
2690 4132 2744 4186 in
2792 4133 3048 4204 mundum
3100 4134 3338 4195 venisse.
3383 4145 3441 4190 ut
3495 4144 3681 4189 tamen
3728 4151 3757 4189 a

2173 4202 2401 4285 paterno
2425 4203 2545 4257 sinu
2566 4202 3211 4285 .nunquamndiscesseiit!
3242 4205 3400 4272 plane
3422 4204 3759 4260 demonstrat

2176 4271 2534 4343 inseperatam
2566 4271 3087 4343 inseparabilemqne
3105 4271 3408 4329 divinarum
3435 4286 3755 4330 naturarum

2174 4341 2588 4414 connexionem.
2617 4341 2771 4407 Quod
2803 4344 2956 4414 enim
2997 4341 3065 4396 ab
3095 4343 3203 4399 alio
3232 4360 3510 4414 nunquam
3538 4359 3757 4414 separa-

2177 4419 2284 4485 tur,
2313 4412 2435 4480 quis
2471 4412 2754 4467 inlirmans
2784 4411 2926 4485 dicat
2953 4414 3301 4485 separatum?
3342 4411 3564 4470 Utinam
3592 4411 3755 4485 supe-

2176 4481 2376 4555 riorum
2426 4490 2737 4555 nostrorum
2774 4481 3049 4555 diligentia
3095 4484 3458 4555 consuluisset
3513 4481 3755 4555 ejusdem

2096 4576 2144 4636 ι)
2171 4550 2466 4636 batifra‘rtci
2489 4550 2919 4636 commentariis.
2951 4552 3188 4636 in‘epist.
3222 4554 3295 4636 .D.
3328 4553 3483 4636 Pauli
3519 4550 3755 4636 recensi-

2173 4622 2241 4676 tis
2277 4637 2308 4675 a
2339 4620 2498 4676 Petro
2517 4621 2954 4677 Christiavillanc
2984 4620 3235 4679 Beccensi
3260 4626 3555 4689 monacho,
3590 4626 3644 4679 in
3672 4625 3751 4677 ia-

2168 4690 2727 4777 d‘ieuioJBiliiiothegp
2754 4691 3391 4777 Beccensis,.anno.u85
3436 4704 3501 4749 ut
3548 4696 3653 4777 legi
3702 4696 3755 4748 in

2168 4761 2615 4834 Biblioth.»Becc.
2646 4760 2793 4834 IIinc
2808 4763 2950 4834 enim
2985 4762 3153 4819 multo
3190 4765 3346 4834 plura
3389 4760 3753 4834 prompsisse-

2168 4848 2291 4887 ntns
2321 4832 2625 4906 testimonia
2648 4873 2663 4896 ,
2686 4832 2882 4902 quibus
2915 4832 3258 4890 ltoscelinum
3288 4832 3411 4906 jure
3458 4832 3757 4905 postulare-

2169 4918 2289 4957 mus
2316 4902 2671 4957 stellionatus.

2246 4991 2265 5024 ‹
2306 4972 2387 5028 Al)
2415 4974 2515 5028 hoc
2562 4973 2791 5028 crimine
2836 4973 2969 5028 satis
2997 4984 3289 5037 excusant,
3318 4984 3374 5029 et
3401 4976 3674 5040 absentia,
3701 4984 3757 5030 et

2174 5058 2328 5098 mors
2354 5041 2499 5113 ejus.
2534 5061 2553 5095 ι
2604 5042 2721 5097 Νοιι
2770 5043 3019 5113 quazlibet
3066 5060 3213 5101 mors
3261 5056 3525 5113 excusat,
3552 5048 3648 5102 sed
3690 5061 3753 5100 ea

2178 5112 2541 5182 potissimum,
2569 5112 2935 5184 quaminullus
2970 5119 3212 5184 prmterit
3241 5112 3517 5172 haereseos
3537 5117 3758 5172 sinister

2176 5181 2383 5251 rumor,
2422 5193 2484 5238 ut
2513 5181 2914 5241 de’Lanfranco
2943 5181 3103 5256 paulo
3129 5196 3253 5244 ante
3281 5188 3757 5312 Anselmusﬁtesu-

3604 5269 3756 5312 catus

3604 5269 3756 5313 ςιιιις

2176 5369 2245 5424 ob
2298 5368 2499 5424 fontem

2546 5376 2705 5438 juxta
2768 5370 3179 5426 scatttrictttem.
3237 5372 3501 5426 Eversum
3551 5372 3683 5427 iilud
3724 5386 3757 5424 ι

2168 5438 2554 5495 Northmannis
2590 5440 2850 5495 excitavit
2880 5439 3148 5497 Ricardus
3180 5442 3222 5496 Il
3271 5442 3380 5496 dux
3422 5441 3755 5497 Nortbman.

483 5523 602 5582 gem
649 5510 871 5582 circiter
905 5509 1324 5582 ahRothomago‘
1353 5509 1621 5582 millibus._
1658 5510 1810 5582 Alias
1822 5510 2057 5582 __dicitur
2090 5544 2096 5549 ς
2162 5509 2435 5582 Gemmet.
2486 5526 2759 5582 supieap.
2791 5510 2880 5565 92.
2907 5511 3266 5582 lixstrnetum
3293 5523 3380 5568 est
3418 5513 3473 5582 id
3518 5512 3757 5568 cmucbii

482 5576 798 5633 Fontanella
831 5578 1035 5634 in‘Vita
1086 5570 1150 5635 SI
1179 5570 1406 5637 Andmni
1426 5622 1442 5646 ,
1473 5580 1560 5635 vel
1583 5577 1889 5636 Fonto‘nilla
1916 5578 2058 5649 apud

481 5648 747 5705 Gemmet.
778 5650 870 5705 lib.
905 5666 977 5704 vu
1024 5651 1216 5707 ducum
1257 5652 1576 5708 Northman.
1608 5664 1728 5719 cap.
1775 5650 1868 5717 23,
1898 5648 2057 5719 idque

2164 5580 2519 5659 _ab_ipsomet
2552 5579 3005 5653 ’Wandregisila,
3078 5583 3287 5659 decimo
3334 5598 3364 5635 a
3415 5580 3761 5654 Rothomago

2161 5648 2355 5720 lapide.

145 6006 209 6302 Ι
3352 6248 3359 6251 έ
3932 6000 4004 6302 Ι
