4056 6302
276 294 395 351 1201

1533 297 1669 382 ue.
1698 297 1762 366 ιι,
1802 294 2018 353 EPIST.
2054 297 2233 355 xnvt.

3366 274 3521 379 tibi:

335 406 542 477 Moyses
569 405 925 463 charissimus
958 404 1126 463 frater
1155 414 1359 467 noster.
1393 407 1484 479 qui
1512 409 1825 481 claustrum
1854 411 1902 469 Α
1928 411 2185 467 verticem
2209 408 2264 463 in
2288 406 2518 463 circuitu
2547 404 2684 477 pelle
2708 408 2853 464 servi
2876 408 3038 466 vestri
3067 408 3251 467 fratris
3265 410 3506 473 Anselmi

272 509 458 552 sanctae
481 498 912 554 conversationis
936 509 1132 555 vestra:
1168 515 1263 554 sua
1283 500 1511 569 juvenili
1538 500 1753 558 levitate
1776 508 1834 557 et

271 588 433 642 aliena
485 588 744 659 deceptus
786 589 978 646 fraude
1010 589 1277 657 deseruit,
1328 600 1515 663 utpote
1536 592 1678 649 filius
1706 594 1833 650 Eva:

270 683 451 738 matris
491 694 713 750 nostrae,
764 700 885 755 qua:
933 688 985 741 in
1039 688 1291 758 paradiso
1318 689 1542 759 decepta
1591 691 1829 761 paradisi

267 775 573 830 amoenitate
592 776 788 841 caruit,
812 790 1049 847 superno
1074 787 1390 851 protegente
1418 790 1692 850 respectu;
1732 797 1831 838 nec

263 865 539 933 dissipavit
561 867 923 947 substantiam
944 883 1099 923 suam
1133 885 1255 925 cum
1285 871 1687 937 meretricibus,
1730 888 1830 929 nec

265 955 436 1011 inedia
463 965 686 1013 coactus
732 958 882 1028 pavit
909 972 1107 1027 porcos
1139 967 1452 1024 extraneos,
1485 976 1587 1017 nec
1621 962 1830 1017 deside-

264 1042 401 1101 ravit
447 1047 680 1103 saturari
724 1048 954 1119 siliquiis
985 1050 1054 1083 '"
1086 1065 1223 1120 quas
1254 1052 1406 1121 porci
1455 1054 1784 1109 manducant
1810 1070 1829 1109 :

262 1136 354 1193 sed
394 1137 633 1194 nondum
675 1138 941 1194 exhausta
979 1140 1180 1196 mentis
1226 1140 1503 1203 satietate,
1548 1156 1712 1211 quam
1766 1141 1835 1197 de

266 1224 527 1294 spirituali
560 1240 742 1281 mensa
762 1235 942 1282 vestra
957 1235 1261 1295 acceperat,
1286 1227 1353 1280 ad
1376 1236 1619 1282 nostrum
1642 1243 1833 1282 mona-

264 1312 506 1379 sterium,
550 1314 707 1384 quasi
733 1313 801 1367 ad
834 1324 1019 1370 notum
1051 1324 1267 1385 portum
1296 1325 1419 1385 post
1448 1316 1646 1371 multos
1674 1333 1833 1372 lmin-

266 1401 385 1458 dani
402 1401 570 1457 maris
600 1403 880 1458 discursus
908 1404 1126 1459 tandem
1156 1403 1430 1475 applicuit.
1445 1404 1570 1472 Qui,
1586 1407 1833 1474 quamvis

262 1493 327 1547 ob
358 1502 540 1548 reatus
566 1492 648 1547 sui
678 1493 1067 1550 conscientiam
1093 1495 1441 1551 severitatem
1468 1494 1693 1562 iustitiae
1727 1495 1831 1551 sibi

266 1581 453 1635 timeat
472 1580 729 1645 Apostolo
745 1583 957 1639 dicente
977 1599 992 1638 :
1014 1580 1183 1638 Nemo
1205 1599 1433 1654 unquam
1457 1599 1667 1637 carnem
1681 1599 1834 1638 suam

254 1664 377 1724 'odio
416 1671 595 1724 habuit
623 1669 841 1741 (Ep/tes.
866 1687 920 1738 v,
954 1672 1048 1740 29)
1078 1689 1092 1726 :
1123 1681 1301 1726 tamen
1329 1671 1470 1726 intra
1510 1687 1750 1743 gregem,
1778 1673 1831 1727 in

1936 502 2213 569 indutum,
2246 509 2305 557 et
2332 514 2395 555 os
2438 498 2559 569 ejus
2587 516 2650 559 os
2670 504 2866 572 jmeum
2906 517 3026 558 esse
3053 512 3229 559 vestra
3260 504 3398 559 sciat
3428 505 3511 560 di-

1936 593 2115 649 lectio.
2156 594 2212 649 Si
2243 596 2363 665 quis
2387 606 2520 664 crgo
2540 601 2783 649 vestrum
2826 602 2912 648 est
2943 593 3008 648 in.
3031 607 3190 663 quem
3220 593 3533 664 aliquando

1934 692 2126 752 sponte
2159 687 2411 757 peccavi,
2452 688 2666 759 primus
2691 687 2744 741 in
2792 683 2882 740 illo
2906 699 3010 756 pro
3058 685 3314 754 praedicta
3355 687 3527 756 culpa.

1933 775 2126 847 pellem
2159 792 2335 835 meam
2380 781 2679 851 percutiat,
2711 788 2766 835 et
2788 794 2853 834 os
2880 793 3058 833 meum
3094 794 3123 834 a
3156 780 3280 836 cibo
3322 780 3513 849 prohi-

1930 865 2077 921 beat.
2118 864 2248 921 Post
2286 867 2429 923 hanc
2472 884 2606 925 vero
2651 870 2865 939 culpam
2894 868 3086 939 pellem
3133 883 3309 924 meam
3359 867 3527 924 fratri

1934 954 2101 1027 Moysi
2138 957 2536 1015 studiosissime
2571 961 2916 1028 commendo,
2945 961 3087 1017 sicut
3125 976 3279 1016 suam
3308 960 3536 1031 diligit,

1932 1046 2003 1101 ad
2029 1047 2472 1115 custodiendum;
2501 1050 2653 1106 vobis
2683 1060 2887 1117 autem,
2922 1066 3027 1106 non
3057 1051 3195 1106 adeo
3217 1051 3289 1084 ⁸³⁸
3308 1051 3373 1107 ad
3401 1067 3521 1121 pars

1933 1135 2189 1192 centium.
2222 1136 2356 1191 Nam
2391 1140 2435 1193 si
2463 1140 2580 1211 ejus
2603 1141 2759 1210 culpa
2793 1140 2947 1211 pellis
2974 1155 3092 1195 mea
3130 1140 3255 1195 laesa
3283 1149 3376 1195 aut
3397 1157 3536 1211 grac-

1933 1223 2052 1277 vius
2082 1234 2311 1275 excussa
2351 1220 2542 1291 fuerit,
2574 1226 2642 1280 ab
2666 1225 2755 1280 illo
2778 1227 3021 1296 exigam;
3046 1228 3090 1280 si
3121 1226 3244 1296 quis
3262 1235 3441 1281 autem
3467 1224 3519 1281 ei

1936 1313 2269 1382 pepercerit,
2320 1311 2399 1366 illi
2437 1314 2639 1380 gratias
2667 1329 2842 1385 agam.
2886 1316 2964 1370 De
2998 1312 3199 1368 famulo
3240 1329 3373 1368 vero
3400 1314 3537 1384 ejus.

1933 1395 2127 1455 scitote
2156 1401 2284 1471 quia
2308 1400 2470 1454 aliam
2495 1401 2687 1471 pellem
2719 1417 2825 1456 non
2856 1403 3055 1469 habeo,
3085 1401 3341 1472 quoniam
3370 1402 3533 1456 salus.

1933 1490 2051 1560 ejus
2092 1492 2239 1547 salus
2269 1506 2419 1557 mea;
2458 1492 2637 1547 anima
2667 1490 2819 1563 ejus,
2851 1495 3033 1553 anima
3066 1509 3187 1549 mea
3226 1503 3330 1548 est.
3375 1492 3521 1562 Quo,

1934 1587 2079 1641 uiam
2108 1593 2289 1640 autem
2318 1586 2448 1657 quid
2479 1586 2545 1642 de
2568 1596 2794 1658 argento
2819 1587 3079 1659 postulat,
3110 1598 3194 1644 est
3216 1590 3282 1644 ad
3311 1589 3521 1655 faciens

1934 1673 2060 1730 dum
2092 1674 2288 1738 facile;
2335 1687 2445 1727 non
2471 1677 2604 1740 erit,
2649 1685 2707 1730 ut
2741 1687 2889 1748 puto,
2922 1680 3062 1748 apud
3092 1678 3523 1734 misericordiam

251 1756 363 1828 'quo
389 1756 621 1813 laetatus
642 1766 694 1813 et
710 1759 1198 1816 nutritusestomui
1213 1761 1374 1817 modo
1404 1760 1642 1832 recolligi
1663 1763 1832 1833 cupit.
1865 1782 1910 1838 Β
1933 1772 2171 1820 vestram
2201 1763 2269 1818 ad
2310 1763 2707 1836 impetrandum
2752 1766 2983 1823 difficile.
3033 1767 3107 1822 De
3155 1768 3241 1822 his
3274 1766 3528 1823 omnibus

263 1847 324 1903 Et
345 1846 603 1916 quoniam
630 1862 735 1901 non
768 1862 828 1902 se
842 1848 1061 1918 dignum
1077 1850 1256 1905 vocari
1274 1849 1467 1916 filium,
1494 1860 1587 1905 aut
1618 1846 1841 1909 fratrem

256 1936 359 2006 jam
385 1936 629 2006 judicat,
657 1937 850 1992 saltem
882 1939 998 1993 fieri
1026 1955 1084 1995 se
1111 1940 1249 1995 sicut
1280 1957 1447 1996 unum
1474 1942 1541 1996 de
1565 1956 1845 1997 mercena-

262 2028 352 2084 riis
376 2027 543 2099 359
577 2029 773 2082 vestris
820 2037 1031 2084 tantum
1064 2030 1206 2085 inter
1245 2047 1340 2087 vos
1389 2047 1508 2087 esse
1549 2044 1842 2101 mereatur,

261 2120 531 2193 desiderat
561 2136 573 2172 :
608 2118 811 2175 famulo
843 2135 1058 2191 quoque
1086 2137 1185 2176 suo
1205 2162 1219 2189 ,
1267 2139 1429 2193 quem
1465 2125 1581 2195 ipse
1611 2126 1677 2179 ad
1718 2141 1845 2181 con-

260 2226 475 2269 sensum
495 2221 549 2267 et
569 2213 886 2282 obsequium
915 2215 996 2269 sui
1023 2210 1203 2271 dilecti
1228 2218 1472 2279 attraxit,
1499 2228 1647 2275 tanto
1673 2221 1846 2291 magis

258 2315 419 2372 quam
450 2302 598 2357 carni
625 2317 737 2360 sure
771 2303 956 2371 timet,
980 2314 1185 2376 quanto
1213 2309 1256 2362 si
1282 2308 1370 2363 ille
1399 2309 1581 2381 aliqua
1609 2311 1842 2367 vindicta

260 2393 515 2464 puniatur
549 2391 701 2462 justo
742 2394 981 2464 judicio,
1028 2398 1096 2452 ab
1131 2399 1315 2453 anima
1378 2415 1477 2455 sua
1521 2401 1848 2472 exigendum

258 2482 422 2537 videt.
450 2481 525 2537 De
553 2483 780 2554 pecunia
807 2487 971 2542 etiam
1000 2487 1196 2543 alliena
1215 2489 1317 2545 sub
1333 2499 1494 2561 pacto
1524 2488 1845 2552 redditionis

259 2581 502 2642 accepta,
532 2588 697 2643 quam
731 2576 950 2634 incaute
978 2592 1074 2648 per
1099 2579 1330 2635 alienam
1359 2581 1623 2641 fallaciam
1645 2599 1846 2655 expen-

254 2668 368 2733 dit,
401 2668 478 2724 ita
529 2665 796 2724 sollicitus
845 2677 929 2725 est
968 2678 1030 2726 ut
1057 2671 1163 2727 nisi
1204 2687 1301 2742 per
1345 2673 1613 2745 largitatis
1651 2685 1845 2732 vestra)

256 2756 550 2826 auxilium,
595 2769 652 2818 et
697 2775 796 2831 per
831 2759 1107 2815 licentiam
1138 2771 1198 2817 ut
1238 2764 1599 2835 undecunque
1644 2748 1844 2835 poterit

253 2867 315 2907 se
362 2850 613 2920 adjuvari
656 2851 924 2923 postulet,
961 2851 1030 2906 ab
1057 2868 1123 2908 eo
1160 2853 1344 2910 debito
1388 2857 1676 2927 contigerit
1718 2872 1841 2912 eum

254 2940 576 3009 exonerari,
611 2956 898 3013 nuuquaun
928 2952 1108 3012 speret
1137 2958 1232 2999 cor
1258 2960 1415 3000 suum
1446 2962 1514 3003 ex
1549 2949 1652 3002 hac
1683 2963 1841 3005 vere-

149 3036 153 3041 '
251 3031 452 3085 cundia
482 3045 644 3100 posse
672 3033 960 3091 consolari.
994 3031 1101 3087 Sed
1131 3035 1391 3102 quoniam
1416 3036 1483 3090 ad
1526 3045 1604 3092 tot
1630 3048 1686 3092 et
1715 3049 1838 3094 tan—

1942 1863 2229 1928 antequam
2262 1856 2486 1928 incipiat
2528 1858 2735 1922 redire,
2779 1857 3111 1913 voluntatem
3158 1865 3394 1912 vestram
3428 1870 3527 1926 per

1942 1947 2153 2003 litteras
2193 1957 2401 2004 vestras
2434 1949 2805 2003 desideramus
2835 1948 3043 2003 audire.
3093 1945 3209 2002 Non
3243 1947 3369 2017 quia
3410 1947 3530 2015 ipse

1944 2046 2189 2103 recuset,
2239 2039 2283 2093 si
2331 2038 2564 2109 jubetis,
2595 2038 2760 2091 etiam
2803 2036 2870 2090 ad
2905 2045 3172 2090 tormenta
3197 2050 3527 2108 properare;

1943 2128 2036 2181 sed
2063 2128 2320 2197 quoniam
2342 2144 2463 2183 eum
2496 2129 2634 2182 bona
2661 2140 2787 2195 spe,
2825 2126 2988 2181 hctus
3005 2125 3073 2181 ad
3101 2140 3205 2181 eos.
3219 2140 3355 2197 quos
3376 2125 3529 2181 desi-

1944 2218 2120 2280 derat,
2152 2227 2306 2288 optat
2333 2232 2595 2272 remeare.
2626 2216 2829 2270 Valete.
3149 2255 3152 2259 η

2403 2305 2734 2361 EPISTOLA
2774 2303 2936 2358 XLVI
2971 2304 3062 2357 "’.

2524 2411 2593 2451 ΔΙ)
2630 2409 2965 2451 ςυκουιῖωί.

2349 2483 2556 2539 Exorat
2587 2499 2680 2553 pro
2709 2483 2886 2537 eodem
2916 2481 3118 2552 refuga.
3528 2546 3531 2549 _

2012 2577 2243 2632 Domino
2292 2584 2349 2631 et
2391 2576 2573 2640 Patri,
2631 2575 2810 2629 amico
2849 2574 3175 2639 verissimo,
3229 2578 3543 2649 reverenda

1943 2668 2194 2738 episeopo
2231 2665 2549 2731 Gounnuro,
2580 2664 3099 2737 fraterjAussLnns,
3131 2665 3196 2735 in.
3217 2664 3377 2734 hujus
3405 2664 3535 2742 vita

1943 2770 2291 2825 perseverare
2320 2756 2609 2811 sanctitate
2629 2797 2644 2823 ,
2688 2756 2742 2811 in
2775 2754 2970 2811 futurae
2997 2767 3321 2824 permanere
3350 2752 3531 2810 felici.-

1945 2854 2056 2901 tate
2075 2846 2169 2901 "°.

2014 2933 2071 2990 Si
2103 2947 2298 2992 vestrae
2326 2934 2717 2993 benevolentiae
2736 2942 2792 2989 et
2817 2942 3122 2993 vestrorum
3147 2932 3543 2990 beneficiorum

1942 3027 2356 3082 retributionem
2402 3012 2783 3096 in‘gratiarum
2831 3026 3044 3080 actione
3073 3039 3195 3081 esse
3231 3020 3539 3085 sciremus;

254 3128 338 3173 tas
365 3134 457 3175 res
492 3133 683 3187 preces
708 3140 835 3181 suas
862 3119 1170 3179 considerat
1196 3137 1295 3178 nec
1321 3137 1480 3192 posse
1505 3138 1605 3177 nec
1639 3125 1839 3181 debere
1864 3112 1911 3168 C
1941 3116 2127 3183 utique
2179 3116 2380 3170 multas
2424 3116 2593 3185 pelles
2640 3116 2823 3170 ovium
2874 3116 3176 3183 gratiarum
3229 3113 3537 3169 actionibus

248 3205 538 3274 sumccre,
569 3224 655 3265 me
680 3224 896 3266 servum
920 3220 1158 3268 vestrum
1182 3250 1197 3276 ,
1227 3209 1482 3280 quoniam
1506 3225 1607 3266 nec
1630 3210 1838 3268 fidelio-

214 3312 219 3315 λ
249 3312 369 3355 rem
408 3300 564 3355 vobis
583 3340 599 3367 ,
629 3317 730 3357 nec
751 3316 911 3372 quem
943 3303 1119 3372 magis
1146 3299 1381 3357 confidat
1410 3315 1439 3355 a
1461 3302 1613 3358 vobis
1638 3302 1842 3374 aliquid

239 3386 747 3461 posse'impetrare
777 3389 844 3444 ad
873 3404 1111 3459 praesens
1136 3390 1327 3453 habet,
1358 3404 1456 3459 pro
1481 3404 1540 3444 se
1572 3398 1725 3461 rogat
1763 3391 1847 3453 in:

244 3478 561 3535 tercedere.
605 3478 809 3536 Verum
838 3497 960 3536 eum
998 3480 1144 3536 nulla
1187 3478 1361 3549 major
1388 3480 1459 3535 sit
1489 3470 1838 3550 intercessio,

240 3554 412 3643 quam
470 3566 631 3637 pellis
674 3585 773 3640 pro
806 3571 981 3641 pelle,
1012 3571 1206 3625 aaimze
1242 3585 1349 3640 pro
1396 3560 1575 3626 anima
1608 3571 1835 3642 positio,

1943 3202 2314 3274 impleremus.
2340 3202 2446 3259 Sed
2481 3205 2736 3272 quoniam
2765 3219 2872 3258 non
2913 3204 2969 3259 in
2995 3218 3127 3259 voce
3154 3204 3537 3272 irrevocabili.

1943 3309 2044 3350 nec
2071 3295 2425 3365 in'scriptura
2456 3295 2724 3364 putribili,
2754 3294 2849 3350 sed
2873 3295 2928 3349 in
2957 3303 3175 3351 aeternae
3200 3282 3537 3367 plenitudine

1943 3385 2219 3442 felicitatis
2250 3384 2555 3442 mercedem
2605 3394 2847 3459 vestram
2887 3372 3145 3445 novimus
3190 3387 3541 3461 consistere;

1942 3478 2172 3545 ideoque
2204 3476 2624 3547 supersedemus
2661 3491 2758 3546 per
2803 3475 3014 3548 singula
3055 3485 3235 3532 vestra
3271 3478 3535 3533 beneficia

1943 3569 2148 3639 gratias
2197 3569 2500 3624 remittere.
2543 3567 2781 3622 Mutuam
2825 3581 2956 3624 vero
3004 3576 3242 3622 vestram
3290 3567 3540 3635 dilectio:

1943 3672 2089 3726 nem,
2124 3659 2266 3714 sicut
2307 3658 2360 3712 in
2394 3659 2546 3713 vobis
2579 3674 2801 3713 manere
2826 3658 3215 3712 immutabilem
3242 3674 3349 3712 non
3376 3654 3541 3739 igno-i

236 3658 464 3715 dicente
500 3655 728 3714 Domino
756 3677 771 3715 :
804 3660 1072 3731 ‘Majorem
1110 3661 1436 3716 dilectione»:
1477 3677 1626 3715 nemo
1655 3662 1839 3727 habet,

232 3764 402 3821 quam
436 3757 497 3803 ut
525 3750 760 3803 animam
794 3763 953 3820 ponat
983 3753 1099 3820 quia
1133 3767 1229 3818 pro
1271 3752 1453 3804 amicis
1497 3752 1605 3804 suis
1645 3744 1851 3820 (Joan.

228 3855 327 3908 xv,
375 3837 497 3910 l5).
547 3839 814 3897 Domuum
856 3838 1074 3909 Moysen
1105 3857 1136 3895 a
1170 3840 1350 3908 planta
1394 3841 1545 3911 pedis
1576 3856 1745 3909 usque
1769 3841 1837 3895 ad

1555 3966 1788 4039 vanae
1831 3967 2232 4042 LECTIONES.

300 4088 381 4122 '"
436 4085 738 4142 Saturaris
763 4084 964 4155 siliquii
982 4096 1079 4158 ius:
1106 4084 1337 4158 saturari
1366 4064 1578 4158 siliquis
1675 4086 1748 4120 ⁸¹⁸
1772 4086 1813 4142 Α
1851 4087 1951 4144 deo
1972 4101 2082 4141 me.
2119 4083 2257 4138 adeo
2355 4082 2426 4114 m
2450 4081 2655 4138 Collata
2677 4096 2794 4138 cum
2816 4084 2994 4139 eadem
3024 4099 3124 4139 tm.

223 4158 537 4217 ‘lelieitate
562 4172 669 4209 ms.
697 4154 1017 4226 permanere
1047 4154 1330 4213 fwlicitate

1945 3761 2162 3811 ramus;
2196 3746 2269 3800 ita
2295 3746 2348 3801 in
2387 3746 2543 3801 nobis
2563 3761 2683 3800 eam
2711 3761 2930 3801 servare
2974 3746 3344 3802 inviolabilem
3375 3762 3535 3801 cura-

1951 3853 2088 3892 mus.
2112 3837 2188 3893 De
2218 3835 2385 3892 fratre
2415 3835 2597 3908 Moyse
2619 3836 2997 3893 Cautuariensi
3021 3836 3239 3907 juvene,
3270 3837 3362 3911 qui
3390 3852 3536 3893 nunc

3222 4082 3297 4117 ω
3315 4081 3547 4140 Manere-

1468 4269 1748 4326 JOANNiS
1774 4268 1926 4326 ΡΙοΑ
1943 4268 2057 4325 ιωι
2080 4267 2315 4325 ΝΟΤΕ.

218 4412 410 4479 meris
461 4401 814 4479 voluntatem
862 4415 1017 4479 suam
1078 4398 1366 4479 detectam,
1386 4394 1846 4479 ‘et_propositum
1878 4392 1927 4451 Ι)
1960 4402 2300 4479 franeusnec
2328 4398 2962 4479 volen_s_propaiare,_nec
2988 4399 3541 4479 enmi‘uoﬂoceuilarer

217 4469 421 4533 cordis
451 4472 590 4537 sui,
617 4469 769 4544 quod
803 4469 1374 4544 occultum___putabat,
1396 4469 1687 4544 evidenter
1735 4492 1857 4544 pro-
1964 4472 2218 4530 indicavit
2243 4470 2388 4525 illam
2411 4469 2920 4544 cuidam’monacho
2946 4469 3539 4544 nomiueGuilhelmo,

219 4547 501 4617 palatium
520 4581 540 4605 ,
576 4539 793 4617 abbatis
820 4538 1056 4617 pedibus
1078 4538 1231 4617 illico
1251 4539 1582 4617 advolvitur,
1604 4551 1659 4597 et
1677 4538 1855 4617 quali.
1962 4557 2121 4617 quem
2164 4558 2194 4596 a
2224 4539 2689 4617 puero_n_utrierat
2726 4549 2786 4617 et
2815 4539 3070 4617 docuerat
3089 4580 3105 4605 ,
3132 4541 3544 4617 pluriniuttuque’

216 4606 310 4673 ἱει-
335 4614 452 4670 sibi
487 4606 868 4680 innptuissent
896 4606 1027 4680 talia
1045 4606 1319 4662 humiliter
1340 4606 1674 4680 sciscitatur.
1696 4606 1854 4669 Tunc
1962 4606 2180 4667 amabat
2200 4606 2566 4680 [praecipias
2594 4608 2863 4680 neialicui
2907 4606 3149 4674 diceret,
3190 4606 3544 4680 quandiu‘in'

212 4687 268 4741 ei
305 4684 497 4739 abbas
537 4677 745 4734 blanda
776 4692 908 4731 voce
930 4677 1192 4750 visionem
1224 4679 1474 4750 aperuit,
1498 4688 1554 4734 et
1576 4681 1702 4749 quid
1747 4684 1854 4741 sibi
1958 4695 2186 4750 corpore
2215 4677 2441 4750 viveret.
2465 4678 2617 4746 Quod
2635 4679 2722 4734 ille
2741 4681 2977 4750 servavit
2999 4677 3259 4750 usquead
3282 4678 3543 4750 ultimam.

213 4753 515 4810 divinitus
567 4764 672 4819 per
701 4761 929 4819 puerum
960 4744 1269 4819 revelatum
1300 4748 1369 4819 sit
1410 4744 1551 4819 sicut
1575 4744 1735 4819 supra
1769 4768 1853 4808 re-
1959 4744 2315 4819 seuiectutem.
2349 4744 2730 4803 I’ostn‘iortem
2753 4764 2883 4802 vero
2913 4747 3228 4819 Larifranci,
3256 4763 3376 4819 cum
3411 4746 3526 4816 jam

210 4824 521 4880 texuimus
543 4814 856 4889 (explicat.
908 4814 1247 4889 Lanfrancus
1297 4814 1739 4889 obstupefactus,
1787 4831 1845 4877 et
1958 4819 2106 4889 nulla
2132 4818 2497 4889 prohibitione
2523 4827 2831 4889 urgeretur,
2852 4818 3068 4889 scripsit
3108 4831 3218 4870 rem
3242 4816 3383 4889 sicut
3416 4814 3526 4871 au-

208 4894 316 4948 Dei
348 4892 613 4963 gratiam
642 4884 696 4941 iu
724 4887 919 4943 abbate
947 4886 1292 4963 vehementer
1318 4884 1641 4963 admiratus,
1664 4884 1844 4963 humi-
1943 4884 2204 4963 dierat,'e_t_
2221 4888 2400 4963 abbati
2417 4905 2479 4963 ac
2494 4884 3135 4963 monachislseecimrout
3150 4901 3316 4963 supra
3328 4886 3551 4963 digres-1

204 4978 326 5034 que
348 4953 744 5034 "magri-atus!
796 4971 894 5025 per
945 4955 1343 5034 confessionem
1400 4956 1548 5034 Patri
1597 4960 1842 5026 protinus
1966 4974 2110 5024 DlIlS,
2156 4958 2308 5034 dixit.
2353 4953 3038 5034 allucusquencuilhelmi
3077 4953 3327 5034 epistola,
3371 4953 3547 5034 eujus.

203 5022 502 5104 quidquid
549 5032 610 5084 in
647 5022 924 5104 voluntate
955 5025 1255 5088 habuerat,
1287 5027 1449 5104 corde
1490 5022 1844 5104 compunctus
1963 5022 2320 5104 summarium
2350 5022 2677 5104 biographus
2707 5022 2994 5080 Beceensis
3025 5024 3078 5104 i_n
3105 5022 3343 5104 ejusdem
3367 5022 3541 5104 iam.

205 5094 515 5174 exposuit,
554 5094 998 5174 pmrtitentiaque
1026 5104 1337 5174 acceptaet
1362 5094 1697 5174 absolutione
1741 5097 1846 5152 im-
1968 5096 2138 5151 franci
2171 5095 2345 5150 Vitam
2376 5094 2705 5174 contulerat,
2731 5107 2797 5147 ex
2823 5109 2927 5163 qua
2960 5094 3336 5174 unicumnillud
3365 5095 3527 5174 idque

194 5163 466 5244 petrata,
499 5163 901 5244 ’spopouditse
934 5164 1294 5244 nunqttamab
1318 5166 1436 5234 ipso
1456 5165 1851 5244 discessurum,
1965 5180 2275 5244 supremum
2314 5163 2570 5244 referam,
2594 5178 2822 5244 nempe,
2842 5164 2986 5232 quod
3013 5178 3135 5244 eum
3167 5165 3545 5244 Cantuarieur

195 5232 462 5313 Ejusque'
476 5232 793 5313 praeceptis
812 5249 906 5313 per
921 5234 1108 5313 omnia
1130 5232 1649 5313 obtemperaturum.
1666 5232 1853 5313 Abbas
1961 5232 2046 5291 sis'
2070 5233 2312 5313 basilica
2358 5233 2427 5313 ab
2475 5232 2598 5313 ipso
2609 5232 2960 5313 "Laufraueo_
2974 5232 3205 5313 primum
3222 5234 3532 5313 lirielwata,

192 5294 888 5384 ἷῦέὲἶιὶὲέριηειῑίιοξθὶιιί
921 5303 1027 5357 Deo
1048 5302 1252 5382 gratias
1286 5294 1545 5384 referens,
1572 5321 1733 5374 quam
1773 5307 1851 5384 ei:
1907 5380 1910 5384 Δ
1958 5303 2298 5384 tandemque
2325 5304 2393 5384 ad
2431 5294 2766 5384 __uinbilicum
2833 5294 3086 5384 perducta
3142 5318 3172 5383 a
3218 5294 3529 5384 Guilhelmo

190 5372 316 5438 titi's
350 5379 589 5451 potuit,_
616 5372 989 5451 Lattfrancum
1013 5373 1246 5451 priorem
1270 5372 1666 5451 constituitfet
1702 5374 1854 5451 quid.
1907 5380 1910 5384 λ

188 5440 591 5522 «ιυίάῖιίιίοώ
628 5441 953 5522 monasterii
973 5440 1284 5522 stibjacebat
1309 5440 1452 5520 intus
1490 5452 1547 5497 et
1587 5440 1851 5522 exterius,

186 5509 381 5592 ipsius
436 5531 611 5592 cura:
647 5512 950 5592 connnisit.
987 5509 1136 5592 Quos
1173 5510 1245 5592 ita
1290 5510 1577 5592 unanimes
1605 5528 1726 5567 esse
1757 5514 1854 5567 tri—

182 5579 313 5646 la'nit
379 5589 592 5644 divina
664 5580 971 5651 protectio,
1005 5586 1065 5634 ut
1101 5579 1431 5651 nulla_inter
1473 5595 1569 5635 eos
1610 5598 1850 5651 unquam

182 5662 364 5723 fuerit
396 5668 534 5717 orta
572 5649 951 5709 dissensionis
977 5649 1216 5707 occasio.
1240 5649 1392 5711 lianc
1426 5650 1686 5708 visionem
1703 5649 1852 5718 Lan-

1957 5370 2298 5428 Gurholiensi
2344 5371 2501 5426 tertio
2557 5380 2677 5441 post
2720 5370 2890 5441 ipsum
2933 5370 3525 5441 archiepiscopoAforet

1958 5442 2223 5497 sacranda
2245 5481 2261 5506 ,
2294 5456 2390 5511 pro
2422 5438 2572 5511 more
2601 5440 2837 5511 universi
2876 5438 3523 5511 inhumatorum‘cineres

1957 5512 2085 5565 elati
2123 5508 2309 5576 fuere,
2339 5508 2558 5579 tumque
2585 5510 2881 5579 monachus
2914 5509 3108 5578 aliquis
3145 5508 3380 5579 praecidit
3430 5523 3522 5562 ea.

1955 5580 2083 5634 sula'
2106 5579 2391 5634 Lanfranci
2418 5576 2735 5649 particulam
2761 5620 2776 5646 ,
2803 5593 2925 5648 qua:
2952 5576 3175 5635 cunctos
3205 5576 3524 5636 olfacimth

1956 5650 2392 5723 fragrantissimo
2420 5648 2616 5706 amavit
2641 5648 2824 5705 odore.
2911 5709 2919 5716 O
