4056 6302
562 288 706 384 i203

1102 329 1165 387 S.
1206 330 1510 387 ANSELMI
1537 285 1888 396 CANTUAR.
1920 336 2238 417 ARCIII’EI’.
2268 334 2418 406 OPP.
2453 331 2632 401 PARS
2665 330 2751 401 IlI.
2786 361 2854 370 —
2891 325 3266 417 EPISTQLE.

3705 328 3836 385 12οῑ

558 425 643 473 est
666 418 720 473 in
750 404 1078 474 monasterio
1108 429 1296 475 nostro
1316 430 1372 476 et
1396 421 1510 476 vult
1540 422 1593 477 in
1619 423 1865 495 Angliam
1891 426 1958 488 ad
1979 413 2137 492 suum
2243 404 2616 496 perversitatis
2646 420 2877 490 impetus
2901 415 3047 479 circa
3092 416 3239 470 illum
3279 413 3536 485 repellat,
3585 430 3752 486 quam
3782 429 3835 475 ut

556 510 948 567 monasterium
976 511 1186 578 redire,
1215 522 1455 569 vestram
1489 529 1782 584 precamur
1806 519 2149 587 sanctitatem
2252 506 2426 572 aliena
2455 530 2561 570 non
2591 511 2877 569 laudabilis
2898 509 3197 581 pertinacia
3226 506 3551 563 laudabilem
3577 508 3835 565 intentio-

553 609 616 653 ut
639 610 693 653 et
721 614 816 654 vos
837 600 887 654 ei
912 599 1124 655 veniam
1154 600 1342 658 delicti
1368 603 1451 658 sui
1478 588 1703 675 propter
1730 614 1974 662 nostrum
1999 621 2149 663 amo—
2250 621 2373 661 nem
2423 601 2812 677 benevolentia:
2846 609 3041 656 vestra:
3088 596 3352 654 reflectat.
3396 597 3591 655 Valeat
3628 613 3837 673 semper

553 702 695 753 rem,
734 689 877 745 sicut
906 690 974 746 de
1010 691 1166 747 vobis
1213 693 1568 760 confidimus,
1609 695 1861 752 tribuatis
1894 715 1908 752 :
1942 706 1998 753 et
2027 709 2085 753 ut
2115 716 2148 756 a
2249 697 2423 753 dulcis
2451 698 2584 754 mihi
2605 707 2786 754 vestra
2817 696 3053 753 dilectio.

549 779 754 832 dormio
786 777 1021 837 Henrico
1056 782 1260 849 priore,
1293 791 1347 839 et
1377 800 1407 838 a
1452 794 1563 839 tota
1609 786 2025 857 congregatione
2053 784 2139 844 be«

552 868 717 936 nigne
745 870 1096 940 suscipiatur,
1133 872 1403 956 efficiatis.
1438 874 1735 945 Epistolam
1762 877 1862 951 Ψ,
1892 894 2053 948 quam
2078 879 2145 935 de
2240 880 2245 887 '

551 959 656 1015 bac
695 976 755 1016 re
792 964 1050 1032 praedicto
1095 965 1262 1035 priori
1309 975 1365 1022 et
1402 969 1808 1039 congregationi
1861 970 2142 1036 misimus,

550 1053 763 1121 placeat
791 1058 1291 1113 veStrte‘sanctitati
1333 1059 1547 1131 legere;
1588 1070 1644 1115 et
1671 1062 1969 1129 secundum
2001 1065 2144 1133 quod
2247 1083 2252 1087 ’

551 1142 606 1198 in
635 1143 724 1199 illa
751 1146 1107 1216 postulamus,
1133 1157 1424 1219 antequam
1454 1166 1484 1206 a
1513 1152 1667 1207 nobis
1692 1152 1754 1207 F.
1789 1153 1998 1225 Moyses
2020 1170 2142 1224 pro-

549 1235 848 1300 ﬁciscatur,
876 1254 1218 1296 communem
1247 1242 1583 1297 voluntatem
1614 1253 1809 1299 vestrae
1839 1245 2145 1316 benignita-

549 1326 622 1380 tis
646 1343 741 1396 per
769 1327 981 1385 litteras
1000 1341 1182 1388 vestro
1205 1332 1378 1407 sigillo
1403 1334 1644 1406 signatas
1667 1350 1975 1392 mereamur
2001 1338 2144 1394 acci-

546 1433 700 1491 pere.
729 1419 939 1476 Valete.
1459 1418 1465 1425 ’
1798 1434 1799 1437 ‘

1003 1536 1350 1629 'EPISTOLA
1386 1540 1572 1603 XLVII
1598 1543 1690 1601 ’5".

1096 1643 1166 1681 AD
1210 1642 1590 1693 ϐιειιιιειιτωι.

544 1709 626 1766 De
651 1712 792 1782 febre
807 1731 911 1778 qua
930 1729 1209 1786 corruptus
1230 1720 1476 1845 [nitiade
1488 1739 1591 1794 qua
1614 1740 1775 1794 supra
1797 1727 1853 1781 in
1873 1728 2025 1791 epist.
2039 1728 2133 1797 υ,

1235 1807 1336 1844 scri
1376 1808 1390 1844 ι
1420 1831 1435 1845 .

1235 1807 1435 1846 εεηοιι.

620 1871 854 1929 Domino
886 1890 1079 1933 servus
1096 1920 1117 1949 ,ν
1159 1870 1337 1935 amico
1364 1881 1601 1948 amicus,
1635 1883 1833 1940 dilecto
1865 1886 2131 1957 dilectus,

544 1960 743 2018 donmo
772 1965 955 2021 abbati
984 1967 1359 2039 C‘ISLEBERTO,
1394 1973 1563 2043 frater
1587 1976 1899 2045 Ausunus,
1929 1980 2129 2051 sempi-

548 2061 769 2111 ternum
801 2059 1054 2129 gaudere.

2690 787 3022 844 EPISTOLA
3070 785 3276 842 XLVIII
3307 785 3400 843 ⁵¹⁸.

2782 916 2786 921 ι
2814 896 2881 935 ΔΙ)
2921 893 3267 935 ϐυΑιΤΕΒυΠ.

2245 968 2465 1031 Laicum
2512 980 2748 1037 recenter
2787 987 3091 1025 conversum
3135 971 3189 1023 in
3233 970 3425 1039 spiritu
3478 969 3715 1038 lenitatis
3760 975 3836 1029 in-

2807 1042 3113 1096 struendum
3136 1057 3266 1095 esse.

2315 1155 2524 1211 Domno
2545 1163 2600 1209 et
2618 1153 2784 1217 fratri
2809 1152 3125 1211 dulcissimo
3150 1151 3485 1221 Gaurano,
3521 1151 3701 1210 frater
3737 1155 3835 1210 As-

2244 1262 2443 1303 ssLuus
2468 1247 2637 1302 abbas
2669 1245 2853 1311 Becci,
2874 1245 3124 1301 salutem.

2314 1336 2555 1392 Domnus
2585 1336 2855 1392 Robertus
2883 1336 2949 1392 de
2967 1336 3207 1393 Briodua
3243 1337 3448 1408 gratias
3472 1352 3704 1410 magnas
3730 1342 3835 1409 agit

2240 1412 2396 1482 vobis
2441 1441 2539 1496 pro
2586 1425 2918 1498 benignitate
2969 1441 3134 1496 quam
3215 1425 3322 1492 illi,
3366 1441 3532 1497 supra
3577 1443 3745 1498 quam
3770 1428 3836 1465 '“

2242 1532 2464 1586 sperare
2488 1532 2728 1586 unquam
2757 1517 2955 1586 potuit,
2988 1517 3259 1574 exhibetis
3285 1528 3343 1574 et
3382 1534 3507 1574 cum
3537 1519 3834 1590 gratiarum

2241 1607 2454 1675 actione
2484 1607 2637 1662 testis
2664 1607 2818 1661 vobis
2859 1616 2945 1663 est
2979 1608 3105 1678 quia
3140 1616 3197 1663 et
3237 1607 3306 1663 ab
3350 1608 3471 1679 ipso
3515 1618 3573 1664 et
3610 1610 3681 1665 ab
3714 1610 3832 1666 aliis

2240 1708 2462 1777 propter
2508 1713 2630 1757 eum
2673 1699 2841 1756 multa
2885 1699 3112 1755 molesta
3159 1700 3307 1770 passi
3350 1701 3505 1755 estis.
3548 1699 3708 1756 Unde
3735 1717 3836 1774 ego

2164 1761 2210 1822 Β
2239 1774 2363 1843 cum
2411 1804 2598 1852 amore
2624 1790 2829 1867 gratias
2857 1805 2993 1861 ago,
3030 1800 3085 1846 et
3124 1807 3246 1847 cum
3276 1792 3570 1862 gratiarum
3612 1792 3833 1849 actione

2232 1878 2418 1946 laudo,
2444 1890 2500 1937 et
2530 1881 2799 1937 laudando
2828 1896 3024 1953 precor
3048 1882 3434 1945 discretionem
3462 1893 3733 1950 vestram,
3766 1894 3829 1941 ut

2234 1990 2445 2044 memor
2492 1975 2618 2043 quia
2652 1974 2893 2037 calamus
2922 1984 3210 2045 quassatus
3253 1991 3363 2031 non
3391 1976 3488 2031 'est
3531 1986 3829 2039 conterens

2235 2063 2333 2119 dus
2361 2063 2577 2133 (Matth.
2634 2079 2744 2132 xu,
2774 2063 2885 2131 20;
2936 2063 3070 2118 Isai.
3131 2080 3265 2131 xm,
3299 2065 3381 2135 3),
3418 2065 3583 2137 360
3608 2074 3665 2122 et
3690 2067 3835 2138 quia

618 2146 676 2202 Si
720 2163 881 2216 sane,
916 2152 961 2207 si
1004 2153 1176 2222 bene,
1227 2157 1274 2212 si
1317 2172 1579 2230 prospere
1619 2170 1811 2217 cuncta
1848 2172 1975 2235 sum,
2002 2178 2132 2235 erga
2233 2152 2357 2207 sani
2387 2168 2491 2209 non
2517 2153 2925 2237 egent-medico,
2955 2152 3047 2207 sed
3071 2153 3160 2224 qui
3184 2151 3323 2207 male
3366 2154 3558 2208 habent
3589 2153 3747 2225 (Luc,
3777 2172 3832 2223 ν,

544 2238 802 2301 domnum
849 2243 1098 2315 abbatem
1136 2246 1501 2306 Gislebertum
1531 2253 1783 2309 dilectum
1815 2255 2128 2311 dilectorem

2241 2241 2351 2314 5i),
2396 2242 2448 2296 in
2493 2242 2599 2296 hoc
2641 2241 2785 2319 quod
2831 2241 3052 2312 incoepit
3101 2251 3443 2313 perseveret.
3488 2241 3833 2313 Sperandum

540 2343 756 2396 meum,
803 2347 932 2390 vere
960 2335 1084 2392 inde
1112 2339 1311 2409 gaudet
1337 2356 1434 2397 σοι»
1473 2358 1684 2411 meum,
1722 2346 1848 2415 quia
1885 2356 2031 2402 cene
2053 2347 2134 2401 sic
2233 2335 2378 2388 enim
2410 2341 2495 2389 est
2523 2333 2777 2403 quoniam
2807 2331 2898 2410 qui
2938 2346 3043 2405 per
3071 2328 3310 2387 vestram
3341 2331 3684 2388 tolerantiam
3716 2331 3835 2403 jam

541 2428 628 2473 est
672 2419 1002 2499 desiderium
1050 2442 1248 2484 meum.
1302 2429 1359 2497 Si
1414 2432 1760 2489 dilectionem
1816 2444 1869 2489 ei
1925 2435 2131 2490 benen-
2236 2426 2601 2498 aliquatenus,
2637 2424 3016 2485 misericordia
3037 2423 3133 2480 Dei
3161 2422 3446 2493 eﬁiciente,
3476 2424 3748 2495 profecit:
3780 2426 3832 2481 si

540 2506 657 2576 cia,
685 2525 806 2580 qua:
847 2514 1004 2579 nobis
1041 2526 1096 2572 et
1124 2520 1327 2591 nostris
1359 2521 1519 2588 rebus
1551 2525 1893 2594 impenditis,
1919 2526 2130 2582 alienus
2234 2520 2289 2573 in
2317 2533 2382 2573 eo
2406 2517 2550 2587 quod
2580 2515 2899 2585 incoapistis,
2927 2514 3440 2585 perseveraveritis;
3467 2529 3565 2585 per
3582 2514 3836 2569 eamdem

542 2597 743 2657 alienis
785 2603 1167 2683 impenderet,
1202 2612 1389 2683 utique
1416 2614 1486 2650 ⁸³³
1530 2600 1835 2686 gratiarum
1882 2634 2131 2690 magnam
2236 2607 2330 2661 Dei
2382 2603 2811 2661 misericordiam
2861 2602 2929 2656 ad
2964 2602 3170 2672 majora
3195 2600 3483 2700 from“?-
3532 2599 3679 2700 Nam_

542 2686 814 2754 actionem
842 2697 896 2752 in
930 2701 1147 2782 scriptis
1174 2713 1231 2760 et
1262 2720 1397 2762 voce
1421 2709 1804 2769 exhiberemus
1834 2726 1900 2772 ne
1937 2686 2128 2772 deﬁce-

2241 2698 2410 2767 ipsum
2442 2709 2694 2767 magnum
2730 2694 2946 2762 signum
2982 2700 3065 2748 est
3089 2688 3367 2762 profectus
3393 2689 3541 2763 eius,
3585 2689 3723 2760 quia
3754 2686 3835 2759 illi

541 2782 651 2840 rei.
683 2783 789 2840 Sed
816 2779 1071 2857 quoniam
1104 2795 1207 2851 hoc
1246 2795 1338 2852 ille
1370 2797 1536 2868 facit,
1590 2801 1657 2856 de
1697 2816 1805 2870 quo
1854 2818 2132 2873 nunquam
2233 2802 2334 2856 ρετ
2363 2799 2524 2855 quem
2551 2799 2610 2839 se
2640 2782 2941 2854 Ρτοίθοίεεθ
2968 2779 3530 2882 eosnosfittfnullum
3555 2793 3836 2882 οοωιξκεξ

541 2887 841 2957 possumus.
889 2882 1211 2953 desperare,
1284 2888 1528 2952 δυωοθτθ
1576 2893 1849 2953 credimus
1899 2870 2134 2961 majores
2234 2877 2351 2930 dari
2380 2889 2475 2946 per
2504 2889 2589 2930 me
2615 2875 2848 2929 amicum
2891 2870 3478 2961 vestrumgdesiderat;
3510 2884 3630 2961 non
3661 2877 3727 2924 ut
3753 2870 3836 2961 vi-

542 2966 751 3033 gratias
782 2983 911 3041 cum
946 2987 1160 3051 semper
1194 2988 1439 3053 prompta
1483 2981 1790 3048 voluntate,
1831 2958 2135 3053 ρηεέηίιη
2238 2966 2328 3021 tiis
2357 2965 2471 3019 suis
2494 2963 2885 3059 consentiatis,
2931 2960 3024 3016 sed
3050 2968 3111 3059 ut
3140 2959 3450 3013 inﬁrmitati
3473 2958 3619 3059 ejus,
3664 2967 3728 3059 ut
3754 2958 3837 3059 .ab

542 3053 664 3106 Cum
696 3054 800 3112 boc
825 3057 997 3121 ipsum
1025 3050 1131 3118 non
1159 3048 1440 3135 ignoretis,
1478 3048 1849 3129 indesinenter
1877 3075 1930 3128 in
1954 3074 2134 3130 cordis
2165 3123 2204 3135 η
2236 3053 2341 3109 ί¹¹ίε
2385 3052 2644 3122 Paulam“
2689 3052 2830 3106 Sim“
2878 3065 3022 3131 33""
3071 3049 3309 3116 levem"
3352 3048 3828 3104 θθηδθδοθθάδίίδο

540 3152 672 3196 arca
700 3159 959 3222 servare.
994 3151 1120 3208 scio
1160 3123 1287 3225 q'uia
1313 3123 1494 3215 νεείνέ
2159 3123 2204 3183 C
2235 3144 2482 3201 Nondum
2511 3144 2656 3199 enim
2690 3143 2856 3206 audet
2899 3126 3221 3211 promittere
3250 3155 3310 3195 se
3340 3154 3518 3236 mores
3561 3154 3689 3194 suos
3705 3179 3735 3236 ,Α
3770 3140 3837 3195 in

2233 3237 2432 3307 quibus
2462 3236 2618 3301 aliter
2645 3250 2809 3306 quam
2827 3234 3080 3313 expediat
3101 3234 3340 3293 nutritus
3362 3243 3468 3300 est,
3502 3232 3554 3286 in
3580 3232 3836 3302 proximo

540 3232 741 3328 babrat
791 3249 965 3319 status
1010 3256 1216 3315 noster,
1266 3250 1538 3308 desiderat
1570 3232 1949 3325 cognoscere:
1994 3259 2085 3328 qui
2112 3296 2151 3325 ,-

537 3324 652 3382 Deo
678 3334 1020 3410 protegente,
1056 3340 1350 3405 secundum
1384 3344 1601 3399 modum
1632 3324 1909 3411 nostrum,
1952 3324 2130 3404 etse-

537 3421 777 3489 cundnm
823 3428 1084 3498 temporis
1111 3430 1273 3503 hujus
1315 3433 1637 3498 varietatem
1668 3436 1722 3490 in
1754 3438 1965 3493 cunctis
1992 3439 2130 3494 bene

538 3521 687 3566 esset
709 3522 765 3573 et
798 3530 1090 3587 prospere,
1140 3522 1240 3576 nisi
1289 3524 1415 3594 quia
1447 3541 1572 3589 cum
1602 3542 1774 3596 nuper
1810 3528 1863 3583 in
1895 3528 2128 3584 Francia

538 3615 717 3663 essent
764 3603 884 3674 aliis
913 3605 985 3637 ⁸⁸⁸
1021 3596 1342 3676 quibusdam
1385 3612 1637 3669 allectum
1678 3615 1955 3680 laboribus
1994 3617 2129 3675 levis

539 3693 787 3760 quaedam
821 3694 990 3761 febris
1018 3699 1198 3754 subito
1228 3699 1440 3761 irruens
1472 3704 1591 3774 plus
1624 3720 1712 3760 me
1744 3707 1938 3762 terruit
1962 3722 2129 3777 quam

538 3783 699 3863 laesit.
732 3785 840 3858 Sed
878 3804 999 3844 cum
1028 3791 1238 3848 videret
1280 3804 1514 3851 mentem
1553 3811 1726 3852 meam
1770 3799 2130 3861 intentissime

539 3892 856 3945 conversam
885 3883 1026 3939 utad
1050 3885 1255 3943 amicos
1278 3898 1492 3944 nostros
1508 3904 1607 3960 pro
1630 3889 1833 3945 auxilio
1857 3891 2126 3948 mitterem

538 3968 879 4039 orationum,
927 3974 1189 4030 exterrita
1229 3976 1315 4032 bis
1356 3987 1556 4034 tactum
1604 3979 1742 4051 fugit
1784 3982 2126 4037 exterritum.

541 4054 697 4114 Unde
724 4059 1042 4130 aliquandiu
1065 4075 1182 4133 post
1208 4081 1400 4135 passus
1423 4084 1541 4124 sum
1561 4109 1576 4134 ,
1604 4085 1727 4125 cum
1757 4071 1952 4126 edendi
1974 4071 2128 4128 fasti-

540 4148 652 4214 dio,
676 4152 976 4208 dormiendi
1000 4154 1391 4225 difﬁcultatem,
1407 4169 1462 4214 et
1484 4162 1850 4216 membrorum
1866 4164 2124 4235 majorem

538 4239 984 4310 imbecillitatem.
1027 4245 1283 4303 Dominos
1311 4259 1366 4305 et
1406 4250 1605 4313 fratres
1640 4254 2128 4327 nostrosdilectis-

539 4327 709 4383 simos
733 4330 873 4399 ﬁlios
892 4345 1103 4391 vestros
1131 4348 1331 4408 quanta
1361 4355 1578 4408 possum
1604 4343 1891 4417 devotione
1912 4345 2120 4420 saluto;

541 4418 611 4473 de
636 4433 867 4489 quorum
892 4439 1020 4494 erga
1051 4441 1136 4480 me
1157 4428 1298 4484 dulci
1320 4430 1609 4489 dilectione
1638 4449 1695 4507 re
1721 4420 1850 4492 mihi
1884 4418 2095 4508 cognita

539 4508 757 4579 quoties
786 4512 1048 4583 recogito,
1079 4517 1309 4577 exsulto.
1345 4521 1420 4576 De
1451 4521 1685 4581 Ricardo
1727 4527 1999 4584 serviente
2032 4508 2124 4585 veé

538 4608 677 4667 stro,
695 4602 789 4683 qui
804 4618 902 4660 vos
920 4605 971 4658 in
987 4606 1235 4676 Angliam
1253 4615 1548 4668 secundum
1565 4616 1865 4687 iussionem
1887 4630 2123 4677 vestram

537 4701 767 4757 secutus
798 4703 917 4763 est,
944 4696 1135 4758 vellem
1161 4708 1435 4770 vestram,
1476 4704 1521 4757 si
1556 4707 1708 4762 vobis
1743 4723 1846 4765 non
1882 4710 2127 4788 displice-

535 4792 641 4847 ret,
671 4784 1053 4855 benignitatem
1095 4806 1316 4862 rogare,
1360 4795 1615 4863 quoniam
1659 4813 1819 4867 quem
1854 4784 1997 4857 Deus
2024 4819 2126 4859 suo

529 4872 741 4944 judicio
763 4879 834 4932 ab
873 4879 1107 4951 impacto
1127 4884 1356 4940 crimine
1389 4888 1697 4953 excusavit,
1732 4891 1775 4944 si
1809 4891 1923 4961 ipse
1950 4895 2018 4949 ab
2043 4895 2125 4950 in-

534 4973 697 5035 cepto
724 4967 868 5024 ﬁdeli
896 4971 1118 5028 servitio
1148 4988 1252 5028 non
1302 4975 1483 5031 deﬁcit
1522 4977 1635 5047 jam
1680 4978 1812 5035 nihil
1858 4990 1940 5036 est
1977 4982 2121 5052 quod

533 5054 691 5112 bona:
719 5069 914 5116 vestrae
939 5060 1201 5118 voluntati
1230 5080 1389 5136 quam
1415 5068 1482 5123 de
1506 5084 1571 5124 eo
1595 5069 1894 5140 incepistis,
1929 5070 2121 5127 debeat

535 5148 782 5207 obviare.
828 5150 1014 5209 Justus
1043 5155 1190 5210 enim
1235 5165 1353 5223 est,
1398 5168 1456 5214 et
1493 5161 1612 5230 plus
1633 5163 1791 5219 decet
1819 5162 2121 5221 honestatis

534 5249 734 5297 vestrae
761 5245 1171 5312 auctoritatem,
1204 5255 1262 5303 ut
1290 5257 1470 5319 vestra
1505 5255 1806 5323 constantia
1831 5252 2120 5324 cujuslibet

2104 4481 2121 4511 ι
2156 4473 2200 4528 n

2232 3326 2449 3398 penitus
2480 3327 2863 3390 deserturum;
2891 3323 2984 3379 Sed
3012 3339 3136 3379 cum
3170 3323 3447 3395 voluntate
3473 3330 3530 3376 et
3559 3321 3833 3378 desiderio

2230 3417 2500 3487 promittit
2528 3416 2740 3493 quoties
2782 3414 3069 3479 ceciderit,
3120 3428 3179 3468 se
3206 3412 3318 3467 Deo
3364 3413 3692 3493 adiuvante,
3734 3426 3834 3482 per

2232 3515 2470 3567 vestrum
2514 3504 2775 3567 auxilium
2812 3513 2869 3559 et
2901 3502 3221 3577 consilium,
3247 3511 3304 3558 et
3325 3518 3425 3573 per
3452 3510 3666 3559 vestras
3702 3517 3830 3556 ora-

2233 3595 2408 3658 tion-es
2433 3605 2808 3649 surrecturum
2830 3593 2925 3659 "’,
2955 3600 3010 3648 et
3035 3593 3360 3663 quandoque
3386 3592 3443 3651 in
3465 3591 3623 3663 bonis
3653 3591 3826 3663 mori-

2228 3685 2331 3740 bus
2354 3693 2667 3747 constanter
2686 3691 2974 3746 staturum.
2997 3683 3242 3738 Salutate
3263 3682 3512 3736 dominos
3532 3690 3587 3736 et
3613 3680 3815 3738 fratres

2230 3784 2446 3830 nostros
2475 3784 2669 3829 vestrae
2704 3774 3142 3845 congregationis
3187 3771 3485 3845 monachos
3531 3787 3599 3827 ex
3640 3781 3829 3847 nostra

2228 3875 2430 3934 parte:
2480 3876 2617 3932 quos
2648 3876 2808 3933 rogo,
2853 3870 2910 3916 ut
2948 3860 3122 3917 ﬁdelis
3159 3869 3215 3917 et
3263 3861 3503 3925 amicus,
3550 3870 3827 3931 quatenus

2229 3951 2442 4006 solliciti
2466 3951 2576 4007 sint
2598 3967 2805 4006 servare
2834 3951 3087 4006 unitatem
3115 3952 3330 4021 spiritus
3352 3951 3406 4006 in
3436 3952 3652 4006 vinculo
3682 3954 3833 4023 pacis

2229 4043 2446 4116 (Epltes.
2500 4060 2575 4111 ιν,
2610 4044 2689 4113 5),
2712 4044 2757 4099 si
2779 4044 3027 4114 templum
3054 4044 3233 4099 volunt
3259 4058 3381 4100 esse
3407 4043 3637 4112 Spiritus
3661 4045 3835 4098 uncti

2228 4138 2281 4208 (1
2307 4137 2430 4192 Cor.
2480 4154 2557 4199 γι,
2590 4137 2700 4202 l9),
2729 4137 2822 4207 qui
2863 4137 3002 4192 sicut
3033 4136 3204 4191 scindi
3241 4152 3348 4191 non
3387 4144 3599 4207 potest,
3654 4136 3733 4191 ita
3762 4136 3823 4192 in

2226 4226 2500 4284 discordia
2528 4226 2782 4309 habitare
2810 4242 2919 4282 non
2951 4234 3151 4296 potest.
3185 4225 3399 4282 Valete.

2686 4333 3029 4409 EPISTOLA
3070 4333 3239 4408 xux
3266 4334 3366 4406 m.

2822 4450 2892 4521 sp
2931 4450 3224 4503 thsnnmt.

2231 4545 2301 4602 Ut
2342 4548 2617 4603 Beccensis
2659 4546 2877 4619 quidam
2922 4548 3208 4619 monachus
3242 4547 3307 4599 ab
3341 4546 3573 4619 ecclesiis
3623 4547 3688 4603 S.
3732 4546 3832 4602 UL

2304 4619 2442 4671 mari
2472 4616 2722 4686 regimine
2742 4625 3039 4685 excusetur,
3062 4633 3126 4673 ne
3148 4617 3258 4688 lupi
3284 4631 3479 4686 agnum
3505 4616 3753 4671 devorent
3780 4628 3833 4673 el

2302 4688 2475 4742 leones
2505 4704 2674 4743 ovem.

2307 4796 2539 4856 Domino
2586 4805 2642 4853 et
2674 4796 2824 4854 Patri
2852 4797 3150 4854 reverendo
3200 4796 3534 4852 Morinorum
3569 4796 3838 4867 epismpo

2233 4887 2506 4955 ϐιιυιιωο,
2547 4887 2721 4945 frater
2739 4890 3021 4955 Ansenuus
3045 4889 3223 4946 dictus
3253 4888 3421 4945 abbas
3442 4887 3600 4944 Becci
3622 4928 3639 4956 ,
3679 4889 3835 4958 quod

2297 5068 2465 5133 Multa
2505 5078 2728 5141 propter
2763 5071 3143 5128 necessitatem
3175 5071 3251 5127 rei
3294 5071 3478 5140 dicere
3502 5067 3831 5140 expediret:

2229 5166 2288 5211 at
2325 5167 2547 5230 propter
2579 5160 2747 5216 multa
2779 5162 2910 5216 mibi
2951 5177 3059 5217 non
3097 5162 3248 5218 licet.
3280 5161 3441 5217 Brevi
3486 5161 3659 5231 igitur
3686 5160 3837 5216 allo-

2230 5250 2358 5318 quio
2406 5257 2461 5304 et
2490 5265 2689 5323 magno
2728 5251 2925 5325 aﬂfectu
2956 5242 3194 5319 vestram
3237 5251 3500 5323 deprecor
3539 5247 3835 5321 paternam

1803 5383 2036 5457 vanus:
2080 5382 2513 5444 LECTIONES.’

614 5487 680 5517 ⁵²¹
722 5489 1087 5571 Excipiam”
1121 5492 1368 5571 efﬁciatis
1439 5498 1722 5571 epistolam
1769 5515 1879 5571 nis.
1912 5501 2260 5571 suscipiatur,
2318 5497 2587 5571 elﬁciatis.
2651 5496 2947 5571 Epistolam
3082 5494 3392 5571 “190$!!!”
3428 5496 3836 5571 ,εαπιηέθδεκ

543 5570 646 5639 1i,”-
720 5557 791 5637 δ”
852 5557 1188 5639 [mpenditis,
1218 5566 1401 5639 u_t_iqn_e
1427 5557 1529 5639 ῃιέ.
1579 5569 1814 5639 impendi
1865 5570 1932 5635 is,
1974 5557 2186 5627 alienus
2235 5557 2429 5625 alienis
2463 5557 2821 5639 impenderet,
2870 5567 3058 5637 utique
3130 5564 3203 5639 fit
3231 5557 3502 5639 Francia,
3559 5565 3681 5620 aliis
3720 5581 3829 5619 Its.

544 5620 774 5712 [rancia
799 5620 1019 5712 esset-11;,
1224 5620 1549 5712 ‘f"'Collata
1572 5620 1902 5712 έῂιῖίέὸᾶεὴἱ
1918 5620 2128 5696 'm§.'"'ii

2241 5620 2679 5712 {.ﬁ’a’alii’nii.’
2697 5620 3057 5709 Vsupra'quam
3133 5637 3203 5668 ⁸³⁷
3227 5620 3688 5695 Resurrecturutn
3718 5649 3827 5692 Is.

522 5704 976 5764 .resurrecturum
1049 5700 1120 5732 ⁸²⁸
1141 5699 1345 5757 Collata
1372 5720 1489 5758 ruat
1520 5708 1695 5759 eodem
1728 5723 1823 5760 ms.

123 6044 514 6302 -
680 6094 693 6101 -
3628 6044 3992 6302 !-‘
3676 6068 3699 6079 ³-
3728 6058 3735 6063 .
3864 6048 3867 6051 Ἰ
