4056 6302
277 294 409 379 nos

1607 284 1739 341 LIB.
1776 287 1844 352 II,
1882 284 2099 340 EPIST.
2123 283 2232 341 LII.

3395 288 3536 343 καὶ

270 409 548 480 pietatem,
579 408 638 456 ut
673 409 730 458 et
754 413 850 457 vos
876 396 1123 466 faciatis‘,
1167 405 1224 454 et
1251 396 1470 454 domino
1492 393 1698 452 'nostro
1724 395 1836 449 Re-
1869 402 1916 460 Α
1947 395 2028 449 ris
2051 393 2308 466 cognovi,
2340 402 2660 465 tantumque
2685 393 2966 462 doluistis,
2992 402 3141 451 recte
3163 403 3218 451 et
3243 409 3343 468 ego
3365 398 3532 454 dolui.

269 495 434 552 mensi
463 493 870 564 archiepiscopo
895 507 963 547 ex
991 498 1172 546 vestra
1213 497 1269 545 et
1308 498 1495 544 nostra
1528 495 1684 558 parte
1726 501 1846 556 per.-

269 585 556 652 suadeatis,
588 585 732 654 quod
761 584 827 638 ad
852 583 1152 653 prudentiae
1173 581 1624 651 vestrze‘pertinet
1645 579 1848 635 discre-

268 677 499 740 tionem;
539 683 812 744 quatenus
844 672 932 728 hic
963 671 1134 727 frater
1176 680 1363 726 noster
1409 669 1613 726 diutius
1647 669 1847 723 frustra

265 781 368 825 non
396 773 646 830 vexetur,
674 778 775 817 nec
805 763 874 816 ad
902 762 1187 818 ecclesiam
1220 761 1279 816 S.
1311 759 1582 826 Vulmari,
1610 760 1726 830 ejus
1755 773 1848 813 oc-

262 856 504 921 casione,
543 852 883 910 convenienti
913 851 1144 916 consilio
1186 861 1241 906 et
1273 851 1614 907 ordinatione
1657 849 1843 918 prive-

266 959 370 1006 utr.
412 945 792 1017 Impossibilile
827 945 972 1001 enim
1016 955 1100 1000 est
1144 960 1268 1000 eum
1298 943 1528 1014 amplius
1575 943 1628 998 in
1658 943 1846 998 eadem

265 1038 484 1098 ecclesia
515 1039 586 1094 ob
614 1037 803 1103 multa,
833 1052 953 1108 quae
984 1036 1201 1106 longum
1231 1044 1316 1091 est
1346 1049 1596 1101 narrare,
1633 1035 1686 1088 in
1714 1050 1848 1104 pace

263 1132 591 1196 consistere;
625 1137 719 1184 aut
745 1129 811 1184 ad
843 1128 1078 1198 aliquam
1101 1127 1170 1159 “9
1197 1127 1482 1182 utilitatem
1514 1125 1598 1179 vel
1621 1140 1743 1179 eum
1768 1125 1849 1182 ni.-

261 1222 370 1277 mio
401 1222 588 1276 labore
618 1220 903 1292 prolicere.
943 1217 1284 1288 Quapropter
1309 1217 1514 1271 iterum.
1545 1215 1850 1284 iterumque

197 1353 200 1357 ι
259 1327 453 1383 precor
483 1327 552 1369 ne
596 1321 802 1366 tantum
844 1309 1185 1366 auctoritatis
1221 1316 1414 1363 vestrae
1445 1321 1730 1361 censuram
1769 1315 1849 1360 at-

262 1405 518 1469 tendatis,
559 1412 620 1457 ut
641 1404 878 1457 animam
903 1400 1135 1471 proximi
1166 1399 1540 1455 insatiabiliter
1562 1406 1742 1452 vestro
1774 1397 1848 1451 ri-

259 1511 390 1567 gore
445 1494 645 1550 frustra
694 1492 978 1563 frangatis.
1031 1490 1239 1556 Nolite,
1307 1490 1571 1552 obsecro,
1616 1487 1848 1557 amplius

259 1601 459 1656 agnum
498 1585 790 1656 fugientem
821 1583 888 1636 ad
934 1581 1085 1651 lupas
1114 1581 1410 1646 reducere;
1446 1579 1612 1633 nolite
1647 1579 1734 1633 ovi
1759 1593 1848 1633 ca-

259 1677 404 1732 tulos
431 1676 644 1733 leonum
669 1662 967 1730 domandos
995 1671 1363 1734 committere;
1396 1670 1561 1725 nolite
1584 1669 1845 1724 innocen-

1952 486 2154 542 Sanate
2185 501 2314 558 ergo
2343 487 2540 543 vulnus
2569 495 2802 543 vestrum
2838 503 2905 543 ne
2935 487 3146 554 doleat;
3191 488 3334 544 sicut
3373 492 3551 547 vultis
3630 511 3632 514 '

1968 592 2162 634 sanare
2187 593 2388 644 meum,
2422 593 2489 633 ne
2509 578 2810 634 condoleat.
2842 577 3062 634 Salvum
3093 582 3236 634 enim
3264 590 3370 645 est,
3395 581 3537 646 quod

1951 669 2226 747 perditum
2253 684 2372 726 esse
2400 669 2686 735 timuistis,
2735 677 2790 723 et
2819 669 3110 736 habemus,
3139 671 3282 740 quod
3324 671 3377 724 in
3415 682 3529 724 tuto

1965 758 2284 827 reliquistis.
2335 758 2580 814 Salutate
2623 760 2976 814 reverendum
3028 769 3084 814 et
3120 760 3565 817 dilectissimum-

1949 851 2110 905 nohis
2141 852 2398 906 domuum
2431 853 2682 908 abbatem
2725 852 3017 908 Rodulfum
3039 893 3054 918 ,
3089 860 3144 906 et.
3169 853 3396 909 dilectos
3431 853 3542 907 fra-

1951 953 2060 996 tres
2087 951 2303 998 nostros
2334 944 2436 998 sibi
2469 944 2812 1001 commissos.
2846 945 3130 1012 Musicam,
3161 961 3324 1015 quam
3355 943 3540 1014 petitis

1948 1047 1978 1085 a
2003 1031 2324 1088 Cadomensi
2368 1034 2568 1103 priore,
2619 1034 2705 1088 cui
2734 1050 2852 1088 eam
2883 1035 3240 1104 praestitimus
3266 1076 3278 1097 ,
3323 1043 3537 1105 repete~

1948 1138 2098 1188 mus,
2133 1133 2189 1178 et
2216 1139 2358 1190 eam,
2391 1141 2554 1196 qnam
2585 1125 2747 1180 citius
2773 1125 3191 1196 "‘poterimus,
3225 1125 3378 1181 vobis
3416 1126 3543 1182 mite

1952 1222 2162 1270 tentus.

2472 1283 2810 1342 EPISTULA
2850 1284 2912 1339 LI
2937 1285 3008 1317 ⁵³³

2214 1411 2282 1450 AD
2320 1411 2625 1451 PALDRICUH
2669 1412 2740 1451 ΕΤ
2780 1411 2933 1453 ALIOS
2973 1412 3273 1452 IIONACIIOS.
3370 1457 3374 1462 ,

1945 1505 2024 1559 De
2045 1505 2370 1560 diuturniora
2389 1506 2472 1560 sui
2502 1522 2650 1560 mora
2675 1507 2730 1560 in
2758 1505 2971 1575 Anglia.
3011 1506 3087 1561 De
3116 1523 3213 1560 sua
3237 1509 3306 1558 ad
3339 1504 3404 1560 S.
3440 1504 3545 1559 Νἱδ

2014 1576 2225 1696 ricinum
2249 1579 2514 1642 oratione,
2547 1585 2596 1630 et
2629 1577 2694 1631 de
2727 1592 2826 1630 sua
2851 1575 3074 1646 epistola
3107 1587 3292 1630 contra
3341 1575 3546 1630 Βασε-

2042 1662 2212 1699 mum.

258 1777 367 1823 tem
411 1777 464 1822 et
513 1766 898 1821 reclamantem
935 1764 988 1817 in
1039 1761 1318 1817 fornacem
1356 1760 1731 1816 Chaldaeorum
1773 1759 1839 1814 ad

2020 1737 2354 1792 Desideratis
2399 1739 2863 1795 desideratoribus
2918 1738 3064 1801 suis,
3131 1737 3544 1806 domno..°priori
3607 1746 3612 1751 ‘

254 1858 461 1915 nullius
483 1857 610 1912 boni
633 1855 882 1911 effectum
911 1853 1206 1924 impellere.
1229 1852 1532 1908 Permittite
1557 1860 1614 1906 ut
1636 1851 1774 1906 alius
1791 1853 1843 1906 in

254 1951 378 2003 loco
414 1946 531 2016 ejus
579 1945 966 2009 constituatur,
1003 1943 1158 2013 cujus
1189 1948 1350 1997 mens‘
1377 1942 1620 2012 paratior
1659 1942 1731 1996 sit
1763 1943 1848 1998 in-

255 2039 462 2099 teriora
491 2045 544 2092 et
573 2035 847 2091 exteriora
878 2033 1019 2091 bella
1065 2034 1210 2090 circa
1253 2047 1453 2104 pravos
1491 2047 1672 2088 mores
1707 2032 1847 2090 tole-

255 2143 384 2184 rare
411 2147 425 2182 :
458 2139 513 2183 et
539 2127 630 2198 qui
661 2134 852 2193 tentet,
883 2125 1026 2195 quod
1050 2125 1162 2196 ipse
1191 2139 1312 2181 sese
1332 2139 1437 2178 non
1464 2138 1624 2193 posse
1644 2123 1839 2192 proba-

251 2223 353 2287 vit,
384 2221 430 2276 si
453 2237 562 2292 quo
586 2222 767 2286 modo,
789 2221 899 2275 Deo
921 2219 1238 2283 auxiliante,
1269 2217 1442 2288 possit
1464 2217 1670 2271 utiliter
1687 2216 1849 2272 coha-

253 2311 562 2367 bitantibus
583 2313 936 2366 concordare.
958 2309 1113 2377 Quod
1151 2311 1196 2365 si
1232 2319 1410 2364 vestra
1440 2309 1710 2363 sententia
1744 2307 1846 2362 ali-

247 2402 385 2472 quid
439 2402 843 2457 immutabililer
891 2402 1157 2467 senserit,
1207 2403 1350 2470 quod
1403 2415 1508 2455 non
1559 2409 1844 2470 optamus,

250 2493 410 2562 prius
439 2493 492 2546 in
521 2491 778 2562 przedicta
807 2493 1037 2547 ecclesia
1069 2507 1257 2562 pacem
1281 2501 1339 2547 et
1365 2491 1563 2546 bonam
1593 2492 1848 2545 volunta-

252 2596 364 2640 tem
395 2584 696 2652 aedillcare,
733 2596 787 2642 et
814 2587 892 2641 sic
929 2594 1180 2657 pacatum
1209 2594 1265 2640 et
1306 2572 1627 2641 benevolum
1667 2586 1723 2641 in
1743 2587 1840 2642 de-

153 2716 158 2719 »
249 2692 404 2733 mum
431 2677 582 2748 pacis
611 2678 753 2734 inter
785 2677 1081 2732 benevolos
1105 2691 1386 2752 revocare.
1423 2676 1630 2733 Valete.
1668 2727 1673 2732 .

788 2769 1119 2846 EPISTOLA
1159 2791 1201 2846 L
1232 2793 1322 2846 επ.

689 2898 753 2936 ΑΙ)
785 2898 1020 2938 JOANNEM
1055 2899 1124 2938 ΕΤ
1153 2897 1412 2938 Βοεοκεκ.

244 2970 331 3028 De
355 2973 788 3044 quaternionious
812 2975 920 3026 suis
959 2974 1022 3026 ab
1047 2990 1104 3026 eo
1132 2974 1416 3041 deperditis
1441 2973 1698 3026 dolentem
1722 2989 1840 3028 eum

298 3043 630 3098 consolatur.
661 3044 731 3096 Et
749 3045 796 3096 ei
823 3060 876 3095 se
908 3044 1162 3096 musicam
1188 3045 1470 3096 missurum
1497 3044 1792 3106 pollicetur.

320 3135 533 3195 Amicis
558 3135 794 3198 amicus,
819 3134 1030 3188 dilectis
1051 3133 1298 3197 dilectus,
1333 3133 1530 3188 domno
1555 3133 1742 3188 Joszvm
1767 3144 1847 3188 et-
1871 3131 1917 3193 C

242 3223 458 3277 domno
487 3222 678 3278 Bosom
702 3222 869 3278 frater
895 3223 1176 3279 ANSELMUS
1193 3263 1208 3292 ,
1234 3222 1391 3294 hujus
1416 3225 1539 3279 vitae
1567 3233 1623 3279 et
1652 3223 1846 3279 futura:

245 3307 627 3372 inviolabilem
661 3314 924 3369 lmtitiam.

319 3403 589 3471 Quamvis
632 3404 983 3462 delectabiles
1009 3413 1066 3463 et
1092 3405 1278 3462 dulces
1320 3406 1430 3462 sint
1469 3406 1738 3477 sapientia
1789 3415 1845 3462 et

244 3495 510 3562 dilectio,
540 3506 722 3552 tamen
756 3497 808 3552 in
841 3498 1001 3567 hujus
1026 3499 1150 3553 vitae
1180 3498 1390 3554 lubrico
1410 3506 1673 3568 generant
1698 3499 1844 3554 dolo-

246 3602 371 3642 rem
403 3595 459 3640 et
483 3588 897 3644 amaritudinem
924 3589 1218 3660 aliquando
1243 3607 1256 3645 :
1291 3606 1412 3661 qun
1440 3598 1645 3662 quanto
1671 3592 1846 3646 verio-

245 3697 341 3737 res
364 3691 425 3737 et
449 3683 684 3753 majores
706 3692 867 3752 sunt,
885 3692 1036 3740 tanto
1066 3685 1168 3740 hoc
1195 3685 1400 3739 faciunt
1424 3686 1600 3739 rarius
1621 3695 1675 3738 et
1697 3694 1845 3739 tanto

241 3773 505 3843 gravius.
559 3774 761 3830 Rarius
802 3775 947 3828 enim
1003 3775 1362 3842 sapientiores
1411 3773 1699 3838 falluntur;
1750 3775 1844 3828 sed

242 3877 384 3918 cum
424 3861 530 3916 hoc
560 3861 847 3930 contingit,
884 3861 1058 3930 magis
1103 3861 1390 3916 laeduntur.
1434 3862 1501 3918 Et
1533 3861 1624 3930 qui
1666 3861 1849 3916 verius

239 3954 532 4024 diligunt,
578 3953 755 4010 rarius
797 3967 936 4030 quos
983 3951 1244 4023 diligunt,
1286 3953 1586 4008 offendunt.
1647 3951 1842 4008 Verum

241 4045 608 4118 quando-hoc
638 4044 856 4110 accidit,
891 4044 1110 4115 gravius
1135 4059 1193 4100 se
1217 4044 1477 4114 afﬂigunt.
1505 4045 1853 4116 Quapropter-

241 4155 383 4197 cum
430 4152 528 4194 vos
575 4139 844 4194 modicum
880 4139 1011 4209 quid
1052 4138 1267 4194 incaute
1313 4139 1505 4194 fecisse
1549 4141 1618 4210 (si
1663 4150 1840 4196 tamen

245 4234 540 4288 incautum
580 4229 931 4301 iudicandum
953 4238 1070 4296 est,
1099 4234 1242 4300 quod
1273 4229 1340 4284 de
1360 4230 1428 4262 ⁸³⁸
1470 4232 1844 4302 quaternioni-

240 4323 356 4378 hus
389 4322 591 4377 nostris
636 4320 862 4393 fecistis)
897 4335 993 4377 vos
1039 4328 1149 4376 tam
1180 4321 1419 4392 graviter
1444 4322 1586 4378 ferre
1615 4324 1840 4378 manda-

243 4417 390 4483 stis;
419 4415 605 4484 utique
627 4429 732 4470 non
758 4414 862 4470 hoc
890 4428 956 4470 ex
985 4413 1415 4480 consuetudine,
1438 4428 1538 4470 nec
1563 4428 1644 4473 ex.
1664 4415 1841 4486 negli-

1948 1827 2222 1883 BALDRICO
2253 1837 2307 1884 et
2331 1829 2477 1896 aliis,
2511 1830 2606 1900 qui
2637 1845 2760 1884 cum
2789 1844 2855 1884 eo
2878 1839 3024 1892 sunt,
3055 1827 3315 1890 fratribus
3348 1827 3547 1901 fratres

1945 1918 2260 1986 Ansswus,
2292 1934 2422 1975 suus
2453 1918 2669 1974 illorum
2705 1937 2717 1973 :
2751 1935 2969 1990 semper
3005 1919 3142 1974 bene
3171 1932 3290 1973 esse
3324 1918 3469 1973 intus
3493 1926 3550 1973 et

1952 2020 2138 2067 extra.
2649 2073 2652 2076 ,

2021 2102 2269 2157 Nondum
2316 2102 2468 2159 vobis
2513 2118 2733 2173 possum
2763 2101 2964 2172 aliquid
2997 2102 3257 2158 mandare
3288 2103 3354 2158 de
3391 2100 3543 2156 utili-

1951 2203 2060 2248 tate
2086 2195 2255 2248 nostri
2285 2195 2494 2250 itineris
2524 2195 2578 2249 in
2607 2195 2882 2264 Angliam,
2908 2203 3170 2264 quantum
3199 2194 3436 2262 pertinet
3471 2193 3542 2247 ad

1950 2292 2189 2337 nostram
2218 2283 2535 2338 Ecclesiam.
2567 2281 2756 2336 Dill‘ert
2783 2283 2930 2335 enim
2961 2283 3139 2336 adhuc
3169 2295 3262 2335 rex
3311 2295 3540 2350 respon-

1950 2375 2077 2428 dere
2105 2382 2305 2427 nostra:
2332 2373 2608 2442 petitioni;
2639 2373 2890 2443 quamvis
2922 2373 3035 2442 ipse
3060 2380 3116 2426 et
3148 2371 3238 2425 alii
3267 2371 3544 2441 principes

1949 2463 2156 2533 Anglia:
2192 2463 2322 2517 mihi
2355 2461 2516 2516 nimis
2547 2461 2686 2516 ultra
2724 2476 3040 2516 mensuram
3075 2475 3270 2526 meam,
3298 2474 3550 2515 amorem.

1950 2566 2006 2611 et
2045 2557 2308 2610 honorem
2355 2554 2670 2610 exhibeant.
2719 2554 2793 2610 De
2827 2554 3196 2609 incolumitate
3235 2569 3352 2608 mea
3402 2553 3546 2608 lator

1949 2646 2300 2718 praesentium
2349 2645 2654 2701 monachus
2703 2645 2905 2700 domini
2955 2646 3169 2700 abbatis
3225 2645 3543 2711 Gisleberti,

1949 2737 2143 2793 melius
2193 2751 2355 2806 quam
2397 2735 2628 2805 epistola
2678 2743 2866 2791 nostra
2905 2736 3104 2791 docere
3159 2750 3254 2789 vos
3305 2735 3540 2805 poterit,

1949 2845 2110 2900 quem
2143 2828 2264 2884 volo
2296 2837 2355 2883 ut
2394 2827 2550 2884 valde
2579 2829 2813 2899 benigne
2844 2827 3131 2898 excipiatis
3157 2827 3253 2881 ⁵³⁸.
3288 2827 3546 2881 Reditum

1949 2930 2196 2976 nostrum
2231 2928 2356 2973 ante
2395 2917 2880 2989 Quadragesimam
2913 2932 3019 2972 non
3067 2931 3228 2988 spero
3277 2916 3540 2971 futurum.

1950 3012 2200 3066 Mandate
2228 3011 2359 3065 mihi
2392 3010 2603 3073 litteris
2624 3011 2692 3065 de
2719 3009 2805 3064 his
2833 3025 2953 3080 quae
2981 3009 3125 3064 circa
3158 3024 3253 3064 vos
3289 3017 3447 3075 sunt,
3479 3021 3545 3061 ea

1948 3118 2068 3171 qua:
2108 3102 2247 3155 scire
2277 3117 2364 3154 me
2391 3101 2588 3154 debere
2618 3100 2791 3154 scitis.
2829 3098 3025 3152 Mittite
3067 3100 3200 3152 mihi
3236 3101 3414 3153 oratio
3455 3112 3542 3150 ent
3588 3148 3594 3154 ,

1950 3192 2015 3244 ad
2045 3189 2101 3244 S.
2125 3188 2402 3243 Nicolaum
2426 3204 2588 3257 quam
2619 3188 2744 3252 feci,
2775 3195 2829 3240 et
2850 3186 3139 3256 epistolam
3164 3203 3326 3257 quam
3351 3179 3541 3241 eontra

1949 3280 2090 3336 dicta
2121 3279 2395 3334 Rosc’elini
2442 3277 2625 3333 facere
2673 3277 2923 3332 inchoavi
2952 3294 2968 3333 ε
3000 3286 3057 3332 et
3090 3277 3136 3333 si
3162 3291 3297 3343 quas
3324 3277 3391 3330 de
3419 3275 3542 3332 aliis

1948 3371 2150 3426 nostris
2181 3371 2250 3402 ⁸³³
2288 3368 2534 3440 epistolis
2561 3369 2719 3439 361
2758 3360 3176 3424 habet'domnus
3205 3367 3489 3423 Mauritius
3514 3408 3532 3432 ,

1945 3475 2080 3531 quas
2119 3454 2235 3515 non
2257 3461 2420 3515 misit.
2461 3459 2707 3514 Salutate
2742 3467 2948 3514 matres
2977 3467 3223 3527 nostras,
3257 3459 3547 3516 dominum.

1945 3553 2112 3607 Evam
2140 3559 2195 3608 et
2221 3550 2805 3626 dctninamBasiliam.
2835 3550 3044 3608 Valete.

2450 3665 2780 3738 EPISTULA
2821 3664 2909 3721 LII
2928 3665 3019 3720 ⁵³⁸.

2538 3795 2605 3833 AD
2642 3787 2942 3834 ERNULl-‘Ul.

1947 3870 2332 3941 Professionem
2355 3886 2386 3923 a
2411 3871 2666 3941 monacho
2691 3870 2887 3939 factam
2911 3878 2960 3924 et
2972 3874 3273 3941 servatam,
3286 3884 3404 3941 non
3425 3883 3541 3923 esse

2029 3937 2215 3995 iterum
2246 3940 2310 3993 ab
2339 3956 2398 3994 co
2424 3937 2756 4010 exigendam,
2779 3955 2897 3991 cum
2925 3939 3086 3993 abbas
3113 3937 3453 3992 benedicitur.

2016 4033 2242 4090 Domino
2270 4041 2324 4088 et
2348 4031 2556 4098 amico,
2582 4031 2766 4087 abbati
2795 4032 2865 4064 ⁸³⁷
2895 4031 3149 4088 Eunomo
3168 4075 3183 4100 ,
3227 4031 3401 4087 frater
3429 4031 3538 4086 AN-

1945 4142 2179 4193 ssutos,
2210 4127 2436 4182 salutem
2463 4125 2751 4195 praesentis
2771 4124 2895 4180 vitae
2919 4134 2976 4181 et
3003 4125 3221 4182 futura.

2017 4218 2262 4273 Domnus
2304 4216 2561 4273 Nicolaus
2593 4216 2762 4272 frater
2787 4223 2970 4272 vester
3008 4215 3143 4270 dixit
3179 4215 3308 4270 mihi
3337 4229 3404 4270 ex
3437 4230 3532 4270 ve-

1947 4317 2060 4364 stra
2086 4318 2243 4383 parte
2264 4349 2279 4374 ,
2315 4317 2374 4363 ut
2406 4307 2560 4364 vobis
2589 4307 2874 4364 consilium
2920 4315 3186 4361 nostrum-
3215 4305 3534 4362 mandarent

1946 4401 2013 4457 de
2040 4415 2134 4469 eo;
2169 4402 2292 4472 quia
2320 4402 2605 4473 episcopus
2635 4399 2948 4470 Bajocensis
2981 4399 3178 4453 invitat
3206 4413 3304 4453 vos
3332 4398 3397 4453 ad
3440 4399 3534 4455 b‘e-

241 4481 438 4578 gentia
468 4481 833 4570 descendisse,
865 4505 960 4560 sed
985 4518 1051 4560 ex
1074 4518 1138 4560 ea
1167 4505 1496 4560 necessitate
1514 4544 1530 4570 ,
1573 4505 1701 4575 quia
1733 4481 1839 4562 ἦοη
1872 4481 1917 4537 Ῑ)
1945 4493 2332 4560 nediotionem,
2357 4509 2478 4564 quae
2503 4501 2700 4550 vestrm
2723 4493 2952 4548 debetur
2973 4491 3245 4547 electioni.
3281 4489 3388 4546 Sed
3407 4506 3531 4561 ego,

241 4605 336 4653 est
359 4597 522 4652 homo
550 4597 640 4667 qui
666 4613 770 4653 non
793 4607 1002 4668 peccet,
1027 4599 1392 4654 monstrastis.
1424 4597 1578 4654 Unde
1600 4613 1695 4654 vos
1714 4613 1858 4668 pro-._

242 4686 402 4742 hatis
445 4700 544 4756 pro
580 4695 730 4741 certo
760 4685 812 4739 in
841 4685 1053 4740 cautela
1082 4686 1491 4756 prudentiores,
1532 4695 1588 4741 et
1628 4686 1681 4740 in
1713 4687 1841 4742 dile-

242 4777 438 4833 ctione
450 4775 822 4834 ferventiores.
839 4774 991 4844 Quod
1007 4785 1211 4846 quanto
1231 4777 1409 4832 verius
1429 4777 1663 4842 intueor,
1688 4786 1838 4834 tanto

242 4868 462 4925 rectius
484 4867 756 4922 laesionem
791 4867 970 4921 cordis
995 4867 1159 4922 vestri
1190 4881 1286 4923 cor
1312 4882 1492 4923 meum
1524 4868 1715 4924 laedere
1739 4869 1835 4925 de-

241 4959 387 5017 bere
417 4959 694 5014 conliteor.
741 4958 872 5014 Cum
903 4973 1032 5029 ergo
1062 4959 1194 5018 mihi
1231 4959 1429 5016 vulnus
1469 4961 1619 5016 cordi
1657 4969 1853 5018 vestro.

246 5049 485 5106 infixum
527 5050 596 5104 ob
622 5049 966 5104 dilectionem
995 5051 1121 5116 mei,
1152 5066 1313 5121 quem
1347 5052 1601 5108 timuistis
1635 5067 1732 5107 vos
1757 5051 1838 5107 of-

193 5159 197 5164 '
246 5142 524 5208 fendisse,
553 5141 878 5212 scripsistis;
903 5155 1008 5194 non
1039 5141 1301 5198 dissimile
1327 5143 1522 5200 vulnus
1541 5144 1691 5199 cordi
1715 5158 1836 5202 meo

249 5231 552 5288 inllixistis.
577 5232 860 5298 Quantum
877 5231 1020 5286 enim
1045 5245 1140 5286 vos
1161 5231 1346 5289 dolore
1367 5235 1546 5289 studio
1571 5233 1679 5288 mei
1707 5247 1830 5287 amo

1946 4587 2207 4658 quidquid
2236 4586 2359 4642 inde
2385 4586 2582 4651 sentio,
2610 4585 2724 4656 jam
2757 4595 2950 4641 vestrae
2980 4582 3090 4639 dixi
3122 4597 3362 4652 przesens
3391 4570 3548 4636 d.le-'

1945 4681 2134 4738 ctioni.
2184 4679 2404 4736 Scimus
2438 4679 2582 4734 enim
2628 4678 2754 4750 quia
2803 4690 3022 4746 semper
3047 4673 3288 4744 protiteri
3330 4687 3426 4727 ore
3475 4681 3530 4725 et

1944 4787 2108 4844 opere
2131 4771 2390 4828 exhibere
2425 4773 2685 4828 debemus
2731 4768 3028 4838 majoribus
3072 4764 3273 4820 nostris
3313 4763 3528 4832 regula-

1944 4877 2059 4918 rem
2089 4861 2474 4919 obedientiam.
2518 4862 2690 4928 Quam
2730 4859 2932 4928 scripto
2969 4866 3242 4926 repetem,
3287 4855 3527 4923 quanditt

1944 4967 2062 5009 eam
2109 4968 2217 5007 non
2259 4951 2554 5022 abnegasse
2583 4947 2983 5019 cognoscimur,
3023 4943 3351 5016 superfluum
3380 4951 3527 4998 certe

1941 5054 2056 5111 est;
2091 5045 2157 5100 ad
2187 5045 2331 5116 quod
2355 5043 2496 5098 ³³⁸ηεί
2521 5042 2642 5113 quis
2668 5055 2771 5095 nos
2789 5039 2904 5094 vult
2932 5053 3160 5110 cogere,
3186 5051 3308 5091 cum
3337 5035 3403 5089 ad
3426 5034 3524 5090 ah-

1940 5138 2099 5196 batia:
2136 5137 2505 5208 praelationem
2542 5147 2953 5206 promovemur,
3003 5131 3120 5186 sine
3165 5129 3272 5182 ulla
3314 5127 3526 5181 ratione

1945 5230 2063 5286 ﬁeri
2109 5229 2343 5284 videtur.
2375 5228 2508 5284 Cum
2547 5226 2694 5285 enim
2720 5223 2951 5297 professi
2981 5237 3167 5279 sumus
3209 5216 3521 5274 conversio-

1498 5323 1730 5382 VARUE
1768 5319 2185 5383 LECTIONES.

327 5417 400 5450 ¹²⁹
427 5418 530 5471 Aut
556 5415 789 5486 aliquam
825 5430 942 5486 ms.
967 5424 1059 5470 aut
1099 5417 1166 5471 ad
1209 5417 1443 5486 aliquam
1519 5419 1588 5451 m
1635 5417 1841 5472 Collata
1895 5431 2012 5471 cum
2039 5415 2358 5486 eorlent_ms.
2387 5483 2395 5486 _
2434 5413 2502 5486 δῗι
2539 5411 2677 5478 Quid
2711 5411 2776 5465 de
2799 5427 2898 5486 ius.
2932 5405 3175 5486 φλορ.ᾳῆ
3198 5404 3310 5486 m‘"
3341 5399 3530 5486 Quart?

251 5488 437 5544 tocius
492 5503 590 5540 ms.
643 5485 804 5555 quam
840 5485 1015 5555 citius
1113 5488 1182 5518 ⁵³⁸
1232 5488 1438 5542 Collata
1495 5505 1612 5542 cum
1661 5489 1858 5554 eodem,
1888 5503 1985 5540 ms.
2086 5485 2166 5555 ⁵³ξ
2211 5485 2507 5555 Excipiatis
2541 5499 2639 5555 ms_.
2670 5485 2979 5555 suscipiatis
3053 5485 3282 5555 ποι-Αμιε
3321 5485 3525 5555 γεω-ιθ

836 5553 907 5586 ⁸³⁸
957 5553 1164 5611 Collata
1202 5575 1320 5612 cum
1367 5558 1571 5613 duobus
1607 5575 1730 5612 mss.
1789 5551 2074 5612 Victorinis
2146 5553 2215 5588 ⁸³⁷
2248 5544 2473 5609 Domino
2512 5560 2568 5609 ct
2598 5550 2757 5611 Patri,
2789 5544 2972 5605 abbati
3017 5563 3139 5603 mss.
3183 5544 3410 5601 Domino
3460 5549 3529 5602 et

249 5575 361 5615 ms.
391 5557 508 5612 ailis
530 5557 729 5611 nostris

249 5631 438 5691 amico
475 5627 666 5686 Abbati
768 5625 838 5662 ⁸³⁸
860 5623 971 5692 Est,
1031 5629 1172 5696 quod
1230 5645 1352 5684 mss.
1381 5639 1484 5697 est,
1518 5630 1582 5684 ad
1605 5629 1746 5700 quod

2086 5483 2156 5516 ⁵³⁵
2211 5483 2507 5552 Excipiatis
2541 5472 2639 5552 ins.
2670 5472 2979 5552 suscipiatis
3053 5475 3282 5552 m-Aliis
3321 5472 3527 5552 vestris,
