3882 6054
1247 206 1832 305 ΤΒΑΒΙΤΙΟ
1916 200 2633 324 CATHOLICA.

1359 490 1783 558 ,ςΔῑσΠιυΜ
1814 494 1970 561 XII.
2007 498 2294 567 ANNUS
2332 507 2504 571 1109.

1552 766 2293 894 ELENGHUS

472 1052 983 1123 Αυοτοιιυκ
1011 1060 1132 1125 ET
1159 1064 1551 1132 OPERUM
1580 1073 1739 1150 QUI
1772 1076 1874 1139 IN
1905 1078 2005 1141 Β(

1905 1078 2089 1143 HOC
2123 1081 2384 1148 ’1⁵0Μο
2415 1085 2704 1153 CLVIII
2740 1092 3420 1170 CONTINEN'I'Ul.

1580 1355 2326 1404 w,

1060 1552 1124 1612 8.
1158 1554 1561 1630 Αισδεικυε,
1598 1561 2151 1628 ΟΑΝἸἮΛΒῙΕΝΞΙΞ
2183 1570 2794 1638 ARCHIEPISCOPUS.

318 1703 661 1777 Proloquium
691 1708 749 1764 in
777 1712 954 1767 omnia
985 1711 1047 1769 S.
1074 1714 1312 1772 Anselmi
1340 1734 1523 1789 opera.
1594 1723 1703 1779 col.

323 1801 552 1866 Operam
585 1798 643 1855 S.
678 1800 913 1857 Anselmi
942 1804 1197 1863 Censura.

320 1889 558 1944 Censura
590 1909 805 1962 operum
837 1912 952 1966 qum
978 1900 1031 1951 in
1060 1899 1358 1970 Appendice
1384 1904 1634 1963 eduntur.

325 1981 445 2037 Vita
468 1982 525 2038 S.
549 1985 783 2041 Anselmt'
814 2000 1025 2044 auctore
1048 1991 1338 2051 Eadmero.

317 2073 752 2144 Supplementum
794 2082 865 2135 ad
910 2081 1164 2145 Eadmeri
1212 2085 1371 2143 libros
1415 2089 1480 2145 de
1528 2090 1639 2148 vita
1678 2064 1685 2067 Π

386 2167 450 2224 S.
473 2170 729 2225 Anselmi.

1814 1727 1882 1782 15

1815 1818 1885 1874 15

1814 1910 1884 1965 39

1815 2003 1884 2058 49

1782 2186 1884 2242 118

422 2299 470 2338 8.
499 2300 722 2341 Ακεειιι
751 2300 958 2344 ανειιυι
995 2304 1121 2347 »ΔΜ
1148 2307 1327 2348 ΡΗΙΠΔ.
1354 2323 1427 2335 ·-
1457 2308 1778 2352 DOGMATICA.

314 2401 393 2456 De
422 2401 726 2459 divinitatis
752 2404 989 2459 essentia
1023 2405 1409 2476 Monologium.

316 2491 632 2562 Proslogion
655 2507 750 2548 seu
772 2492 1087 2564 Alloquium
1112 2494 1180 2549 de
1202 2496 1298 2550 Dei
1319 2498 1660 2557 exsistentia.

315 2582 480 2638 Liber
506 2599 606 2653 pro
630 2584 923 2652 insipiente
952 2594 1175 2641 auctore
1204 2586 1530 2645 Gaunilone.

316 2675 374 2731 S.
411 2675 651 2730 Anselmi
685 2675 826 2730 liber
862 2677 1233 2749 apologeticus
1267 2690 1458 2738 contra
1492 2682 1641 2741 Gau-

387 2768 651 2823 nilonem.

315 2860 394 2916 De
423 2860 530 2917 ﬁde
556 2862 842 2921 Trinitatis
866 2873 922 2919 et
947 2863 1016 2921 de
1043 2863 1417 2925 incamatione
1450 2867 1635 2926 Verbi.

316 2955 392 3010 De
419 2942 768 3024 processione
797 2955 1039 3027 Spiritus
1069 2959 1242 3017 sancti
1274 2970 1464 3020 contra
1492 2961 1639 3020 Gne-

386 3063 503 3104 COS.

318 3141 575 3211 Dialogus
598 3140 665 3196 de
695 3156 827 3198 casu
866 3141 1093 3200 diaboli.

316 3236 429 3290 Cur
462 3236 604 3291 Deus
628 3234 815 3291 homo.

317 3328 486 3385 Liber
536 3329 605 3385 de
657 3341 925 3403 conceptu
970 3332 1224 3405 virginali
1275 3341 1336 3391 et
1387 3335 1638 3408 originali

390 3434 636 3493 peccato.

318 3517 577 3588 Dialogus
612 3517 681 3574 de
712 3518 968 3578 veritate.

319 3606 486 3663 Liber
514 3608 582 3663 de
608 3610 911 3668 voluntate.

317 3702 575 3774 Dialogus
603 3705 671 3759 de
698 3705 875 3762 libero
912 3707 1166 3765 arbitrio.

316 3795 395 3851 De
440 3798 734 3853 concordia
774 3801 1135 3868 praescientiae
1182 3812 1239 3859 et
1284 3805 1642 3875 praedestina-

388 3889 579 3946 tionis.

319 3980 395 4037 De
426 3998 617 4055 azymo
649 3993 704 4040 et
734 3984 1082 4043 fermentata.

319 4072 395 4128 De
440 4086 908 4132 sacramentorum
956 4078 1294 4135 diversitate.
1344 4110 1411 4124 —
1455 4079 1641 4138 Wale-

388 4166 544 4219 ranni
578 4168 809 4236 cpistola
854 4184 979 4239 quae
1023 4170 1186 4226 beato
1213 4171 1473 4231 Anselmo
1502 4175 1641 4234 scri-

387 4256 552 4311 bendi
588 4268 968 4330 argumentum
1006 4263 1262 4332 praebuit.

316 4351 622 4420 Responsio
646 4353 713 4407 ad
742 4354 1055 4412 Waleranni
1086 4357 1359 4428 querelas.

316 4442 721 4500 Ollendiculum
752 4448 1122 4504 sacerdotum.

316 4535 394 4591 De
423 4537 633 4607 nuptiis
662 4542 1212 4613 consanguineorum.

1782 2413 1877 2469 141

1779 2503 1885 2558 225

1775 2595 1882 2651 242

1776 2780 1883 2836 247

1776 2870 1883 2929 259

1776 3058 1885 3114 285

1776 3152 1884 3211 525

1777 3246 1885 3304 559

1778 3434 1878 3489 451

1781 3530 1888 3585 467

1777 3622 1882 3679 487

1778 3718 1885 3775 489

1778 3900 1884 3959 50⁷7

1780 3992 1880 4049 541

1777 4269 1884 4326 547

1775 4363 1879 4421 551

1775 4456 1883 4514 555

1778 4550 1883 4608 557

1987 1730 2243 1803 Dialogus
2278 1734 2347 1790 de
2381 1739 2762 1807 grammatico.
3452 1756 3565 1811 561

1986 1821 2151 1878 Liber
2179 1824 2247 1880 de
2272 1828 2556 1886 voluntate
2594 1832 2707 1888 Dei.
3451 1848 3552 1904 581

1986 1978 2196 2021 ΟΡΕΒΠΜ
2246 1984 2373 2024 PARS
2422 1985 2674 2028 SECUNDA.
2703 2003 2770 2016 ·-·
2801 1990 3046 2032 ΑΞΕΕΤΙΕΛ
3087 1995 3154 2038 ετ
3192 1997 3575 2046 ΡΔΒΛΕΝΕΤΙΟΑοτ

1984 2077 2235 2137 Homilies
2264 2091 2319 2140 et
2344 2084 2787 2145 Exhortationes.
3455 2100 3559 2156 585

1985 2169 2177 2226 Sermo
2210 2173 2278 2228 de
2299 2177 2555 2243 passione
2584 2178 2823 2235 Domini.
3453 2193 3557 2247 675

1984 2259 2309 2315 Exhortatio
2340 2268 2407 2317 ad
2437 2277 2812 2337 contemptum
2849 2276 3231 2343 temporalium
3255 2284 3309 2333 et

2057 2353 2391 2413 desiderium
2424 2365 2783 2416 aeternorum.
3453 2370 3571 2427 677‘

1984 2446 2304 2503 Admonitio
2331 2451 2614 2507 morienti.
3456 2464 3559 2520 685

1983 2537 2218 2595 Carmen
2251 2539 2320 2597 de
2354 2550 2673 2613 contemptu
2708 2545 2919 2602 mundi.
3294 2606 3311 2623 ,
3450 2553 3555 2609 687

1984 2630 2171 2686 Aliud.
3456 2648 3559 2702 705

1984 2722 2151 2780 Liber
2177 2723 2594 2784 Meditationum
2628 2738 2685 2786 et
2719 2728 3063 2790 Orationum.

1983 2813 2265 2899 Meditatio
2310 2831 2480 2887 super
2530 2817 2807 2891 Miserere,
2855 2838 2922 2879 ex
2970 2825 3106 2881 edit.
3150 2827 3310 2884 Rom.

2054 2907 2378 2967 anni1852.
3456 2923 3567 2977 821

3454 2741 3575 2796 709ξ

1984 2996 2063 3056 De
2092 3015 2227 3071 pace
2248 3011 2306 3058 et
2333 3006 2651 3062 concordia.
3418 3015 3554 3070 1015

1985 3089 2276 3148 Tractatus
2304 3096 2601 3165 asceticus,
2632 3114 2698 3154 ex
2720 3099 2941 3157 Acherii
2983 3102 3299 3175 Spicilegio.‘
3416 3108 3550 3163 102!

1984 3182 2175 3240 Oratio
2199 3185 2432 3243 dicenda
2458 3199 2585 3245 ante
2614 3192 3024 3262 perceptionem
3055 3198 3306 3267 corporis

2054 3287 2114 3333 et
2133 3281 2418 3349 sanguinis
2451 3282 2699 3345 Domini.
3420 3292 3571 3348 1055

1986 3370 2256 3429 Salutatio
2288 3374 2355 3429 ad
2386 3373 2577 3431 Iesum
2613 3376 2894 3435 Christum
2928 3396 2994 3437 ex
3017 3378 3311 3440 Anecdotis

2056 3465 2230 3520 sacris
2258 3466 2334 3523 De
2356 3466 2539 3523 Levis.
3417 3479 3558 3534 1055

1986 3553 2183 3626 Hymni
2213 3567 2270 3613 et
2297 3559 2617 3628 psalterium
2646 3563 2714 3618 de
2743 3562 2800 3620 S.
2830 3563 3023 3621 Maria.
3413 3569 3555 3625 1035

1986 3648 2192 3705 Versus
2217 3648 2286 3704 de
2316 3648 2646 3709 Lanfranco.
3415 3662 3556 3719 1049

1985 3738 2063 3797 De
2107 3740 2296 3798 verbis
2342 3741 2618 3814 Anselmi,
2667 3762 2737 3804 ex
2792 3749 3303 3824 MartemAmpliss.

2053 3829 2272 3886 collect.
3422 3843 3563 3899 1051

1983 3916 2245 3985 Quaedam
2268 3920 2418 3978 dicta
2448 3923 2605 3980 utilia
2633 3940 2703 3981 ex
2723 3925 2888 3980 dictis
2912 3925 2971 3981 S.
3000 3926 3270 3985 Anselmi.
3418 3932 3554 3989 1051

1984 4074 2194 4117 OPBRUI
2225 4077 2354 4118 PARS
2376 4077 2586 4119 TERTIA.
2627 4093 2693 4106 -
2720 4080 3083 4124 EPISTOLARUII
3112 4084 3257 4125 LIBRI
3295 4085 3572 4135 ρυΑτυοκ..

1983 4172 2150 4232 Liber
2170 4176 2405 4246 primus,
2422 4176 2682 4247 epistolas
2702 4178 2993 4234 continens
3013 4194 3151 4251 quas
3174 4181 3312 4237 scri-

2057 4266 2169 4337 psit
2195 4267 2492 4323 Anselmus
2516 4268 2760 4323 nondum
2787 4270 2980 4327 abbas.
3420 4274 3571 4331 1059.

1986 4368 2154 4428 Liber
2198 4372 2494 4438 secundus,
2542 4373 2806 4443 epistolas
2851 4376 3143 4432 continens
3172 4393 3310 4449 quas
3372 4444 3379 4448 _

2056 4461 2279 4532 scripsit
2308 4461 2601 4521 Anselmus
2643 4479 2769 4521 cum
2812 4465 2982 4525 abbas
3015 4466 3319 4526 Beccensis.

2056 4563 2265 4627 ageret.
3416 4564 3554 4622 1147

2266 5618 2507 5678 Parisiis.
2540 5650 2609 5664 —-
2631 5620 2709 5678 Ex
2734 5617 2901 5692 Typis
2930 5616 3073 5675 J.-P.
3103 5615 3341 5677 MIGNE.
