3882 6050
1368 595 1655 733 ΑΙ)
1836 590 2582 735 ΟΡΕΒΑ

771 952 1738 1166 SANCTI
1984 954 2340 1168 AN
2360 958 3170 1171 SELMI

1208 1384 2692 1542 PROLEGOMENA.

952 1965 1880 2058 ILLUSTRISSIMO
1938 1964 2975 2073 NOBILISSIMOQUE

1840 2237 2085 2279 DOMINO

589 2442 774 2588 αι).
855 2438 1565 2559 δΔαοΒο
1640 2438 2122 2554 meo:

1818 2438 2443 2556 [αοιΔο
2522 2440 3351 2559 αοιΒΕιιυι·

1607 2741 1889 2802 ABBATI
1923 2740 2321 2816 BECCENSI,

841 2987 1055 3033 PRIOR!
1086 2987 1160 3033 AC
1197 2985 1442 3030 DOMINO
1479 2987 1853 3031 CHARITATIS
1886 2988 2081 3030 SUPRA
2119 2989 2408 3043 LIGEBIM,
2443 2989 2695 3031 NECNON
2729 2991 3063 3036 AMBEﬂT/E-

402 3226 527 3303 Qui
559 3224 808 3290 cunctis
846 3224 1285 3305 supereminet
1333 3238 1526 3285 sacrae
1563 3221 1870 3283 doctrinae
1896 3220 2241 3298 magistris,
2276 3220 2720 3287 illustrissime
2751 3224 3039 3299 domine,
3073 3225 3128 3287 is
3171 3228 3287 3289 tibi
3323 3245 3391 3290 se
3424 3225 3587 3290 sistit

323 3364 395 3419 ut
444 3356 512 3418 in
561 3355 701 3434 ejus
744 3352 1078 3432 amplexus
1129 3366 1301 3422 ruas,
1342 3365 1535 3428 quem
1583 3352 1649 3408 ut
1694 3351 1935 3425 patrem
1978 3345 2180 3418 colis;
2233 3351 2294 3407 et
2344 3362 2490 3409 eum
2543 3353 2824 3413 attentus
2879 3350 3232 3427 auscultes,
3276 3371 3467 3433 quem
3518 3363 3586 3417 ut

321 3479 699 3557 magistrum
736 3475 1077 3547 revereris,
1114 3473 1227 3551 qui
1261 3469 1542 3551 purioris
1572 3468 1910 3546 theologia:
1941 3466 2459 3531 studiosissimus
2492 3486 2582 3531 es.

397 3622 460 3682 ls
492 3622 632 3699 ipse
670 3635 845 3692 suas,
886 3621 947 3681 et
976 3615 1239 3697 quidem
1272 3618 1679 3694 expurgatas,
1715 3611 1829 3673 tibi
1868 3611 2053 3673 oli‘ert
2087 3609 2421 3687 lectiones,
2450 3612 2521 3674 in
2554 3614 2794 3693 quibus
2826 3616 2975 3677 unis
3014 3634 3084 3679 ea
3123 3619 3337 3681 omnia
3372 3625 3587 3683 teneas

365 3759 464 3805 uae
504 3743 570 3804 in
613 3739 856 3804 caeteris
886 3737 1098 3816 legisti
1134 3755 1148 3794 :
1187 3741 1255 3797 ut
1303 3751 1448 3813 quae
1497 3750 1573 3796 eo
1621 3738 1983 3811 exponente
2035 3734 2321 3811 noveris,
2376 3752 2446 3796 ea
2487 3741 2545 3796 te
2602 3737 2869 3803 docente
2916 3755 3141 3803 omnes
3197 3742 3586 3823 quandoque

319 3864 598 3928 discant;

400 4005 745 4069 Anselmus
780 4007 899 4078 est,
933 4020 1009 4066 ex
1045 4002 1269 4064 abbate
1298 3997 1599 4062 Beccensi
1633 3998 2110 4061 Cantuariensis
2147 3997 2697 4076 archiepiscopus,
2732 4000 2865 4079 qui,
2907 4016 3027 4062 suo
3064 4001 3316 4063 tandem
3361 4002 3585 4080 splen-

321 4127 460 4189 dori
492 4127 866 4199 restitutus,
900 4125 1189 4187 abbatem
1232 4124 1617 4185 Beccensem
1665 4137 1785 4182 suo
1821 4121 1914 4183 sic
1957 4121 2274 4198 adgaudet
2320 4120 2647 4184 illustrare
2696 4120 2964 4194 lumine,
2999 4130 3069 4184 ut
3102 4123 3168 4184 in
3218 4124 3435 4203 gratiae
3484 4125 3585 4184 vi-

320 4266 461 4311 cem
498 4250 638 4332 ipse
670 4256 782 4313 tuo
816 4247 1083 4311 nomine
1110 4246 1423 4309 illustrior
1452 4245 1596 4318 fiat;
1633 4249 1693 4306 et
1730 4245 1813 4307 ita
1847 4244 2211 4322 splendenti
2264 4244 2570 4305 Anselmo
2602 4245 2679 4305 ab
2719 4262 2795 4306 eo
2830 4245 3187 4309 illustratus
3216 4248 3354 4326 ipse
3389 4248 3584 4309 all‘ul-

317 4362 491 4424 gens.

400 4485 723 4547 Hactenus
766 4486 867 4547 vel
900 4484 1203 4557 mutilus,
1239 4483 1335 4546 vel
1384 4481 1636 4544 mendis
1665 4480 1871 4544 fmdus
1908 4480 2067 4543 adeo
2096 4481 2369 4544 viluerat
2400 4486 2468 4543 ut
2513 4482 2863 4562 nequidem
2900 4484 3253 4563 legeretur,
3288 4502 3364 4548 eo
3402 4490 3578 4567 quod

316 4609 424 4671 vix
457 4584 655 4673 ac'ne
686 4609 793 4671 vix
830 4608 1092 4688 quidem
1134 4606 1605 4684 intelligeretur
1643 4627 1657 4665 :
1697 4605 1915 4683 ipsum
1954 4604 2143 4667 modo
2191 4605 2419 4668 nativa)
2458 4623 2590 4669 sua)
2620 4607 2972 4686 integritati
3007 4626 3079 4672 ac
3121 4611 3383 4688 puritati
3442 4613 3583 4674 red-

315 4731 629 4805 didimus,
664 4731 974 4793 consultis
1018 4729 1541 4809 quampluribus,
1575 4744 1738 4807 quos
1797 4727 2232 4809 undequaque
2283 4732 2787 4810 corrogavimus,
2830 4734 3162 4796 codicibus
3229 4728 3582 4797 manuscri-

318 4852 476 4931 ptis;
517 4852 679 4915 adeo
716 4857 784 4914 ut
820 4851 934 4930 qui
965 4850 1329 4914 offendebat
1365 4849 1431 4910 in
1464 4849 1911 4928 singulis,jam
1949 4852 2270 4928 integrum
2304 4853 2627 4917 inoffenso
2656 4855 2952 4918 decurrat
2978 4857 3180 4936 pede;
3216 4863 3276 4919 et
3308 4858 3419 4936 qui
3454 4857 3582 4917 lur-

316 4975 493 5039 rebat
528 4974 599 5037 in
631 4973 867 5046 verbis,
902 4987 1168 5036 sensum
1199 4971 1407 5035 facilis
1443 4971 1735 5048 attingat.
2019 4994 2022 4997 τ
2248 4965 2250 4968 ’

391 5116 528 5178 Jam
561 5129 713 5192 ergo
757 5119 830 5174 ut
877 5113 938 5173 S.
991 5110 1276 5174 Anselmi
1311 5109 1519 5188 Opera
1551 5108 1804 5172 cunctis
1839 5109 1984 5172 fiant
2019 5109 2222 5173 amori
2250 5128 2321 5173 ac
2364 5112 2604 5187 studio,
2639 5116 2795 5194 quid
2827 5123 3123 5195 superest
3170 5117 3300 5179 nisi
3352 5125 3420 5182 ut
3465 5127 3579 5183 tuo

315 5230 599 5306 fulgeant
652 5232 965 5295 nomine?
1015 5229 1157 5302 Quo
1207 5228 1381 5293 enirn
1428 5228 1683 5291 felicius
1732 5243 1925 5308 quam
1977 5235 2113 5301 tuo,
2163 5230 2367 5291 sancti
2409 5231 2586 5293 illius
2624 5234 2902 5296 doctoris
2952 5235 3158 5315 Opera
3206 5237 3580 5316 prodirent?

310 5347 644 5428 Quidquid
676 5349 743 5411 in
776 5346 1065 5411 scientiis
1095 5347 1322 5421 altum,
1354 5346 1676 5428 quidquid
1708 5347 1941 5406 mirum
1971 5346 2041 5406 in
2074 5347 2345 5422 artibus,
2370 5348 2491 5412 hoc
2521 5349 2799 5414 Colbcrti
2829 5369 3062 5415 nomen
3094 5354 3241 5431 jure
3274 5358 3573 5434 celebrat,

319 5472 475 5537 dum
509 5476 705 5537 ambit
752 5473 1042 5537 tutelam.
1075 5474 1311 5556 Ecquis
1353 5475 1490 5552 eius
1528 5491 1653 5537 non
1688 5472 1957 5535 ambiret
2008 5476 2475 5552 patrocinium,
2513 5480 2651 5557 qui,
2692 5479 2842 5542 dum
2900 5482 3065 5557 regis
3106 5486 3416 5565 regnique
3469 5486 3577 5549 ad-

557 5578 833 5637 ΡΛτιιοι.
866 5576 1112 5638 CLVIII

3068 5586 3090 5639 1

177 5741 425 5964 βσπά
