3882 6054
191 275 520 377 \minister
564 275 1025 338 secretioribus
1063 277 1302 340 assidet
1353 275 1681 348 consiliis,
1721 274 1813 337 sic
1841 273 2131 336 omnium
2169 279 2500 352 promovet
2551 274 2648 337 vel
2685 277 2962 356 protegit
3011 279 3263 356 studia,
3313 285 3383 346 ut
3441 283 3510 344 in

222 404 369 482 ipso
396 400 672 466 habeant
700 402 1116 466 scientiarum
1155 402 1402 466 alumni
1435 405 1872 476 Mecmnatem,
1903 417 2130 465 omnes
2164 402 2423 465 litterati
2455 409 2821 482 patronum.

299 549 375 612 In
423 556 484 613 te
515 567 701 629 ergo,
736 549 1179 613 illustrissime
1213 548 1512 622 domine,
1549 554 1621 612 ut
1658 549 1845 612 nobis
1884 549 1992 624 sit,
2031 567 2222 630 quem
2257 549 2323 611 in
2357 549 2626 612 Parente
2656 567 2724 612 se
2760 548 2997 612 habere
3028 547 3343 627 gloriatur
3373 568 3506 614 non

223 669 427 735 Gallia
458 671 652 734 modo
674 715 690 746 ,
721 671 835 734 sed
872 674 1120 748 Europa
1143 716 1158 746 ,
1198 669 1311 733 sed
1340 676 1515 734 totus
1546 671 1756 743 orbis,
1789 670 2141 734 Anselmus
2172 670 2476 750 primaevo
2512 687 2634 733 suo
2669 669 3000 751 splendori
3031 671 3357 748 redditus,
3388 678 3505 736 tuo

223 791 488 856 nomine
522 794 713 872 gestit
752 791 1077 871 insigniri,
1111 792 1225 873 qui
1266 791 1421 854 olim
1454 791 1700 866 Galliae,
1734 791 2002 871 Angliae,
2036 793 2133 856 vel
2172 792 2374 871 magis
2413 792 2590 856 orbis
2620 790 2971 856 Christiani
3020 792 3220 857 decus
3271 792 3394 858 fuit
3443 801 3504 859 et

123 925 130 934 ’
231 917 710 975 ornamentum.

305 1058 367 1117 ls
411 1073 489 1118 ex
519 1056 746 1119 abbate
778 1055 1110 1131 Beccensi,
1135 1053 1323 1132 cujus
1353 1053 1568 1117 locum
1608 1059 1814 1126 tenes,
1841 1051 1920 1114 ad
1955 1049 2193 1115 infulas
2223 1055 2467 1132 raptus,
2497 1066 2657 1131 quas
2692 1055 2761 1112 ut
2793 1047 3080 1112 scientiae
3107 1050 3501 1137 pietatisque

226 1181 449 1243 merito
485 1164 968 1274 quamprimum
1001 1183 1318 1257 obtineas,
1347 1183 1481 1263 jam
1532 1183 1600 1243 in
1644 1181 1936 1244 omnium
1973 1183 2147 1244 votis
2183 1186 2312 1257 est;
2352 1181 2408 1243 is
2431 1225 2447 1255 ,
2506 1180 2800 1261 inquam,
2847 1196 2964 1244 sua
2993 1177 3203 1259 Opera
3226 1193 3357 1241 non
3392 1182 3507 1240 tuo

229 1302 547 1376 examini,
590 1310 660 1364 ut
700 1301 855 1364 olim
890 1301 1228 1366 Lanfranci
1264 1319 1578 1377 censurae,
1613 1302 1987 1382 corrigenda
2018 1301 2300 1382 subjicit,
2333 1299 2446 1365 sed
2495 1299 2856 1376 emendata,
2893 1301 3021 1364 tuis
3059 1299 3300 1363 studiis
3347 1304 3509 1362 tuae-

221 1435 350 1498 que
383 1419 596 1482 tutelte
627 1420 991 1483 committit.

300 1559 479 1621 Unus
532 1558 695 1622 forte
747 1560 1083 1624 miraberis
1125 1562 1297 1641 quod
1341 1561 1817 1641 'l‘heologorum
1858 1561 2045 1626 facile
2080 1561 2378 1642 princeps
2418 1567 2481 1625 te
2532 1577 2725 1624 sacra;
2773 1560 3082 1625 doctrinas
3128 1560 3488 1638 alumnum,

224 1695 361 1740 sua}
394 1687 635 1758 quaerat
663 1679 900 1743 habere
936 1686 1235 1744 tutorem.
1277 1682 1413 1746 Hoc
1449 1700 1652 1745 unum
1684 1684 1752 1746 in
1804 1691 1866 1747 te
1900 1683 2214 1747 mirantur
2261 1698 2487 1746 omnes
2519 1682 2693 1762 quod
2731 1688 2853 1744 tute
2882 1681 3164 1762 parentis
3199 1697 3328 1742 non
3377 1687 3506 1744 tam

225 1796 528 1859 alumnus
566 1815 756 1878 quam
789 1804 987 1874 actor,
1023 1807 1086 1863 et
1125 1799 1358 1864 vindex
1390 1801 1484 1865 sis
1531 1803 1736 1882 magis
1777 1820 1971 1883 quam
2006 1803 2386 1884 discipulus.
2433 1802 2891 1866 Sublimiorem
2935 1819 3088 1866 sane
3132 1802 3501 1882 intelligen-

227 1919 380 1980 tiam
435 1921 680 2000 spirant
729 1921 923 2003 hujus
962 1924 1166 1988 sancti
1203 1924 1485 1989 docloris
1521 1926 1767 2008 Opera;
1808 1945 2058 2004 verum,
2091 1944 2221 2008 quo
2265 1926 2509 2002 ferves,
2542 1927 2796 1990 animus
2843 1943 2964 1988 nec
3015 1925 3508 1990 sublimioribus

226 2041 452 2120 impar.

302 2183 363 2244 S.
401 2183 748 2248 Anselmus
795 2204 962 2250 unus
1011 2189 1150 2268 ipse
1184 2195 1282 2252 est
1315 2191 1432 2266 qui
1472 2206 1740 2251 summae
1773 2189 2073 2252 essentia;
2111 2189 2502 2268 majestatem
2522 2203 2596 2250 ea
2620 2186 2988 2249 humilitate
3023 2191 3344 2247 scrutatus
3383 2189 3503 2271 est,

225 2321 367 2382 qua:
399 2322 525 2368 non
571 2308 1046 2386 opprimeretur
1086 2327 1120 2372 a
1169 2308 1405 2388 gloria;
1439 2314 1499 2371 et
1534 2325 1606 2370 ea
1655 2307 1972 2386 sapientia
2001 2306 2243 2386 attigit,
2288 2323 2434 2386 quae
2471 2305 2859 2384 intelligeret
2904 2303 3079 2384 quod
3125 2304 3246 2365 ﬁde
3289 2303 3498 2364 credi-

224 2424 338 2488 dit.
372 2427 550 2490 Unus
581 2431 720 2510 ipse
759 2437 854 2494 est
889 2431 1004 2510 qui
1037 2430 1245 2492 divini
1284 2428 1482 2492 Verbi
1517 2427 1944 2492 oeconomiam
1973 2429 2069 2490 sic
2097 2427 2422 2507 exposuit,
2456 2434 2530 2489 ut
2557 2425 2731 2505 quod
2766 2430 3016 2507 caperet
3055 2441 3279 2498 nemo,
3313 2440 3508 2487 neum

226 2563 355 2610 non
405 2551 864 2629 apprehendat,
909 2552 1025 2632 qui
1069 2569 1214 2616 cum
1257 2551 1398 2632 ipso
1450 2569 1564 2632 per
1608 2551 1794 2615 ﬁdem
1832 2551 1912 2616 ad
1966 2550 2370 2616 intellectum
2425 2549 2788 2631 profecerit.
2837 2548 3021 2613 Unus
3070 2550 3212 2629 ipse
3256 2555 3352 2612 est
3396 2549 3508 2629 qui

223 2669 437 2746 angeli
484 2675 546 2734 et
587 2670 873 2736 hominis
909 2691 1153 2748 casum,
1199 2674 1668 2754 originalisque
1709 2673 1873 2736 labis
1928 2673 2254 2737 traducem
2303 2673 2396 2736 sic
2453 2672 2832 2746 edisseruit,
2897 2679 2967 2734 ut
3013 2671 3189 2752 quod
3239 2675 3507 2733 caeteros

235 2787 562 2852 occultum
595 2789 960 2872 latuit,jam
989 2792 1294 2855 omnibus
1332 2793 1436 2856 ﬁat
1465 2792 1914 2867 manifestum,
1959 2793 2076 2873 qui
2107 2792 2253 2855 ideo
2288 2791 2559 2856 credunt
2588 2798 2658 2855 ut
2689 2791 3074 2870 intelligant.
3105 2793 3283 2854 Unus
3315 2808 3507 2872 porro

229 2919 366 2996 ipse
416 2920 513 2978 est
568 2916 683 2996 qui
717 2933 880 2991 eam,
931 2933 1122 2997 quam
1161 2915 1346 2996 pauci
1395 2920 1732 2994 penetrare
1766 2915 2011 2990 valent,
2055 2913 2290 2977 divinae
2327 2912 2774 2994 praescientiaa,
2817 2912 3405 2991 praedestinationis
3441 2893 3508 2976 et

227 3035 446 3118 gratiae
477 3055 625 3101 cum
663 3037 940 3100 humana
971 3036 1269 3099 libertate
1302 3035 1707 3099 concordiam
1753 3053 1826 3097 ea
1867 3035 2008 3114 lege
2039 3033 2425 3118 composuit,
2458 3040 2528 3096 ut
2566 3039 2780 3113 pereat
2812 3049 3078 3097 necesse
3119 3033 3206 3096 sit
3249 3034 3364 3114 qui
3414 3035 3510 3099 sic

227 3158 430 3226 unum
465 3159 751 3241 defendit
779 3165 847 3224 ut
880 3161 1155 3223 alterum
1187 3168 1396 3241 neget.

302 3303 452 3364 Haec
487 3306 662 3376 sunt,
713 3299 1151 3364 illustrissime
1195 3300 1480 3374 domine,
1514 3318 1658 3380 qua;
1690 3301 1753 3361 S.
1802 3299 2152 3363 Ansclmus
2191 3300 2405 3380 sapuit
2440 3321 2454 3360 :
2497 3298 2632 3362 haec
2665 3307 2816 3362 sunt
2861 3317 3005 3380 quae
3054 3301 3115 3362 S.
3157 3300 3504 3365 Anselmus

232 3423 486 3497 docuit;
527 3429 588 3486 et
619 3423 882 3504 quidem
918 3422 1052 3485 haec
1082 3423 1228 3498 alta,
1270 3423 1404 3486 haec
1435 3439 1687 3485 summa
1717 3430 1914 3498 sunt,
1949 3425 2059 3486 sed
2099 3429 2161 3486 et
2193 3422 2339 3486 ideo
2372 3423 2502 3485 tuis
2536 3421 2729 3501 digna
2763 3423 3020 3497 studiis,
3055 3425 3296 3504 quibus
3331 3425 3398 3486 in
3440 3425 3506 3487 id

231 3564 436 3610 unum
473 3546 684 3610 tendis
721 3555 790 3610 ut
829 3548 960 3610 Deo
1001 3546 1191 3627 digna
1227 3548 1460 3627 sapias.
1497 3547 1615 3609 His
1647 3546 1865 3627 itaque
1897 3546 2010 3626 qui
2048 3547 2117 3609 in
2149 3545 2353 3608 sancti
2399 3543 2672 3625 hujusce
2710 3545 2993 3608 doctoris
3045 3544 3365 3624 OperibiJs
3404 3546 3505 3608 la-

232 3671 387 3742 tent,
421 3667 654 3730 divinae
693 3667 1024 3747 sapientiae
1063 3667 1383 3730 thesauris
1419 3673 1479 3731 te
1510 3669 1658 3747 quis
1693 3667 1974 3745 dignior,
2009 3667 2109 3730 vel
2146 3673 2205 3731 te
2241 3665 2400 3729 ouid
2430 3666 2740 3744 dignius?
2767 3667 2902 3730 Hos
2932 3667 3132 3746 igitur
3168 3683 3246 3731 eo
3291 3667 3506 3732 animo

233 3788 538 3868 excipias,
577 3807 708 3870 quo
743 3791 919 3870 ipsos
950 3791 1018 3853 in
1054 3809 1188 3856 sua:
1225 3809 1372 3871 erga
1421 3799 1478 3856 te
1531 3792 1911 3856 reverentiae
1946 3791 2339 3872 obsequium
2374 3797 2489 3855 tuo
2534 3790 2784 3854 nomini
2840 3790 3040 3864 dicat,
3081 3789 3193 3867 qui
3231 3794 3302 3850 ut
3341 3789 3508 3852 nihil

235 3923 518 3987 unquam
555 3909 686 3973 nisi
719 3916 992 3990 rectum,
1028 3911 1157 3976 nisi.
1193 3917 1488 3976 sanctum
1513 3959 1530 3990 ,
1570 3930 1716 3977 cum
1750 3912 2060 3977 Anselmo
2091 3911 2331 3994 sapias,
2370 3916 2432 3976 et
2462 3910 2531 3974 in
2564 3911 2699 3974 Deo
2738 3924 2996 3987 semper
3039 3906 3272 3985 valeas,
3322 3913 3506 3972 aeter-

234 4046 387 4095 num
420 4039 718 4114 precatur

556 4539 702 4608 Iibi

1702 4980 2188 5044 Addictissimus
2219 4981 2289 5042 F.
2331 4981 2616 5043 GABRIEL
2647 4979 3034 5056 Gennnaox,

1324 5083 1653 5165 Presbyter
1695 5102 1766 5146 ac
1798 5082 2134 5147 monachus
2178 5083 2247 5144 in
2282 5081 2760 5162 congregatione
2786 5080 3009 5144 Sancti
3038 5078 3275 5147 Mauri.
