  <div class='ocr_page' id='page_1' title='image "/cluster/home/n/w/nwhite01/storage/ocr_20150623/158/hvd.32044054760160/012.png"; bbox 0 0 3882 6050; ppageno 0'>
   <div class='ocr_carea' id='block_1_1' title="bbox 605 219 3316 406">
    <p class='ocr_par' dir='ltr' id='par_1_1' title="bbox 605 219 3316 406">
     <span class='ocr_line' id='line_1_1' title="bbox 605 219 3316 406; baseline 0.004 -28"><span class='ocrx_word' id='word_1_1' title='bbox 605 291 728 378; x_wconf 87' lang='lat' dir='ltr'><strong>IN</strong></span> <span class='ocrx_word' id='word_1_2' title='bbox 813 287 1200 382; x_wconf 82' lang='lat' dir='ltr'><strong>OMNIA</strong></span> <span class='ocrx_word' id='word_1_3' title='bbox 1283 291 1376 380; x_wconf 91' lang='lat' dir='ltr'><strong>s.</strong></span> <span class='ocrx_word' id='word_1_4' title='bbox 1453 219 1972 382; x_wconf 77' lang='lat' dir='ltr'><strong>ANSEthlI</strong></span> <span class='ocrx_word' id='word_1_5' title='bbox 2051 292 2442 384; x_wconf 79' lang='lat' dir='ltr'><strong>OPERA</strong></span> <span class='ocrx_word' id='word_1_6' title='bbox 2506 293 3316 406; x_wconf 82' lang='lat' dir='ltr'><strong>PROLOQUIUM</strong></span> 
     </span>
    </p>
   </div>
   <div class='ocr_carea' id='block_1_2' title="bbox 414 685 3618 766">
    <p class='ocr_par' dir='ltr' id='par_1_2' title="bbox 414 685 3618 766">
     <span class='ocr_line' id='line_1_2' title="bbox 414 685 3618 766; baseline 0.007 -29"><span class='ocrx_word' id='word_1_7' title='bbox 414 686 684 758; x_wconf 82' lang='lat' dir='ltr'><strong>Quidquid</strong></span> <span class='ocrx_word' id='word_1_8' title='bbox 709 687 876 742; x_wconf 89' lang='lat' dir='ltr'><strong>verbo</strong></span> <span class='ocrx_word' id='word_1_9' title='bbox 907 685 1000 740; x_wconf 86' lang='lat' dir='ltr'><strong>Dei</strong></span> <span class='ocrx_word' id='word_1_10' title='bbox 1032 687 1207 742; x_wconf 88' lang='lat' dir='ltr'><strong>edocti</strong></span> <span class='ocrx_word' id='word_1_11' title='bbox 1253 686 1547 751; x_wconf 85' lang='lat' dir='ltr'><strong>credimus,</strong></span> <span class='ocrx_word' id='word_1_12' title='bbox 1581 686 1632 742; x_wconf 90' lang='lat' dir='ltr'><strong>id</strong></span> <span class='ocrx_word' id='word_1_13' title='bbox 1678 687 1932 758; x_wconf 73' lang='lat' dir='ltr'><strong>intelligi-</strong></span> <span class='ocrx_word' id='word_1_14' title='bbox 1965 693 2010 750; x_wconf 83' lang='grc' dir='ltr'>Α</span> <span class='ocrx_word' id='word_1_15' title='bbox 2041 688 2236 743; x_wconf 89' lang='lat' dir='ltr'><strong>librum</strong></span> <span class='ocrx_word' id='word_1_16' title='bbox 2268 688 2341 743; x_wconf 83' lang='lat' dir='ltr'><strong>De</strong></span> <span class='ocrx_word' id='word_1_17' title='bbox 2373 692 2677 746; x_wconf 76' lang='lat' dir='ltr'><strong>excellentia</strong></span> <span class='ocrx_word' id='word_1_18' title='bbox 2705 691 2770 745; x_wconf 87' lang='grc' dir='ltr'><strong>Β.</strong></span> <span class='ocrx_word' id='word_1_19' title='bbox 2813 693 3063 766; x_wconf 77' lang='lat' dir='ltr'><strong>Virginis,</strong></span> <span class='ocrx_word' id='word_1_20' title='bbox 3092 698 3288 756; x_wconf 78' lang='lat' dir='ltr'><strong>lilu-um</strong></span> <span class='ocrx_word' id='word_1_21' title='bbox 3321 699 3394 756; x_wconf 88' lang='lat' dir='ltr'><strong>De</strong></span> <span class='ocrx_word' id='word_1_22' title='bbox 3425 704 3618 761; x_wconf 70' lang='lat' dir='ltr'><strong>caelesti</strong></span> 
     </span>
    </p>
   </div>
   <div class='ocr_carea' id='block_1_3' title="bbox 341 777 1936 849">
    <p class='ocr_par' dir='ltr' id='par_1_3' title="bbox 341 777 1936 849">
     <span class='ocr_line' id='line_1_3' title="bbox 341 777 1936 849; baseline -0.001 -14"><span class='ocrx_word' id='word_1_23' title='bbox 341 797 462 836; x_wconf 89' lang='lat' dir='ltr'><strong>mus</strong></span> <span class='ocrx_word' id='word_1_24' title='bbox 489 779 590 834; x_wconf 88' lang='lat' dir='ltr'><strong>SS.</strong></span> <span class='ocrx_word' id='word_1_25' title='bbox 629 777 846 832; x_wconf 82' lang='lat' dir='ltr'><strong>Patrum</strong></span> <span class='ocrx_word' id='word_1_26' title='bbox 889 777 1250 832; x_wconf 74' lang='lat' dir='ltr'><strong>voluminibus</strong></span> <span class='ocrx_word' id='word_1_27' title='bbox 1284 779 1508 844; x_wconf 90' lang='lat' dir='ltr'><strong>eruditi;</strong></span> <span class='ocrx_word' id='word_1_28' title='bbox 1540 789 1595 833; x_wconf 91' lang='lat' dir='ltr'><strong>et</strong></span> <span class='ocrx_word' id='word_1_29' title='bbox 1643 794 1710 834; x_wconf 84' lang='lat' dir='ltr'><strong>ex</strong></span> <span class='ocrx_word' id='word_1_30' title='bbox 1761 780 1936 849; x_wconf 87' lang='lat' dir='ltr'><strong>publi-</strong></span> 
     </span>
    </p>
   </div>
   <div class='ocr_carea' id='block_1_4' title="bbox 339 868 1937 940">
    <p class='ocr_par' dir='ltr' id='par_1_4' title="bbox 339 868 1937 940">
     <span class='ocr_line' id='line_1_4' title="bbox 339 868 1937 940; baseline 0 -14"><span class='ocrx_word' id='word_1_31' title='bbox 339 874 420 926; x_wconf 85' lang='lat' dir='ltr'><strong>cis</strong></span> <span class='ocrx_word' id='word_1_32' title='bbox 461 871 608 926; x_wconf 89' lang='lat' dir='ltr'><strong>hisce</strong></span> <span class='ocrx_word' id='word_1_33' title='bbox 655 868 912 922; x_wconf 66' lang='lat' dir='ltr'><strong>Ecclesia:</strong></span> <span class='ocrx_word' id='word_1_34' title='bbox 954 869 1197 924; x_wconf 77' lang='lat' dir='ltr'><strong>futilibus</strong></span> <span class='ocrx_word' id='word_1_35' title='bbox 1257 871 1540 926; x_wconf 86' lang='lat' dir='ltr'><strong>uberiores</strong></span> <span class='ocrx_word' id='word_1_36' title='bbox 1584 872 1937 940; x_wconf 87' lang='lat' dir='ltr'><strong>puriorcsque</strong></span> 
     </span>
    </p>
   </div>
   <div class='ocr_carea' id='block_1_5' title="bbox 341 961 1939 1018">
    <p class='ocr_par' dir='ltr' id='par_1_5' title="bbox 341 961 1939 1018">
     <span class='ocr_line' id='line_1_5' title="bbox 341 961 1939 1018; baseline 0.001 -2"><span class='ocrx_word' id='word_1_37' title='bbox 341 971 544 1016; x_wconf 73' lang='lat' dir='ltr'><strong>nostra:</strong></span> <span class='ocrx_word' id='word_1_38' title='bbox 587 961 708 1016; x_wconf 84' lang='lat' dir='ltr'><strong>lidei</strong></span> <span class='ocrx_word' id='word_1_39' title='bbox 765 961 958 1014; x_wconf 83' lang='lat' dir='ltr'><strong>latices</strong></span> <span class='ocrx_word' id='word_1_40' title='bbox 1001 961 1334 1016; x_wconf 85' lang='lat' dir='ltr'><strong>bauriendos</strong></span> <span class='ocrx_word' id='word_1_41' title='bbox 1387 977 1509 1016; x_wconf 89' lang='lat' dir='ltr'><strong>esse</strong></span> <span class='ocrx_word' id='word_1_42' title='bbox 1565 979 1672 1016; x_wconf 84' lang='lat' dir='ltr'><strong>non</strong></span> <span class='ocrx_word' id='word_1_43' title='bbox 1729 963 1939 1018; x_wconf 93' lang='lat' dir='ltr'><strong>dubitat</strong></span> 
     </span>
    </p>
   </div>
   <div class='ocr_carea' id='block_1_6' title="bbox 341 1051 1934 1124">
    <p class='ocr_par' dir='ltr' id='par_1_6' title="bbox 341 1051 1934 1124">
     <span class='ocr_line' id='line_1_6' title="bbox 341 1051 1934 1124; baseline 0.002 -17"><span class='ocrx_word' id='word_1_44' title='bbox 341 1054 588 1124; x_wconf 76' lang='lat' dir='ltr'><strong>quisquis</strong></span> <span class='ocrx_word' id='word_1_45' title='bbox 617 1051 881 1107; x_wconf 76' lang='lat' dir='ltr'><strong>catholica</strong></span> <span class='ocrx_word' id='word_1_46' title='bbox 921 1053 1082 1120; x_wconf 86' lang='lat' dir='ltr'><strong>sapit.</strong></span> <span class='ocrx_word' id='word_1_47' title='bbox 1110 1053 1265 1108; x_wconf 86' lang='lat' dir='ltr'><strong>Unde</strong></span> <span class='ocrx_word' id='word_1_48' title='bbox 1289 1069 1393 1108; x_wconf 90' lang='lat' dir='ltr'><strong>non</strong></span> <span class='ocrx_word' id='word_1_49' title='bbox 1423 1053 1736 1108; x_wconf 80' lang='lat' dir='ltr'><strong>evolvendis</strong></span> <span class='ocrx_word' id='word_1_50' title='bbox 1773 1055 1934 1110; x_wconf 88' lang='lat' dir='ltr'><strong>modo</strong></span> 
     </span>
    </p>
   </div>
   <div class='ocr_carea' id='block_1_7' title="bbox 341 1143 1941 1214">
    <p class='ocr_par' dir='ltr' id='par_1_7' title="bbox 341 1143 1941 1214">
     <span class='ocr_line' id='line_1_7' title="bbox 341 1143 1941 1214; baseline 0.003 -18"><span class='ocrx_word' id='word_1_51' title='bbox 341 1144 426 1198; x_wconf 86' lang='lat' dir='ltr'><strong>his</strong></span> <span class='ocrx_word' id='word_1_52' title='bbox 453 1160 620 1198; x_wconf 76' lang='lat' dir='ltr'><strong>sacrae</strong></span> <span class='ocrx_word' id='word_1_53' title='bbox 642 1144 904 1198; x_wconf 78' lang='lat' dir='ltr'><strong>doctrina:</strong></span> <span class='ocrx_word' id='word_1_54' title='bbox 923 1143 1201 1198; x_wconf 80' lang='lat' dir='ltr'><strong>codicibus</strong></span> <span class='ocrx_word' id='word_1_55' title='bbox 1228 1144 1324 1198; x_wconf 89' lang='lat' dir='ltr'><strong>toti</strong></span> <span class='ocrx_word' id='word_1_56' title='bbox 1355 1145 1648 1200; x_wconf 89' lang='lat' dir='ltr'><strong>incubuere</strong></span> <span class='ocrx_word' id='word_1_57' title='bbox 1673 1153 1941 1214; x_wconf 82' lang='lat' dir='ltr'><strong>quotquot</strong></span> 
     </span>
    </p>
   </div>
   <div class='ocr_carea' id='block_1_8' title="bbox 340 1234 1938 1306">
    <p class='ocr_par' dir='ltr' id='par_1_8' title="bbox 340 1234 1938 1306">
     <span class='ocr_line' id='line_1_8' title="bbox 340 1234 1938 1306; baseline 0.004 -20"><span class='ocrx_word' id='word_1_58' title='bbox 340 1249 470 1288; x_wconf 91' lang='lat' dir='ltr'><strong>vere</strong></span> <span class='ocrx_word' id='word_1_59' title='bbox 499 1236 641 1289; x_wconf 89' lang='lat' dir='ltr'><strong>docti</strong></span> <span class='ocrx_word' id='word_1_60' title='bbox 667 1235 906 1299; x_wconf 79' lang='lat' dir='ltr'><strong>fuerunt,</strong></span> <span class='ocrx_word' id='word_1_61' title='bbox 929 1234 1022 1289; x_wconf 88' lang='lat' dir='ltr'><strong>sed</strong></span> <span class='ocrx_word' id='word_1_62' title='bbox 1054 1243 1110 1289; x_wconf 92' lang='lat' dir='ltr'><strong>et</strong></span> <span class='ocrx_word' id='word_1_63' title='bbox 1140 1235 1194 1288; x_wconf 91' lang='lat' dir='ltr'><strong>in</strong></span> <span class='ocrx_word' id='word_1_64' title='bbox 1224 1234 1330 1290; x_wconf 86' lang='lat' dir='ltr'><strong>illis</strong></span> <span class='ocrx_word' id='word_1_65' title='bbox 1361 1235 1547 1290; x_wconf 89' lang='lat' dir='ltr'><strong>sedulo</strong></span> <span class='ocrx_word' id='word_1_66' title='bbox 1571 1237 1938 1306; x_wconf 80' lang='lat' dir='ltr'><strong>expurgandis</strong></span> 
     </span>
    </p>
   </div>
   <div class='ocr_carea' id='block_1_9' title="bbox 343 1326 1939 1396">
    <p class='ocr_par' dir='ltr' id='par_1_9' title="bbox 343 1326 1939 1396">
     <span class='ocr_line' id='line_1_9' title="bbox 343 1326 1939 1396; baseline 0.003 -17"><span class='ocrx_word' id='word_1_67' title='bbox 343 1343 372 1379; x_wconf 87' lang='lat' dir='ltr'><strong>a</strong></span> <span class='ocrx_word' id='word_1_68' title='bbox 405 1326 526 1381; x_wconf 85' lang='lat' dir='ltr'><strong>labe</strong></span> <span class='ocrx_word' id='word_1_69' title='bbox 553 1336 608 1380; x_wconf 90' lang='lat' dir='ltr'><strong>et</strong></span> <span class='ocrx_word' id='word_1_70' title='bbox 629 1327 886 1380; x_wconf 90' lang='lat' dir='ltr'><strong>sordibus</strong></span> <span class='ocrx_word' id='word_1_71' title='bbox 929 1339 1067 1396; x_wconf 86' lang='lat' dir='ltr'><strong>quas</strong></span> <span class='ocrx_word' id='word_1_72' title='bbox 1111 1335 1410 1396; x_wconf 88' lang='lat' dir='ltr'><strong>temporum</strong></span> <span class='ocrx_word' id='word_1_73' title='bbox 1449 1327 1600 1396; x_wconf 89' lang='lat' dir='ltr'><strong>lapsu</strong></span> <span class='ocrx_word' id='word_1_74' title='bbox 1646 1338 1700 1383; x_wconf 89' lang='lat' dir='ltr'><strong>et</strong></span> <span class='ocrx_word' id='word_1_75' title='bbox 1731 1330 1939 1384; x_wconf 81' lang='lat' dir='ltr'><strong>exscri-</strong></span> 
     </span>
    </p>
   </div>
   <div class='ocr_carea' id='block_1_10' title="bbox 343 1415 1939 1483">
    <p class='ocr_par' dir='ltr' id='par_1_10' title="bbox 343 1415 1939 1483">
     <span class='ocr_line' id='line_1_10' title="bbox 343 1415 1939 1483; baseline 0.005 -19"><span class='ocrx_word' id='word_1_76' title='bbox 343 1423 560 1482; x_wconf 82' lang='lat' dir='ltr'><strong>ptorum</strong></span> <span class='ocrx_word' id='word_1_77' title='bbox 611 1415 908 1470; x_wconf 86' lang='lat' dir='ltr'><strong>nescientia</strong></span> <span class='ocrx_word' id='word_1_78' title='bbox 949 1415 1032 1470; x_wconf 91' lang='lat' dir='ltr'><strong>vel</strong></span> <span class='ocrx_word' id='word_1_79' title='bbox 1073 1415 1286 1470; x_wconf 88' lang='lat' dir='ltr'><strong>incuria</strong></span> <span class='ocrx_word' id='word_1_80' title='bbox 1340 1425 1772 1483; x_wconf 85' lang='lat' dir='ltr'><strong>contraxerant,</strong></span> <span class='ocrx_word' id='word_1_81' title='bbox 1823 1434 1939 1474; x_wconf 88' lang='lat' dir='ltr'><strong>om-</strong></span> 
     </span>
    </p>
   </div>
   <div class='ocr_carea' id='block_1_11' title="bbox 345 1506 1940 1578">
    <p class='ocr_par' dir='ltr' id='par_1_11' title="bbox 345 1506 1940 1578">
     <span class='ocr_line' id='line_1_11' title="bbox 345 1506 1940 1578; baseline 0.003 -21"><span class='ocrx_word' id='word_1_82' title='bbox 345 1521 490 1568; x_wconf 86' lang='lat' dir='ltr'><strong>nem,</strong></span> <span class='ocrx_word' id='word_1_83' title='bbox 523 1513 580 1558; x_wconf 90' lang='lat' dir='ltr'><strong>ut</strong></span> <span class='ocrx_word' id='word_1_84' title='bbox 621 1514 885 1574; x_wconf 75' lang='lat' dir='ltr'><strong>paverat,</strong></span> <span class='ocrx_word' id='word_1_85' title='bbox 935 1506 1342 1574; x_wconf 84' lang='lat' dir='ltr'><strong>insumpserunt</strong></span> <span class='ocrx_word' id='word_1_86' title='bbox 1396 1523 1618 1576; x_wconf 82' lang='lat' dir='ltr'><strong>operam</strong></span> <span class='ocrx_word' id='word_1_87' title='bbox 1673 1517 1940 1578; x_wconf 85' lang='lat' dir='ltr'><strong>quotquot</strong></span> 
     </span>
    </p>
   </div>
   <div class='ocr_carea' id='block_1_12' title="bbox 343 1595 1936 1670">
    <p class='ocr_par' dir='ltr' id='par_1_12' title="bbox 343 1595 1936 1670">
     <span class='ocr_line' id='line_1_12' title="bbox 343 1595 1936 1670; baseline 0.004 -22"><span class='ocrx_word' id='word_1_88' title='bbox 343 1597 560 1650; x_wconf 87' lang='lat' dir='ltr'><strong>veritati</strong></span> <span class='ocrx_word' id='word_1_89' title='bbox 605 1611 712 1650; x_wconf 91' lang='lat' dir='ltr'><strong>non</strong></span> <span class='ocrx_word' id='word_1_90' title='bbox 768 1595 1042 1652; x_wconf 74' lang='lat' dir='ltr'><strong>discenda:</strong></span> <span class='ocrx_word' id='word_1_91' title='bbox 1076 1596 1281 1662; x_wconf 87' lang='lat' dir='ltr'><strong>solum,</strong></span> <span class='ocrx_word' id='word_1_92' title='bbox 1325 1598 1420 1654; x_wconf 88' lang='lat' dir='ltr'><strong>sed</strong></span> <span class='ocrx_word' id='word_1_93' title='bbox 1461 1607 1515 1653; x_wconf 93' lang='lat' dir='ltr'><strong>et</strong></span> <span class='ocrx_word' id='word_1_94' title='bbox 1554 1599 1786 1670; x_wconf 86' lang='lat' dir='ltr'><strong>posteris</strong></span> <span class='ocrx_word' id='word_1_95' title='bbox 1823 1607 1936 1656; x_wconf 89' lang='lat' dir='ltr'><strong>tra-</strong></span> 
     </span>
    </p>
   </div>
   <div class='ocr_carea' id='block_1_13' title="bbox 345 1687 940 1757">
    <p class='ocr_par' dir='ltr' id='par_1_13' title="bbox 345 1687 940 1757">
     <span class='ocr_line' id='line_1_13' title="bbox 345 1687 940 1757; baseline -0.003 -15"><span class='ocrx_word' id='word_1_96' title='bbox 345 1687 531 1742; x_wconf 64' lang='lat' dir='ltr'><strong>denda?</strong></span> <span class='ocrx_word' id='word_1_97' title='bbox 567 1687 940 1757; x_wconf 80' lang='lat' dir='ltr'><strong>invigilaruut.</strong></span> 
     </span>
    </p>
   </div>
   <div class='ocr_carea' id='block_1_14' title="bbox 417 1778 1938 1852">
    <p class='ocr_par' dir='ltr' id='par_1_14' title="bbox 417 1778 1938 1852">
     <span class='ocr_line' id='line_1_14' title="bbox 417 1778 1938 1852; baseline 0.003 -20"><span class='ocrx_word' id='word_1_98' title='bbox 417 1779 542 1834; x_wconf 65' lang='lat' dir='ltr'><strong>[late</strong></span> <span class='ocrx_word' id='word_1_99' title='bbox 573 1795 840 1849; x_wconf 88' lang='lat' dir='ltr'><strong>nusquam</strong></span> <span class='ocrx_word' id='word_1_100' title='bbox 883 1778 1102 1834; x_wconf 89' lang='lat' dir='ltr'><strong>laudata</strong></span> <span class='ocrx_word' id='word_1_101' title='bbox 1149 1778 1282 1834; x_wconf 85' lang='lat' dir='ltr'><strong>satis</strong></span> <span class='ocrx_word' id='word_1_102' title='bbox 1312 1780 1721 1844; x_wconf 85' lang='lat' dir='ltr'><strong>monachorum,</strong></span> <span class='ocrx_word' id='word_1_103' title='bbox 1759 1789 1814 1836; x_wconf 90' lang='lat' dir='ltr'><strong>et</strong></span> <span class='ocrx_word' id='word_1_104' title='bbox 1840 1797 1938 1852; x_wconf 91' lang='lat' dir='ltr'><strong>pro</strong></span> 
     </span>
    </p>
   </div>
   <div class='ocr_carea' id='block_1_15' title="bbox 342 1868 1932 1939">
    <p class='ocr_par' dir='ltr' id='par_1_15' title="bbox 342 1868 1932 1939">
     <span class='ocr_line' id='line_1_15' title="bbox 342 1868 1932 1939; baseline 0.003 -17"><span class='ocrx_word' id='word_1_105' title='bbox 342 1870 580 1934; x_wconf 63' lang='lat' dir='ltr'><strong>ueteris,</strong></span> <span class='ocrx_word' id='word_1_106' title='bbox 607 1870 652 1924; x_wconf 92' lang='lat' dir='ltr'><strong>si</strong></span> <span class='ocrx_word' id='word_1_107' title='bbox 702 1868 968 1924; x_wconf 82' lang='lat' dir='ltr'><strong>Eadntero</strong></span> <span class='ocrx_word' id='word_1_108' title='bbox 1011 1869 1306 1934; x_wconf 87' lang='lat' dir='ltr'><strong>credimus,</strong></span> <span class='ocrx_word' id='word_1_109' title='bbox 1357 1871 1639 1939; x_wconf 87' lang='lat' dir='ltr'><strong>ipsiusmet</strong></span> <span class='ocrx_word' id='word_1_110' title='bbox 1687 1871 1932 1926; x_wconf 87' lang='lat' dir='ltr'><strong>Ansehni</strong></span> 
     </span>
    </p>
   </div>
   <div class='ocr_carea' id='block_1_16' title="bbox 340 1960 1937 2030">
    <p class='ocr_par' dir='ltr' id='par_1_16' title="bbox 340 1960 1937 2030">
     <span class='ocr_line' id='line_1_16' title="bbox 340 1960 1937 2030; baseline 0.001 -15"><span class='ocrx_word' id='word_1_111' title='bbox 340 1962 552 2024; x_wconf 89' lang='lat' dir='ltr'><strong>studia;</strong></span> <span class='ocrx_word' id='word_1_112' title='bbox 591 1961 678 2016; x_wconf 90' lang='lat' dir='ltr'><strong>hic</strong></span> <span class='ocrx_word' id='word_1_113' title='bbox 713 1961 835 2030; x_wconf 86' lang='lat' dir='ltr'><strong>pius</strong></span> <span class='ocrx_word' id='word_1_114' title='bbox 866 1961 1024 2030; x_wconf 78' lang='lat' dir='ltr'><strong>juxta</strong></span> <span class='ocrx_word' id='word_1_115' title='bbox 1057 1975 1122 2016; x_wconf 90' lang='lat' dir='ltr'><strong>ac</strong></span> <span class='ocrx_word' id='word_1_116' title='bbox 1147 1960 1296 2015; x_wconf 88' lang='lat' dir='ltr'><strong>utilis</strong></span> <span class='ocrx_word' id='word_1_117' title='bbox 1321 1976 1510 2015; x_wconf 88' lang='lat' dir='ltr'><strong>eorum</strong></span> <span class='ocrx_word' id='word_1_118' title='bbox 1557 1961 1730 2027; x_wconf 87' lang='lat' dir='ltr'><strong>labor,</strong></span> <span class='ocrx_word' id='word_1_119' title='bbox 1757 1961 1848 2030; x_wconf 88' lang='lat' dir='ltr'><strong>qui</strong></span> <span class='ocrx_word' id='word_1_120' title='bbox 1877 1971 1937 2016; x_wconf 89' lang='lat' dir='ltr'><strong>ut</strong></span> 
     </span>
    </p>
   </div>
   <div class='ocr_carea' id='block_1_17' title="bbox 2041 779 3270 846">
    <p class='ocr_par' dir='ltr' id='par_1_17' title="bbox 2041 779 3270 846">
     <span class='ocr_line' id='line_1_17' title="bbox 2041 779 3270 846; baseline 0.011 -15"><span class='ocrx_word' id='word_1_121' title='bbox 2041 779 2382 846; x_wconf 80' lang='lat' dir='ltr'><strong>beatitudine,</strong></span> <span class='ocrx_word' id='word_1_122' title='bbox 2415 792 2471 836; x_wconf 89' lang='lat' dir='ltr'><strong>et</strong></span> <span class='ocrx_word' id='word_1_123' title='bbox 2497 782 2691 838; x_wconf 85' lang='lat' dir='ltr'><strong>librum</strong></span> <span class='ocrx_word' id='word_1_124' title='bbox 2717 783 2795 838; x_wconf 87' lang='lat' dir='ltr'><strong>De</strong></span> <span class='ocrx_word' id='word_1_125' title='bbox 2817 786 3270 844; x_wconf 73' lang='lat' dir='ltr'><strong>similitudinibus.</strong></span> 
     </span>
    </p>
   </div>
   <div class='ocr_carea' id='block_1_18' title="bbox 2111 869 3621 957">
    <p class='ocr_par' dir='ltr' id='par_1_18' title="bbox 2111 869 3621 957">
     <span class='ocr_line' id='line_1_18' title="bbox 2111 869 3621 957; baseline 0.014 -35"><span class='ocrx_word' id='word_1_126' title='bbox 2111 869 2236 926; x_wconf 69' lang='lat' dir='ltr'><strong>llaec</strong></span> <span class='ocrx_word' id='word_1_127' title='bbox 2265 881 2443 926; x_wconf 86' lang='lat' dir='ltr'><strong>autem</strong></span> <span class='ocrx_word' id='word_1_128' title='bbox 2479 883 2534 928; x_wconf 91' lang='lat' dir='ltr'><strong>ut</strong></span> <span class='ocrx_word' id='word_1_129' title='bbox 2559 876 2746 929; x_wconf 85' lang='lat' dir='ltr'><strong>ordine</strong></span> <span class='ocrx_word' id='word_1_130' title='bbox 2776 876 2956 948; x_wconf 87' lang='lat' dir='ltr'><strong>aliquo</strong></span> <span class='ocrx_word' id='word_1_131' title='bbox 2975 881 3276 950; x_wconf 79' lang='lat' dir='ltr'><strong>prodirent,</strong></span> <span class='ocrx_word' id='word_1_132' title='bbox 3304 884 3356 948; x_wconf 86' lang='lat' dir='ltr'><strong>in</strong></span> <span class='ocrx_word' id='word_1_133' title='bbox 3385 897 3621 957; x_wconf 87' lang='lat' dir='ltr'><strong>quatuor</strong></span> 
     </span>
    </p>
   </div>
   <div class='ocr_carea' id='block_1_19' title="bbox 2039 965 3619 1050">
    <p class='ocr_par' dir='ltr' id='par_1_19' title="bbox 2039 965 3619 1050">
     <span class='ocr_line' id='line_1_19' title="bbox 2039 965 3619 1050; baseline 0.013 -35"><span class='ocrx_word' id='word_1_134' title='bbox 2039 973 2224 1033; x_wconf 88' lang='lat' dir='ltr'><strong>partes</strong></span> <span class='ocrx_word' id='word_1_135' title='bbox 2271 965 2556 1022; x_wconf 88' lang='lat' dir='ltr'><strong>distributa</strong></span> <span class='ocrx_word' id='word_1_136' title='bbox 2589 978 2734 1022; x_wconf 87' lang='lat' dir='ltr'><strong>sunt.</strong></span> <span class='ocrx_word' id='word_1_137' title='bbox 2777 969 2956 1026; x_wconf 81' lang='lat' dir='ltr'><strong>Prima</strong></span> <span class='ocrx_word' id='word_1_138' title='bbox 3001 989 3130 1042; x_wconf 88' lang='lat' dir='ltr'><strong>pars</strong></span> <span class='ocrx_word' id='word_1_139' title='bbox 3175 977 3416 1032; x_wconf 89' lang='lat' dir='ltr'><strong>continet</strong></span> <span class='ocrx_word' id='word_1_140' title='bbox 3457 995 3619 1050; x_wconf 84' lang='lat' dir='ltr'><strong>opera</strong></span> 
     </span>
    </p>
   </div>
   <div class='ocr_carea' id='block_1_20' title="bbox 2042 1056 3620 1141">
    <p class='ocr_par' dir='ltr' id='par_1_20' title="bbox 2042 1056 3620 1141">
     <span class='ocr_line' id='line_1_20' title="bbox 2042 1056 3620 1141; baseline 0.01 -30"><span class='ocrx_word' id='word_1_141' title='bbox 2042 1056 2310 1112; x_wconf 88' lang='lat' dir='ltr'><strong>didactica</strong></span> <span class='ocrx_word' id='word_1_142' title='bbox 2365 1074 2459 1114; x_wconf 91' lang='lat' dir='ltr'><strong>seu</strong></span> <span class='ocrx_word' id='word_1_143' title='bbox 2505 1060 2844 1130; x_wconf 79' lang='lat' dir='ltr'><strong>dogmatica;</strong></span> <span class='ocrx_word' id='word_1_144' title='bbox 2901 1064 3004 1120; x_wconf 90' lang='lat' dir='ltr'><strong>hoc</strong></span> <span class='ocrx_word' id='word_1_145' title='bbox 3056 1076 3160 1132; x_wconf 90' lang='lat' dir='ltr'><strong>est,</strong></span> <span class='ocrx_word' id='word_1_146' title='bbox 3217 1078 3476 1125; x_wconf 86' lang='lat' dir='ltr'><strong>tractatus</strong></span> <span class='ocrx_word' id='word_1_147' title='bbox 3528 1073 3620 1141; x_wconf 85' lang='lat' dir='ltr'><strong>qui</strong></span> 
     </span>
    </p>
   </div>
   <div class='ocr_carea' id='block_1_21' title="bbox 2045 1143 3638 1231">
    <p class='ocr_par' dir='ltr' id='par_1_21' title="bbox 2045 1143 3638 1231">
     <span class='ocr_line' id='line_1_21' title="bbox 2045 1143 3638 1231; baseline 0.013 -32"><span class='ocrx_word' id='word_1_148' title='bbox 2045 1145 2328 1218; x_wconf 76' lang='lat' dir='ltr'><strong>theologia:</strong></span> <span class='ocrx_word' id='word_1_149' title='bbox 2364 1149 2446 1202; x_wconf 86' lang='lat' dir='ltr'><strong>vel</strong></span> <span class='ocrx_word' id='word_1_150' title='bbox 2496 1151 2656 1204; x_wconf 86' lang='lat' dir='ltr'><strong>etiam</strong></span> <span class='ocrx_word' id='word_1_151' title='bbox 2691 1152 3043 1223; x_wconf 71' lang='lat' dir='ltr'><strong>philosophia:</strong></span> <span class='ocrx_word' id='word_1_152' title='bbox 3079 1157 3274 1225; x_wconf 88' lang='lat' dir='ltr'><strong>placita</strong></span> <span class='ocrx_word' id='word_1_153' title='bbox 3320 1143 3638 1231; x_wconf 68' lang='lat' dir='ltr'><strong>exponunt.</strong></span> 
     </span>
    </p>
   </div>
   <div class='ocr_carea' id='block_1_22' title="bbox 2040 1235 3622 1318">
    <p class='ocr_par' dir='ltr' id='par_1_22' title="bbox 2040 1235 3622 1318">
     <span class='ocr_line' id='line_1_22' title="bbox 2040 1235 3622 1318; baseline 0.013 -30"><span class='ocrx_word' id='word_1_154' title='bbox 2040 1235 2222 1292; x_wconf 84' lang='lat' dir='ltr'><strong>Altera</strong></span> <span class='ocrx_word' id='word_1_155' title='bbox 2255 1253 2382 1308; x_wconf 88' lang='lat' dir='ltr'><strong>pars</strong></span> <span class='ocrx_word' id='word_1_156' title='bbox 2415 1240 2574 1296; x_wconf 83' lang='lat' dir='ltr'><strong>habet</strong></span> <span class='ocrx_word' id='word_1_157' title='bbox 2601 1245 2944 1318; x_wconf 73' lang='lat' dir='ltr'><strong>parzenetica,</strong></span> <span class='ocrx_word' id='word_1_158' title='bbox 2995 1247 3246 1304; x_wconf 88' lang='lat' dir='ltr'><strong>homilias</strong></span> <span class='ocrx_word' id='word_1_159' title='bbox 3277 1252 3526 1309; x_wconf 87' lang='lat' dir='ltr'><strong>videlicet</strong></span> <span class='ocrx_word' id='word_1_160' title='bbox 3565 1266 3622 1310; x_wconf 90' lang='lat' dir='ltr'><strong>et</strong></span> 
     </span>
    </p>
   </div>
   <div class='ocr_carea' id='block_1_23' title="bbox 2041 1331 3623 1408">
    <p class='ocr_par' dir='ltr' id='par_1_23' title="bbox 2041 1331 3623 1408">
     <span class='ocr_line' id='line_1_23' title="bbox 2041 1331 3623 1408; baseline 0.011 -24"><span class='ocrx_word' id='word_1_161' title='bbox 2041 1331 2468 1388; x_wconf 80' lang='lat' dir='ltr'><strong>exhortationes.</strong></span> <span class='ocrx_word' id='word_1_162' title='bbox 2506 1333 2690 1390; x_wconf 90' lang='lat' dir='ltr'><strong>Tertia</strong></span> <span class='ocrx_word' id='word_1_163' title='bbox 2739 1336 2966 1392; x_wconf 88' lang='lat' dir='ltr'><strong>includit</strong></span> <span class='ocrx_word' id='word_1_164' title='bbox 2996 1341 3257 1408; x_wconf 89' lang='lat' dir='ltr'><strong>ascetica,</strong></span> <span class='ocrx_word' id='word_1_165' title='bbox 3307 1343 3360 1398; x_wconf 93' lang='lat' dir='ltr'><strong>id</strong></span> <span class='ocrx_word' id='word_1_166' title='bbox 3395 1356 3484 1401; x_wconf 90' lang='lat' dir='ltr'><strong>est</strong></span> <span class='ocrx_word' id='word_1_167' title='bbox 3513 1361 3623 1400; x_wconf 89' lang='lat' dir='ltr'><strong>me-</strong></span> 
     </span>
    </p>
   </div>
   <div class='ocr_carea' id='block_1_24' title="bbox 2043 1423 3548 1500">
    <p class='ocr_par' dir='ltr' id='par_1_24' title="bbox 2043 1423 3548 1500">
     <span class='ocr_line' id='line_1_24' title="bbox 2043 1423 3548 1500; baseline 0.011 -24"><span class='ocrx_word' id='word_1_168' title='bbox 2043 1423 2338 1480; x_wconf 89' lang='lat' dir='ltr'><strong>ditationes</strong></span> <span class='ocrx_word' id='word_1_169' title='bbox 2372 1433 2426 1479; x_wconf 90' lang='lat' dir='ltr'><strong>et</strong></span> <span class='ocrx_word' id='word_1_170' title='bbox 2452 1425 2746 1482; x_wconf 89' lang='lat' dir='ltr'><strong>orationes.</strong></span> <span class='ocrx_word' id='word_1_171' title='bbox 2777 1427 2980 1494; x_wconf 83' lang='lat' dir='ltr'><strong>Quarta</strong></span> <span class='ocrx_word' id='word_1_172' title='bbox 3006 1432 3262 1500; x_wconf 87' lang='lat' dir='ltr'><strong>epistolas</strong></span> <span class='ocrx_word' id='word_1_173' title='bbox 3283 1437 3548 1492; x_wconf 84' lang='lat' dir='ltr'><strong>continet.</strong></span> 
     </span>
    </p>
   </div>
   <div class='ocr_carea' id='block_1_25' title="bbox 2113 1517 3624 1597">
    <p class='ocr_par' dir='ltr' id='par_1_25' title="bbox 2113 1517 3624 1597">
     <span class='ocr_line' id='line_1_25' title="bbox 2113 1517 3624 1597; baseline 0.01 -27"><span class='ocrx_word' id='word_1_174' title='bbox 2113 1517 2426 1588; x_wconf 83' lang='lat' dir='ltr'><strong>Dogmatiea</strong></span> <span class='ocrx_word' id='word_1_175' title='bbox 2453 1519 2531 1574; x_wconf 91' lang='lat' dir='ltr'><strong>sic</strong></span> <span class='ocrx_word' id='word_1_176' title='bbox 2552 1521 2934 1589; x_wconf 89' lang='lat' dir='ltr'><strong>disposuimus,</strong></span> <span class='ocrx_word' id='word_1_177' title='bbox 2977 1533 3034 1578; x_wconf 89' lang='lat' dir='ltr'><strong>ut</strong></span> <span class='ocrx_word' id='word_1_178' title='bbox 3073 1539 3178 1580; x_wconf 88' lang='lat' dir='ltr'><strong>non</strong></span> <span class='ocrx_word' id='word_1_179' title='bbox 3203 1528 3380 1582; x_wconf 78' lang='lat' dir='ltr'><strong>aetatis</strong></span> <span class='ocrx_word' id='word_1_180' title='bbox 3407 1531 3624 1597; x_wconf 85' lang='lat' dir='ltr'><strong>ordine,</strong></span> 
     </span>
    </p>
   </div>
   <div class='ocr_carea' id='block_1_26' title="bbox 2039 1604 3625 1687">
    <p class='ocr_par' dir='ltr' id='par_1_26' title="bbox 2039 1604 3625 1687">
     <span class='ocr_line' id='line_1_26' title="bbox 2039 1604 3625 1687; baseline 0.01 -28"><span class='ocrx_word' id='word_1_181' title='bbox 2039 1605 2134 1660; x_wconf 85' lang='lat' dir='ltr'><strong>sed</strong></span> <span class='ocrx_word' id='word_1_182' title='bbox 2174 1604 2329 1675; x_wconf 78' lang='lat' dir='ltr'><strong>juxta</strong></span> <span class='ocrx_word' id='word_1_183' title='bbox 2377 1607 2605 1676; x_wconf 87' lang='lat' dir='ltr'><strong>subjecti</strong></span> <span class='ocrx_word' id='word_1_184' title='bbox 2643 1625 2738 1666; x_wconf 92' lang='lat' dir='ltr'><strong>seu</strong></span> <span class='ocrx_word' id='word_1_185' title='bbox 2785 1615 3091 1682; x_wconf 77' lang='lat' dir='ltr'><strong>argumenti</strong></span> <span class='ocrx_word' id='word_1_186' title='bbox 3143 1616 3484 1687; x_wconf 83' lang='lat' dir='ltr'><strong>dignitatem,</strong></span> <span class='ocrx_word' id='word_1_187' title='bbox 3529 1632 3625 1674; x_wconf 88' lang='lat' dir='ltr'><strong>aut</strong></span> 
     </span>
    </p>
   </div>
   <div class='ocr_carea' id='block_1_27' title="bbox 2037 1696 3625 1775">
    <p class='ocr_par' dir='ltr' id='par_1_27' title="bbox 2037 1696 3625 1775">
     <span class='ocr_line' id='line_1_27' title="bbox 2037 1696 3625 1775; baseline 0.011 -27"><span class='ocrx_word' id='word_1_188' title='bbox 2037 1697 2282 1751; x_wconf 84' lang='lat' dir='ltr'><strong>methodi</strong></span> <span class='ocrx_word' id='word_1_189' title='bbox 2317 1696 2474 1768; x_wconf 83' lang='lat' dir='ltr'><strong>legis,</strong></span> <span class='ocrx_word' id='word_1_190' title='bbox 2524 1701 2901 1768; x_wconf 86' lang='lat' dir='ltr'><strong>procederent.</strong></span> <span class='ocrx_word' id='word_1_191' title='bbox 2936 1703 3026 1759; x_wconf 90' lang='lat' dir='ltr'><strong>Sic</strong></span> <span class='ocrx_word' id='word_1_192' title='bbox 3075 1720 3196 1775; x_wconf 71' lang='lat' dir='ltr'><strong>quae</strong></span> <span class='ocrx_word' id='word_1_193' title='bbox 3243 1707 3312 1764; x_wconf 83' lang='lat' dir='ltr'><strong>de</strong></span> <span class='ocrx_word' id='word_1_194' title='bbox 3357 1708 3468 1764; x_wconf 85' lang='lat' dir='ltr'><strong>Deo</strong></span> <span class='ocrx_word' id='word_1_195' title='bbox 3518 1726 3625 1764; x_wconf 90' lang='lat' dir='ltr'><strong>uno</strong></span> 
     </span>
    </p>
   </div>
   <div class='ocr_carea' id='block_1_28' title="bbox 2039 1784 3626 1866">
    <p class='ocr_par' dir='ltr' id='par_1_28' title="bbox 2039 1784 3626 1866">
     <span class='ocr_line' id='line_1_28' title="bbox 2039 1784 3626 1866; baseline 0.016 -36"><span class='ocrx_word' id='word_1_196' title='bbox 2039 1791 2228 1850; x_wconf 81' lang='lat' dir='ltr'><strong>agunt,</strong></span> <span class='ocrx_word' id='word_1_197' title='bbox 2283 1784 2495 1841; x_wconf 88' lang='lat' dir='ltr'><strong>scilicet</strong></span> <span class='ocrx_word' id='word_1_198' title='bbox 2540 1787 2902 1860; x_wconf 80' lang='lat' dir='ltr'><strong>Monologion,</strong></span> <span class='ocrx_word' id='word_1_199' title='bbox 2952 1793 3308 1866; x_wconf 80' lang='lat' dir='ltr'><strong>Proslogion,</strong></span> <span class='ocrx_word' id='word_1_200' title='bbox 3355 1806 3412 1854; x_wconf 89' lang='lat' dir='ltr'><strong>et</strong></span> <span class='ocrx_word' id='word_1_201' title='bbox 3463 1799 3626 1856; x_wconf 86' lang='lat' dir='ltr'><strong>Liber</strong></span> 
     </span>
    </p>
   </div>
   <div class='ocr_carea' id='block_1_29' title="bbox 2041 1875 3626 1958">
    <p class='ocr_par' dir='ltr' id='par_1_29' title="bbox 2041 1875 3626 1958">
     <span class='ocr_line' id='line_1_29' title="bbox 2041 1875 3626 1958; baseline 0.012 -32"><span class='ocrx_word' id='word_1_202' title='bbox 2041 1882 2229 1926; x_wconf 88' lang='lat' dir='ltr'><strong>contra</strong></span> <span class='ocrx_word' id='word_1_203' title='bbox 2261 1875 2700 1946; x_wconf 81' lang='lat' dir='ltr'><strong>Respondeutem</strong></span> <span class='ocrx_word' id='word_1_204' title='bbox 2743 1896 2842 1950; x_wconf 85' lang='lat' dir='ltr'><strong>pro</strong></span> <span class='ocrx_word' id='word_1_205' title='bbox 2891 1883 3212 1954; x_wconf 83' lang='lat' dir='ltr'><strong>insipiente;</strong></span> <span class='ocrx_word' id='word_1_206' title='bbox 3261 1889 3456 1944; x_wconf 87' lang='lat' dir='ltr'><strong>deinde</strong></span> <span class='ocrx_word' id='word_1_207' title='bbox 3503 1905 3626 1958; x_wconf 72' lang='lat' dir='ltr'><strong>qua:</strong></span> 
     </span>
    </p>
   </div>
   <div class='ocr_carea' id='block_1_30' title="bbox 2041 1958 3625 2040">
    <p class='ocr_par' dir='ltr' id='par_1_30' title="bbox 2041 1958 3625 2040">
     <span class='ocr_line' id='line_1_30' title="bbox 2041 1958 3625 2040; baseline 0.012 -28"><span class='ocrx_word' id='word_1_208' title='bbox 2041 1958 2106 2012; x_wconf 93' lang='lat' dir='ltr'><strong>de</strong></span> <span class='ocrx_word' id='word_1_209' title='bbox 2133 1959 2244 2013; x_wconf 92' lang='lat' dir='ltr'><strong>Deo</strong></span> <span class='ocrx_word' id='word_1_210' title='bbox 2275 1962 2437 2017; x_wconf 90' lang='lat' dir='ltr'><strong>trino:</strong></span> <span class='ocrx_word' id='word_1_211' title='bbox 2459 1961 2598 2018; x_wconf 89' lang='lat' dir='ltr'><strong>liber</strong></span> <span class='ocrx_word' id='word_1_212' title='bbox 2633 1963 2710 2018; x_wconf 88' lang='lat' dir='ltr'><strong>De</strong></span> <span class='ocrx_word' id='word_1_213' title='bbox 2741 1966 2850 2034; x_wconf 81' lang='lat' dir='ltr'><strong>[ide</strong></span> <span class='ocrx_word' id='word_1_214' title='bbox 2881 1965 3178 2030; x_wconf 70' lang='lat' dir='ltr'><strong>Trinitatis.</strong></span> <span class='ocrx_word' id='word_1_215' title='bbox 3222 1980 3360 2040; x_wconf 87' lang='lat' dir='ltr'><strong>etc.,</strong></span> <span class='ocrx_word' id='word_1_216' title='bbox 3397 1983 3452 2028; x_wconf 91' lang='lat' dir='ltr'><strong>et</strong></span> <span class='ocrx_word' id='word_1_217' title='bbox 3487 1975 3625 2030; x_wconf 88' lang='lat' dir='ltr'><strong>liber</strong></span> 
     </span>
    </p>
   </div>
   <div class='ocr_carea' id='block_1_31' title="bbox 337 2046 3624 2130">
    <p class='ocr_par' dir='ltr' id='par_1_31' title="bbox 337 2046 3624 2130">
     <span class='ocr_line' id='line_1_31' title="bbox 337 2046 3624 2130; baseline 0.004 -24"><span class='ocrx_word' id='word_1_218' title='bbox 337 2053 582 2106; x_wconf 68' lang='lat' dir='ltr'><strong>scientia:</strong></span> <span class='ocrx_word' id='word_1_219' title='bbox 609 2053 816 2122; x_wconf 88' lang='lat' dir='ltr'><strong>pariter</strong></span> <span class='ocrx_word' id='word_1_220' title='bbox 839 2067 904 2106; x_wconf 84' lang='lat' dir='ltr'><strong>ac</strong></span> <span class='ocrx_word' id='word_1_221' title='bbox 936 2051 1158 2106; x_wconf 83' lang='lat' dir='ltr'><strong>virtutis</strong></span> <span class='ocrx_word' id='word_1_222' title='bbox 1193 2050 1444 2119; x_wconf 80' lang='lat' dir='ltr'><strong>exemplo</strong></span> <span class='ocrx_word' id='word_1_223' title='bbox 1475 2050 1627 2106; x_wconf 86' lang='lat' dir='ltr'><strong>nobis</strong></span> <span class='ocrx_word' id='word_1_224' title='bbox 1658 2052 1934 2120; x_wconf 76' lang='lat' dir='ltr'><strong>przeirent,</strong></span> <span class='ocrx_word' id='word_1_225' title='bbox 1968 2065 2012 2124; x_wconf 71' lang='grc' dir='ltr'><strong>Β</strong></span> <span class='ocrx_word' id='word_1_226' title='bbox 2044 2046 2118 2100; x_wconf 84' lang='lat' dir='ltr'><strong>De</strong></span> <span class='ocrx_word' id='word_1_227' title='bbox 2157 2050 2487 2118; x_wconf 72' lang='lat' dir='ltr'><strong>processione</strong></span> <span class='ocrx_word' id='word_1_228' title='bbox 2535 2051 2768 2118; x_wconf 72' lang='lat' dir='ltr'><strong>Spiritus</strong></span> <span class='ocrx_word' id='word_1_229' title='bbox 2798 2058 2986 2111; x_wconf 78' lang='lat' dir='ltr'><strong>sancti.</strong></span> <span class='ocrx_word' id='word_1_230' title='bbox 3035 2059 3172 2114; x_wconf 85' lang='lat' dir='ltr'><strong>Tum</strong></span> <span class='ocrx_word' id='word_1_231' title='bbox 3199 2075 3320 2130; x_wconf 74' lang='lat' dir='ltr'><strong>qua:</strong></span> <span class='ocrx_word' id='word_1_232' title='bbox 3361 2063 3428 2117; x_wconf 90' lang='lat' dir='ltr'><strong>de</strong></span> <span class='ocrx_word' id='word_1_233' title='bbox 3459 2064 3624 2120; x_wconf 83' lang='lat' dir='ltr'><strong>Verbi</strong></span> 
     </span>
    </p>
   </div>
   <div class='ocr_carea' id='block_1_32' title="bbox 345 2139 1937 2210">
    <p class='ocr_par' dir='ltr' id='par_1_32' title="bbox 345 2139 1937 2210">
     <span class='ocr_line' id='line_1_32' title="bbox 345 2139 1937 2210; baseline 0.002 -17"><span class='ocrx_word' id='word_1_234' title='bbox 345 2157 454 2194; x_wconf 88' lang='lat' dir='ltr'><strong>non</strong></span> <span class='ocrx_word' id='word_1_235' title='bbox 487 2141 724 2210; x_wconf 73' lang='lat' dir='ltr'><strong>legendis</strong></span> <span class='ocrx_word' id='word_1_236' title='bbox 765 2141 1049 2204; x_wconf 80' lang='lat' dir='ltr'><strong>duntaxat,</strong></span> <span class='ocrx_word' id='word_1_237' title='bbox 1084 2141 1178 2196; x_wconf 90' lang='lat' dir='ltr'><strong>sed</strong></span> <span class='ocrx_word' id='word_1_238' title='bbox 1215 2150 1271 2196; x_wconf 92' lang='lat' dir='ltr'><strong>et</strong></span> <span class='ocrx_word' id='word_1_239' title='bbox 1320 2139 1674 2196; x_wconf 87' lang='lat' dir='ltr'><strong>emendandis</strong></span> <span class='ocrx_word' id='word_1_240' title='bbox 1713 2151 1937 2196; x_wconf 81' lang='lat' dir='ltr'><strong>sancto-</strong></span> 
     </span>
    </p>
   </div>
   <div class='ocr_carea' id='block_1_33' title="bbox 344 2231 1082 2300">
    <p class='ocr_par' dir='ltr' id='par_1_33' title="bbox 344 2231 1082 2300">
     <span class='ocr_line' id='line_1_33' title="bbox 344 2231 1082 2300; baseline 0.005 -18"><span class='ocrx_word' id='word_1_241' title='bbox 344 2247 468 2284; x_wconf 86' lang='lat' dir='ltr'><strong>rum</strong></span> <span class='ocrx_word' id='word_1_242' title='bbox 499 2233 714 2300; x_wconf 84' lang='lat' dir='ltr'><strong>scriptis</strong></span> <span class='ocrx_word' id='word_1_243' title='bbox 746 2231 1082 2300; x_wconf 85' lang='lat' dir='ltr'><strong>impalluere.</strong></span> 
     </span>
    </p>
   </div>
   <div class='ocr_carea' id='block_1_34' title="bbox 414 2320 1936 2392">
    <p class='ocr_par' dir='ltr' id='par_1_34' title="bbox 414 2320 1936 2392">
     <span class='ocr_line' id='line_1_34' title="bbox 414 2320 1936 2392; baseline 0.003 -17"><span class='ocrx_word' id='word_1_244' title='bbox 414 2323 587 2376; x_wconf 76' lang='lat' dir='ltr'><strong>Avitze</strong></span> <span class='ocrx_word' id='word_1_245' title='bbox 644 2320 867 2389; x_wconf 86' lang='lat' dir='ltr'><strong>hujusce</strong></span> <span class='ocrx_word' id='word_1_246' title='bbox 944 2321 1163 2392; x_wconf 89' lang='lat' dir='ltr'><strong>pietatis</strong></span> <span class='ocrx_word' id='word_1_247' title='bbox 1231 2321 1472 2391; x_wconf 88' lang='lat' dir='ltr'><strong>avitique</strong></span> <span class='ocrx_word' id='word_1_248' title='bbox 1523 2321 1682 2378; x_wconf 88' lang='lat' dir='ltr'><strong>istius</strong></span> <span class='ocrx_word' id='word_1_249' title='bbox 1733 2323 1936 2379; x_wconf 87' lang='lat' dir='ltr'><strong>laboris</strong></span> 
     </span>
    </p>
   </div>
   <div class='ocr_carea' id='block_1_35' title="bbox 343 2409 1940 2485">
    <p class='ocr_par' dir='ltr' id='par_1_35' title="bbox 343 2409 1940 2485">
     <span class='ocr_line' id='line_1_35' title="bbox 343 2409 1940 2485; baseline 0 -17"><span class='ocrx_word' id='word_1_250' title='bbox 343 2415 526 2468; x_wconf 64' lang='lat' dir='ltr'><strong>aemuli</strong></span> <span class='ocrx_word' id='word_1_251' title='bbox 557 2413 816 2467; x_wconf 91' lang='lat' dir='ltr'><strong>nonnulla</strong></span> <span class='ocrx_word' id='word_1_252' title='bbox 845 2423 1156 2468; x_wconf 82' lang='lat' dir='ltr'><strong>sanctorum</strong></span> <span class='ocrx_word' id='word_1_253' title='bbox 1200 2415 1482 2468; x_wconf 89' lang='lat' dir='ltr'><strong>doctorum</strong></span> <span class='ocrx_word' id='word_1_254' title='bbox 1519 2429 1686 2484; x_wconf 88' lang='lat' dir='ltr'><strong>opera</strong></span> <span class='ocrx_word' id='word_1_255' title='bbox 1709 2414 1821 2484; x_wconf 90' lang='lat' dir='ltr'><strong>jam</strong></span> <span class='ocrx_word' id='word_1_256' title='bbox 1856 2409 1940 2485; x_wconf 80' lang='lat' dir='ltr'><strong>ty-</strong></span> 
     </span>
    </p>
   </div>
   <div class='ocr_carea' id='block_1_36' title="bbox 343 2504 1938 2574">
    <p class='ocr_par' dir='ltr' id='par_1_36' title="bbox 343 2504 1938 2574">
     <span class='ocr_line' id='line_1_36' title="bbox 343 2504 1938 2574; baseline 0 -16"><span class='ocrx_word' id='word_1_257' title='bbox 343 2505 430 2574; x_wconf 84' lang='lat' dir='ltr'><strong>pis</strong></span> <span class='ocrx_word' id='word_1_258' title='bbox 483 2505 868 2574; x_wconf 81' lang='lat' dir='ltr'><strong>purgatoribus</strong></span> <span class='ocrx_word' id='word_1_259' title='bbox 913 2518 1116 2558; x_wconf 81' lang='lat' dir='ltr'><strong>excusa</strong></span> <span class='ocrx_word' id='word_1_260' title='bbox 1185 2504 1474 2566; x_wconf 87' lang='lat' dir='ltr'><strong>dederunt,</strong></span> <span class='ocrx_word' id='word_1_261' title='bbox 1520 2513 1576 2557; x_wconf 91' lang='lat' dir='ltr'><strong>ct</strong></span> <span class='ocrx_word' id='word_1_262' title='bbox 1620 2504 1938 2558; x_wconf 81' lang='lat' dir='ltr'><strong>excutienda</strong></span> 
     </span>
    </p>
   </div>
   <div class='ocr_carea' id='block_1_37' title="bbox 343 2589 1938 2664">
    <p class='ocr_par' dir='ltr' id='par_1_37' title="bbox 343 2589 1938 2664">
     <span class='ocr_line' id='line_1_37' title="bbox 343 2589 1938 2664; baseline -0.001 -16"><span class='ocrx_word' id='word_1_263' title='bbox 343 2589 642 2650; x_wconf 68' lang='lat' dir='ltr'><strong>etiamnum</strong></span> <span class='ocrx_word' id='word_1_264' title='bbox 693 2603 890 2664; x_wconf 86' lang='lat' dir='ltr'><strong>parant</strong></span> <span class='ocrx_word' id='word_1_265' title='bbox 941 2594 1123 2662; x_wconf 87' lang='lat' dir='ltr'><strong>plures</strong></span> <span class='ocrx_word' id='word_1_266' title='bbox 1175 2593 1612 2662; x_wconf 78' lang='lat' dir='ltr'><strong>congregationis</strong></span> <span class='ocrx_word' id='word_1_267' title='bbox 1659 2591 1716 2647; x_wconf 93' lang='lat' dir='ltr'><strong>S.</strong></span> <span class='ocrx_word' id='word_1_268' title='bbox 1765 2592 1938 2647; x_wconf 82' lang='lat' dir='ltr'><strong>Mauri</strong></span> 
     </span>
    </p>
   </div>
   <div class='ocr_carea' id='block_1_38' title="bbox 343 2683 1938 2741">
    <p class='ocr_par' dir='ltr' id='par_1_38' title="bbox 343 2683 1938 2741">
     <span class='ocr_line' id='line_1_38' title="bbox 343 2683 1938 2741; baseline -0.001 -1"><span class='ocrx_word' id='word_1_269' title='bbox 343 2695 556 2740; x_wconf 69' lang='lat' dir='ltr'><strong>ascetai.</strong></span> <span class='ocrx_word' id='word_1_270' title='bbox 594 2685 703 2741; x_wconf 77' lang='lat' dir='ltr'><strong>Nos</strong></span> <span class='ocrx_word' id='word_1_271' title='bbox 737 2687 790 2740; x_wconf 91' lang='lat' dir='ltr'><strong>in</strong></span> <span class='ocrx_word' id='word_1_272' title='bbox 845 2685 904 2740; x_wconf 86' lang='lat' dir='ltr'><strong>S.</strong></span> <span class='ocrx_word' id='word_1_273' title='bbox 937 2683 1259 2738; x_wconf 85' lang='lat' dir='ltr'><strong>Anselmum</strong></span> <span class='ocrx_word' id='word_1_274' title='bbox 1305 2699 1372 2738; x_wconf 77' lang='lat' dir='ltr'><strong>ex</strong></span> <span class='ocrx_word' id='word_1_275' title='bbox 1425 2685 1622 2740; x_wconf 87' lang='lat' dir='ltr'><strong>abbate</strong></span> <span class='ocrx_word' id='word_1_276' title='bbox 1678 2685 1938 2740; x_wconf 85' lang='lat' dir='ltr'><strong>Beccensi</strong></span> 
     </span>
    </p>
   </div>
   <div class='ocr_carea' id='block_1_39' title="bbox 342 2777 1938 2849">
    <p class='ocr_par' dir='ltr' id='par_1_39' title="bbox 342 2777 1938 2849">
     <span class='ocr_line' id='line_1_39' title="bbox 342 2777 1938 2849; baseline 0.001 -17"><span class='ocrx_word' id='word_1_277' title='bbox 342 2777 793 2834; x_wconf 79' lang='lat' dir='ltr'><strong>C:mtuarieusem</strong></span> <span class='ocrx_word' id='word_1_278' title='bbox 863 2779 1330 2849; x_wconf 88' lang='lat' dir='ltr'><strong>archiepiscopum</strong></span> <span class='ocrx_word' id='word_1_279' title='bbox 1397 2779 1725 2846; x_wconf 83' lang='lat' dir='ltr'><strong>incidimus;</strong></span> <span class='ocrx_word' id='word_1_280' title='bbox 1786 2777 1938 2848; x_wconf 89' lang='lat' dir='ltr'><strong>cujus</strong></span> 
     </span>
    </p>
   </div>
   <div class='ocr_carea' id='block_1_40' title="bbox 343 2867 1939 2938">
    <p class='ocr_par' dir='ltr' id='par_1_40' title="bbox 343 2867 1939 2938">
     <span class='ocr_line' id='line_1_40' title="bbox 343 2867 1939 2938; baseline 0.001 -16"><span class='ocrx_word' id='word_1_281' title='bbox 343 2869 588 2937; x_wconf 87' lang='lat' dir='ltr'><strong>scripta,</strong></span> <span class='ocrx_word' id='word_1_282' title='bbox 647 2871 774 2923; x_wconf 91' lang='lat' dir='ltr'><strong>dum</strong></span> <span class='ocrx_word' id='word_1_283' title='bbox 827 2867 1166 2923; x_wconf 88' lang='lat' dir='ltr'><strong>sublimioris</strong></span> <span class='ocrx_word' id='word_1_284' title='bbox 1229 2867 1489 2922; x_wconf 74' lang='lat' dir='ltr'><strong>doctrina:</strong></span> <span class='ocrx_word' id='word_1_285' title='bbox 1561 2867 1939 2938; x_wconf 76' lang='lat' dir='ltr'><strong>Splendoribus</strong></span> 
     </span>
    </p>
   </div>
   <div class='ocr_carea' id='block_1_41' title="bbox 343 2958 1934 3028">
    <p class='ocr_par' dir='ltr' id='par_1_41' title="bbox 343 2958 1934 3028">
     <span class='ocr_line' id='line_1_41' title="bbox 343 2958 1934 3028; baseline 0.002 -16"><span class='ocrx_word' id='word_1_286' title='bbox 343 2959 470 3012; x_wconf 90' lang='lat' dir='ltr'><strong>hinc</strong></span> <span class='ocrx_word' id='word_1_287' title='bbox 517 2958 642 3013; x_wconf 88' lang='lat' dir='ltr'><strong>inde</strong></span> <span class='ocrx_word' id='word_1_288' title='bbox 677 2959 961 3022; x_wconf 88' lang='lat' dir='ltr'><strong>micarent,</strong></span> <span class='ocrx_word' id='word_1_289' title='bbox 991 2958 1124 3013; x_wconf 86' lang='lat' dir='ltr'><strong>adeo</strong></span> <span class='ocrx_word' id='word_1_290' title='bbox 1154 2968 1409 3028; x_wconf 88' lang='lat' dir='ltr'><strong>corrupta</strong></span> <span class='ocrx_word' id='word_1_291' title='bbox 1452 2959 1934 3028; x_wconf 86' lang='lat' dir='ltr'><strong>deprehendimus,</strong></span> 
     </span>
    </p>
   </div>
   <div class='ocr_carea' id='block_1_42' title="bbox 344 3049 1748 3119">
    <p class='ocr_par' dir='ltr' id='par_1_42' title="bbox 344 3049 1748 3119">
     <span class='ocr_line' id='line_1_42' title="bbox 344 3049 1748 3119; baseline 0.001 -17"><span class='ocrx_word' id='word_1_292' title='bbox 344 3059 406 3102; x_wconf 92' lang='lat' dir='ltr'><strong>ut</strong></span> <span class='ocrx_word' id='word_1_293' title='bbox 441 3049 532 3102; x_wconf 79' lang='lat' dir='ltr'><strong>vix</strong></span> <span class='ocrx_word' id='word_1_294' title='bbox 561 3063 664 3103; x_wconf 89' lang='lat' dir='ltr'><strong>una</strong></span> <span class='ocrx_word' id='word_1_295' title='bbox 693 3057 1006 3118; x_wconf 88' lang='lat' dir='ltr'><strong>superesset</strong></span> <span class='ocrx_word' id='word_1_296' title='bbox 1033 3049 1087 3102; x_wconf 88' lang='lat' dir='ltr'><strong>in</strong></span> <span class='ocrx_word' id='word_1_297' title='bbox 1116 3049 1197 3103; x_wconf 93' lang='lat' dir='ltr'><strong>eis</strong></span> <span class='ocrx_word' id='word_1_298' title='bbox 1222 3050 1428 3119; x_wconf 79' lang='lat' dir='ltr'><strong>integra</strong></span> <span class='ocrx_word' id='word_1_299' title='bbox 1459 3050 1748 3104; x_wconf 81' lang='lat' dir='ltr'><strong>sententia.</strong></span> 
     </span>
    </p>
   </div>
   <div class='ocr_carea' id='block_1_43' title="bbox 415 3139 1925 3213">
    <p class='ocr_par' dir='ltr' id='par_1_43' title="bbox 415 3139 1925 3213">
     <span class='ocr_line' id='line_1_43' title="bbox 415 3139 1925 3213; baseline 0.003 -21"><span class='ocrx_word' id='word_1_300' title='bbox 415 3139 540 3194; x_wconf 69' lang='lat' dir='ltr'><strong>Haec</strong></span> <span class='ocrx_word' id='word_1_301' title='bbox 590 3149 649 3194; x_wconf 91' lang='lat' dir='ltr'><strong>ut</strong></span> <span class='ocrx_word' id='word_1_302' title='bbox 697 3142 897 3194; x_wconf 71' lang='lat' dir='ltr'><strong>nativa:</strong></span> <span class='ocrx_word' id='word_1_303' title='bbox 957 3155 1068 3194; x_wconf 78' lang='lat' dir='ltr'><strong>sua:</strong></span> <span class='ocrx_word' id='word_1_304' title='bbox 1117 3140 1341 3208; x_wconf 88' lang='lat' dir='ltr'><strong>puritati</strong></span> <span class='ocrx_word' id='word_1_305' title='bbox 1401 3141 1762 3196; x_wconf 84' lang='lat' dir='ltr'><strong>redderentur</strong></span> <span class='ocrx_word' id='word_1_306' title='bbox 1812 3142 1925 3213; x_wconf 90' lang='lat' dir='ltr'><strong>plu-</strong></span> 
     </span>
    </p>
   </div>
   <div class='ocr_carea' id='block_1_44' title="bbox 343 3230 1935 3300">
    <p class='ocr_par' dir='ltr' id='par_1_44' title="bbox 343 3230 1935 3300">
     <span class='ocr_line' id='line_1_44' title="bbox 343 3230 1935 3300; baseline 0.002 -16"><span class='ocrx_word' id='word_1_307' title='bbox 343 3245 434 3284; x_wconf 88' lang='lat' dir='ltr'><strong>res</strong></span> <span class='ocrx_word' id='word_1_308' title='bbox 483 3230 857 3286; x_wconf 89' lang='lat' dir='ltr'><strong>cousuluimus</strong></span> <span class='ocrx_word' id='word_1_309' title='bbox 923 3230 1141 3285; x_wconf 85' lang='lat' dir='ltr'><strong>codices</strong></span> <span class='ocrx_word' id='word_1_310' title='bbox 1192 3245 1322 3284; x_wconf 89' lang='lat' dir='ltr'><strong>mss.</strong></span> <span class='ocrx_word' id='word_1_311' title='bbox 1368 3245 1506 3300; x_wconf 89' lang='lat' dir='ltr'><strong>quos</strong></span> <span class='ocrx_word' id='word_1_312' title='bbox 1567 3231 1712 3287; x_wconf 89' lang='lat' dir='ltr'><strong>ultro</strong></span> <span class='ocrx_word' id='word_1_313' title='bbox 1779 3235 1935 3296; x_wconf 84' lang='lat' dir='ltr'><strong>nobis</strong></span> 
     </span>
    </p>
   </div>
   <div class='ocr_carea' id='block_1_45' title="bbox 341 3321 1936 3393">
    <p class='ocr_par' dir='ltr' id='par_1_45' title="bbox 341 3321 1936 3393">
     <span class='ocr_line' id='line_1_45' title="bbox 341 3321 1936 3393; baseline 0 -17"><span class='ocrx_word' id='word_1_314' title='bbox 341 3323 755 3393; x_wconf 85' lang='lat' dir='ltr'><strong>suppeditavere</strong></span> <span class='ocrx_word' id='word_1_315' title='bbox 801 3322 1143 3376; x_wconf 77' lang='lat' dir='ltr'><strong>bibliotheca:</strong></span> <span class='ocrx_word' id='word_1_316' title='bbox 1193 3337 1300 3376; x_wconf 88' lang='lat' dir='ltr'><strong>non</strong></span> <span class='ocrx_word' id='word_1_317' title='bbox 1357 3321 1644 3391; x_wconf 80' lang='lat' dir='ltr'><strong>ignobiles,</strong></span> <span class='ocrx_word' id='word_1_318' title='bbox 1687 3322 1936 3378; x_wconf 81' lang='lat' dir='ltr'><strong>videlicet</strong></span> 
     </span>
    </p>
   </div>
   <div class='ocr_carea' id='block_1_46' title="bbox 341 3411 1936 3484">
    <p class='ocr_par' dir='ltr' id='par_1_46' title="bbox 341 3411 1936 3484">
     <span class='ocr_line' id='line_1_46' title="bbox 341 3411 1936 3484; baseline 0 -16"><span class='ocrx_word' id='word_1_319' title='bbox 341 3415 508 3484; x_wconf 73' lang='lat' dir='ltr'><strong>[logia</strong></span> <span class='ocrx_word' id='word_1_320' title='bbox 535 3455 548 3479; x_wconf 92' lang='lat'><strong>,</strong></span> <span class='ocrx_word' id='word_1_321' title='bbox 591 3413 868 3470; x_wconf 85' lang='lat' dir='ltr'><strong>Victoriua</strong></span> <span class='ocrx_word' id='word_1_322' title='bbox 896 3453 912 3480; x_wconf 95' lang='lat'><strong>,</strong></span> <span class='ocrx_word' id='word_1_323' title='bbox 971 3412 1222 3474; x_wconf 86' lang='lat' dir='ltr'><strong>Tlmana,</strong></span> <span class='ocrx_word' id='word_1_324' title='bbox 1280 3411 1704 3480; x_wconf 88' lang='lat' dir='ltr'><strong>Cisterciensis,</strong></span> <span class='ocrx_word' id='word_1_325' title='bbox 1752 3412 1936 3468; x_wconf 89' lang='lat' dir='ltr'><strong>Cotto-</strong></span> 
     </span>
    </p>
   </div>
   <div class='ocr_carea' id='block_1_47' title="bbox 341 3500 1924 3573">
    <p class='ocr_par' dir='ltr' id='par_1_47' title="bbox 341 3500 1924 3573">
     <span class='ocr_line' id='line_1_47' title="bbox 341 3500 1924 3573; baseline -0.001 -15"><span class='ocrx_word' id='word_1_326' title='bbox 341 3505 505 3558; x_wconf 88' lang='lat' dir='ltr'><strong>niana</strong></span> <span class='ocrx_word' id='word_1_327' title='bbox 553 3503 606 3556; x_wconf 91' lang='lat' dir='ltr'><strong>in</strong></span> <span class='ocrx_word' id='word_1_328' title='bbox 665 3503 902 3573; x_wconf 80' lang='lat' dir='ltr'><strong>Anglia,</strong></span> <span class='ocrx_word' id='word_1_329' title='bbox 954 3501 1320 3556; x_wconf 87' lang='lat' dir='ltr'><strong>Tornacensis</strong></span> <span class='ocrx_word' id='word_1_330' title='bbox 1370 3500 1728 3566; x_wconf 86' lang='lat' dir='ltr'><strong>Martiniana,</strong></span> <span class='ocrx_word' id='word_1_331' title='bbox 1789 3502 1924 3558; x_wconf 79' lang='lat' dir='ltr'><strong>clar.</strong></span> 
     </span>
    </p>
   </div>
   <div class='ocr_carea' id='block_1_48' title="bbox 345 3591 1932 3664">
    <p class='ocr_par' dir='ltr' id='par_1_48' title="bbox 345 3591 1932 3664">
     <span class='ocr_line' id='line_1_48' title="bbox 345 3591 1932 3664; baseline 0 -16"><span class='ocrx_word' id='word_1_332' title='bbox 345 3595 407 3648; x_wconf 82' lang='lat' dir='ltr'><strong>V.</strong></span> <span class='ocrx_word' id='word_1_333' title='bbox 457 3595 518 3648; x_wconf 94' lang='lat' dir='ltr'><strong>D.</strong></span> <span class='ocrx_word' id='word_1_334' title='bbox 557 3591 698 3664; x_wconf 82' lang='lat' dir='ltr'><strong>Joly,</strong></span> <span class='ocrx_word' id='word_1_335' title='bbox 741 3593 1090 3664; x_wconf 70' lang='lat' dir='ltr'><strong>prtecentoris</strong></span> <span class='ocrx_word' id='word_1_336' title='bbox 1142 3592 1486 3658; x_wconf 85' lang='lat' dir='ltr'><strong>Parisiensis,</strong></span> <span class='ocrx_word' id='word_1_337' title='bbox 1538 3601 1592 3648; x_wconf 92' lang='lat' dir='ltr'><strong>et</strong></span> <span class='ocrx_word' id='word_1_338' title='bbox 1641 3593 1709 3648; x_wconf 94' lang='lat' dir='ltr'><strong>cl.</strong></span> <span class='ocrx_word' id='word_1_339' title='bbox 1755 3595 1819 3649; x_wconf 78' lang='grc' dir='ltr'>ν.</span> <span class='ocrx_word' id='word_1_340' title='bbox 1871 3595 1932 3648; x_wconf 92' lang='lat' dir='ltr'><strong>D.</strong></span> 
     </span>
    </p>
   </div>
   <div class='ocr_carea' id='block_1_49' title="bbox 341 3681 1936 3754">
    <p class='ocr_par' dir='ltr' id='par_1_49' title="bbox 341 3681 1936 3754">
     <span class='ocr_line' id='line_1_49' title="bbox 341 3681 1936 3754; baseline 0 -16"><span class='ocrx_word' id='word_1_341' title='bbox 341 3687 497 3754; x_wconf 79' lang='lat' dir='ltr'><strong>Bigot</strong></span> <span class='ocrx_word' id='word_1_342' title='bbox 549 3681 1012 3752; x_wconf 79' lang='lat' dir='ltr'><strong>Rothomageusis</strong></span> <span class='ocrx_word' id='word_1_343' title='bbox 1064 3701 1076 3736; x_wconf 93' lang='lat'>:</span> <span class='ocrx_word' id='word_1_344' title='bbox 1133 3697 1232 3736; x_wconf 71' lang='lat' dir='ltr'><strong>nec</strong></span> <span class='ocrx_word' id='word_1_345' title='bbox 1303 3683 1585 3738; x_wconf 88' lang='lat' dir='ltr'><strong>omisimus</strong></span> <span class='ocrx_word' id='word_1_346' title='bbox 1652 3683 1936 3738; x_wconf 86' lang='lat' dir='ltr'><strong>bibliothe-</strong></span> 
     </span>
    </p>
   </div>
   <div class='ocr_carea' id='block_1_50' title="bbox 342 3771 1935 3839">
    <p class='ocr_par' dir='ltr' id='par_1_50' title="bbox 342 3771 1935 3839">
     <span class='ocr_line' id='line_1_50' title="bbox 342 3771 1935 3839; baseline -0.001 -10"><span class='ocrx_word' id='word_1_347' title='bbox 342 3789 566 3839; x_wconf 84' lang='lat' dir='ltr'><strong>carum,</strong></span> <span class='ocrx_word' id='word_1_348' title='bbox 613 3771 922 3837; x_wconf 87' lang='lat' dir='ltr'><strong>Beccensis,</strong></span> <span class='ocrx_word' id='word_1_349' title='bbox 984 3771 1436 3826; x_wconf 85' lang='lat' dir='ltr'><strong>Gemmeticensis</strong></span> <span class='ocrx_word' id='word_1_350' title='bbox 1467 3811 1482 3837; x_wconf 93' lang='lat'><strong>,</strong></span> <span class='ocrx_word' id='word_1_351' title='bbox 1533 3771 1590 3826; x_wconf 91' lang='lat' dir='ltr'><strong>S.</strong></span> <span class='ocrx_word' id='word_1_352' title='bbox 1659 3771 1935 3828; x_wconf 84' lang='lat' dir='ltr'><strong>Michaelis</strong></span> 
     </span>
    </p>
   </div>
   <div class='ocr_carea' id='block_1_51' title="bbox 343 3861 1935 3928">
    <p class='ocr_par' dir='ltr' id='par_1_51' title="bbox 343 3861 1935 3928">
     <span class='ocr_line' id='line_1_51' title="bbox 343 3861 1935 3928; baseline -0.001 -10"><span class='ocrx_word' id='word_1_353' title='bbox 343 3865 396 3918; x_wconf 89' lang='lat' dir='ltr'><strong>in</strong></span> <span class='ocrx_word' id='word_1_354' title='bbox 441 3864 657 3927; x_wconf 82' lang='lat' dir='ltr'><strong>Monte,</strong></span> <span class='ocrx_word' id='word_1_355' title='bbox 703 3861 1077 3923; x_wconf 87' lang='lat' dir='ltr'><strong>Corbeiensis,</strong></span> <span class='ocrx_word' id='word_1_356' title='bbox 1125 3871 1179 3916; x_wconf 91' lang='lat' dir='ltr'><strong>et.</strong></span> <span class='ocrx_word' id='word_1_357' title='bbox 1234 3861 1792 3928; x_wconf 55' lang='lat' dir='ltr'><strong>SatnGertmtnensis,</strong></span> <span class='ocrx_word' id='word_1_358' title='bbox 1842 3879 1935 3918; x_wconf 85' lang='lat' dir='ltr'><strong>ex-</strong></span> 
     </span>
    </p>
   </div>
   <div class='ocr_carea' id='block_1_52' title="bbox 341 3953 1930 4024">
    <p class='ocr_par' dir='ltr' id='par_1_52' title="bbox 341 3953 1930 4024">
     <span class='ocr_line' id='line_1_52' title="bbox 341 3953 1930 4024; baseline -0.002 -14"><span class='ocrx_word' id='word_1_359' title='bbox 341 3955 602 4024; x_wconf 87' lang='lat' dir='ltr'><strong>emplaria</strong></span> <span class='ocrx_word' id='word_1_360' title='bbox 654 3970 783 4009; x_wconf 89' lang='lat' dir='ltr'><strong>mss.</strong></span> <span class='ocrx_word' id='word_1_361' title='bbox 841 3953 1224 4008; x_wconf 87' lang='lat' dir='ltr'><strong>Consuluimus</strong></span> <span class='ocrx_word' id='word_1_362' title='bbox 1271 3961 1326 4006; x_wconf 87' lang='lat' dir='ltr'><strong>et</strong></span> <span class='ocrx_word' id='word_1_363' title='bbox 1367 3954 1545 4008; x_wconf 87' lang='lat' dir='ltr'><strong>varias</strong></span> <span class='ocrx_word' id='word_1_364' title='bbox 1589 3953 1646 4009; x_wconf 89' lang='lat' dir='ltr'><strong>S.</strong></span> <span class='ocrx_word' id='word_1_365' title='bbox 1694 3955 1930 4010; x_wconf 85' lang='lat' dir='ltr'><strong>Anselmi</strong></span> 
     </span>
    </p>
   </div>
   <div class='ocr_carea' id='block_1_53' title="bbox 341 4041 1933 4113">
    <p class='ocr_par' dir='ltr' id='par_1_53' title="bbox 341 4041 1933 4113">
     <span class='ocr_line' id='line_1_53' title="bbox 341 4041 1933 4113; baseline 0.001 -13"><span class='ocrx_word' id='word_1_366' title='bbox 341 4044 577 4113; x_wconf 82' lang='lat' dir='ltr'><strong>Operam</strong></span> <span class='ocrx_word' id='word_1_367' title='bbox 608 4044 911 4108; x_wconf 90' lang='lat' dir='ltr'><strong>editiones;</strong></span> <span class='ocrx_word' id='word_1_368' title='bbox 953 4044 1088 4098; x_wconf 88' lang='lat' dir='ltr'><strong>duas</strong></span> <span class='ocrx_word' id='word_1_369' title='bbox 1118 4059 1312 4112; x_wconf 85' lang='lat' dir='ltr'><strong>nempe</strong></span> <span class='ocrx_word' id='word_1_370' title='bbox 1346 4041 1605 4100; x_wconf 85' lang='lat' dir='ltr'><strong>Gothicus</strong></span> <span class='ocrx_word' id='word_1_371' title='bbox 1645 4045 1761 4099; x_wconf 89' lang='lat' dir='ltr'><strong>sine</strong></span> <span class='ocrx_word' id='word_1_372' title='bbox 1814 4045 1933 4102; x_wconf 91' lang='lat' dir='ltr'><strong>loco</strong></span> 
     </span>
    </p>
   </div>
   <div class='ocr_carea' id='block_1_54' title="bbox 340 4133 1932 4204">
    <p class='ocr_par' dir='ltr' id='par_1_54' title="bbox 340 4133 1932 4204">
     <span class='ocr_line' id='line_1_54' title="bbox 340 4133 1932 4204; baseline 0.001 -14"><span class='ocrx_word' id='word_1_373' title='bbox 340 4145 392 4192; x_wconf 87' lang='lat' dir='ltr'><strong>et</strong></span> <span class='ocrx_word' id='word_1_374' title='bbox 434 4150 575 4189; x_wconf 91' lang='lat' dir='ltr'><strong>anno</strong></span> <span class='ocrx_word' id='word_1_375' title='bbox 603 4153 617 4189; x_wconf 91' lang='lat'><strong>:</strong></span> <span class='ocrx_word' id='word_1_376' title='bbox 645 4150 806 4188; x_wconf 88' lang='lat' dir='ltr'><strong>unam</strong></span> <span class='ocrx_word' id='word_1_377' title='bbox 845 4133 1368 4204; x_wconf 83' lang='lat' dir='ltr'><strong>Nurembergensem</strong></span> <span class='ocrx_word' id='word_1_378' title='bbox 1419 4151 1562 4191; x_wconf 88' lang='lat' dir='ltr'><strong>anno</strong></span> <span class='ocrx_word' id='word_1_379' title='bbox 1595 4135 1723 4191; x_wconf 72' lang='grc'><strong>1491</strong></span> <span class='ocrx_word' id='word_1_380' title='bbox 1752 4154 1764 4203; x_wconf 93' lang='grc'><strong>;</strong></span> <span class='ocrx_word' id='word_1_381' title='bbox 1801 4140 1932 4192; x_wconf 88' lang='lat' dir='ltr'><strong>duas</strong></span> 
     </span>
    </p>
   </div>
   <div class='ocr_carea' id='block_1_55' title="bbox 337 4225 1928 4292">
    <p class='ocr_par' dir='ltr' id='par_1_55' title="bbox 337 4225 1928 4292">
     <span class='ocr_line' id='line_1_55' title="bbox 337 4225 1928 4292; baseline 0.001 -9"><span class='ocrx_word' id='word_1_382' title='bbox 337 4227 698 4292; x_wconf 89' lang='lat' dir='ltr'><strong>Parisienses,</strong></span> <span class='ocrx_word' id='word_1_383' title='bbox 721 4242 883 4282; x_wconf 88' lang='lat' dir='ltr'><strong>unam</strong></span> <span class='ocrx_word' id='word_1_384' title='bbox 910 4241 1056 4281; x_wconf 89' lang='lat' dir='ltr'><strong>anno</strong></span> <span class='ocrx_word' id='word_1_385' title='bbox 1081 4225 1238 4292; x_wconf 72' lang='grc'><strong>1544,</strong></span> <span class='ocrx_word' id='word_1_386' title='bbox 1261 4235 1312 4282; x_wconf 91' lang='lat' dir='ltr'><strong>et</strong></span> <span class='ocrx_word' id='word_1_387' title='bbox 1337 4227 1564 4282; x_wconf 86' lang='lat' dir='ltr'><strong>alteram</strong></span> <span class='ocrx_word' id='word_1_388' title='bbox 1591 4245 1730 4284; x_wconf 87' lang='lat' dir='ltr'><strong>anno</strong></span> <span class='ocrx_word' id='word_1_389' title='bbox 1771 4230 1928 4286; x_wconf 73' lang='grc'>1549.</span> 
     </span>
    </p>
   </div>
   <div class='ocr_carea' id='block_1_56' title="bbox 347 4317 1930 4384">
    <p class='ocr_par' dir='ltr' id='par_1_56' title="bbox 347 4317 1930 4384">
     <span class='ocr_line' id='line_1_56' title="bbox 347 4317 1930 4384; baseline 0.003 -10"><span class='ocrx_word' id='word_1_390' title='bbox 347 4319 603 4374; x_wconf 76' lang='lat' dir='ltr'><strong>Venetam</strong></span> <span class='ocrx_word' id='word_1_391' title='bbox 638 4333 779 4372; x_wconf 88' lang='lat' dir='ltr'><strong>anno</strong></span> <span class='ocrx_word' id='word_1_392' title='bbox 803 4317 966 4384; x_wconf 70' lang='lat' dir='ltr'><strong>lii-l9,</strong></span> <span class='ocrx_word' id='word_1_393' title='bbox 1010 4317 1144 4372; x_wconf 88' lang='lat' dir='ltr'><strong>duas</strong></span> <span class='ocrx_word' id='word_1_394' title='bbox 1179 4317 1558 4384; x_wconf 85' lang='lat' dir='ltr'><strong>Colonienses,</strong></span> <span class='ocrx_word' id='word_1_395' title='bbox 1594 4337 1755 4376; x_wconf 89' lang='lat' dir='ltr'><strong>unam</strong></span> <span class='ocrx_word' id='word_1_396' title='bbox 1787 4339 1930 4378; x_wconf 89' lang='lat' dir='ltr'><strong>anno</strong></span> 
     </span>
    </p>
   </div>
   <div class='ocr_carea' id='block_1_57' title="bbox 340 4405 1930 4481">
    <p class='ocr_par' dir='ltr' id='par_1_57' title="bbox 340 4405 1930 4481">
     <span class='ocr_line' id='line_1_57' title="bbox 340 4405 1930 4481; baseline 0.002 -19"><span class='ocrx_word' id='word_1_397' title='bbox 340 4409 514 4474; x_wconf 72' lang='grc'>1575,</span> <span class='ocrx_word' id='word_1_398' title='bbox 548 4409 776 4463; x_wconf 87' lang='lat' dir='ltr'><strong>alteram</strong></span> <span class='ocrx_word' id='word_1_399' title='bbox 828 4422 973 4462; x_wconf 89' lang='lat' dir='ltr'><strong>anno</strong></span> <span class='ocrx_word' id='word_1_400' title='bbox 1021 4405 1188 4472; x_wconf 67' lang='lat'><strong>1612;</strong></span> <span class='ocrx_word' id='word_1_401' title='bbox 1231 4415 1285 4460; x_wconf 91' lang='lat' dir='ltr'><strong>et</strong></span> <span class='ocrx_word' id='word_1_402' title='bbox 1317 4407 1772 4477; x_wconf 70' lang='lat' dir='ltr'><strong>Lugdunensem,</strong></span> <span class='ocrx_word' id='word_1_403' title='bbox 1810 4426 1930 4481; x_wconf 67' lang='lat' dir='ltr'><strong>quae</strong></span> 
     </span>
    </p>
   </div>
   <div class='ocr_carea' id='block_1_58' title="bbox 337 4499 1578 4565">
    <p class='ocr_par' dir='ltr' id='par_1_58' title="bbox 337 4499 1578 4565">
     <span class='ocr_line' id='line_1_58' title="bbox 337 4499 1578 4565; baseline 0.002 -14"><span class='ocrx_word' id='word_1_404' title='bbox 337 4499 530 4552; x_wconf 83' lang='lat' dir='ltr'><strong>ultima</strong></span> <span class='ocrx_word' id='word_1_405' title='bbox 564 4509 674 4565; x_wconf 87' lang='lat' dir='ltr'><strong>est,</strong></span> <span class='ocrx_word' id='word_1_406' title='bbox 707 4515 850 4554; x_wconf 90' lang='lat' dir='ltr'><strong>anno</strong></span> <span class='ocrx_word' id='word_1_407' title='bbox 882 4500 1040 4554; x_wconf 77' lang='grc'>1650.</span> <span class='ocrx_word' id='word_1_408' title='bbox 1575 4547 1578 4549; x_wconf 19' lang='grc' dir='ltr'><strong>Α</strong></span> 
     </span>
    </p>
   </div>
   <div class='ocr_carea' id='block_1_59' title="bbox 411 4583 1926 4658">
    <p class='ocr_par' dir='ltr' id='par_1_59' title="bbox 411 4583 1926 4658">
     <span class='ocr_line' id='line_1_59' title="bbox 411 4583 1926 4658; baseline 0.005 -14"><span class='ocrx_word' id='word_1_409' title='bbox 411 4591 496 4645; x_wconf 82' lang='lat' dir='ltr'><strong>Ad</strong></span> <span class='ocrx_word' id='word_1_410' title='bbox 547 4591 774 4646; x_wconf 88' lang='lat' dir='ltr'><strong>istorum</strong></span> <span class='ocrx_word' id='word_1_411' title='bbox 807 4607 927 4644; x_wconf 89' lang='lat' dir='ltr'><strong>cum</strong></span> <span class='ocrx_word' id='word_1_412' title='bbox 977 4605 1322 4658; x_wconf 80' lang='lat' dir='ltr'><strong>excusorum,</strong></span> <span class='ocrx_word' id='word_1_413' title='bbox 1357 4599 1468 4646; x_wconf 90' lang='lat' dir='ltr'><strong>tum</strong></span> <span class='ocrx_word' id='word_1_414' title='bbox 1507 4609 1637 4649; x_wconf 88' lang='lat' dir='ltr'><strong>mss.</strong></span> <span class='ocrx_word' id='word_1_415' title='bbox 1663 4583 1821 4649; x_wconf 77' lang='lat' dir='ltr'><strong>ﬁdem</strong></span> <span class='ocrx_word' id='word_1_416' title='bbox 1861 4611 1926 4651; x_wconf 88' lang='lat' dir='ltr'><strong>ea</strong></span> 
     </span>
    </p>
   </div>
   <div class='ocr_carea' id='block_1_60' title="bbox 337 4683 1928 4754">
    <p class='ocr_par' dir='ltr' id='par_1_60' title="bbox 337 4683 1928 4754">
     <span class='ocr_line' id='line_1_60' title="bbox 337 4683 1928 4754; baseline 0.003 -17"><span class='ocrx_word' id='word_1_417' title='bbox 337 4699 464 4753; x_wconf 75' lang='lat' dir='ltr'><strong>qua:</strong></span> <span class='ocrx_word' id='word_1_418' title='bbox 509 4683 564 4737; x_wconf 90' lang='lat' dir='ltr'><strong>in</strong></span> <span class='ocrx_word' id='word_1_419' title='bbox 596 4685 650 4739; x_wconf 92' lang='lat' dir='ltr'><strong>S.</strong></span> <span class='ocrx_word' id='word_1_420' title='bbox 686 4685 927 4738; x_wconf 85' lang='lat' dir='ltr'><strong>Anselmi</strong></span> <span class='ocrx_word' id='word_1_421' title='bbox 978 4683 1244 4754; x_wconf 90' lang='lat' dir='ltr'><strong>Operibus</strong></span> <span class='ocrx_word' id='word_1_422' title='bbox 1284 4685 1368 4739; x_wconf 87' lang='lat' dir='ltr'><strong>vel</strong></span> <span class='ocrx_word' id='word_1_423' title='bbox 1398 4695 1666 4754; x_wconf 76' lang='lat' dir='ltr'><strong>expuucta</strong></span> <span class='ocrx_word' id='word_1_424' title='bbox 1714 4687 1928 4742; x_wconf 75' lang='lat' dir='ltr'><strong>fuerant</strong></span> 
     </span>
    </p>
   </div>
   <div class='ocr_carea' id='block_1_61' title="bbox 2041 2138 3626 2212">
    <p class='ocr_par' dir='ltr' id='par_1_61' title="bbox 2041 2138 3626 2212">
     <span class='ocr_line' id='line_1_61' title="bbox 2041 2138 3626 2212; baseline 0.015 -22"><span class='ocrx_word' id='word_1_425' title='bbox 2041 2138 2438 2206; x_wconf 83' lang='lat' dir='ltr'><strong>lncarnatione,</strong></span> <span class='ocrx_word' id='word_1_426' title='bbox 2481 2143 2736 2200; x_wconf 88' lang='lat' dir='ltr'><strong>nimirum</strong></span> <span class='ocrx_word' id='word_1_427' title='bbox 2768 2147 2888 2202; x_wconf 90' lang='lat' dir='ltr'><strong>libri</strong></span> <span class='ocrx_word' id='word_1_428' title='bbox 2921 2149 3028 2202; x_wconf 85' lang='lat' dir='ltr'><strong>Cur</strong></span> <span class='ocrx_word' id='word_1_429' title='bbox 3051 2150 3194 2204; x_wconf 82' lang='lat' dir='ltr'><strong>Deus</strong></span> <span class='ocrx_word' id='word_1_430' title='bbox 3223 2154 3378 2208; x_wconf 80' lang='lat' dir='ltr'><strong>homo</strong></span> <span class='ocrx_word' id='word_1_431' title='bbox 3408 2164 3462 2209; x_wconf 88' lang='lat' dir='ltr'><strong>et</strong></span> <span class='ocrx_word' id='word_1_432' title='bbox 3487 2157 3626 2212; x_wconf 84' lang='lat' dir='ltr'><strong>liber</strong></span> 
     </span>
    </p>
   </div>
   <div class='ocr_carea' id='block_1_62' title="bbox 2046 2227 3623 2313">
    <p class='ocr_par' dir='ltr' id='par_1_62' title="bbox 2046 2227 3623 2313">
     <span class='ocr_line' id='line_1_62' title="bbox 2046 2227 3623 2313; baseline 0.013 -32"><span class='ocrx_word' id='word_1_433' title='bbox 2046 2227 2120 2281; x_wconf 86' lang='lat' dir='ltr'><strong>De</strong></span> <span class='ocrx_word' id='word_1_434' title='bbox 2148 2243 2394 2298; x_wconf 83' lang='lat' dir='ltr'><strong>conceptu</strong></span> <span class='ocrx_word' id='word_1_435' title='bbox 2427 2232 2688 2300; x_wconf 81' lang='lat' dir='ltr'><strong>virginali,</strong></span> <span class='ocrx_word' id='word_1_436' title='bbox 2723 2247 2829 2291; x_wconf 89' lang='lat' dir='ltr'><strong>etc.</strong></span> <span class='ocrx_word' id='word_1_437' title='bbox 2852 2278 2866 2304; x_wconf 91' lang='lat'><strong>,</strong></span> <span class='ocrx_word' id='word_1_438' title='bbox 2889 2237 3038 2308; x_wconf 89' lang='lat' dir='ltr'><strong>justo</strong></span> <span class='ocrx_word' id='word_1_439' title='bbox 3067 2241 3258 2298; x_wconf 86' lang='lat' dir='ltr'><strong>ordine</strong></span> <span class='ocrx_word' id='word_1_440' title='bbox 3288 2247 3623 2313; x_wconf 87' lang='lat' dir='ltr'><strong>procedunt:</strong></span> 
     </span>
    </p>
   </div>
   <div class='ocr_carea' id='block_1_63' title="bbox 2043 2319 3627 2400">
    <p class='ocr_par' dir='ltr' id='par_1_63' title="bbox 2043 2319 3627 2400">
     <span class='ocr_line' id='line_1_63' title="bbox 2043 2319 3627 2400; baseline 0.015 -28"><span class='ocrx_word' id='word_1_441' title='bbox 2043 2319 2126 2374; x_wconf 89' lang='lat' dir='ltr'><strong>his</strong></span> <span class='ocrx_word' id='word_1_442' title='bbox 2170 2327 2352 2375; x_wconf 90' lang='lat' dir='ltr'><strong>tamen</strong></span> <span class='ocrx_word' id='word_1_443' title='bbox 2389 2322 2670 2390; x_wconf 70' lang='lat' dir='ltr'><strong>praemisso</strong></span> <span class='ocrx_word' id='word_1_444' title='bbox 2715 2325 2896 2382; x_wconf 88' lang='lat' dir='ltr'><strong>libello</strong></span> <span class='ocrx_word' id='word_1_445' title='bbox 2937 2328 3016 2384; x_wconf 82' lang='lat' dir='ltr'><strong>De</strong></span> <span class='ocrx_word' id='word_1_446' title='bbox 3059 2331 3327 2388; x_wconf 80' lang='lat' dir='ltr'><strong>voluntate</strong></span> <span class='ocrx_word' id='word_1_447' title='bbox 3356 2335 3476 2400; x_wconf 89' lang='lat' dir='ltr'><strong>Dei,</strong></span> <span class='ocrx_word' id='word_1_448' title='bbox 3523 2353 3627 2394; x_wconf 85' lang='lat' dir='ltr'><strong>nec</strong></span> 
     </span>
    </p>
   </div>
   <div class='ocr_carea' id='block_1_64' title="bbox 2041 2411 3628 2494">
    <p class='ocr_par' dir='ltr' id='par_1_64' title="bbox 2041 2411 3628 2494">
     <span class='ocr_line' id='line_1_64' title="bbox 2041 2411 3628 2494; baseline 0.013 -31"><span class='ocrx_word' id='word_1_449' title='bbox 2041 2426 2146 2464; x_wconf 89' lang='lat' dir='ltr'><strong>non</strong></span> <span class='ocrx_word' id='word_1_450' title='bbox 2174 2411 2313 2466; x_wconf 92' lang='lat' dir='ltr'><strong>libro</strong></span> <span class='ocrx_word' id='word_1_451' title='bbox 2351 2413 2427 2494; x_wconf 68' lang='lat' dir='ltr'><strong>pe</strong></span> <span class='ocrx_word' id='word_1_452' title='bbox 2454 2432 2580 2470; x_wconf 86' lang='lat' dir='ltr'><strong>casu</strong></span> <span class='ocrx_word' id='word_1_453' title='bbox 2610 2418 2828 2485; x_wconf 78' lang='lat' dir='ltr'><strong>diaboli,</strong></span> <span class='ocrx_word' id='word_1_454' title='bbox 2859 2429 2916 2474; x_wconf 92' lang='lat' dir='ltr'><strong>ut</strong></span> <span class='ocrx_word' id='word_1_455' title='bbox 2945 2431 3070 2488; x_wconf 89' lang='lat' dir='ltr'><strong>pote</strong></span> <span class='ocrx_word' id='word_1_456' title='bbox 3093 2425 3187 2492; x_wconf 91' lang='lat' dir='ltr'><strong>qui</strong></span> <span class='ocrx_word' id='word_1_457' title='bbox 3221 2427 3289 2480; x_wconf 87' lang='lat' dir='ltr'><strong>ad</strong></span> <span class='ocrx_word' id='word_1_458' title='bbox 3318 2427 3514 2486; x_wconf 76' lang='lat' dir='ltr'><strong>divime</strong></span> <span class='ocrx_word' id='word_1_459' title='bbox 3539 2430 3628 2484; x_wconf 86' lang='lat' dir='ltr'><strong>lu-</strong></span> 
     </span>
    </p>
   </div>
   <div class='ocr_carea' id='block_1_65' title="bbox 2042 2503 3628 2578">
    <p class='ocr_par' dir='ltr' id='par_1_65' title="bbox 2042 2503 3628 2578">
     <span class='ocr_line' id='line_1_65' title="bbox 2042 2503 3628 2578; baseline 0.013 -22"><span class='ocrx_word' id='word_1_460' title='bbox 2042 2503 2378 2559; x_wconf 88' lang='lat' dir='ltr'><strong>carnationis</strong></span> <span class='ocrx_word' id='word_1_461' title='bbox 2415 2505 2828 2578; x_wconf 81' lang='lat' dir='ltr'><strong>intelligentiam</strong></span> <span class='ocrx_word' id='word_1_462' title='bbox 2875 2513 3205 2570; x_wconf 89' lang='lat' dir='ltr'><strong>conducunt.</strong></span> <span class='ocrx_word' id='word_1_463' title='bbox 3257 2516 3460 2574; x_wconf 75' lang='lat' dir='ltr'><strong>Deinde</strong></span> <span class='ocrx_word' id='word_1_464' title='bbox 3489 2519 3628 2576; x_wconf 82' lang='lat' dir='ltr'><strong>liber</strong></span> 
     </span>
    </p>
   </div>
   <div class='ocr_carea' id='block_1_66' title="bbox 2039 2591 3624 2682">
    <p class='ocr_par' dir='ltr' id='par_1_66' title="bbox 2039 2591 3624 2682">
     <span class='ocr_line' id='line_1_66' title="bbox 2039 2591 3624 2682; baseline 0.013 -35"><span class='ocrx_word' id='word_1_465' title='bbox 2039 2591 2117 2648; x_wconf 85' lang='lat' dir='ltr'><strong>De</strong></span> <span class='ocrx_word' id='word_1_466' title='bbox 2145 2596 2426 2650; x_wconf 82' lang='lat' dir='ltr'><strong>concordia</strong></span> <span class='ocrx_word' id='word_1_467' title='bbox 2451 2600 2798 2666; x_wconf 72' lang='lat' dir='ltr'><strong>prwscientia:</strong></span> <span class='ocrx_word' id='word_1_468' title='bbox 2825 2619 2944 2656; x_wconf 86' lang='lat' dir='ltr'><strong>cum</strong></span> <span class='ocrx_word' id='word_1_469' title='bbox 2991 2601 3154 2659; x_wconf 80' lang='lat' dir='ltr'><strong>libero</strong></span> <span class='ocrx_word' id='word_1_470' title='bbox 3200 2607 3454 2672; x_wconf 82' lang='lat' dir='ltr'><strong>arbitrio;</strong></span> <span class='ocrx_word' id='word_1_471' title='bbox 3498 2613 3624 2682; x_wconf 88' lang='lat' dir='ltr'><strong>qui-</strong></span> 
     </span>
    </p>
   </div>
   <div class='ocr_carea' id='block_1_67' title="bbox 2037 2685 3626 2769">
    <p class='ocr_par' dir='ltr' id='par_1_67' title="bbox 2037 2685 3626 2769">
     <span class='ocr_line' id='line_1_67' title="bbox 2037 2685 3626 2769; baseline 0.013 -29"><span class='ocrx_word' id='word_1_472' title='bbox 2037 2685 2139 2742; x_wconf 90' lang='lat' dir='ltr'><strong>bus</strong></span> <span class='ocrx_word' id='word_1_473' title='bbox 2162 2689 2368 2756; x_wconf 89' lang='lat' dir='ltr'><strong>pariter</strong></span> <span class='ocrx_word' id='word_1_474' title='bbox 2389 2703 2455 2744; x_wconf 85' lang='lat' dir='ltr'><strong>ex</strong></span> <span class='ocrx_word' id='word_1_475' title='bbox 2479 2689 2732 2761; x_wconf 60' lang='lat' dir='ltr'><strong>legitimae</strong></span> <span class='ocrx_word' id='word_1_476' title='bbox 2758 2695 2998 2750; x_wconf 75' lang='lat' dir='ltr'><strong>nietbodi</strong></span> <span class='ocrx_word' id='word_1_477' title='bbox 3023 2700 3347 2768; x_wconf 77' lang='lat' dir='ltr'><strong>praescripto</strong></span> <span class='ocrx_word' id='word_1_478' title='bbox 3382 2703 3626 2769; x_wconf 81' lang='lat' dir='ltr'><strong>praeiisse</strong></span> 
     </span>
    </p>
   </div>
   <div class='ocr_carea' id='block_1_68' title="bbox 2037 2778 3624 2863">
    <p class='ocr_par' dir='ltr' id='par_1_68' title="bbox 2037 2778 3624 2863">
     <span class='ocr_line' id='line_1_68' title="bbox 2037 2778 3624 2863; baseline 0.012 -31"><span class='ocrx_word' id='word_1_479' title='bbox 2037 2778 2344 2836; x_wconf 87' lang='lat' dir='ltr'><strong>debuerunt</strong></span> <span class='ocrx_word' id='word_1_480' title='bbox 2373 2781 2570 2854; x_wconf 77' lang='lat' dir='ltr'><strong>dialogi</strong></span> <span class='ocrx_word' id='word_1_481' title='bbox 2603 2784 2678 2839; x_wconf 88' lang='lat' dir='ltr'><strong>De</strong></span> <span class='ocrx_word' id='word_1_482' title='bbox 2721 2787 2938 2842; x_wconf 79' lang='lat' dir='ltr'><strong>veritate</strong></span> <span class='ocrx_word' id='word_1_483' title='bbox 2977 2797 3034 2843; x_wconf 89' lang='lat' dir='ltr'><strong>et</strong></span> <span class='ocrx_word' id='word_1_484' title='bbox 3061 2789 3141 2845; x_wconf 84' lang='lat' dir='ltr'><strong>De</strong></span> <span class='ocrx_word' id='word_1_485' title='bbox 3189 2791 3351 2848; x_wconf 87' lang='lat' dir='ltr'><strong>libera</strong></span> <span class='ocrx_word' id='word_1_486' title='bbox 3379 2796 3624 2863; x_wconf 83' lang='lat' dir='ltr'><strong>arbitrio,</strong></span> 
     </span>
    </p>
   </div>
   <div class='ocr_carea' id='block_1_69' title="bbox 2038 2869 3624 2956">
    <p class='ocr_par' dir='ltr' id='par_1_69' title="bbox 2038 2869 3624 2956">
     <span class='ocr_line' id='line_1_69' title="bbox 2038 2869 3624 2956; baseline 0.014 -34"><span class='ocrx_word' id='word_1_487' title='bbox 2038 2876 2091 2922; x_wconf 89' lang='lat' dir='ltr'><strong>et</strong></span> <span class='ocrx_word' id='word_1_488' title='bbox 2117 2869 2331 2926; x_wconf 89' lang='lat' dir='ltr'><strong>libellus</strong></span> <span class='ocrx_word' id='word_1_489' title='bbox 2357 2871 2436 2926; x_wconf 89' lang='lat' dir='ltr'><strong>De</strong></span> <span class='ocrx_word' id='word_1_490' title='bbox 2463 2873 2748 2929; x_wconf 85' lang='lat' dir='ltr'><strong>voluntate.</strong></span> <span class='ocrx_word' id='word_1_491' title='bbox 2789 2875 2922 2932; x_wconf 89' lang='lat' dir='ltr'><strong>Post</strong></span> <span class='ocrx_word' id='word_1_492' title='bbox 2947 2879 3064 2936; x_wconf 63' lang='lat' dir='ltr'><strong>hate</strong></span> <span class='ocrx_word' id='word_1_493' title='bbox 3097 2882 3218 2938; x_wconf 90' lang='lat' dir='ltr'><strong>libri</strong></span> <span class='ocrx_word' id='word_1_494' title='bbox 3251 2899 3346 2938; x_wconf 89' lang='lat' dir='ltr'><strong>seu</strong></span> <span class='ocrx_word' id='word_1_495' title='bbox 3379 2887 3624 2956; x_wconf 68' lang='lat' dir='ltr'><strong>cpistola:</strong></span> 
     </span>
    </p>
   </div>
   <div class='ocr_carea' id='block_1_70' title="bbox 2039 2959 3628 3046">
    <p class='ocr_par' dir='ltr' id='par_1_70' title="bbox 2039 2959 3628 3046">
     <span class='ocr_line' id='line_1_70' title="bbox 2039 2959 3628 3046; baseline 0.016 -35"><span class='ocrx_word' id='word_1_496' title='bbox 2039 2976 2158 3030; x_wconf 69' lang='lat' dir='ltr'><strong>qua}</strong></span> <span class='ocrx_word' id='word_1_497' title='bbox 2189 2962 2256 3018; x_wconf 90' lang='lat' dir='ltr'><strong>de</strong></span> <span class='ocrx_word' id='word_1_498' title='bbox 2303 2959 2662 3022; x_wconf 77' lang='lat' dir='ltr'><strong>sacramentis</strong></span> <span class='ocrx_word' id='word_1_499' title='bbox 2707 2967 2910 3039; x_wconf 88' lang='lat' dir='ltr'><strong>aliquid</strong></span> <span class='ocrx_word' id='word_1_500' title='bbox 2959 2977 3218 3039; x_wconf 86' lang='lat' dir='ltr'><strong>tractant,</strong></span> <span class='ocrx_word' id='word_1_501' title='bbox 3264 2976 3454 3046; x_wconf 87' lang='lat' dir='ltr'><strong>quales</strong></span> <span class='ocrx_word' id='word_1_502' title='bbox 3496 2989 3628 3036; x_wconf 90' lang='lat' dir='ltr'><strong>sunt</strong></span> 
     </span>
    </p>
   </div>
   <div class='ocr_carea' id='block_1_71' title="bbox 2037 3054 3626 3138">
    <p class='ocr_par' dir='ltr' id='par_1_71' title="bbox 2037 3054 3626 3138">
     <span class='ocr_line' id='line_1_71' title="bbox 2037 3054 3626 3138; baseline 0.013 -33"><span class='ocrx_word' id='word_1_503' title='bbox 2037 3054 2279 3122; x_wconf 72' lang='lat' dir='ltr'><strong>epistola:</strong></span> <span class='ocrx_word' id='word_1_504' title='bbox 2311 3055 2385 3110; x_wconf 86' lang='lat' dir='ltr'><strong>De</strong></span> <span class='ocrx_word' id='word_1_505' title='bbox 2431 3072 2638 3127; x_wconf 72' lang='lat' dir='ltr'><strong>azyma,</strong></span> <span class='ocrx_word' id='word_1_506' title='bbox 2689 3058 2766 3114; x_wconf 89' lang='lat' dir='ltr'><strong>De</strong></span> <span class='ocrx_word' id='word_1_507' title='bbox 2806 3069 3626 3138; x_wconf 22' lang='lat' dir='ltr'><strong>sacramentorum.diversitate,</strong></span> 
     </span>
    </p>
   </div>
   <div class='ocr_carea' id='block_1_72' title="bbox 2037 3144 3621 3227">
    <p class='ocr_par' dir='ltr' id='par_1_72' title="bbox 2037 3144 3621 3227">
     <span class='ocr_line' id='line_1_72' title="bbox 2037 3144 3621 3227; baseline 0.011 -28"><span class='ocrx_word' id='word_1_508' title='bbox 2037 3144 2116 3200; x_wconf 88' lang='lat' dir='ltr'><strong>De</strong></span> <span class='ocrx_word' id='word_1_509' title='bbox 2155 3147 2469 3218; x_wconf 78' lang='lat' dir='ltr'><strong>presbyteris</strong></span> <span class='ocrx_word' id='word_1_510' title='bbox 2507 3150 2920 3219; x_wconf 81' lang='lat' dir='ltr'><strong>concubinariis,</strong></span> <span class='ocrx_word' id='word_1_511' title='bbox 2953 3163 3010 3210; x_wconf 91' lang='lat' dir='ltr'><strong>et</strong></span> <span class='ocrx_word' id='word_1_512' title='bbox 3055 3154 3134 3210; x_wconf 85' lang='lat' dir='ltr'><strong>De</strong></span> <span class='ocrx_word' id='word_1_513' title='bbox 3165 3159 3364 3227; x_wconf 75' lang='lat' dir='ltr'><strong>nuptiis</strong></span> <span class='ocrx_word' id='word_1_514' title='bbox 3391 3175 3621 3216; x_wconf 85' lang='lat' dir='ltr'><strong>consan-</strong></span> 
     </span>
    </p>
   </div>
   <div class='ocr_carea' id='block_1_73' title="bbox 2036 3236 3625 3320">
    <p class='ocr_par' dir='ltr' id='par_1_73' title="bbox 2036 3236 3625 3320">
     <span class='ocr_line' id='line_1_73' title="bbox 2036 3236 3625 3320; baseline 0.011 -32"><span class='ocrx_word' id='word_1_515' title='bbox 2036 3236 2368 3305; x_wconf 83' lang='lat' dir='ltr'><strong>guineorum.</strong></span> <span class='ocrx_word' id='word_1_516' title='bbox 2417 3237 2656 3292; x_wconf 84' lang='lat' dir='ltr'><strong>Primam</strong></span> <span class='ocrx_word' id='word_1_517' title='bbox 2707 3241 2848 3297; x_wconf 88' lang='lat' dir='ltr'><strong>hanc</strong></span> <span class='ocrx_word' id='word_1_518' title='bbox 2894 3250 3102 3312; x_wconf 88' lang='lat' dir='ltr'><strong>partem</strong></span> <span class='ocrx_word' id='word_1_519' title='bbox 3148 3245 3353 3302; x_wconf 90' lang='lat' dir='ltr'><strong>claudit</strong></span> <span class='ocrx_word' id='word_1_520' title='bbox 3396 3252 3625 3320; x_wconf 60' lang='lat' dir='ltr'><strong>quasti!)</strong></span> 
     </span>
    </p>
   </div>
   <div class='ocr_carea' id='block_1_74' title="bbox 2043 3324 3626 3410">
    <p class='ocr_par' dir='ltr' id='par_1_74' title="bbox 2043 3324 3626 3410">
     <span class='ocr_line' id='line_1_74' title="bbox 2043 3324 3626 3410; baseline 0.012 -32"><span class='ocrx_word' id='word_1_521' title='bbox 2043 3324 2348 3392; x_wconf 88' lang='lat' dir='ltr'><strong>dialectica,</strong></span> <span class='ocrx_word' id='word_1_522' title='bbox 2399 3341 2518 3396; x_wconf 65' lang='lat' dir='ltr'><strong>qua:</strong></span> <span class='ocrx_word' id='word_1_523' title='bbox 2565 3339 2648 3382; x_wconf 90' lang='lat' dir='ltr'><strong>est</strong></span> <span class='ocrx_word' id='word_1_524' title='bbox 2675 3341 3056 3400; x_wconf 77' lang='lat' dir='ltr'><strong>argumentum</strong></span> <span class='ocrx_word' id='word_1_525' title='bbox 3091 3335 3288 3408; x_wconf 73' lang='lat' dir='ltr'><strong>dialogi</strong></span> <span class='ocrx_word' id='word_1_526' title='bbox 3319 3337 3398 3392; x_wconf 86' lang='lat' dir='ltr'><strong>De</strong></span> <span class='ocrx_word' id='word_1_527' title='bbox 3444 3356 3626 3410; x_wconf 84' lang='lat' dir='ltr'><strong>gram—</strong></span> 
     </span>
    </p>
   </div>
   <div class='ocr_carea' id='block_1_75' title="bbox 1963 3417 2254 3503">
    <p class='ocr_par' dir='ltr' id='par_1_75' title="bbox 1963 3417 2254 3503">
     <span class='ocr_line' id='line_1_75' title="bbox 1963 3417 2254 3503; baseline 0.027 -43"><span class='ocrx_word' id='word_1_528' title='bbox 1963 3442 2008 3503; x_wconf 67' lang='grc' dir='ltr'>ο</span> <span class='ocrx_word' id='word_1_529' title='bbox 2039 3417 2254 3503; x_wconf 55' lang='grc' dir='ltr'><strong>’κῆρι-ο.</strong></span> 
     </span>
    </p>
   </div>
   <div class='ocr_carea' id='block_1_76' title="bbox 2122 3490 3628 3572">
    <p class='ocr_par' dir='ltr' id='par_1_76' title="bbox 2122 3490 3628 3572">
     <span class='ocr_line' id='line_1_76' title="bbox 2122 3490 3628 3572; baseline 0.019 -29"><span class='ocrx_word' id='word_1_530' title='bbox 2122 3490 2478 3560; x_wconf 68' lang='lat' dir='ltr'><strong>Paraenetica,</strong></span> <span class='ocrx_word' id='word_1_531' title='bbox 2516 3495 2764 3554; x_wconf 89' lang='lat' dir='ltr'><strong>videlicet</strong></span> <span class='ocrx_word' id='word_1_532' title='bbox 2795 3501 3066 3572; x_wconf 89' lang='lat' dir='ltr'><strong>homilias,</strong></span> <span class='ocrx_word' id='word_1_533' title='bbox 3099 3511 3398 3566; x_wconf 90' lang='lat' dir='ltr'><strong>secundum</strong></span> <span class='ocrx_word' id='word_1_534' title='bbox 3429 3515 3628 3570; x_wconf 88' lang='lat' dir='ltr'><strong>seriem</strong></span> 
     </span>
    </p>
   </div>
   <div class='ocr_carea' id='block_1_77' title="bbox 2050 3581 3632 3670">
    <p class='ocr_par' dir='ltr' id='par_1_77' title="bbox 2050 3581 3632 3670">
     <span class='ocr_line' id='line_1_77' title="bbox 2050 3581 3632 3670; baseline 0.016 -35"><span class='ocrx_word' id='word_1_535' title='bbox 2050 3581 2314 3639; x_wconf 89' lang='lat' dir='ltr'><strong>librorum</strong></span> <span class='ocrx_word' id='word_1_536' title='bbox 2347 3595 2402 3640; x_wconf 91' lang='lat' dir='ltr'><strong>et</strong></span> <span class='ocrx_word' id='word_1_537' title='bbox 2441 3589 2802 3656; x_wconf 87' lang='lat' dir='ltr'><strong>capitulorum</strong></span> <span class='ocrx_word' id='word_1_538' title='bbox 2833 3593 3130 3667; x_wconf 74' lang='lat' dir='ltr'><strong>Scriptura:</strong></span> <span class='ocrx_word' id='word_1_539' title='bbox 3173 3615 3298 3670; x_wconf 72' lang='lat' dir='ltr'><strong>quat</strong></span> <span class='ocrx_word' id='word_1_540' title='bbox 3327 3603 3380 3657; x_wconf 90' lang='lat' dir='ltr'><strong>in</strong></span> <span class='ocrx_word' id='word_1_541' title='bbox 3421 3606 3501 3661; x_wconf 85' lang='lat' dir='ltr'><strong>eis</strong></span> <span class='ocrx_word' id='word_1_542' title='bbox 3535 3621 3632 3662; x_wconf 84' lang='lat' dir='ltr'><strong>ex-</strong></span> 
     </span>
    </p>
   </div>
   <div class='ocr_carea' id='block_1_78' title="bbox 2048 3675 3631 3756">
    <p class='ocr_par' dir='ltr' id='par_1_78' title="bbox 2048 3675 3631 3756">
     <span class='ocr_line' id='line_1_78' title="bbox 2048 3675 3631 3756; baseline 0.016 -30"><span class='ocrx_word' id='word_1_543' title='bbox 2048 3675 2362 3743; x_wconf 85' lang='lat' dir='ltr'><strong>planantur,</strong></span> <span class='ocrx_word' id='word_1_544' title='bbox 2388 3677 2512 3745; x_wconf 89' lang='lat' dir='ltr'><strong>jure</strong></span> <span class='ocrx_word' id='word_1_545' title='bbox 2538 3679 2937 3743; x_wconf 89' lang='lat' dir='ltr'><strong>distribuimus.</strong></span> <span class='ocrx_word' id='word_1_546' title='bbox 2973 3689 3239 3756; x_wconf 88' lang='lat' dir='ltr'><strong>Aseetica,</strong></span> <span class='ocrx_word' id='word_1_547' title='bbox 3273 3694 3374 3748; x_wconf 88' lang='lat' dir='ltr'><strong>hoc</strong></span> <span class='ocrx_word' id='word_1_548' title='bbox 3395 3705 3478 3750; x_wconf 91' lang='lat' dir='ltr'><strong>est</strong></span> <span class='ocrx_word' id='word_1_549' title='bbox 3514 3713 3631 3752; x_wconf 84' lang='lat' dir='ltr'><strong>me-</strong></span> 
     </span>
    </p>
   </div>
   <div class='ocr_carea' id='block_1_79' title="bbox 2046 3763 3632 3848">
    <p class='ocr_par' dir='ltr' id='par_1_79' title="bbox 2046 3763 3632 3848">
     <span class='ocr_line' id='line_1_79' title="bbox 2046 3763 3632 3848; baseline 0.018 -33"><span class='ocrx_word' id='word_1_550' title='bbox 2046 3763 2339 3820; x_wconf 87' lang='lat' dir='ltr'><strong>ditationes</strong></span> <span class='ocrx_word' id='word_1_551' title='bbox 2389 3777 2443 3822; x_wconf 91' lang='lat' dir='ltr'><strong>et</strong></span> <span class='ocrx_word' id='word_1_552' title='bbox 2477 3772 2770 3838; x_wconf 78' lang='lat' dir='ltr'><strong>orationes,</strong></span> <span class='ocrx_word' id='word_1_553' title='bbox 2800 3775 2878 3830; x_wconf 91' lang='lat' dir='ltr'><strong>sic</strong></span> <span class='ocrx_word' id='word_1_554' title='bbox 2909 3777 3272 3848; x_wconf 76' lang='lat' dir='ltr'><strong>distinximus,</strong></span> <span class='ocrx_word' id='word_1_555' title='bbox 3303 3792 3363 3838; x_wconf 91' lang='lat' dir='ltr'><strong>ut</strong></span> <span class='ocrx_word' id='word_1_556' title='bbox 3400 3787 3632 3843; x_wconf 60' lang='lat' dir='ltr'><strong>medita.</strong></span> 
     </span>
    </p>
   </div>
   <div class='ocr_carea' id='block_1_80' title="bbox 2047 3855 3628 3944">
    <p class='ocr_par' dir='ltr' id='par_1_80' title="bbox 2047 3855 3628 3944">
     <span class='ocr_line' id='line_1_80' title="bbox 2047 3855 3628 3944; baseline 0.019 -36"><span class='ocrx_word' id='word_1_557' title='bbox 2047 3855 2224 3918; x_wconf 83' lang='lat' dir='ltr'><strong>tiones</strong></span> <span class='ocrx_word' id='word_1_558' title='bbox 2247 3859 2443 3926; x_wconf 81' lang='lat' dir='ltr'><strong>quibus</strong></span> <span class='ocrx_word' id='word_1_559' title='bbox 2467 3880 2620 3921; x_wconf 87' lang='lat' dir='ltr'><strong>mens</strong></span> <span class='ocrx_word' id='word_1_560' title='bbox 2643 3867 2815 3923; x_wconf 78' lang='lat' dir='ltr'><strong>Deum</strong></span> <span class='ocrx_word' id='word_1_561' title='bbox 2841 3876 3262 3944; x_wconf 86' lang='lat' dir='ltr'><strong>contemplatur,</strong></span> <span class='ocrx_word' id='word_1_562' title='bbox 3281 3879 3478 3938; x_wconf 89' lang='lat' dir='ltr'><strong>deinde</strong></span> <span class='ocrx_word' id='word_1_563' title='bbox 3504 3899 3628 3940; x_wconf 79' lang='lat' dir='ltr'><strong>ora-</strong></span> 
     </span>
    </p>
   </div>
   <div class='ocr_carea' id='block_1_81' title="bbox 2046 3947 3628 4034">
    <p class='ocr_par' dir='ltr' id='par_1_81' title="bbox 2046 3947 3628 4034">
     <span class='ocr_line' id='line_1_81' title="bbox 2046 3947 3628 4034; baseline 0.018 -31"><span class='ocrx_word' id='word_1_564' title='bbox 2046 3947 2243 4013; x_wconf 84' lang='lat' dir='ltr'><strong>tiones,</strong></span> <span class='ocrx_word' id='word_1_565' title='bbox 2274 3951 2471 4020; x_wconf 89' lang='lat' dir='ltr'><strong>quibus</strong></span> <span class='ocrx_word' id='word_1_566' title='bbox 2508 3955 2675 4009; x_wconf 90' lang='lat' dir='ltr'><strong>Deum</strong></span> <span class='ocrx_word' id='word_1_567' title='bbox 2709 3959 2889 4014; x_wconf 89' lang='lat' dir='ltr'><strong>anima</strong></span> <span class='ocrx_word' id='word_1_568' title='bbox 2923 3961 3096 4018; x_wconf 82' lang='lat' dir='ltr'><strong>ﬁdelis</strong></span> <span class='ocrx_word' id='word_1_569' title='bbox 3142 3967 3378 4034; x_wconf 70' lang='lat' dir='ltr'><strong>invocat,</strong></span> <span class='ocrx_word' id='word_1_570' title='bbox 3415 3981 3470 4026; x_wconf 89' lang='lat' dir='ltr'><strong>et</strong></span> <span class='ocrx_word' id='word_1_571' title='bbox 3501 3990 3628 4030; x_wconf 86' lang='lat' dir='ltr'><strong>sau-</strong></span> 
     </span>
    </p>
   </div>
   <div class='ocr_carea' id='block_1_82' title="bbox 2045 4043 3622 4131">
    <p class='ocr_par' dir='ltr' id='par_1_82' title="bbox 2045 4043 3622 4131">
     <span class='ocr_line' id='line_1_82' title="bbox 2045 4043 3622 4131; baseline 0.018 -36"><span class='ocrx_word' id='word_1_572' title='bbox 2045 4049 2261 4096; x_wconf 88' lang='lat' dir='ltr'><strong>ctorum</strong></span> <span class='ocrx_word' id='word_1_573' title='bbox 2312 4043 2572 4114; x_wconf 75' lang='lat' dir='ltr'><strong>suffragia</strong></span> <span class='ocrx_word' id='word_1_574' title='bbox 2627 4060 2849 4118; x_wconf 77' lang='lat' dir='ltr'><strong>exorat,</strong></span> <span class='ocrx_word' id='word_1_575' title='bbox 2899 4055 3212 4127; x_wconf 83' lang='lat' dir='ltr'><strong>singulatim</strong></span> <span class='ocrx_word' id='word_1_576' title='bbox 3255 4063 3622 4131; x_wconf 78' lang='lat' dir='ltr'><strong>proferantur.</strong></span> 
     </span>
    </p>
   </div>
   <div class='ocr_carea' id='block_1_83' title="bbox 2113 4133 3626 4216">
    <p class='ocr_par' dir='ltr' id='par_1_83' title="bbox 2113 4133 3626 4216">
     <span class='ocr_line' id='line_1_83' title="bbox 2113 4133 3626 4216; baseline 0.019 -29"><span class='ocrx_word' id='word_1_577' title='bbox 2113 4133 2172 4188; x_wconf 88' lang='lat' dir='ltr'><strong>ln</strong></span> <span class='ocrx_word' id='word_1_578' title='bbox 2228 4135 2312 4191; x_wconf 89' lang='lat' dir='ltr'><strong>his</strong></span> <span class='ocrx_word' id='word_1_579' title='bbox 2353 4137 2426 4192; x_wconf 89' lang='lat' dir='ltr'><strong>ita</strong></span> <span class='ocrx_word' id='word_1_580' title='bbox 2462 4140 2864 4214; x_wconf 77' lang='lat' dir='ltr'><strong>distinguendis</strong></span> <span class='ocrx_word' id='word_1_581' title='bbox 2911 4148 3056 4205; x_wconf 90' lang='lat' dir='ltr'><strong>hunc</strong></span> <span class='ocrx_word' id='word_1_582' title='bbox 3095 4153 3341 4210; x_wconf 85' lang='lat' dir='ltr'><strong>ordinem</strong></span> <span class='ocrx_word' id='word_1_583' title='bbox 3375 4158 3626 4216; x_wconf 84' lang='lat' dir='ltr'><strong>duximus</strong></span> 
     </span>
    </p>
   </div>
   <div class='ocr_carea' id='block_1_84' title="bbox 2045 4224 3626 4307">
    <p class='ocr_par' dir='ltr' id='par_1_84' title="bbox 2045 4224 3626 4307">
     <span class='ocr_line' id='line_1_84' title="bbox 2045 4224 3626 4307; baseline 0.019 -29"><span class='ocrx_word' id='word_1_584' title='bbox 2045 4224 2474 4283; x_wconf 85' lang='lat' dir='ltr'><strong>observandum.</strong></span> <span class='ocrx_word' id='word_1_585' title='bbox 2508 4231 2918 4294; x_wconf 73' lang='lat' dir='ltr'><strong>Praemittuntur</strong></span> <span class='ocrx_word' id='word_1_586' title='bbox 2948 4243 3328 4302; x_wconf 87' lang='lat' dir='ltr'><strong>meditationes</strong></span> <span class='ocrx_word' id='word_1_587' title='bbox 3361 4250 3476 4304; x_wconf 85' lang='lat' dir='ltr'><strong>sive</strong></span> <span class='ocrx_word' id='word_1_588' title='bbox 3503 4267 3626 4307; x_wconf 87' lang='lat' dir='ltr'><strong>ora-</strong></span> 
     </span>
    </p>
   </div>
   <div class='ocr_carea' id='block_1_85' title="bbox 2046 4317 3625 4404">
    <p class='ocr_par' dir='ltr' id='par_1_85' title="bbox 2046 4317 3625 4404">
     <span class='ocr_line' id='line_1_85' title="bbox 2046 4317 3625 4404; baseline 0.019 -34"><span class='ocrx_word' id='word_1_589' title='bbox 2046 4317 2222 4374; x_wconf 90' lang='lat' dir='ltr'><strong>tiones</strong></span> <span class='ocrx_word' id='word_1_590' title='bbox 2249 4322 2446 4390; x_wconf 91' lang='lat' dir='ltr'><strong>quibus</strong></span> <span class='ocrx_word' id='word_1_591' title='bbox 2487 4342 2645 4382; x_wconf 88' lang='lat' dir='ltr'><strong>mens</strong></span> <span class='ocrx_word' id='word_1_592' title='bbox 2677 4335 3084 4404; x_wconf 79' lang='lat' dir='ltr'><strong>compungitur,</strong></span> <span class='ocrx_word' id='word_1_593' title='bbox 3138 4347 3248 4394; x_wconf 92' lang='lat' dir='ltr'><strong>tum</strong></span> <span class='ocrx_word' id='word_1_594' title='bbox 3300 4341 3404 4396; x_wconf 77' lang='lat' dir='ltr'><strong>illa:</strong></span> <span class='ocrx_word' id='word_1_595' title='bbox 3433 4343 3625 4399; x_wconf 87' lang='lat' dir='ltr'><strong>subse—</strong></span> 
     </span>
    </p>
   </div>
   <div class='ocr_carea' id='block_1_86' title="bbox 2043 4416 3623 4490">
    <p class='ocr_par' dir='ltr' id='par_1_86' title="bbox 2043 4416 3623 4490">
     <span class='ocr_line' id='line_1_86' title="bbox 2043 4416 3623 4490; baseline 0.019 -29"><span class='ocrx_word' id='word_1_596' title='bbox 2043 4419 2291 4477; x_wconf 88' lang='lat' dir='ltr'><strong>quuntur</strong></span> <span class='ocrx_word' id='word_1_597' title='bbox 2337 4416 2541 4484; x_wconf 87' lang='lat' dir='ltr'><strong>quibus</strong></span> <span class='ocrx_word' id='word_1_598' title='bbox 2593 4433 2781 4478; x_wconf 86' lang='lat' dir='ltr'><strong>amore</strong></span> <span class='ocrx_word' id='word_1_599' title='bbox 2844 4427 3110 4484; x_wconf 88' lang='lat' dir='ltr'><strong>virtutum</strong></span> <span class='ocrx_word' id='word_1_600' title='bbox 3163 4432 3344 4488; x_wconf 84' lang='lat' dir='ltr'><strong>anima</strong></span> <span class='ocrx_word' id='word_1_601' title='bbox 3407 4435 3623 4490; x_wconf 85' lang='lat' dir='ltr'><strong>inarde-</strong></span> 
     </span>
    </p>
   </div>
   <div class='ocr_carea' id='block_1_87' title="bbox 2042 4501 2164 4556">
    <p class='ocr_par' dir='ltr' id='par_1_87' title="bbox 2042 4501 2164 4556">
     <span class='ocr_line' id='line_1_87' title="bbox 2042 4501 2164 4556; baseline 0.008 -1"><span class='ocrx_word' id='word_1_602' title='bbox 2042 4501 2164 4556; x_wconf 82' lang='lat' dir='ltr'><strong>scit.</strong></span> 
     </span>
    </p>
   </div>
   <div class='ocr_carea' id='block_1_88' title="bbox 2110 4592 3622 4684">
    <p class='ocr_par' dir='ltr' id='par_1_88' title="bbox 2110 4592 3622 4684">
     <span class='ocr_line' id='line_1_88' title="bbox 2110 4592 3622 4684; baseline 0.02 -38"><span class='ocrx_word' id='word_1_603' title='bbox 2110 4592 2283 4650; x_wconf 88' lang='lat' dir='ltr'><strong>Porro</strong></span> <span class='ocrx_word' id='word_1_604' title='bbox 2307 4599 2658 4667; x_wconf 88' lang='lat' dir='ltr'><strong>epistolarum</strong></span> <span class='ocrx_word' id='word_1_605' title='bbox 2695 4606 2870 4664; x_wconf 89' lang='lat' dir='ltr'><strong>tribus</strong></span> <span class='ocrx_word' id='word_1_606' title='bbox 2903 4611 3054 4665; x_wconf 91' lang='lat' dir='ltr'><strong>libris</strong></span> <span class='ocrx_word' id='word_1_607' title='bbox 3086 4627 3223 4682; x_wconf 88' lang='lat' dir='ltr'><strong>quos</strong></span> <span class='ocrx_word' id='word_1_608' title='bbox 3258 4618 3468 4684; x_wconf 85' lang='lat' dir='ltr'><strong>primus</strong></span> <span class='ocrx_word' id='word_1_609' title='bbox 3501 4620 3622 4675; x_wconf 88' lang='lat' dir='ltr'><strong>edi-</strong></span> 
     </span>
    </p>
   </div>
   <div class='ocr_carea' id='block_1_89' title="bbox 2041 4683 3622 4774">
    <p class='ocr_par' dir='ltr' id='par_1_89' title="bbox 2041 4683 3622 4774">
     <span class='ocr_line' id='line_1_89' title="bbox 2041 4683 3622 4774; baseline 0.02 -36"><span class='ocrx_word' id='word_1_610' title='bbox 2041 4683 2196 4740; x_wconf 87' lang='lat' dir='ltr'><strong>derat</strong></span> <span class='ocrx_word' id='word_1_611' title='bbox 2249 4688 2310 4746; x_wconf 92' lang='lat' dir='ltr'><strong>D.</strong></span> <span class='ocrx_word' id='word_1_612' title='bbox 2361 4689 2650 4762; x_wconf 87' lang='lat' dir='ltr'><strong>Picardus,</strong></span> <span class='ocrx_word' id='word_1_613' title='bbox 2706 4711 2959 4768; x_wconf 86' lang='lat' dir='ltr'><strong>quartum</strong></span> <span class='ocrx_word' id='word_1_614' title='bbox 3011 4683 3344 4774; x_wconf 85' lang='lat' dir='ltr'><strong>adjecimus,</strong></span> <span class='ocrx_word' id='word_1_615' title='bbox 3395 4719 3622 4769; x_wconf 68' lang='lat' dir='ltr'><strong>caeteras</strong></span> 
     </span>
    </p>
   </div>
   <div class='ocr_carea' id='block_1_90' title="bbox 337 4773 3620 4868">
    <p class='ocr_par' dir='ltr' id='par_1_90' title="bbox 337 4773 3620 4868">
     <span class='ocr_line' id='line_1_90' title="bbox 337 4773 3620 4868; baseline 0.008 -39"><span class='ocrx_word' id='word_1_616' title='bbox 337 4773 429 4829; x_wconf 84' lang='lat' dir='ltr'><strong>vel</strong></span> <span class='ocrx_word' id='word_1_617' title='bbox 467 4774 692 4841; x_wconf 88' lang='lat' dir='ltr'><strong>omissa,</strong></span> <span class='ocrx_word' id='word_1_618' title='bbox 725 4775 1096 4857; x_wconf 83' lang='lat' dir='ltr'><strong>restituimus;</strong></span> <span class='ocrx_word' id='word_1_619' title='bbox 1149 4790 1268 4846; x_wconf 81' lang='lat' dir='ltr'><strong>quae</strong></span> <span class='ocrx_word' id='word_1_620' title='bbox 1323 4775 1461 4830; x_wconf 88' lang='lat' dir='ltr'><strong>male</strong></span> <span class='ocrx_word' id='word_1_621' title='bbox 1513 4776 1742 4842; x_wconf 90' lang='lat' dir='ltr'><strong>inserta,</strong></span> <span class='ocrx_word' id='word_1_622' title='bbox 1789 4793 1928 4833; x_wconf 88' lang='lat' dir='ltr'><strong>rese-</strong></span> <span class='ocrx_word' id='word_1_623' title='bbox 1957 4798 2007 4856; x_wconf 76' lang='grc' dir='ltr'><strong>ι)</strong></span> <span class='ocrx_word' id='word_1_624' title='bbox 2039 4794 2230 4836; x_wconf 90' lang='lat' dir='ltr'><strong>omnes</strong></span> <span class='ocrx_word' id='word_1_625' title='bbox 2256 4785 2704 4854; x_wconf 85' lang='lat' dir='ltr'><strong>complectentem</strong></span> <span class='ocrx_word' id='word_1_626' title='bbox 2731 4807 2850 4862; x_wconf 73' lang='lat' dir='ltr'><strong>qua:</strong></span> <span class='ocrx_word' id='word_1_627' title='bbox 2881 4795 2936 4848; x_wconf 90' lang='lat' dir='ltr'><strong>in</strong></span> <span class='ocrx_word' id='word_1_628' title='bbox 2965 4812 3092 4855; x_wconf 83' lang='lat' dir='ltr'><strong>mss.</strong></span> <span class='ocrx_word' id='word_1_629' title='bbox 3123 4799 3468 4862; x_wconf 79' lang='lat' dir='ltr'><strong>bibliotheca:</strong></span> <span class='ocrx_word' id='word_1_630' title='bbox 3493 4809 3620 4868; x_wconf 71' lang='lat' dir='ltr'><strong>Coi-</strong></span> 
     </span>
    </p>
   </div>
   <div class='ocr_carea' id='block_1_91' title="bbox 339 4865 1932 4935">
    <p class='ocr_par' dir='ltr' id='par_1_91' title="bbox 339 4865 1932 4935">
     <span class='ocr_line' id='line_1_91' title="bbox 339 4865 1932 4935; baseline 0.004 -15"><span class='ocrx_word' id='word_1_631' title='bbox 339 4865 584 4930; x_wconf 71' lang='lat' dir='ltr'><strong>animus;</strong></span> <span class='ocrx_word' id='word_1_632' title='bbox 618 4874 674 4920; x_wconf 92' lang='lat' dir='ltr'><strong>et</strong></span> <span class='ocrx_word' id='word_1_633' title='bbox 716 4881 838 4935; x_wconf 71' lang='lat' dir='ltr'><strong>qua:</strong></span> <span class='ocrx_word' id='word_1_634' title='bbox 879 4867 935 4920; x_wconf 91' lang='lat' dir='ltr'><strong>in</strong></span> <span class='ocrx_word' id='word_1_635' title='bbox 985 4867 1090 4922; x_wconf 86' lang='lat' dir='ltr'><strong>alia</strong></span> <span class='ocrx_word' id='word_1_636' title='bbox 1139 4869 1302 4922; x_wconf 85' lang='lat' dir='ltr'><strong>verba</strong></span> <span class='ocrx_word' id='word_1_637' title='bbox 1351 4868 1553 4924; x_wconf 86' lang='lat' dir='ltr'><strong>aliosve</strong></span> <span class='ocrx_word' id='word_1_638' title='bbox 1577 4885 1770 4926; x_wconf 88' lang='lat' dir='ltr'><strong>sensus</strong></span> <span class='ocrx_word' id='word_1_639' title='bbox 1818 4872 1932 4926; x_wconf 87' lang='lat' dir='ltr'><strong>dis-</strong></span> 
     </span>
    </p>
   </div>
   <div class='ocr_carea' id='block_1_92' title="bbox 342 4955 1933 5030">
    <p class='ocr_par' dir='ltr' id='par_1_92' title="bbox 342 4955 1933 5030">
     <span class='ocr_line' id='line_1_92' title="bbox 342 4955 1933 5030; baseline 0.005 -21"><span class='ocrx_word' id='word_1_640' title='bbox 342 4963 543 5020; x_wconf 86' lang='lat' dir='ltr'><strong>tracta,</strong></span> <span class='ocrx_word' id='word_1_641' title='bbox 599 4955 653 5010; x_wconf 90' lang='lat' dir='ltr'><strong>in</strong></span> <span class='ocrx_word' id='word_1_642' title='bbox 695 4956 936 5011; x_wconf 87' lang='lat' dir='ltr'><strong>auctoris</strong></span> <span class='ocrx_word' id='word_1_643' title='bbox 981 4958 1148 5012; x_wconf 85' lang='lat' dir='ltr'><strong>verba</strong></span> <span class='ocrx_word' id='word_1_644' title='bbox 1193 4966 1539 5028; x_wconf 82' lang='lat' dir='ltr'><strong>mentemque</strong></span> <span class='ocrx_word' id='word_1_645' title='bbox 1585 4975 1649 5015; x_wconf 89' lang='lat' dir='ltr'><strong>eo</strong></span> <span class='ocrx_word' id='word_1_646' title='bbox 1694 4975 1801 5028; x_wconf 91' lang='lat' dir='ltr'><strong>quo</strong></span> <span class='ocrx_word' id='word_1_647' title='bbox 1835 4976 1933 5030; x_wconf 93' lang='lat' dir='ltr'><strong>po-</strong></span> 
     </span>
    </p>
   </div>
   <div class='ocr_carea' id='block_1_93' title="bbox 343 5046 1932 5118">
    <p class='ocr_par' dir='ltr' id='par_1_93' title="bbox 343 5046 1932 5118">
     <span class='ocr_line' id='line_1_93' title="bbox 343 5046 1932 5118; baseline 0.004 -18"><span class='ocrx_word' id='word_1_648' title='bbox 343 5046 548 5101; x_wconf 89' lang='lat' dir='ltr'><strong>tuimus</strong></span> <span class='ocrx_word' id='word_1_649' title='bbox 592 5046 803 5114; x_wconf 88' lang='lat' dir='ltr'><strong>studio,</strong></span> <span class='ocrx_word' id='word_1_650' title='bbox 847 5055 904 5102; x_wconf 94' lang='lat' dir='ltr'><strong>et</strong></span> <span class='ocrx_word' id='word_1_651' title='bbox 927 5062 989 5103; x_wconf 87' lang='lat' dir='ltr'><strong>ea</strong></span> <span class='ocrx_word' id='word_1_652' title='bbox 1021 5063 1127 5118; x_wconf 87' lang='lat' dir='ltr'><strong>qua</strong></span> <span class='ocrx_word' id='word_1_653' title='bbox 1160 5048 1448 5105; x_wconf 88' lang='lat' dir='ltr'><strong>debuimus</strong></span> <span class='ocrx_word' id='word_1_654' title='bbox 1486 5050 1822 5118; x_wconf 86' lang='lat' dir='ltr'><strong>sinceritate,</strong></span> <span class='ocrx_word' id='word_1_655' title='bbox 1855 5067 1932 5107; x_wconf 88' lang='lat' dir='ltr'><strong>re-</strong></span> 
     </span>
    </p>
   </div>
   <div class='ocr_carea' id='block_1_94' title="bbox 339 5128 622 5188">
    <p class='ocr_par' dir='ltr' id='par_1_94' title="bbox 339 5128 622 5188">
     <span class='ocr_line' id='line_1_94' title="bbox 339 5128 622 5188; baseline 0.018 -5"><span class='ocrx_word' id='word_1_656' title='bbox 339 5128 622 5188; x_wconf 80' lang='lat' dir='ltr'><strong>duximus.</strong></span> 
     </span>
    </p>
   </div>
   <div class='ocr_carea' id='block_1_95' title="bbox 413 5222 1931 5298">
    <p class='ocr_par' dir='ltr' id='par_1_95' title="bbox 413 5222 1931 5298">
     <span class='ocr_line' id='line_1_95' title="bbox 413 5222 1931 5298; baseline 0.008 -22"><span class='ocrx_word' id='word_1_657' title='bbox 413 5222 492 5278; x_wconf 88' lang='lat' dir='ltr'><strong>Ea</strong></span> <span class='ocrx_word' id='word_1_658' title='bbox 523 5225 688 5281; x_wconf 88' lang='lat' dir='ltr'><strong>etiam</strong></span> <span class='ocrx_word' id='word_1_659' title='bbox 719 5243 841 5298; x_wconf 71' lang='lat' dir='ltr'><strong>qute</strong></span> <span class='ocrx_word' id='word_1_660' title='bbox 871 5226 928 5283; x_wconf 87' lang='lat' dir='ltr'><strong>S.</strong></span> <span class='ocrx_word' id='word_1_661' title='bbox 961 5227 1204 5284; x_wconf 79' lang='lat' dir='ltr'><strong>Anselmi</strong></span> <span class='ocrx_word' id='word_1_662' title='bbox 1232 5237 1450 5286; x_wconf 88' lang='lat' dir='ltr'><strong>constat</strong></span> <span class='ocrx_word' id='word_1_663' title='bbox 1471 5245 1578 5284; x_wconf 90' lang='lat' dir='ltr'><strong>non</strong></span> <span class='ocrx_word' id='word_1_664' title='bbox 1600 5245 1744 5296; x_wconf 90' lang='lat' dir='ltr'><strong>esse,</strong></span> <span class='ocrx_word' id='word_1_665' title='bbox 1772 5231 1840 5287; x_wconf 88' lang='lat' dir='ltr'><strong>ab</strong></span> <span class='ocrx_word' id='word_1_666' title='bbox 1865 5232 1931 5288; x_wconf 86' lang='lat' dir='ltr'><strong>iis</strong></span> 
     </span>
    </p>
   </div>
   <div class='ocr_carea' id='block_1_96' title="bbox 339 5316 1928 5389">
    <p class='ocr_par' dir='ltr' id='par_1_96' title="bbox 339 5316 1928 5389">
     <span class='ocr_line' id='line_1_96' title="bbox 339 5316 1928 5389; baseline 0.003 -19"><span class='ocrx_word' id='word_1_667' title='bbox 339 5316 724 5388; x_wconf 66' lang='lat' dir='ltr'><strong>quaajureipsi</strong></span> <span class='ocrx_word' id='word_1_668' title='bbox 757 5319 1234 5384; x_wconf 79' lang='lat' dir='ltr'><strong>retribuuntur,ex</strong></span> <span class='ocrx_word' id='word_1_669' title='bbox 1260 5335 1416 5389; x_wconf 68' lang='lat' dir='ltr'><strong>aequo</strong></span> <span class='ocrx_word' id='word_1_670' title='bbox 1443 5331 1812 5386; x_wconf 85' lang='lat' dir='ltr'><strong>secernentes,</strong></span> <span class='ocrx_word' id='word_1_671' title='bbox 1841 5321 1928 5374; x_wconf 88' lang='lat' dir='ltr'><strong>illa</strong></span> 
     </span>
    </p>
   </div>
   <div class='ocr_carea' id='block_1_97' title="bbox 335 5406 1927 5480">
    <p class='ocr_par' dir='ltr' id='par_1_97' title="bbox 335 5406 1927 5480">
     <span class='ocr_line' id='line_1_97' title="bbox 335 5406 1927 5480; baseline 0.003 -20"><span class='ocrx_word' id='word_1_672' title='bbox 335 5406 432 5462; x_wconf 78' lang='lat' dir='ltr'><strong>vel</strong></span> <span class='ocrx_word' id='word_1_673' title='bbox 473 5407 528 5461; x_wconf 89' lang='lat' dir='ltr'><strong>in</strong></span> <span class='ocrx_word' id='word_1_674' title='bbox 577 5408 889 5478; x_wconf 78' lang='lat' dir='ltr'><strong>Appendice</strong></span> <span class='ocrx_word' id='word_1_675' title='bbox 941 5411 1318 5480; x_wconf 89' lang='lat' dir='ltr'><strong>seposuimus,</strong></span> <span class='ocrx_word' id='word_1_676' title='bbox 1359 5411 1444 5464; x_wconf 87' lang='lat' dir='ltr'><strong>vel</strong></span> <span class='ocrx_word' id='word_1_677' title='bbox 1491 5411 1634 5466; x_wconf 90' lang='lat' dir='ltr'><strong>inter</strong></span> <span class='ocrx_word' id='word_1_678' title='bbox 1677 5411 1927 5466; x_wconf 86' lang='lat' dir='ltr'><strong>Eadmeri</strong></span> 
     </span>
    </p>
   </div>
   <div class='ocr_carea' id='block_1_98' title="bbox 337 5495 1930 5571">
    <p class='ocr_par' dir='ltr' id='par_1_98' title="bbox 337 5495 1930 5571">
     <span class='ocr_line' id='line_1_98' title="bbox 337 5495 1930 5571; baseline 0.003 -17"><span class='ocrx_word' id='word_1_679' title='bbox 337 5495 548 5568; x_wconf 85' lang='lat' dir='ltr'><strong>Opera,</strong></span> <span class='ocrx_word' id='word_1_680' title='bbox 588 5500 678 5568; x_wconf 89' lang='lat' dir='ltr'><strong>qui</strong></span> <span class='ocrx_word' id='word_1_681' title='bbox 709 5500 890 5568; x_wconf 89' lang='lat' dir='ltr'><strong>aliqua</strong></span> <span class='ocrx_word' id='word_1_682' title='bbox 932 5501 1075 5556; x_wconf 87' lang='lat' dir='ltr'><strong>haud</strong></span> <span class='ocrx_word' id='word_1_683' title='bbox 1105 5499 1270 5556; x_wconf 90' lang='lat' dir='ltr'><strong>dubie</strong></span> <span class='ocrx_word' id='word_1_684' title='bbox 1317 5501 1537 5570; x_wconf 89' lang='lat' dir='ltr'><strong>scripsit</strong></span> <span class='ocrx_word' id='word_1_685' title='bbox 1577 5517 1644 5554; x_wconf 78' lang='lat' dir='ltr'><strong>ex</strong></span> <span class='ocrx_word' id='word_1_686' title='bbox 1690 5503 1778 5556; x_wconf 87' lang='lat' dir='ltr'><strong>his</strong></span> <span class='ocrx_word' id='word_1_687' title='bbox 1809 5517 1930 5571; x_wconf 79' lang='lat' dir='ltr'><strong>quae</strong></span> 
     </span>
    </p>
   </div>
   <div class='ocr_carea' id='block_1_99' title="bbox 341 5585 1930 5659">
    <p class='ocr_par' dir='ltr' id='par_1_99' title="bbox 341 5585 1930 5659">
     <span class='ocr_line' id='line_1_99' title="bbox 341 5585 1930 5659; baseline 0.004 -16"><span class='ocrx_word' id='word_1_688' title='bbox 341 5588 496 5643; x_wconf 85' lang='lat' dir='ltr'><strong>inter</strong></span> <span class='ocrx_word' id='word_1_689' title='bbox 535 5585 593 5642; x_wconf 90' lang='lat' dir='ltr'><strong>S.</strong></span> <span class='ocrx_word' id='word_1_690' title='bbox 629 5587 872 5645; x_wconf 80' lang='lat' dir='ltr'><strong>Anschui</strong></span> <span class='ocrx_word' id='word_1_691' title='bbox 921 5590 1096 5659; x_wconf 86' lang='lat' dir='ltr'><strong>Opera</strong></span> <span class='ocrx_word' id='word_1_692' title='bbox 1149 5589 1628 5656; x_wconf 83' lang='lat' dir='ltr'><strong>circumferuntur,</strong></span> <span class='ocrx_word' id='word_1_693' title='bbox 1678 5591 1930 5648; x_wconf 86' lang='lat' dir='ltr'><strong>videlicet</strong></span> 
     </span>
    </p>
   </div>
   <div class='ocr_carea' id='block_1_100' title="bbox 2041 4871 3588 4969">
    <p class='ocr_par' dir='ltr' id='par_1_100' title="bbox 2041 4871 3588 4969">
     <span class='ocr_line' id='line_1_100' title="bbox 2041 4871 3588 4969; baseline 0.023 -48"><span class='ocrx_word' id='word_1_694' title='bbox 2041 4871 2273 4926; x_wconf 76' lang='lat' dir='ltr'><strong>tonianze</strong></span> <span class='ocrx_word' id='word_1_695' title='bbox 2305 4873 2593 4932; x_wconf 88' lang='lat' dir='ltr'><strong>habentur.</strong></span> <span class='ocrx_word' id='word_1_696' title='bbox 2639 4881 2788 4950; x_wconf 79' lang='lat' dir='ltr'><strong>lpsas</strong></span> <span class='ocrx_word' id='word_1_697' title='bbox 2827 4885 2996 4950; x_wconf 89' lang='lat' dir='ltr'><strong>enim,</strong></span> <span class='ocrx_word' id='word_1_698' title='bbox 3028 4904 3260 4948; x_wconf 89' lang='lat' dir='ltr'><strong>numero</strong></span> <span class='ocrx_word' id='word_1_699' title='bbox 3288 4912 3452 4969; x_wconf 89' lang='lat' dir='ltr'><strong>supra</strong></span> <span class='ocrx_word' id='word_1_700' title='bbox 3487 4917 3588 4958; x_wconf 82' lang='lat' dir='ltr'><strong>cen</strong></span> 
     </span>
    </p>
   </div>
   <div class='ocr_carea' id='block_1_101' title="bbox 2043 4965 3619 5061">
    <p class='ocr_par' dir='ltr' id='par_1_101' title="bbox 2043 4965 3619 5061">
     <span class='ocr_line' id='line_1_101' title="bbox 2043 4965 3619 5061; baseline 0.023 -48"><span class='ocrx_word' id='word_1_701' title='bbox 2043 4967 2156 5016; x_wconf 90' lang='lat' dir='ltr'><strong>tum</strong></span> <span class='ocrx_word' id='word_1_702' title='bbox 2193 4977 2315 5031; x_wconf 63' lang='lat' dir='ltr'><strong>quae</strong></span> <span class='ocrx_word' id='word_1_703' title='bbox 2337 4965 2600 5024; x_wconf 88' lang='lat' dir='ltr'><strong>hactenus</strong></span> <span class='ocrx_word' id='word_1_704' title='bbox 2629 4971 2846 5030; x_wconf 86' lang='lat' dir='ltr'><strong>ineditae</strong></span> <span class='ocrx_word' id='word_1_705' title='bbox 2871 4984 3199 5044; x_wconf 89' lang='lat' dir='ltr'><strong>sunt,solita</strong></span> <span class='ocrx_word' id='word_1_706' title='bbox 3223 5003 3320 5042; x_wconf 87' lang='lat' dir='ltr'><strong>sua</strong></span> <span class='ocrx_word' id='word_1_707' title='bbox 3351 4965 3480 5061; x_wconf 81' lang='lat' dir='ltr'><strong>erga</strong></span> <span class='ocrx_word' id='word_1_708' title='bbox 3503 4997 3619 5049; x_wconf 86' lang='lat' dir='ltr'><strong>veri</strong></span> 
     </span>
    </p>
   </div>
   <div class='ocr_carea' id='block_1_102' title="bbox 2036 5053 3613 5138">
    <p class='ocr_par' dir='ltr' id='par_1_102' title="bbox 2036 5053 3613 5138">
     <span class='ocr_line' id='line_1_102' title="bbox 2036 5053 3613 5138; baseline 0.022 -34"><span class='ocrx_word' id='word_1_709' title='bbox 2036 5053 2313 5112; x_wconf 86' lang='lat' dir='ltr'><strong>studiosos</strong></span> <span class='ocrx_word' id='word_1_710' title='bbox 2347 5057 2687 5118; x_wconf 87' lang='lat' dir='ltr'><strong>humanitate</strong></span> <span class='ocrx_word' id='word_1_711' title='bbox 2716 5067 2872 5123; x_wconf 91' lang='lat' dir='ltr'><strong>nobis</strong></span> <span class='ocrx_word' id='word_1_712' title='bbox 2899 5076 3330 5134; x_wconf 64' lang='lat' dir='ltr'><strong>communicavit</strong></span> <span class='ocrx_word' id='word_1_713' title='bbox 3359 5053 3522 5137; x_wconf 44' lang='lat' dir='ltr'><strong>V.vcl.</strong></span> <span class='ocrx_word' id='word_1_714' title='bbox 3551 5086 3613 5138; x_wconf 85' lang='lat' dir='ltr'><strong>D.</strong></span> 
     </span>
    </p>
   </div>
   <div class='ocr_carea' id='block_1_103' title="bbox 2039 5145 3614 5235">
    <p class='ocr_par' dir='ltr' id='par_1_103' title="bbox 2039 5145 3614 5235">
     <span class='ocr_line' id='line_1_103' title="bbox 2039 5145 3614 5235; baseline 0.022 -37"><span class='ocrx_word' id='word_1_715' title='bbox 2039 5145 2258 5235; x_wconf 55' lang='lat' dir='ltr'><strong>Fotton,</strong></span> <span class='ocrx_word' id='word_1_716' title='bbox 2303 5149 2542 5208; x_wconf 89' lang='lat' dir='ltr'><strong>instante</strong></span> <span class='ocrx_word' id='word_1_717' title='bbox 2571 5155 2710 5224; x_wconf 86' lang='lat' dir='ltr'><strong>apud</strong></span> <span class='ocrx_word' id='word_1_718' title='bbox 2757 5172 2884 5212; x_wconf 91' lang='lat' dir='ltr'><strong>eum</strong></span> <span class='ocrx_word' id='word_1_719' title='bbox 2933 5162 3190 5235; x_wconf 77' lang='lat' dir='ltr'><strong>singulari</strong></span> <span class='ocrx_word' id='word_1_720' title='bbox 3233 5168 3614 5232; x_wconf 81' lang='lat' dir='ltr'><strong>benevolentia</strong></span> 
     </span>
    </p>
   </div>
   <div class='ocr_carea' id='block_1_104' title="bbox 2037 5234 3616 5327">
    <p class='ocr_par' dir='ltr' id='par_1_104' title="bbox 2037 5234 3616 5327">
     <span class='ocr_line' id='line_1_104' title="bbox 2037 5234 3616 5327; baseline 0.02 -40"><span class='ocrx_word' id='word_1_721' title='bbox 2037 5234 2100 5327; x_wconf 60' lang='grc' dir='ltr'>γ.</span> <span class='ocrx_word' id='word_1_722' title='bbox 2130 5236 2199 5290; x_wconf 81' lang='lat' dir='ltr'><strong>cl.</strong></span> <span class='ocrx_word' id='word_1_723' title='bbox 2229 5238 2290 5291; x_wconf 89' lang='grc' dir='ltr'><strong>Ι).</strong></span> <span class='ocrx_word' id='word_1_724' title='bbox 2327 5238 2468 5311; x_wconf 79' lang='lat' dir='ltr'><strong>Joly,</strong></span> <span class='ocrx_word' id='word_1_725' title='bbox 2503 5243 2610 5314; x_wconf 82' lang='lat' dir='ltr'><strong>regi</strong></span> <span class='ocrx_word' id='word_1_726' title='bbox 2659 5261 2687 5300; x_wconf 89' lang='lat' dir='ltr'><strong>a</strong></span> <span class='ocrx_word' id='word_1_727' title='bbox 2733 5249 2996 5319; x_wconf 86' lang='lat' dir='ltr'><strong>consiliis,</strong></span> <span class='ocrx_word' id='word_1_728' title='bbox 3031 5234 3097 5308; x_wconf 84' lang='lat' dir='ltr'><strong>in</strong></span> <span class='ocrx_word' id='word_1_729' title='bbox 3131 5256 3320 5327; x_wconf 78' lang='lat' dir='ltr'><strong>Anglia</strong></span> <span class='ocrx_word' id='word_1_730' title='bbox 3359 5269 3474 5316; x_wconf 88' lang='lat' dir='ltr'><strong>tum</strong></span> <span class='ocrx_word' id='word_1_731' title='bbox 3527 5280 3616 5317; x_wconf 85' lang='lat' dir='ltr'><strong>re-</strong></span> 
     </span>
    </p>
   </div>
   <div class='ocr_carea' id='block_1_105' title="bbox 2035 5325 3612 5408">
    <p class='ocr_par' dir='ltr' id='par_1_105' title="bbox 2035 5325 3612 5408">
     <span class='ocr_line' id='line_1_105' title="bbox 2035 5325 3612 5408; baseline 0.018 -30"><span class='ocrx_word' id='word_1_732' title='bbox 2035 5325 2268 5382; x_wconf 88' lang='lat' dir='ltr'><strong>sidente.</strong></span> <span class='ocrx_word' id='word_1_733' title='bbox 2297 5328 2596 5388; x_wconf 71' lang='lat' dir='ltr'><strong>Nonnullas</strong></span> <span class='ocrx_word' id='word_1_734' title='bbox 2625 5335 2850 5408; x_wconf 88' lang='lat' dir='ltr'><strong>insuper</strong></span> <span class='ocrx_word' id='word_1_735' title='bbox 2878 5356 2944 5397; x_wconf 84' lang='lat' dir='ltr'><strong>ex</strong></span> <span class='ocrx_word' id='word_1_736' title='bbox 2967 5358 3098 5398; x_wconf 89' lang='lat' dir='ltr'><strong>mss.</strong></span> <span class='ocrx_word' id='word_1_737' title='bbox 3125 5325 3464 5408; x_wconf 66' lang='lat' dir='ltr'><strong>bibliothecae</strong></span> <span class='ocrx_word' id='word_1_738' title='bbox 3497 5367 3612 5407; x_wconf 89' lang='lat' dir='ltr'><strong>tum</strong></span> 
     </span>
    </p>
   </div>
   <div class='ocr_carea' id='block_1_106' title="bbox 2034 5415 3612 5501">
    <p class='ocr_par' dir='ltr' id='par_1_106' title="bbox 2034 5415 3612 5501">
     <span class='ocr_line' id='line_1_106' title="bbox 2034 5415 3612 5501; baseline 0.02 -32"><span class='ocrx_word' id='word_1_739' title='bbox 2034 5415 2236 5488; x_wconf 77' lang='lat' dir='ltr'><strong>Regiae,</strong></span> <span class='ocrx_word' id='word_1_740' title='bbox 2285 5432 2396 5479; x_wconf 86' lang='lat' dir='ltr'><strong>tum</strong></span> <span class='ocrx_word' id='word_1_741' title='bbox 2438 5425 2798 5492; x_wconf 76' lang='lat' dir='ltr'><strong>Gisleniante,</strong></span> <span class='ocrx_word' id='word_1_742' title='bbox 2845 5440 2958 5486; x_wconf 89' lang='lat' dir='ltr'><strong>tum</strong></span> <span class='ocrx_word' id='word_1_743' title='bbox 3002 5433 3344 5498; x_wconf 64' lang='lat' dir='ltr'><strong>Martinianm</strong></span> <span class='ocrx_word' id='word_1_744' title='bbox 3399 5442 3612 5501; x_wconf 79' lang='lat' dir='ltr'><strong>Torna-</strong></span> 
     </span>
    </p>
   </div>
   <div class='ocr_carea' id='block_1_107' title="bbox 2033 5510 3610 5604">
    <p class='ocr_par' dir='ltr' id='par_1_107' title="bbox 2033 5510 3610 5604">
     <span class='ocr_line' id='line_1_107' title="bbox 2033 5510 3610 5604; baseline 0.018 -42"><span class='ocrx_word' id='word_1_745' title='bbox 2033 5510 2234 5576; x_wconf 89' lang='lat' dir='ltr'><strong>censis,</strong></span> <span class='ocrx_word' id='word_1_746' title='bbox 2261 5521 2372 5568; x_wconf 89' lang='lat' dir='ltr'><strong>tum</strong></span> <span class='ocrx_word' id='word_1_747' title='bbox 2409 5515 2742 5587; x_wconf 66' lang='lat' dir='ltr'><strong>Remigiana&#39;.</strong></span> <span class='ocrx_word' id='word_1_748' title='bbox 2771 5519 3074 5592; x_wconf 77' lang='lat' dir='ltr'><strong>Remensis,</strong></span> <span class='ocrx_word' id='word_1_749' title='bbox 3110 5525 3164 5580; x_wconf 89' lang='lat' dir='ltr'><strong>in</strong></span> <span class='ocrx_word' id='word_1_750' title='bbox 3191 5544 3299 5599; x_wconf 84' lang='lat' dir='ltr'><strong>qua</strong></span> <span class='ocrx_word' id='word_1_751' title='bbox 3329 5531 3610 5604; x_wconf 76' lang='lat' dir='ltr'><strong>fragmen-</strong></span> 
     </span>
    </p>
   </div>
   <div class='ocr_carea' id='block_1_108' title="bbox 2036 5605 3610 5690">
    <p class='ocr_par' dir='ltr' id='par_1_108' title="bbox 2036 5605 3610 5690">
     <span class='ocr_line' id='line_1_108' title="bbox 2036 5605 3610 5690; baseline 0.018 -39"><span class='ocrx_word' id='word_1_752' title='bbox 2036 5606 2148 5653; x_wconf 88' lang='lat' dir='ltr'><strong>tum</strong></span> <span class='ocrx_word' id='word_1_753' title='bbox 2179 5605 2346 5673; x_wconf 75' lang='lat' dir='ltr'><strong>magis</strong></span> <span class='ocrx_word' id='word_1_754' title='bbox 2375 5613 2458 5660; x_wconf 88' lang='lat' dir='ltr'><strong>est</strong></span> <span class='ocrx_word' id='word_1_755' title='bbox 2486 5622 2648 5676; x_wconf 87' lang='lat' dir='ltr'><strong>quam</strong></span> <span class='ocrx_word' id='word_1_756' title='bbox 2675 5609 2922 5690; x_wconf 80' lang='lat' dir='ltr'><strong>epistola,</strong></span> <span class='ocrx_word' id='word_1_757' title='bbox 2942 5613 3378 5688; x_wconf 84' lang='lat' dir='ltr'><strong>deprompsimus</strong></span> <span class='ocrx_word' id='word_1_758' title='bbox 3395 5641 3412 5690; x_wconf 66' lang='grc' dir='ltr'><strong>ί</strong></span> <span class='ocrx_word' id='word_1_759' title='bbox 3439 5633 3496 5678; x_wconf 92' lang='lat' dir='ltr'><strong>et</strong></span> <span class='ocrx_word' id='word_1_760' title='bbox 3515 5639 3610 5680; x_wconf 84' lang='lat' dir='ltr'><strong>eas</strong></span> 
     </span>
    </p>
   </div>
  </div>
