3882 6050
269 244 330 296 15
1285 236 1342 291 S.
1384 229 1750 291 ANSELMUS
1786 227 2138 284 CANTUAR.
2172 225 2487 281 ARCIIIEP.
3455 220 3526 274 Μ

257 354 450 426 partim
482 362 663 418 tertio,
703 352 898 422 partim
929 357 1124 421 quarto
1154 349 1292 403 libro
1319 347 1675 411 anneximus;
1709 359 1833 414 par-
1859 354 1905 410 Α
1935 341 2210 413 diligentia
2256 356 2322 396 ex
2366 354 2469 394 ms.
2524 337 2710 394 codice
2761 336 3168 407 transcriptum,
3213 344 3272 391 et
3310 335 3378 390 ad
3418 351 3525 390 nos

261 449 354 501 tim
384 433 600 516 quoque
647 445 702 498 in
735 443 1144 513 Supplemento,
1177 448 1298 510 post
1331 439 1585 504 indicem,
1611 437 1834 505 evulga-

255 537 454 602 vimus,
505 549 572 590 eo
623 533 765 604 quod
816 533 971 589 nobis
1023 547 1130 585 non
1187 529 1524 584 occurrerint
1573 527 1677 584 nisi
1718 527 1832 596 jam

251 626 468 681 excusis
501 625 755 682 omnibus
802 623 920 679 aliis
953 621 1124 678 sancti
1168 620 1393 691 hujusce
1437 618 1678 674 doctoris
1704 631 1831 686 ope-

259 716 428 771 ribus.

325 806 694 875 Appendieem
740 801 1138 872 sultjunximus,
1167 801 1220 855 in
1249 815 1354 871 qua
1379 814 1442 854 ea
1468 813 1632 869 opera
1676 812 1833 866 sepo-

253 899 355 954 sita
385 906 513 953 sunt
539 912 680 967 quae,
707 895 807 950 etsi
835 893 1078 949 Ansehni
1109 907 1304 947 nomen
1329 889 1464 945 falso
1493 889 1830 960 przeferrent,

254 1005 360 1044 non
389 999 566 1045 tamen
595 1001 820 1058 prorsus
854 985 1187 1042 excludenda
1229 983 1561 1049 censuimus,
1599 996 1663 1036 co
1689 980 1832 1051 quod

253 1082 379 1137 alib'i
411 1082 555 1138 edita
587 1096 692 1134 non
732 1088 977 1145 exstent;
1022 1092 1140 1147 qua:
1176 1076 1320 1130 enim
1367 1075 1419 1129 in
1449 1074 1569 1128 aliis
1599 1072 1831 1128 volumi-

254 1173 410 1226 nibus
452 1185 653 1226 excusa
694 1180 842 1235 sunt,
870 1171 984 1229 haec
1019 1169 1156 1239 typis
1186 1184 1290 1222 non
1321 1166 1706 1235 expressimus.
1741 1163 1834 1219 Sic

254 1262 447 1316 librum
490 1261 565 1314 De
600 1261 843 1314 membris
900 1271 953 1314 et
996 1260 1200 1313 actibus
1252 1258 1359 1312 Deo
1406 1256 1690 1324 attribulis,
1739 1257 1830 1328 qui

254 1356 394 1408 inter
421 1352 479 1408 S.
511 1353 824 1423 Hieronymi
853 1360 908 1408 et
936 1350 993 1405 S.
1021 1350 1304 1423 Augustini
1331 1365 1496 1421 opera
1523 1351 1827 1420 reperitur;

251 1445 330 1500 sic
361 1444 556 1498 Iibrmn
587 1443 663 1497 De
694 1459 906 1512 corpore
933 1452 980 1497 et
1009 1443 1260 1512 sanguine
1287 1441 1517 1509 Domini,
1560 1442 1650 1510 qui
1696 1440 1831 1498 inci-

253 1536 360 1602 pit:
387 1534 522 1604 Lego
543 1545 590 1588 et
614 1534 804 1604 relego,
828 1544 959 1600 ctc.,
982 1542 1037 1588 et
1061 1535 1199 1588 inter
1213 1531 1482 1587 Guillelmi
1509 1531 1566 1586 S.
1593 1531 1832 1588 Theodo-

257 1624 349 1677 rici
381 1622 594 1677 abbatis
621 1620 795 1691 Opera
832 1624 885 1676 in
914 1622 1246 1676 Bibliotheca
1278 1620 1622 1676 Cistercicnsi
1653 1622 1828 1677 editus

1937 434 2113 488 amice
2163 432 2574 496 transmissum,
2634 431 2834 500 publici
2884 428 3026 497 juris
3088 430 3336 493 fecimus,
3391 444 3521 482 eum

1941 523 2221 594 aptissime
2284 522 2447 577 alteri
2504 521 2730 576 alterius
2786 521 3002 577 abbatis
3059 529 3250 576 contra
3302 518 3523 575 Iudaeos

1934 613 2156 682 Dialogo
2181 614 2546 669 adnectentes.

2003 704 2502 761 Commentationes
2531 704 2582 758 in
2609 703 2944 770 Matthaaum,
2973 702 3027 756 in
3059 700 3281 757 Cantica
3311 701 3545 774 cantic.,

1934 795 1990 850 in
2031 794 2438 866 Apocalypsim,
2483 802 2538 849 et
2589 795 2640 848 in
2673 793 2943 864 Epistolas
2983 791 3160 858 Pauli,
3216 792 3304 848 hic
3349 807 3522 848 exeu-

1934 886 2140 941 dendas
2164 901 2268 941 non
2315 886 2595 949 duximus,
2645 900 2766 940 cum
2816 885 2975 940 nobis
3020 891 3233 938 constet
3271 896 3366 937 eas
3405 896 3520 935 non

1933 993 2052 1033 csse
2080 977 2344 1046 Anselmi,
2376 978 2470 1033 sed
2499 977 2732 1032 maxime
2766 976 2998 1042 Hert/ari,
3024 974 3276 1030 monachi
3315 973 3517 1043 Burgi-

1934 1071 2202 1136 dolensis;
2240 1079 2296 1126 et
2334 1071 2546 1125 animus
2576 1070 2644 1125 sit
2671 1083 2862 1125 omnes
2897 1066 3016 1139 ejus
3044 1069 3098 1122 in
3125 1080 3338 1121 sacram
3365 1063 3519 1120 Scri-

1933 1171 2144 1230 pturam
2181 1159 2623 1224 commentarios,
2666 1174 2804 1229 quos
2847 1159 2901 1212 in
2942 1172 3076 1214 mss.
3105 1156 3388 1212 codicibus
3415 1156 3514 1210 ha-

1934 1253 2142 1316 bemus,
2167 1252 2287 1308 aliis
2317 1252 2457 1324 typis
2486 1251 2668 1317 edere,
2711 1266 2834 1305 eum
2865 1259 3104 1330 tempora
3138 1247 3365 1303 dabunt.

2003 1343 2246 1400 Tandem
2292 1344 2382 1399 hic
2428 1335 2898 1412 mortuissejuvat,
2945 1342 3000 1398 I°
3040 1339 3326 1396 nonnullas
3371 1337 3513 1394 forte

1933 1435 2345 1490 exhortationes
2394 1442 2450 1489 et
2489 1434 2784 1498 orationes,
2837 1432 3011 1487 aliave
3061 1429 3318 1501 opuscula
3367 1429 3512 1484 inter

1934 1528 1992 1580 S.
2033 1527 2273 1581 Ausclmi
2317 1525 2484 1582 libros
2525 1526 2614 1581 hic
2640 1525 2792 1596 quasi
2833 1524 3131 1590 recenseri,
3177 1536 3297 1592 quae
3323 1529 3510 1574 tamen

1938 1618 2054 1688 ejus
2077 1634 2196 1675 esse
2225 1619 2445 1672 minimc
2469 1626 2712 1682 constat;
2739 1625 2795 1670 at
2821 1615 2948 1684 quid
2977 1615 3026 1669 ei
3049 1615 3172 1686 jure
3200 1613 3514 1683 adjudican-

252 1701 366 1775 est;
407 1711 486 1766 sic
529 1712 762 1782 denique
789 1712 955 1766 libros
1000 1710 1078 1764 De
1118 1711 1344 1779 imagine
1389 1711 1592 1776 mundi,
1641 1710 1733 1781 qui
1779 1711 1829 1765 iu
1865 1701 1907 1755 Β
1935 1710 2060 1764 dum
2091 1711 2180 1774 sit,
2208 1709 2446 1764 severior
2481 1723 2710 1763 censura
2739 1706 2876 1760 infra
2921 1705 3254 1774 subjicienda
3293 1704 3514 1758 demon-

263 1805 591 1860 Bibliotheca
640 1806 744 1860 PP.
790 1805 1028 1861 llonorio
1045 1803 1511 1872 Augustodunensi
1533 1803 1828 1873 tribuitur,

253 1895 476 1947 omnino
528 1895 880 1949 exclusimus.
936 1895 1237 1964 Disputatio
1295 1909 1424 1948 vero
1481 1893 1654 1949 Judzei
1707 1909 1829 1949 cum

251 1983 594 2050 Christiano,
649 1999 812 2054 quam
863 1983 1200 2039 Gislebertus
1251 1984 1419 2038 abbas
1486 1982 1831 2038 Westmona-

257 2074 408 2126 sterii
440 2075 677 2142 scripsit,
709 2075 796 2128 hic
825 2075 998 2127 locum
1022 2073 1253 2127 obtinuit
1273 2087 1336 2128 eo
1365 2074 1507 2142 quod
1539 2074 1604 2126 ad
1637 2071 1695 2128 S.
1723 2074 1833 2127 An-

253 2162 480 2216 selmum
509 2163 578 2217 ab
606 2173 827 2223 auctore
853 2165 1056 2219 directa
1090 2163 1276 2232 fuerit,
1302 2179 1401 2220 nec
1433 2165 1485 2218 in
1528 2164 1702 2219 lucem
1729 2164 1829 2217 ha-

252 2260 439 2305 etenus
468 2252 611 2305 edita
641 2252 731 2306 sit.

325 2339 424 2407 Ipsi
459 2353 524 2392 ex
555 2338 778 2407 subjecti
815 2339 1042 2408 paritate
1079 2338 1420 2406 adjunximus
1449 2337 1675 2392 alterum
1705 2339 1830 2392 Dia-

252 2427 429 2496 logum
457 2427 627 2482 Judaei
659 2442 713 2483 et
748 2427 1063 2491 Christiani,
1109 2443 1215 2481 non
1247 2427 1335 2480 ditt
1368 2435 1488 2496 post
1527 2443 1556 2481 a
1588 2427 1832 2496 liuperto

262 2520 518 2574 ’l‘uitieusi
548 2521 922 2590 compositum.
973 2519 1022 2572 Is
1056 2519 1124 2573 ab
1163 2520 1278 2588 ipso
1321 2528 1548 2574 vocatur
1594 2521 1830 2574 Ammius

253 2611 409 2676 ﬁdei;
435 2611 499 2663 de
527 2624 634 2678 quo
664 2608 907 2677 pluribus
938 2611 990 2662 in
1034 2609 1168 2664 locis
1198 2609 1308 2663 dixi
1347 2609 1397 2663 in
1442 2610 1701 2680 Apologia
1735 2625 1830 2679 pro

261 2701 520 2769 Itupcrtn.
550 2701 701 2756 Ilune
734 2717 856 2756 cum
901 2702 989 2755 diu
1023 2702 1491 2771 eonquisivissem,
1524 2712 1709 2771 utpote
1737 2703 1828 2771 qui

255 2792 451 2846 scirem
484 2793 586 2849 hoc
627 2809 762 2865 opus
809 2794 863 2849 in
907 2795 1065 2850 editis
1103 2795 1398 2852 Tuitiensis
1440 2795 1652 2851 abbatis
1685 2797 1826 2850 desi-

253 2886 453 2952 derari,
486 2887 661 2942 fauste
712 2888 927 2943 tandem
978 2898 1174 2944 nactus
1221 2904 1362 2953 sum,
1418 2897 1474 2944 et
1523 2887 1588 2942 Ii.
1645 2887 1705 2946 P.
1761 2887 1826 2941 D.

255 2976 466 3033 Martini
524 2981 590 3035 de
646 2979 846 3050 Buscb,
900 2981 1098 3050 prioris
1153 2980 1466 3036 monasterii
1523 2979 1826 3046 Laetiensis,

1933 1799 2158 1863 strabit;
2190 1798 2250 1852 2ο
2280 1797 2670 1869 castigationes
2712 1794 2954 1866 singulas
2990 1807 3286 1862 omnesque
3331 1793 3512 1845 varias

1932 1889 2192 1944 lectiones
2219 1888 2286 1942 ad
2314 1887 2474 1942 linem
2497 1887 2733 1956 Operum
2766 1885 3070 1941 accuratius
3099 1882 3504 1953 scrupulosius~

1932 1995 2038 2048 que
2068 1977 2320 2033 collectas
2348 1977 2530 2033 recudi
2558 1975 2694 2048 (Nos
2740 1976 2810 2030 ad
2854 1974 3048 2029 calcem
3085 1974 3418 2042 paginarum,
3451 1981 3511 2023 ul

1929 2071 2090 2124 moris
2137 2079 2211 2124 est
2240 2070 2434 2135 nostri,
2485 2069 2779 2138 posuimus.
2832 2067 2992 2121 Eutr.
3040 2065 3414 2134 Eunomo),
3448 2071 3508 2116 ut

1931 2179 2090 2233 quam
2146 2162 2298 2216 varie
2346 2177 2476 2217 mss.
2531 2161 2713 2232 legant
2766 2161 2833 2215 ab
2883 2159 3119 2214 editione
3161 2156 3507 2228 Lugdunensi

1931 2254 2058 2306 anni
2091 2252 2252 2317 I630,
2288 2267 2409 2305 cum
2456 2269 2560 2321 qua
2589 2253 2702 2320 ipsa
2732 2251 3080 2313 contulimus,
3123 2250 3329 2302 noverit
3353 2250 3504 2316 quis-

1929 2347 2051 2415 quis
2086 2344 2202 2399 istis
2229 2343 2460 2398 volucrit
2490 2343 2790 2398 intendere.

1999 2435 2289 2502 Czeterum,
2335 2451 2404 2490 ne
2453 2435 2582 2505 quid
2629 2434 2815 2504 opella:
2857 2443 3058 2490 nostra:
3105 2433 3233 2488 huic
3278 2431 3502 2487 editioni

1930 2528 2092 2591 desit,
2125 2526 2457 2596 singulorum
2491 2542 2611 2596 quae
2643 2527 2694 2580 iu
2733 2527 2834 2580 hoc
2863 2525 3134 2580 volumine
3161 2524 3507 2579 continentur

1929 2633 2152 2688 cperunt
2185 2633 2468 2672 censuram
2494 2615 2865 2685 subjiciemus,
2897 2631 2964 2670 ex
2994 2630 3098 2684 qua
3138 2613 3299 2668 facile
3327 2613 3510 2682 quivis

1929 2708 2111 2779 spuria
2141 2723 2170 2762 a
2217 2707 2474 2779 legitimis
2519 2708 2575 2762 S.
2624 2707 2864 2762 Anselmi
2906 2707 3160 2780 operibus
3189 2706 3500 2767 discernet;

1929 2809 1982 2857 et
2005 2816 2108 2871 qua
2138 2810 2300 2855 :etate
2328 2815 2502 2869 quove
2525 2809 2747 2855 auctore
2771 2800 3190 2869 unumquodque
3218 2796 3502 2867 prodierit,

1928 2900 2188 2959 quantum
2221 2891 2272 2942 in
2302 2890 2386 2944 his
2416 2888 2686 2958 conjicere
2720 2889 2898 2956 datur,
2931 2889 3079 2944 nullo
3108 2888 3294 2947 labore
3321 2888 3505 2956 digno-

1928 2989 2077 3036 scct:
2109 2990 2298 3034 nostro
2328 2979 2543 3035 interim
2570 2979 2794 3034 fruatur.

689 3296 1264 3436 OPERUM
1380 3224 1528 3434 s.
1609 3223 2226 3433 ANSELMI
2343 3283 3092 3433 CENSURA.

1661 3553 2099 3580 w—

743 3633 989 3689 CENSUIIA
1023 3632 1328 3703 Monologii.

331 3721 483 3777 llunc
532 3723 726 3779 librum
779 3724 979 3779 habent
1025 3739 1213 3779 omnes
1258 3721 1546 3787 editiones,
1585 3729 1640 3774 et
1679 3719 1828 3772 illum

256 3816 513 3870 Auselmo
543 3815 852 3883 adjudicaut
879 3817 1058 3869 omnia
1089 3829 1208 3868 eum
1239 3827 1436 3868 excusa
1484 3822 1595 3864 tum
1634 3825 1829 3863 manu-

255 3907 473 3976 scripta.
523 3905 670 3959 Illius
709 3905 824 3976 ipse
870 3906 1115 3960 meminit
1159 3904 1402 3974 pluribus
1433 3903 1484 3956 iu
1511 3901 1644 3957 locis
1688 3901 1829 3956 inlra

255 3994 506 4050 citandis.

326 4086 438 4142 lloe
477 4101 610 4155 cpus
649 4100 757 4154 quo
797 4085 986 4139 ordine
1023 4094 1079 4138 et
1113 4097 1218 4152 qua
1248 4089 1407 4135 aetate
1440 4080 1703 4150 scriptum
1734 4079 1827 4144 sit,

259 4192 364 4230 non
398 4176 470 4228 ita
497 4183 732 4228 constat.
762 4172 893 4227 Illud
919 4182 1040 4242 post
1067 4181 1297 4241 quatuor
1325 4169 1596 4241 Dialogus,
1626 4171 1692 4225 de
1712 4170 1832 4239 qui-

185 4327 188 4330 .
257 4271 354 4322 bus
385 4267 540 4333 infra,
574 4265 833 4334 scriptum
866 4265 1090 4318 innuere
1131 4263 1341 4316 videtur
1369 4262 1667 4316 Eadmerus
1693 4262 1751 4333 (ι.
1789 4279 1826 4315 ι.

261 4361 336 4414 De
396 4357 510 4412 Vita
557 4356 614 4412 S.
659 4355 912 4422 Anselmi,
955 4356 1058 4411 col.
1095 4354 1212 4424 63),
1251 4369 1317 4409 ex
1361 4354 1513 4423 cujus
1557 4354 1660 4408 fide
1688 4353 1828 4406 idem

258 4448 438 4503 ueteri
467 4455 710 4510 censent,
735 4447 981 4516 quintum
1012 4445 1184 4500 locum
1209 4444 1335 4499 huic
1357 4445 1505 4512 operi
1533 4446 1832 4499 conceden-

264 4549 362 4591 tes.
399 4535 593 4591 Verum
630 4537 850 4604 hujusce
884 4535 1008 4590 libri
1046 4535 1253 4590 mentio
1279 4535 1446 4588 multa
1483 4533 1543 4588 ﬁt
1575 4534 1628 4588 in
1659 4534 1832 4603 primo

262 4629 439 4698 rapite
463 4628 623 4697 primi
651 4629 907 4682 horumce
949 4627 1318 4698 Dialogorum,
1351 4627 1548 4698 dialogi
1583 4625 1832 4681 videlicet

265 4722 337 4775 De
370 4721 600 4774 veritate.
649 4717 802 4774 Unde
837 4719 1031 4775 conllci
1074 4720 1289 4774 videtur
1319 4719 1461 4773 hunc
1507 4718 1702 4773 librum
1731 4718 1832 4770 Im-

255 4806 492 4873 jnsmodi
521 4807 748 4879 dialogis
775 4824 879 4862 non
919 4823 1040 4863 esse
1067 4808 1445 4878 posteriorem.
1471 4805 1634 4860 Pater
1658 4805 1832 4859 Theo-

261 4899 454 4969 phylus
502 4897 830 4969 Raynaudus
883 4908 1035 4968 putat
1085 4899 1160 4969 (in
1212 4897 1372 4966 hujus
1425 4896 1545 4949 libri
1597 4896 1826 4964 syntaxi,

1858 3634 1902 3694 ο
1937 3629 2066 3681 stria
2114 3627 2489 3696 exponendum
2542 3627 2806 3692 resumit,
2855 3635 2911 3681 et
2959 3628 3095 3682 bene
3139 3625 3373 3694 positum
3424 3626 3504 3681 sie

1932 3718 2270 3795 demonstrat
2312 3727 2371 3771 ut
2414 3717 2710 3786 discipulus
2757 3718 2888 3772 nihil
2937 3718 3055 3786 ejus
3100 3719 3294 3773 rationi
3349 3734 3506 3788 posse

1932 3808 2095 3879 objici
2130 3809 2472 3878 respondeat.
2509 3809 2701 3864 Totam
2737 3809 2902 3881 igitur
2949 3809 3172 3877 hujusce
3201 3809 3392 3879 dialogi
3421 3826 3507 3864 se-

1931 3901 2066 3956 riem
2099 3901 2422 3965 attendcttti,
2453 3902 2554 3956 ista
2591 3918 2655 3956 ex
2690 3901 2990 3970 Monologio
3017 3917 3121 3955 non
3163 3901 3336 3956 fuisse
3379 3902 3505 3954 huic

1931 3989 2145 4060 dialogo
2198 3989 2405 4058 adjecta
2466 3992 2653 4060 liquet.
2715 3991 2865 4046 Adde
2921 3992 3064 4060 quod
3127 3992 3307 4046 omnia
3372 4007 3504 4046 mss.

1931 4082 2009 4136 sic
2058 4081 2262 4152 legunt.
2292 4081 2402 4161 Nec
2430 4082 2728 4138 Eadmerus
2774 4083 2874 4137 hoc
2918 4098 3053 4152 opus
3099 4091 3221 4153 post
3266 4082 3508 4154 dialogos

1932 4170 2134 4227 editum
2171 4171 2387 4236 asserit,
2429 4171 2522 4226 sed
2567 4181 2852 4242 postquam
2891 4163 3244 4226 ab'Ansclmo
3275 4171 3508 4241 scriptos

1932 4260 2104 4315 fuisse
2132 4261 2294 4316 hosce
2327 4261 2579 4330 Dialogos
2604 4262 2760 4327 dixit,
2785 4261 3059 4333 subjungit
3087 4280 3100 4315 :
3137 4259 3282 4315 Ferit
3303 4277 3508 4332 quoque

1933 4350 2163 4404 libellum
2185 4367 2344 4404 unum
2365 4367 2516 4419 quem
2535 4351 2589 4406 Μ
2596 4351 2874 4422 analogian
2893 4351 3192 4421 appellavit,
3205 4347 3324 4420 quin
3344 4352 3508 4404 verba

1933 4457 2039 4496 non
2082 4453 2315 4512 arguunt
2358 4445 2502 4499 hunc
2537 4443 2732 4498 librqu
2781 4458 2885 4498 non
2929 4444 3032 4497 nisi
3080 4452 3201 4512 post
3253 4443 3510 4512 Dialogos

1931 4535 2218 4604 prodiisse.
2251 4535 2405 4601 Quod
2440 4545 2618 4588 autem
2648 4535 2937 4605 Monologii
2977 4534 3192 4588 nomine
3229 4534 3368 4588 liber
3403 4534 3508 4588 iste

1934 4623 2240 4692 proferatur
2271 4625 2324 4677 in
2362 4625 2388 4676 1
2420 4633 2474 4678 et
2503 4623 2569 4677 I0
2632 4623 2727 4696 [aL
2773 4623 2862 4696 Il]
2889 4624 3068 4694 capite
3098 4625 3254 4679 istius
3287 4624 3518 4694 dialogi,

1933 4716 2093 4770 facile
2122 4716 2428 4770 censuerim
2460 4715 2561 4770 hoc
2592 4715 2896 4785 appositum
2914 4724 3198 4785 postquam
3219 4714 3510 4769 Anselmus

1934 4805 2093 4873 hujus
2121 4805 2301 4876 operis
2339 4805 2548 4860 titulum
2578 4806 2904 4872 immulavit,
2941 4816 2995 4859 et
3023 4805 3376 4877 Monologium
3407 4821 3504 4858 vo-

1937 4896 2088 4950 citari
2116 4895 2304 4950 voluit.
2332 4895 2554 4951 Constat
2580 4911 2708 4965 ergo
2734 4897 2836 4950 hoc
2858 4910 2995 4964 opus
3015 4897 3083 4949 ab
3108 4896 3364 4952 Anselmo
3385 4911 3511 4950 esse

258 5001 309 5053 p.
337 4983 464 5055 455)
489 4984 591 5038 ista
612 4997 676 5038 ex
702 4981 1002 5052 Monologio
1030 4993 1216 5050 postea
1247 4982 1450 5036 inserta
1483 4981 1597 5034 sive
1626 4988 1829 5033 attexta
1862 4984 1907 5037 D
1933 4984 2306 5052 compositum
2341 4992 2626 5053 antequam
2669 4983 2940 5052 dialogum
2982 4983 3059 5037 De
3105 4985 3317 5039 veritate
3365 4987 3506 5040 seri-

262 5072 430 5129 fuisse
458 5073 584 5128 huic
613 5073 846 5142 dialogo.
877 5071 977 5126 Cui
1020 5069 1349 5138 conjectura:
1389 5067 1575 5124 favere
1618 5067 1832 5121 videtur

264 5164 408 5234 quod
439 5180 632 5222 nomen
663 5163 972 5234 Monologii,
1009 5177 1115 5232 quo
1151 5177 1216 5217 eo
1251 5162 1305 5216 in
1343 5162 1520 5230 capite
1563 5159 1701 5214 liber
1729 5160 1833 5214 iste

262 5263 510 5322 vocatur,
536 5271 642 5310 non
681 5255 846 5310 fuerit
868 5256 919 5310 ei
943 5255 1223 5324 praeﬁxum
1252 5253 1358 5308 nisi
1387 5253 1480 5308 diu
1512 5260 1632 5322 post
1657 5251 1833 5307 editos

262 5333 568 5413 hujusmodi
599 5344 870 5416 Dialogos,
913 5354 971 5399 ut
1012 5343 1154 5399 infra
1198 5345 1427 5399 dicetur.
1470 5342 1836 5398 Nihilominus

262 5446 444 5492 tamen
472 5436 609 5492 fallit
635 5439 748 5492 haec
772 5437 1115 5509 conjectatio.
1150 5435 1282 5490 Nam
1303 5436 1408 5492 hoc
1427 5435 1568 5504 quod
1592 5436 1828 5504 discipu-

234 5527 348 5582 ἰω
377 5527 431 5582 ἰιι
465 5541 531 5584 eo
559 5528 737 5598 primo
762 5530 941 5598 capite
983 5528 1282 5583 adduxerat
1325 5541 1390 5581 ex
1420 5527 1741 5596 Monologio,
1777 5527 1830 5580 id

263 5616 320 5673 in
351 5618 563 5674 decimo
585 5616 823 5686 ejusdem
853 5616 1052 5687 dialogi
1087 5616 1264 5688 capite
1289 5617 1560 5686 magister
1577 5630 1643 5671 ex
1672 5615 1828 5670 indu-

1935 5075 2123 5143 pserit.

2015 5163 2206 5217 Verum
2247 5177 2353 5217 non
2394 5161 2706 5231 scriptionis
2753 5161 2946 5216 ordine
2991 5161 3287 5228 duntaxat,
3318 5162 3414 5216 sed
3454 5172 3510 5217 et

1936 5253 2238 5320 argumenti
2259 5251 2521 5321 dignitate
2542 5252 2777 5319 primum
2803 5261 2905 5307 est.
2932 5252 2988 5306 In
3014 5267 3080 5308 eo
3101 5253 3243 5306 enim
3265 5251 3510 5321 pluribus

1937 5351 1992 5397 et
2017 5342 2233 5412 quidem
2271 5342 2594 5396 necessariis
2624 5342 2924 5398 rationibus
2965 5343 3080 5397 sine
3101 5340 3508 5409 Scripturarum

1940 5431 2262 5486 auctoritate
2305 5428 2362 5484 S.
2401 5429 2690 5486 Anselmus
2727 5432 2779 5486 in
2807 5444 3034 5502 persona
3065 5427 3293 5499 alicujus
3321 5445 3504 5485 secum

1938 5519 2314 5576 ratiocinantis
2353 5521 2547 5591 probat
2584 5522 2842 5592 quidquid
2877 5520 2981 5574 fide
3009 5519 3073 5574 de
3098 5519 3191 5572 Dei
3217 5521 3507 5575 existentia

1937 5619 1992 5665 et
2017 5609 2252 5665 essentia
2285 5611 2576 5666 credimus.
2604 5609 2750 5682 .Iliuc
2781 5610 2909 5666 illud
2943 5609 3502 5679 opus-inseripserat:
