3882 6050
403 239 468 294 Π
1464 245 1787 302 CENSURA
1817 246 2102 306 OPERUM
2135 250 2193 306 S.
2239 250 2562 306 ANSELMI.
3590 258 3655 312 t8

401 355 716 423 Exemplum
753 357 1044 414 meditandi
1072 359 1138 414 de
1164 361 1366 414 ratione
1391 361 1536 429 ﬁdei,
1569 361 1717 416 nullo
1740 363 1981 417 auctoris
2010 365 2054 421 Α

399 449 620 501 nomine
645 450 956 517 praeposito,
1003 458 1065 504 ut
1103 450 1322 521 prtel‘ert
1368 467 1470 506 ms.
1515 452 1798 521 Sagiense,
1837 456 1980 522 quod

399 548 690 608 propterea
717 539 931 595 caeteris
953 541 1238 609 antiquius
1263 541 1532 607 ducimus;
1572 541 1768 598 deinde
1794 542 1979 598 Mono—
2081 540 2170 608 qui
2211 541 2352 596 hanc
2379 543 2618 600 Ansehui
2646 547 3197 614 argumentationem,
3225 549 3280 602 id
3312 552 3453 620 quod
3482 567 3653 623 majus

399 629 601 698 Iugium
640 630 993 700 nuncupavit.
1027 630 1250 702 llugone
1272 647 1400 688 vero
1428 632 1771 700 Lugdunensi
1797 634 1979 688 archi-
2081 631 2303 698 cogitari
2330 633 2526 702 nequit,
2549 643 2625 688 est
2654 635 2839 689 saltent
2870 636 2923 689 in
2948 636 3232 704 intellectu,
3263 656 3386 711 ergo
3405 650 3452 696 et
3481 659 3653 699 neces-

392 724 654 792 episcopo
685 722 912 793 jubente
949 730 1008 776 ut
1047 737 1244 778 nomen
1289 739 1447 779 suum
1474 724 1549 779 illi
1577 724 1974 793 praescriberet,
2077 721 2220 773 sario
2269 721 2436 790 reipsa
2480 724 2685 790 existet,
2736 742 2843 780 non
2893 735 3067 780 ratam
3109 742 3232 784 esse
3278 741 3500 800 putans,
3531 747 3651 788 eam

396 814 512 882 ipse
537 812 654 881 jam
696 814 862 868 abbas
895 814 1204 878 Becconsis,
1239 815 1369 870 illud
1399 815 1784 885 Monoiogium,
1810 815 1863 870 id
1892 825 1979 872 est
2078 810 2324 866 refellere
2369 812 2628 882 gestiens,
2667 816 2932 887 scriptum
2983 818 3115 874 illud
3151 820 3344 887 edidit,
3378 833 3438 878 ut
3467 835 3655 879 narrat

395 904 774 972 Sotiloquium,
800 904 1125 960 nominarit.
1160 906 1286 961 llaec
1315 921 1379 960 ex
1416 906 1531 976 ipso
1557 906 1768 961 discere
1794 915 1877 963 est
1920 906 1973 961 in
2079 899 2378 956 Eadmerus
2414 902 2504 957 lib.
2540 919 2557 957 ι
2599 904 2671 958 De
2699 903 2820 959 Vita
2858 904 2916 961 S.
2951 906 3216 976 Anselmi,
3260 909 3366 967 col.
3403 912 3497 968 clt.
3541 914 3654 970 Hoc

393 991 512 1062 ejus
554 992 784 1062 prologo
825 993 892 1046 ad
935 993 1250 1065 Proslogion
1283 1005 1338 1050 et
1379 994 1432 1048 in
1479 995 1750 1065 capitibus
1778 994 1811 1048 4
1844 1003 1899 1051 et
1941 994 1975 1050 9
2075 1004 2212 1059 Opus
2247 991 2430 1047 varias
2461 992 2623 1048 habet
2654 995 3072 1064 intitulationes,
3119 1014 3256 1068 quas
3303 1003 3485 1060 videre
3529 1004 3653 1063 licet

395 1081 519 1135 libri
551 1081 629 1135 De
664 1082 770 1150 ﬁde
806 1081 955 1135 Trin.
996 1095 1043 1136 ει
1083 1085 1148 1138 de
1183 1087 1387 1138 ξιιεανιι,
1441 1084 1612 1149 Verbi,
1655 1098 1710 1140 ei
1760 1087 1812 1142 in
1855 1086 1975 1155 ejus
2078 1081 2130 1135 in
2157 1085 2326 1138 variis
2362 1084 2588 1155 hujusce
2621 1085 2786 1141 libelli
2819 1087 3143 1147 lectionibus
3175 1093 3243 1146 ad
3278 1093 3484 1150 calcem
3510 1098 3653 1165 Ope-

2318 365 2560 420 CENSURA
2595 364 2967 434 Responsionis
2995 385 3089 438 pro
3119 369 3412 440 insipiente.

2152 451 2284 505 Cum
2342 452 2677 522 Proslogium
2729 455 2781 509 in
2823 471 3015 511 manus
3065 459 3346 528 cujusdam
3394 462 3654 526 venisset,

393 1171 630 1240 epistola
668 1172 737 1225 ad
788 1170 1090 1243 Hugonem,
1132 1189 1254 1245 quae
1301 1183 1386 1231 est
1438 1176 1500 1230 l7
1545 1173 1666 1230 libri
1720 1191 1780 1240 ιι,
1822 1184 1880 1232 et
1917 1175 1972 1230 in

393 1263 620 1330 epistola
666 1261 733 1316 ad
780 1262 1166 1329 Lanl'rancum,
1214 1281 1335 1336 qua:
1371 1276 1458 1322 est
1498 1266 1567 1323 65
1597 1266 1722 1322 libri
1770 1283 1809 1335 ι,
1837 1276 1891 1322 et
1917 1267 1971 1322 in

393 1352 554 1422 epist.
607 1352 675 1406 ad
725 1351 1066 1421 Mauricium,
1118 1371 1238 1426 qua:
1285 1366 1371 1412 est
1424 1358 1494 1413 65
1550 1357 1791 1427 ejusdem
1847 1359 1972 1414 libri

391 1444 574 1510 primi.

461 1531 616 1586 Hune
650 1541 833 1588 autem
871 1533 1069 1590 librum
1102 1535 1427 1594 instantibus
1452 1539 1565 1594 suis
1589 1537 1891 1605 monachis,
1915 1547 1971 1594 et

393 1638 423 1674 ιι
445 1623 629 1676 exime
650 1621 936 1689 Mauricio,
962 1625 1272 1693 Anselmus,
1304 1635 1416 1682 tum
1444 1627 1603 1684 Becci
1637 1629 1806 1697 prior,
1833 1628 1969 1683 scri-

390 1716 512 1785 psit,
543 1726 600 1772 et
619 1726 910 1786 antequam
931 1718 1231 1788 evulgaret,
1259 1720 1643 1790 corrigendum
1667 1718 1970 1776 Lanfranco

381 1803 492 1873 jam
525 1819 637 1863 tum
674 1810 1084 1880 archiepiscopo
1125 1810 1295 1876 misit,
1334 1819 1394 1865 ut
1430 1812 1550 1881 ipse
1589 1811 1704 1866 suis
1747 1811 1813 1866 ad
1845 1825 1968 1866 eum

388 1899 634 1968 epistolis
673 1909 923 1956 testatur.
956 1899 1092 1957 Vide
1133 1899 1228 1956 lib.
1259 1917 1333 1967 tv,
1367 1901 1529 1972 epist.
1569 1901 1688 1966 102,
1715 1908 1771 1956 et
1801 1900 1896 1956 lib.
1928 1916 1966 1967 ι,

387 1992 548 2060 ορίει.
575 1991 664 2046 65.

457 2081 595 2135 Cum
625 2090 804 2136 autem
839 2081 898 2137 S.
937 2081 1222 2138 Anselmus
1249 2095 1314 2137 eo
1352 2081 1404 2136 in
1438 2081 1576 2137 libro
1601 2081 1831 2137 dixisset
1864 2096 1970 2137 non

391 2157 608 2241 proprie
629 2173 736 2229 dici
768 2175 818 2229 in
849 2175 960 2232 Deo
985 2185 1094 2232 tres
1114 2189 1376 2246 personas
1397 2175 1670 2246 quomodo
1708 2184 1819 2231 tres
1844 2175 1972 2231 sub—

389 2265 643 2330 stantias,
677 2273 808 2328 etc.,
851 2265 978 2323 inde
1021 2281 1051 2321 a
1097 2266 1372 2322 nonnullis
1417 2267 1784 2337 reprehensus
1805 2275 1910 2331 est,
1939 2279 1970 2320 a

390 2369 620 2423 quorum
652 2369 881 2411 censura
911 2371 969 2411 se
995 2356 1296 2412 vindicavit
1324 2355 1385 2410 Β.
1413 2354 1703 2427 Augustini
1730 2353 1960 2410 auctori-

395 2453 519 2508 tate,
553 2454 614 2498 ut
641 2445 756 2515 ipse
783 2447 960 2502 adhuc
997 2446 1150 2516 prior
1175 2447 1373 2502 scribit
1397 2445 1666 2502 Rainaldo
1702 2445 1885 2501 abbati
1914 2445 1969 2500 in

392 2534 617 2603 epistola
647 2550 768 2604 quae
792 2544 878 2590 est
901 2534 970 2589 74
1005 2535 1043 2588 1.
1072 2550 1110 2602 ι,
1142 2543 1198 2590 et
1224 2534 1533 2591 Lanfrauco
1561 2533 1972 2604 archiepiscopo

395 2628 446 2682 in
476 2627 635 2698 epist.
664 2642 785 2697 quae
814 2636 896 2683 est
917 2626 988 2681 68
1013 2626 1107 2683 lib.
1140 2642 1179 2681 ι.

891 2717 1141 2774 Censunx
1183 2716 1466 2788 Proslogii.

473 2807 645 2877 llnjus
675 2807 797 2862 libri
821 2817 1283 2886 argumentumet
1311 2808 1734 2864 intitulationem
1759 2807 1969 2863 discere

393 2901 569 2968 quivis
603 2909 782 2970 potest
816 2901 885 2956 ab
931 2901 1201 2957 Eadmero
1236 2902 1289 2956 in
1324 2900 1414 2955 lib.
1463 2917 1476 2954 l
1516 2900 1590 2956 De
1617 2900 1724 2953 vita
1770 2900 1828 2956 8.
1854 2901 1968 2955 Au-

393 2989 547 3043 selmi
594 2990 719 3059 (col.
763 2991 878 3060 65),
937 3005 1004 3045 ex
1056 2991 1277 3061 prologo
1325 2990 1552 3061 hujusce
1605 2989 1748 3057 libri,
1800 2999 1856 3046 et
1901 3005 1968 3046 ex

392 3079 549 3148 epist.
592 3081 647 3134 11
669 3088 738 3138 ,ει
773 3081 840 3136 17
883 3081 1006 3136 libri
1048 3098 1110 3136 ιι.
1143 3081 1259 3138 lloe
1285 3096 1422 3152 opus
1451 3081 1592 3136 inter
1617 3080 1722 3135 alia
1752 3079 1812 3136 8.
1856 3083 1964 3135 An-

394 3169 545 3222 sclmi
583 3179 764 3224 exstat
809 3171 863 3224 in
906 3171 1159 3226 omnibus
1201 3171 1365 3226 editis
1403 3185 1470 3227 ac
1515 3186 1647 3226 mss.
1695 3169 1753 3224 ln
1803 3170 1966 3226 editis

393 3257 610 3326 quidem
642 3257 960 3314 inscribitur
995 3258 1366 3330 Prosologion,
1421 3260 1515 3316 sed
1551 3275 1649 3330 per
1679 3275 1962 3314 errorem:

397 3347 782 3404 inscribendas
802 3349 944 3404 enim
970 3358 1054 3404 est
1077 3350 1177 3405 iste
1225 3350 1384 3414 liber,
1410 3349 1746 3419 Prostogion,
1784 3357 1844 3402 ut
1871 3349 1966 3402 ha-

390 3441 516 3497 be:it
543 3459 673 3498 mss.
707 3443 812 3499 £65
855 3455 910 3500 et
939 3445 1082 3500 2267
1132 3447 1484 3503 Bibliotheca:
1526 3447 1708 3517 Regia:
1753 3454 1810 3502 et
1857 3444 1963 3499 alia

391 3534 724 3603 antiquiora,
752 3545 810 3590 ut
829 3535 1016 3591 videre
1037 3536 1167 3594 licet
1189 3538 1244 3591 in
1265 3537 1711 3608 castigationibus
1739 3549 1876 3606 quas
1897 3534 1965 3589 ad

391 3624 598 3679 calcem
625 3623 860 3694 Operam
884 3627 1182 3696 posuimus.

458 3714 615 3781 Quod
637 3715 925 3771 Anselmus
947 3717 1124 3773 adhuc
1147 3718 1298 3788 prior
1319 3717 1510 3784 Becci;
1528 3726 1582 3772 et
1605 3717 1820 3787 quidem
1843 3726 1965 3786 post

394 3805 773 3875 llonologium,
805 3807 979 3875 ipsum
1009 3809 1379 3879 composuerit
1419 3811 1504 3876 (ab
1561 3825 1690 3862 ann.
1722 3807 1860 3862 1065
1894 3807 1964 3860 ad

393 3913 480 3950 an.
512 3896 695 3966 l077),
732 3911 799 3952 ex
831 3899 1097 3955 Eadmero
1129 3899 1235 3956 loc.
1276 3901 1371 3955 cit.
1405 3897 1579 3969 palam
1609 3907 1712 3953 est.
1742 3897 1872 3964 Quae
1898 3911 1964 3953 eo

397 3983 446 4036 in
493 3985 757 4052 opusculo
810 3985 879 4040 de
935 3985 1116 4040 divina
1175 3995 1370 4040 natura
1437 3995 1493 4040 et
1541 3984 1661 4056 ejus
1715 3985 1962 4056 personis

394 4071 448 4124 8.
480 4073 765 4129 Ansehnus
785 4074 1103 4139 edisseruit,
1127 4075 1242 4144 ipse
1262 4075 1608 4131 commendat
1633 4076 1685 4129 in
1709 4093 1756 4130 c.
1781 4075 1814 4128 4
1840 4073 1960 4127 libri

395 4161 468 4216 De
509 4164 614 4230 ﬁde
663 4162 942 4218 Trinitatis
986 4164 1128 4219 etde
1176 4163 1549 4218 Incarnatione
1610 4162 1781 4216 Verbi.
1833 4161 1962 4228 Quae

394 4261 569 4307 autem
610 4254 664 4307 in
706 4267 771 4308 eo
800 4254 867 4309 de
897 4254 1058 4323 pleno
1098 4255 1450 4309 beatitudinis
1484 4253 1681 4324 gaudio
1718 4251 1962 4307 elocutus

2076 1191 2192 1230 rum
2241 1177 2451 1245 positis.
2503 1177 2558 1232 In
2601 1178 2760 1248 hujus
2802 1183 3168 1250 responsionis
3207 1184 3314 1242 line
3358 1187 3648 1257 plurimum

2072 1265 2486 1320 commendatur
2511 1265 2649 1321 liber
2674 1266 2961 1340 Proslogii.

2136 1352 2370 1422 Hujusce
2398 1369 2528 1410 vero
2569 1355 2959 1427 Responsionis
2993 1360 3115 1430 quis
3139 1371 3330 1419 auctor
3358 1374 3504 1432 esset
3539 1368 3647 1422 An-

2071 1444 2273 1502 sehnus
2301 1446 2438 1502 adeo
2469 1455 2648 1502 tacere
2668 1447 2860 1514 voluit,
2890 1459 2946 1505 ut
2974 1465 3096 1506 eum
3118 1467 3225 1507 non
3247 1469 3367 1511 esse
3390 1456 3650 1526 insipien-

2073 1545 2201 1601 tem,
2247 1537 2342 1591 sed
2385 1535 2719 1593 Catholicum
2768 1539 2970 1597 dixisse
3004 1543 3139 1598 satis
3167 1559 3288 1600 esse
3322 1547 3541 1603 duxerit
3594 1550 3649 1604 in

2070 1626 2292 1698 prologo
2343 1629 2424 1682 sui
2475 1628 2830 1701 Apologetici,
2880 1647 3002 1701 pag.
3052 1633 3140 1687 57.
3195 1634 3350 1692 Unde
3383 1638 3649 1696 hactenus

2004 1705 2043 1763 Β
2075 1716 2301 1784 hujusce
2345 1717 2744 1788 Respondentis
2784 1735 2982 1776 nomen
3023 1723 3266 1780 auditum
3295 1740 3403 1781 non
3447 1727 3650 1795 fuerat,

2071 1809 2214 1880 quod
2240 1825 2338 1866 nos
2363 1809 2756 1867 declaravimus
2781 1829 2850 1868 ex
2876 1828 3008 1870 mss.
3031 1815 3135 1872 ﬁde
3155 1831 3274 1886 quae
3293 1818 3648 1877 Gaunilonem

2069 1899 2637 1971 Majoris-Monasterii
2695 1905 3022 1962 monachum
3072 1908 3234 1978 hujus
3276 1913 3650 1980 responsionis

2077 2002 2352 2048 auctorem
2401 1995 2763 2065 proclamant.
2819 1995 2951 2054 Vide
2988 1999 3172 2056 varias
3210 2001 3435 2071 hujusce
3481 2012 3536 2060 et
3565 2020 3650 2060 se-

2073 2082 2294 2150 quentis
2334 2084 2578 2153 opusculi
2626 2085 2910 2142 lectiones.
2953 2089 3130 2145 Abeat
3149 2090 3261 2159 jam
3298 2108 3430 2163 ergo
3461 2095 3647 2163 procul

2075 2170 2351 2227 Francisci
2368 2173 2498 2228 Pici
2521 2175 2789 2230 sententia
2814 2177 2917 2232 hoc
2937 2192 3073 2247 opus
3099 2179 3387 2239 tribuentis
3409 2182 3648 2238 Roberto

2071 2261 2251 2329 Olkot,
2295 2278 2456 2333 quem
2507 2274 2723 2320 constat
2763 2267 3010 2323 ducentis
3052 2271 3210 2326 annis
3247 2287 3368 2328 esse
3391 2273 3653 2330 Anselmo

2066 2351 2362 2422 juniorem.
2398 2354 2447 2410 ls
2476 2355 2692 2425 quidem
2719 2365 2775 2412 et
2800 2373 2923 2413 eum
2945 2373 3011 2416 eo
3036 2360 3127 2416 alii
3157 2362 3298 2419 hanc
3321 2361 3380 2419 S.
3406 2364 3651 2421 Ansehni

2072 2446 2568 2512 ratiocinationem,
2615 2447 2782 2502 veluti
2831 2465 2952 2520 quae
2998 2451 3052 2506 in
3097 2452 3326 2522 logicam
3375 2467 3647 2526 peccaret,

2071 2536 2449 2604 exploserunt;
2499 2537 2593 2593 sed
2644 2538 2822 2594 ausim
2871 2541 3054 2597 dicere
3095 2545 3240 2612 quod
3278 2559 3379 2600 nec
3417 2560 3536 2600 eam
3569 2547 3646 2601 in-

2073 2628 2419 2684 tellexerunl.
2470 2627 2621 2686 Alius
2668 2628 2807 2687 forte
2852 2629 3074 2688 dabitur
3121 2633 3187 2690 de
3239 2650 3302 2690 ea
3344 2637 3649 2694 disserendi

2071 2719 2242 2774 locus.

2070 2827 2318 2886 Censen
2349 2846 2488 2886 Ltsm
2522 2831 3081 2907 contraAunnilonent
3109 2835 3504 2902 respondentem
3548 2854 3644 2907 pro

2705 2903 3000 2972 insipiente.

2143 2989 2375 3056 Quidam
2410 2991 2468 3045 8.
2502 2990 2745 3046 Anselmi
2776 2992 2986 3046 amicus
3010 2993 3080 3048 ad
3113 3008 3235 3050 eum
3266 2995 3416 3052 misit
3441 2995 3644 3055 Cauni-

2069 3077 2210 3134 lonis
2241 3079 2674 3150 responsionem,
2711 3095 2874 3150 quam
2911 3089 2970 3134 ut
2995 3090 3219 3137 sanctus
3249 3084 3442 3139 doctor
3471 3085 3644 3140 consiv

2067 3169 2302 3236 deravit,
2349 3169 2568 3235 gavisus
2597 3178 2700 3236 est,
2728 3178 2784 3223 et
2804 3183 2947 3236 eam,
2973 3170 3225 3240 adjuncta
3255 3172 3645 3236 confutationc.

2065 3259 2240 3315 eidem
2271 3259 2447 3314 amico
2479 3258 2709 3323 remisit,
2749 3267 2809 3312 ut
2841 3267 3071 3313 testatur
3102 3259 3402 3315 Eadmerus
3431 3259 3468 3316 l.
3501 3275 3517 3314 ι
3559 3260 3637 3315 De

2066 3351 2172 3406 vita
2203 3351 2264 3407 8.
2294 3351 2557 3418 Anselmi,
2593 3351 2698 3406 col.
2736 3350 2832 3406 cit.
2866 3349 2991 3406 Haec
3029 3351 3332 3408 confutatio
3358 3351 3556 3424 legitur
3587 3352 3639 3406 in

2066 3443 2319 3499 omnibus
2351 3443 2411 3499 8.
2440 3443 2682 3499 Ὰιιειξὶιιιί
2728 3452 2838 3497 tam
2871 3443 3087 3498 excusis
3114 3457 3277 3512 quam
3321 3457 3455 3498 mss.
3488 3443 3638 3497 codi-

2066 3532 2241 3588 cibus.
2284 3532 2341 3588 In
2378 3547 2513 3588 mss.
2557 3532 2663 3587 “2
2707 3532 3053 3588 bibliothecas
3101 3530 3308 3587 Domus
3352 3529 3411 3587 8.
3469 3530 3643 3596 Petri,

2069 3632 2232 3679 tract.
2260 3626 2318 3692 5,
2353 3633 2532 3680 exstat
2577 3624 2678 3680 sub
2721 3624 2824 3679 hoc
2856 3623 3012 3678 titulo
3046 3640 3058 3676 :
3093 3621 3290 3678 Contra
3317 3623 3642 3692 insipientes.

2065 3705 2124 3769 In
2169 3730 2300 3769 mss.
2345 3714 2595 3770 biblioth.
2633 3713 2771 3768 aula:
2809 3712 3156 3778 Pembroch.,
3197 3718 3352 3767 tract.
3405 3712 3459 3777 8,
3502 3712 3644 3767 hunc

2065 3801 2289 3874 praefert
2330 3803 2542 3857 titulum
2573 3818 2587 3856 :
2619 3800 2816 3857 Contra
2865 3803 3257 3873 respondentem
3292 3801 3642 3872 insipientem.

2064 3893 2121 3950 ln
2153 3910 2218 3951 ea
2249 3892 2563 3963 spectabilis
2588 3902 2673 3948 est
2707 3892 2948 3950 Anselmi
2990 3893 3278 3958 modestia,
3318 3893 3436 3962 qui,
3469 3902 3529 3947 ut
3556 3908 3643 3948 re-

2065 3984 2174 4040 l'crt
2204 3983 2504 4040 Eadmerus
2529 3981 2649 4036 loco
2675 3982 2795 4047 cit.,
2829 3981 3034 4051 gratias
3068 3981 3178 4051 agit
3218 3993 3317 4034 suo
3349 3981 3644 4050 reprehen-

2019 4077 2022 4080 ’
2065 4077 2219 4141 sori;
2270 4090 2431 4145 quem
2464 4089 2570 4129 non
2617 4073 2962 4143 insipientem
2999 4072 3091 4127 sed
3139 4070 3477 4128 Catholicum
3529 4072 3644 4142 ipse

2068 4166 2387 4238 pronuntiat
2435 4166 2490 4220 in
2539 4180 2652 4220 sua;
2697 4163 3068 4234 responsionis
3107 4162 3355 4233 prologo,
3389 4171 3444 4217 et
3481 4177 3644 4232 quem

2065 4273 2171 4313 non
2193 4255 2599 4318 malevolentia,
2615 4255 2708 4310 sed
2737 4253 3132 4318 benevolentia,
3155 4269 3278 4324 qua:
3305 4253 3404 4322 ipsi
3430 4252 3641 4306 inﬁrma

393 4352 494 4407 est,
518 4343 730 4414 Hugoni
757 4344 974 4401 incluso
1005 4344 1230 4416 legenda
1253 4345 1489 4401 consulit
1519 4346 1572 4400 in
1611 4359 1697 4415 ep.
1729 4344 1800 4398 22
1831 4343 1866 4397 Ι.
1898 4358 1957 4398 ιι.
1994 4365 2039 4420 ι)
2067 4347 2184 4402 visa
2219 4355 2368 4412 sunt,
2409 4344 2741 4400 eonfutanda
2775 4344 3084 4412 suscepisse
3109 4345 3356 4408 censuit;
3388 4352 3446 4397 ut
3483 4343 3559 4396 ait
3590 4342 3643 4396 in

393 4432 501 4486 Etsi
529 4433 743 4488 libellus
779 4433 882 4490 iste
915 4435 1308 4490 sententiarum
1352 4451 1416 4491 ac
1442 4435 1803 4492 subtilissimae
1827 4449 1959 4490 eon-

394 4523 756 4593 templationis
779 4525 1018 4594 pondere
1041 4541 1271 4596 magnus
1292 4533 1459 4591 esset,
1478 4534 1538 4580 ut
1563 4526 1639 4579 ait
1657 4524 1960 4580 Willehnus

389 4615 653 4670 Gemmet.
684 4614 779 4671 lib.
811 4631 864 4670 vt
903 4615 1044 4671 Hist.
1077 4615 1426 4684 Northman.,
1461 4632 1512 4672 c.
1537 4617 1602 4683 9,
1631 4617 1851 4686 quidam
1882 4625 1963 4670 ta-

388 4721 508 4760 men
553 4705 713 4776 hujus
743 4706 874 4762 libri
912 4709 1383 4765 ratiocinationem
1423 4708 1701 4764 conl‘utare
1744 4723 1956 4778 aggresc

387 4812 478 4852 sus
518 4807 629 4864 est,
679 4799 746 4853 de
789 4814 898 4870 quo
936 4799 992 4854 in
1032 4801 1305 4870 sequentis
1336 4800 1580 4870 opusculi
1615 4815 1846 4856 censura
1882 4799 1960 4854 di-

387 4901 592 4943 ceruus.

452 4975 863 5032 Observandum
887 4977 977 5034 hic
999 4988 1248 5050 superest
1270 4979 1411 5050 quod
1441 4994 1563 5034 eum
1586 4978 1645 5034 S.
1672 4978 1961 5034 Anselmus

387 5066 641 5123 indubius
663 5067 737 5124 sit
761 5067 983 5138 hujusce
1011 5071 1251 5142 opusculi
1276 5079 1483 5136 auctor,
1508 5085 1574 5125 ex
1597 5085 1702 5140 quo
1725 5069 1960 5125 maxima

383 5170 507 5223 pars
534 5157 829 5224 Manualis,
873 5160 1018 5229 quod
1065 5159 1123 5216 8.
1165 5159 1449 5232 Augustini
1483 5162 1737 5232 operibus
1771 5160 1962 5216 inseri-

387 5255 493 5314 tur,
520 5248 756 5304 conﬂata
781 5258 885 5314 est,
917 5250 1126 5320 liquido
1162 5260 1377 5306 c0nstat
1405 5251 1650 5306 Manuale
1681 5251 1958 5306 istud'non

386 5337 696 5407 Augustini,
727 5342 823 5396 sed
859 5356 1056 5411 magna
1079 5356 1145 5396 ex
1176 5351 1330 5412 parte
1358 5342 1598 5398 Anselmi
1623 5341 1789 5397 fetum
1817 5357 1956 5405 esse.

385 5435 444 5478 ut
466 5427 604 5481 infra
630 5429 1127 5488 demonstrabimus
1155 5431 1207 5486 in
1230 5447 1458 5489 censura
1481 5433 1844 5489 Metlitationis
1868 5431 1955 5496 2t,

381 5528 503 5588 quae
533 5517 721 5588 incipit
752 5537 766 5574 :
795 5519 896 5575 Eia
926 5538 1086 5589 nunc,
1111 5529 1242 5591 etc.,
1270 5531 1325 5580 et
1346 5537 1411 5581 ex
1441 5523 1545 5582 isto
1571 5523 1826 5596 opusculo
1851 5524 1961 5575 ιοιίι

379 5615 638 5678 excerpta
667 5618 770 5665 est.

2063 4437 2287 4507 hujusce
2331 4435 2667 4508 Apologetici
2719 4434 2983 4489 clausula.
3029 4432 3156 4488 Haec
3193 4432 3251 4487 8.
3301 4431 3643 4492 Anselmum,

2063 4528 2191 4584 dum
2228 4527 2384 4582 Beeei
2432 4527 2583 4596 prior
2623 4532 2768 4579 esset
2812 4523 2981 4594 (circa
3021 4536 3113 4576 an.
3149 4521 3310 4593 1070)
3354 4522 3646 4594 scripsisse

2064 4619 2324 4676 discimus
2345 4617 2412 4671 ab
2443 4616 2718 4672 Eadmero
2742 4615 2910 4670 citato
2942 4614 3080 4670 loco.

2063 4731 2309 4788 CENSURA
2343 4743 2486 4786 Ltsat
2518 4741 2614 4784 seu
2640 4741 2910 4783 sptsrous
2947 4726 3024 4781 De
3053 4726 3158 4795 ﬁde
3189 4725 3465 4782 Trinitatis
3494 4735 3542 4780 et
3573 4726 3638 4780 de

2553 4797 2934 4852 Incarnatione
2972 4795 3148 4852 Verbi.

2132 4889 2235 4946 Hic
2259 4889 2399 4945 liber
2429 4896 2606 4944 exstat
2627 4887 2682 4942 in
2709 4887 2962 4942 omnibus
2991 4885 3105 4942 sive
3130 4899 3260 4941 mss.
3288 4886 3403 4942 sive
3427 4885 3644 4941 excusis

2062 4980 2238 5037 sancti
2275 4979 2521 5036 Anselmi
2560 4977 2999 5049 exemplaribus;
3041 4985 3097 5033 et
3134 4977 3351 5048 quidem
3387 4977 3643 5033 inventus

2061 5079 2145 5127 est
2178 5071 2256 5126 sic
2293 5077 2625 5140 prtenotatus
2667 5082 2682 5123 :
2728 5067 2884 5124 Liber
2918 5069 3022 5124 sive
3042 5069 3261 5140 epistola
3290 5069 3354 5122 de
3383 5068 3510 5136 ﬁde,
3539 5083 3640 5124 seu

2064 5161 2220 5217 Liber
2239 5163 2302 5216 de
2322 5161 2694 5216 Inearnatione
2720 5159 2880 5216 Verbi
2913 5171 3096 5216 contra
3121 5160 3360 5226 Indicos,
3387 5168 3447 5216 ut
3477 5161 3640 5216 ﬁdem

2063 5253 2194 5308 facit
2219 5253 2442 5323 hujusce
2469 5252 2637 5308 libelli
2669 5251 2917 5322 praefatio
2948 5253 3000 5307 in
3037 5252 3367 5309 editionibus
3392 5253 3640 5310 Gothicis

2063 5358 2184 5413 quae
2211 5356 2310 5396 nec
2332 5356 2533 5396 annum
2561 5355 2661 5396 nec
2685 5341 2860 5396 locum
2883 5341 3105 5408 habent,
3137 5349 3193 5396 et
3223 5341 3276 5396 in
3307 5357 3536 5414 quarunt
3561 5342 3641 5398 al-

2065 5443 2176 5489 tera
2197 5433 2521 5487 omittuntur
2565 5432 2679 5488 haec
2704 5432 2885 5496 verba,
2933 5442 3114 5486 contra
3140 5431 3392 5498 Judteos;
3423 5447 3542 5502 quas
3580 5441 3636 5488 et

2063 5526 2114 5580 in
2137 5524 2591 5593 subsequentibus
2610 5532 2792 5594 postea
2814 5523 3141 5582 editionibus
3161 5525 3355 5580 merito
3367 5539 3428 5577 ex
3438 5533 3636 5596 puncta

2065 5623 2208 5674 sunt.
2241 5615 2573 5687 lrrepserant
2605 5614 2771 5680 enim,
2820 5621 2879 5668 ut
2905 5614 3155 5688 conjicio,
3197 5630 3264 5672 ex
3308 5615 3630 5681 Trithemio.
