3882 6054
174 158 242 216 19

1195 154 1256 218 8.
1284 156 1658 216 ANSELMUS
1689 157 2042 216 CANTUAR.
2082 159 2403 235 ARCHIEP.

3364 171 3438 228 20

168 276 259 346 qui
300 275 358 332 in
402 272 543 329 libro
590 272 668 329 De
710 270 852 329 'eccl.
880 272 1069 344 script.
1098 271 1312 328 censuit
1342 271 1402 326 S.
1430 269 1744 326 Anselmum
1775 275 1823 335 Α
1851 272 2067 327 diensis.
2101 273 2209 329 Iste
2245 273 2539 331 Rucelinns
2570 273 2670 330 fuit
2703 276 2977 333 Absilardi
3018 291 3345 354 praeceptor,
3376 299 3437 342 nt

169 366 368 422 librum
394 364 474 420 De
500 364 778 428 Trinitate,
801 374 858 419 et
885 364 1103 434 quidem
1147 367 1216 419 ab
1259 377 1324 418 eo
1353 376 1518 431 opere
1547 362 1744 417 distin-

166 468 341 522 ctum,
375 465 565 512 contra
594 454 810 512 Judazos
831 455 1150 526 scripsisse;
1186 453 1277 525 qui
1305 470 1461 511 error
1483 468 1550 509 ex
1578 454 1746 510 variis

167 548 334 620 hujus
364 547 608 619 opusculi
644 547 1092 617 inscriptionibus
1138 556 1295 601 ortus
1344 557 1449 602 est.
1503 545 1639 600 Nam
1688 545 1744 600 in

165 654 269 693 ms.
306 637 414 694 336
459 636 810 692 Bibliotheca:
834 635 1018 706 Regia:
1046 634 1138 691 hic
1181 635 1319 691 liber
1345 636 1424 690 sic
1455 634 1745 705 inscriptus

164 726 363 798 legitur
390 746 403 782 :
428 728 704 781 Auselmus
729 726 794 780 de
822 724 1098 779 Trinitate.
1124 723 1552 790 Nec-immerito,
1575 740 1746 794 quan-

162 816 456 887 doquidem
486 815 774 871 Trinitatis
803 814 937 870 ﬁdes
969 814 1023 872 in
1053 828 1120 870 eo
1150 814 1387 868 maxime
1415 814 1738 884 explicatur.

164 910 320 966 Unde
348 920 404 966 et
441 910 840 979 nosintegrum
888 908 1106 963 titulum
1138 908 1504 975 restituimus,
1535 907 1615 963 De
1636 908 1743 977 ﬁde

165 1001 462 1068 Trinitatis,
485 1011 624 1066 etc.;
653 1014 752 1056 nec
772 1001 917 1055 enim
940 1014 1064 1054 eum
1090 999 1341 1054 duximus
1360 998 1714 1054 omittendum

161 1096 251 1165 qui
280 1094 451 1165 magis
478 1095 659 1165 operis
677 1101 1068 1165 argumentum
1099 1094 1325 1149 indicat.

231 1186 465 1243 Sanctus
492 1186 782 1263 Auselmus
805 1186 857 1241 in
887 1202 939 1242 c.
962 1186 996 1241 4
1020 1185 1178 1257 hujus
1198 1188 1379 1259 operis
1399 1188 1741 1243 commendat

160 1275 499 1347 Monologion
526 1286 581 1332 et
606 1268 947 1348 Proslogion,
974 1279 1171 1349 quibus
1201 1279 1429 1349 proinde
1467 1281 1740 1349 posterius

157 1380 278 1432 est;
303 1379 359 1425 at
391 1372 444 1427 in
473 1387 593 1442 cap.
627 1373 693 1427 17
723 1372 844 1428 libri
876 1372 955 1427 De
973 1374 1303 1442 prorcssione
1330 1371 1556 1440 Spiritus
1571 1376 1739 1429 sancti

108 1513 116 1519 .
158 1461 407 1518 meminit
437 1462 593 1518 istius
613 1463 872 1535 epistolas,
897 1479 1017 1534 quae
1040 1473 1323 1535 propterea
1356 1463 1507 1519 illum
1537 1464 1738 1524 librum

155 1552 456 1623 praecessit.
1467 1552 1473 1559 ’

225 1641 524 1697 Eadmerus
546 1641 584 1696 1.
606 1658 644 1698 ιι
672 1642 748 1698 De
772 1643 881 1698 vita
908 1642 966 1699 s.
991 1643 1231 1699 Anselmi
1258 1642 1385 1714 (col.
1415 1644 1529 1715 st),
1552 1653 1607 1700 et
1624 1644 1659 1699 ι.
1693 1661 1731 1701 ιι
1772 1612 1811 1672 Β

156 1730 363 1787 llistor.
386 1747 603 1798 novom,
647 1730 840 1788 scribit
885 1733 989 1788 hoc
1019 1748 1155 1804 opus
1184 1734 1253 1790 ab
1279 1734 1537 1791 Anselmo
1578 1736 1735 1793 initio

156 1821 238 1876 sui
266 1823 764 1893 archiepiscopatus
794 1822 961 1879 fuisse
988 1825 1346 1894 compositum
1375 1827 1515 1898 style
1537 1828 1737 1898 cpisto-

154 1914 254 1968 ltri
286 1925 340 1970 ct
366 1915 589 1971 Urbano
610 1915 653 1970 11
680 1931 831 1985 papze
856 1914 1222 1984 destinatum;
1253 1926 1308 1973 et
1330 1932 1400 1974 ex
1426 1933 1492 1974 eo
1519 1917 1577 1975 S.
1602 1936 1739 1990 pon-

154 2002 354 2058 tiﬁcem
391 2004 444 2057 in
486 2003 711 2060 Barensi
752 2005 986 2061 concilio
1022 2020 1266 2063 errorem
1295 2008 1608 2064 Graecorum
1644 2010 1737 2065 fir-

154 2092 299 2147 mius
349 2091 682 2150 confutasse.
732 2084 1098 2151 Nihilominus
1143 2106 1325 2153 tamen
1374 2110 1583 2155 certum
1628 2112 1734 2169 est,

154 2183 216 2233 1·
247 2181 567 2237 Ansehnum
617 2183 798 2239 adhuc
834 2185 1087 2241 abbatem
1134 2187 1369 2258 primam
1416 2189 1544 2246 huic
1583 2194 1733 2261 operi

155 2287 375 2326 tnanum
404 2274 731 2341 admovisse,
764 2274 1017 2331 videlicet
1046 2291 1191 2331 anno
1233 2278 1374 2333 1092
1400 2296 1415 2332 :
1449 2280 1564 2350 ipse
1588 2283 1732 2336 enim

152 2360 205 2416 in
232 2361 458 2433 epistola
473 2366 539 2420 ad
552 2364 877 2432 Baldricum,
895 2381 1015 2436 quae
1042 2366 1204 2421 estsi
1224 2367 1348 2423 libri
1377 2385 1438 2439 ιι,
1466 2370 1736 2442 signiﬁcat

150 2470 210 2510 se
264 2455 655 2531 hunc'librum
709 2458 997 2514 inchoasse
1048 2469 1341 2530 antequam
1384 2462 1436 2516 in
1486 2462 1734 2533 Angliam

152 2546 554 2601 transfretaret.
586 2547 939 2602 Cantuariam
970 2557 1154 2604 autem
1189 2550 1341 2605 venit
1376 2552 1552 2621 pridie
1583 2552 1734 2608 Nati-

152 2638 335 2694 vitatis
361 2638 421 2694 B.
449 2638 535 2707 V.,
564 2648 620 2695 et
639 2655 783 2696 anno
801 2641 1073 2710 sequenti,
1101 2641 1194 2714 qui
1219 2641 1288 2698 ab
1309 2641 1734 2701 Eadmero1095

153 2736 405 2792 notatur,
451 2730 505 2784 in
546 2729 1016 2800 archiepiscopum
1057 2729 1264 2787 electus
1323 2740 1404 2788 est
1441 2747 1458 2787 :
1481 2732 1638 2802 juxta
1684 2734 1731 2790 i-

151 2819 691 2887 psiusmetEadmeri
738 2820 1051 2887 historiam,
1101 2821 1139 2876 l.
1185 2838 1223 2877 ιι
1275 2821 1351 2878 De
1407 2823 1525 2879 Vita
1556 2825 1731 2880 sancti

151 2908 393 2965 Anselmi
425 2909 550 2980 (loc.
578 2908 721 2982 cit.).
755 2908 958 2979 Pridie,
986 2911 1181 2980 inquit,
1220 2910 1528 2967 Nativilatis
1545 2912 1611 2967 Β.
1638 2913 1732 2969 Dei
1760 2945 1801 3004 Ο

153 3001 435 3057 Cenitricis
478 3011 525 3057 et
563 3013 826 3073 perpetua:
872 3004 1088 3074 virginis
1137 3002 1349 3071 Mariae,
1383 3003 1732 3061 Cantuariam

151 3092 357 3147 venit...
388 3091 618 3163 Rapitur
636 3104 683 3148 ct
705 3093 954 3148 violenter
979 3095 1033 3149 in
1055 3093 1279 3149 vicinam
1309 3094 1581 3151 ecclesiam
1614 3114 1732 3152 cum

153 3182 360 3254 hymnis
404 3191 666 3250 portatur.
729 3183 861 3238 Acta
923 3194 1046 3238 sunt
1096 3184 1210 3241 hare
1264 3201 1354 3241 an.
1418 3186 1488 3241 D.
1545 3186 1735 3243 Incur-

153 3282 264 3326 nat.
290 3271 446 3336 1095,
471 3272 641 3341 pridie
664 3271 809 3327 Non.
853 3273 1057 3329 Martii.

223 3363 279 3418 1d
308 3363 529 3433 insuper
553 3374 619 3417 ex
650 3378 717 3420 eo
743 3364 1007 3434 probatur
1034 3367 1200 3438 quod,
1239 3376 1299 3423 ut
1337 3368 1627 3425 Auselmus
1652 3369 1734 3424 in-

153 3454 297 3510 dicat
325 3456 378 3510 in
400 3472 449 3511 c.
480 3455 504 3510 1
533 3454 757 3526 hujusce
785 3458 989 3527 operis,
1019 3459 1320 3530 ineteptum
1351 3460 1423 3515 sit
1450 3470 1575 3516 ante
1605 3476 1733 3516 con-

152 3546 340 3603 cilium
387 3545 803 3616 Suessioncnsc,
840 3548 985 3619 quod
1026 3549 1307 3621 Raynaldo
1352 3550 1603 3606 llemcnsi
1644 3567 1734 3605 ar-

150 3636 500 3709 chiepisc0po
562 3638 793 3708 prtesile
851 3638 1183 3695 celebratum
1250 3648 1333 3696 est
1394 3653 1537 3695 anno
1598 3638 1734 3697 1092

154 3732 413 3793 abeunte,
440 3727 519 3783 vel
553 3728 773 3783 ineunte
802 3744 944 3785 anno
974 3729 1131 3785 1093.

223 3820 445 3875 Certum
472 3820 668 3887 est,2°,
696 3836 915 3876 manum
939 3821 1184 3878 ultimam
1215 3821 1342 3878 huic
1366 3823 1515 3892 operi
1538 3823 1596 3879 S.
1622 3825 1734 3880 An-

152 3912 381 3968 selmum
404 3912 618 3969 dedisse
642 3928 785 3969 anno
807 3913 966 3978 1094,
987 3913 1240 3970 videlicet
1266 3924 1387 3983 post
1411 3913 1469 3968 S.
1491 3914 1731 3971 Ansclmi

152 4006 624 4076 inaugurationcm
666 4020 809 4060 anno
851 4005 1012 4068 1093,
1063 4004 1236 4073 pridie
1280 4005 1419 4060 Non.
1453 4004 1730 4071 Deceml»,

149 4107 450 4165 peractam,
513 4110 636 4150 cum
702 4109 828 4163 rege
878 4095 931 4148 in
987 4093 1369 4149 Normanniam
1424 4103 1733 4151 transvecto

150 4184 442 4241 Auselmus
471 4185 667 4240 studiis
692 4184 1007 4250 cmlestihus
1032 4194 1271 4251 vacaret,
1303 4191 1363 4239 ut
1393 4185 1561 4240 tradit
1590 4185 1733 4242 Ead-
1762 4202 1767 4207 '

1847 363 2101 419 observat
2137 365 2391 422 Horstins
2413 368 2479 422 ad
2506 366 2564 425 S.
2597 366 2860 427 Bernardi
2884 371 3165 440 epistolas,
3196 384 3328 431 tom.
3364 379 3433 444 ν,

1845 473 1901 527 p.
1953 457 2047 524 37,
2092 458 2201 515 col.
2256 459 2307 513 1.
2339 458 2486 516 illius
2533 460 2769 532 denique
2816 477 3035 520 errores
3096 476 3361 524 notantur
3401 490 3433 526 a

1847 545 1906 603 S.
1936 547 2192 603 Anselmo
2220 547 2257 602 1.
2295 564 2357 615 ιι,
2402 564 2489 620 ep.
2531 550 2623 617 55,
2666 551 2729 606 41
2784 560 2840 607 et
2884 553 2986 619 ὄις
3028 556 3098 610 ab
3134 557 3470 618 Abailardo.

1845 652 1931 708 ep.
1963 639 2027 693 2|
2059 654 2074 705 ;
2108 637 2179 693 ab
2204 637 2367 694 lvone
2389 639 2553 695 Carn.
2582 655 2672 711 cp.
2703 642 2768 708 7;
2803 650 2861 697 et
2891 642 2958 698 ab
2984 644 3272 703 Annalium
3300 649 3434 705 scri-

1844 726 2090 798 ptoribus
2129 727 2195 782 ad
2227 742 2316 781 an.
2356 727 2497 784 1092
2525 738 2578 785 et
2614 729 2772 786 1094.
2807 731 2882 786 Ea
2912 743 3092 791 autem
3129 746 3287 792 astate
3313 738 3434 808 plu-

1843 816 1969 872 rimi
2001 818 2105 873 ista
2134 817 2448 875 ditlicultate
2492 821 2837 891 tenebantur,
2884 834 2944 881 ut
2983 825 3098 898 ipse
3140 827 3433 887 Auselmus

1845 908 2012 962 tradit
2050 905 2177 979 (col.
2209 907 2359 978 263).

1945 997 2191 1055 Causam
2225 1014 2367 1055 ιιιιιιι
2396 1000 2471 1055 De
2510 1004 2837 1071 proccssione
2867 1003 3093 1076 Spiritus
3129 1011 3319 1065 sancti.

1911 1087 2132 1159 Legitur
2158 1090 2246 1145 hic
2277 1090 2414 1146 liber
2447 1092 2498 1147 in
2523 1094 2776 1149 omnibus
2820 1105 2930 1149 tum
2962 1113 3091 1153 mss.
3119 1109 3229 1158 tum
3264 1117 3432 1158 escu-

1841 1177 1917 1233 sis
1964 1178 2201 1251 Operam
2259 1182 2437 1241 sancti
2500 1181 2739 1238 Anschni
2791 1184 3176 1242 voluminibus.
3228 1190 3430 1246 Canta-

1840 1272 2007 1342 hrigte
2046 1273 2098 1326 in
2141 1288 2243 1329 ms.
2274 1273 2381 1328 255
2419 1272 2863 1344 collegiiSaneti
2914 1276 3190 1334 Benedicti
3236 1281 3431 1336 tribui-

1842 1371 1929 1417 tur
1948 1362 2283 1432 Augustino;
2334 1380 2432 1434 per
2459 1378 2701 1419 errorem
2749 1366 2888 1419 haud
2920 1366 3082 1421 dubie
3112 1369 3308 1438 prioris
3336 1372 3426 1426 lit-

1843 1463 1973 1511 terte
2004 1456 2066 1519 Α,
2087 1469 2207 1525 qua:
2245 1455 2606 1525 Augustinum
2635 1472 2735 1526 pro
2778 1456 3034 1514 Anselmo
3080 1459 3423 1532 signiﬁcavit.

1915 1544 2230 1601 Anselmum
2287 1555 2466 1601 autem
2514 1547 2618 1601 hoc
2663 1562 2800 1619 opus
2850 1550 3089 1606 edidisse
3137 1552 3264 1608 licet
3320 1572 3427 1611 non

1838 1653 2100 1710 expresse
2148 1641 2327 1695 tradat
2365 1639 2669 1695 Eadmcrus
2718 1641 2774 1695 in
2827 1642 2983 1698 libris
3028 1643 3105 1699 De
3158 1644 3277 1715 ejus
3306 1645 3427 1702 Vita

1838 1730 1955 1802 (lib.
1995 1746 2066 1796 ιι,
2105 1730 2210 1786 col.
2248 1730 2402 1800 102),
2435 1738 2489 1785 et
2532 1730 2605 1785 ibi
2644 1732 2982 1788 solnnnnodo
3011 1733 3155 1788 dicat
3207 1736 3431 1792 Grtcco‘s

1836 1823 1905 1878 ab
1928 1821 2182 1877 Anselmo
2209 1821 2474 1883 catholica
2503 1822 2867 1892 disputatione
2897 1823 3062 1879 fuisse
3096 1824 3426 1891 confutatos,

1836 1913 2181 1969 manifestum
2214 1922 2390 1968 tamen
2417 1912 2474 1968 ﬁt
2503 1930 2568 1969 ex
2592 1914 2780 1969 eodem
2805 1915 2857 1968 in
2889 1914 2983 1970 lib.
3020 1931 3057 1970 ιι
3087 1915 3295 1970 Histor.
3325 1932 3425 1971 no.

1836 2018 1977 2071 vor.,
2008 2004 2099 2059 ubi
2143 2003 2221 2058 ait
2260 2003 2404 2074 quod
2433 2003 2547 2074 ipse
2577 2004 2864 2060 Auselmus
2893 2013 3014 2075 post
3033 2004 3273 2061 Barense
3296 2021 3428 2061 con-

1835 2093 2042 2160 cilium,
2072 2093 2217 2164 qnod
2241 2108 2386 2149 anno
2420 2093 2558 2150 1098
2595 2103 2842 2149 coactum
2872 2103 2977 2162 est,
3030 2096 3155 2150 inde
3199 2097 3425 2166 diligen-

1836 2181 1946 2237 tius
1969 2190 2133 2251 atque
2158 2181 2409 2237 subtilius
2441 2190 2702 2247 tractans,
2725 2184 3001 2254 egregium
3023 2197 3162 2253 opus
3176 2185 3424 2254 scripsit,

1836 2278 1893 2325 et
1914 2284 2013 2340 per
2038 2270 2205 2325 multa
2238 2270 2355 2327 loca
2385 2271 2456 2327 ab
2485 2273 2677 2327 amicis
2704 2273 2816 2329 suis
2846 2282 3069 2342 rogatus
3114 2274 3329 2330 direxit.
3363 2275 3421 2331 ld

1835 2363 1999 2425 etiam
2023 2373 2170 2434 patet
2194 2379 2260 2420 ex
2283 2365 2523 2421 Anselmi
2552 2365 2691 2420 libro
2726 2381 2820 2422 seu
2851 2366 3082 2437 epistola
3111 2367 3183 2422 De
3212 2385 3421 2439 azyma,

1837 2455 1890 2510 in
1931 2456 2086 2526 cujus
2113 2468 2238 2527 cap‘.
2283 2457 2308 2511 1
2363 2457 2519 2513 docet
2566 2472 2624 2513 se
2670 2458 2737 2513 ad
2767 2457 3159 2514 Walerannum
3211 2460 3425 2516 misisse

1835 2547 2153 2617 opusculum
2191 2547 2338 2617 quod
2373 2548 2440 2603 de
2463 2548 2819 2617 proccssione
2838 2548 3075 2619 Spiritus
3105 2551 3277 2605 sancti
3304 2552 3422 2606 edi-

1836 2638 2012 2694 derat.
2042 2639 2119 2694 De
2166 2640 2356 2695 eadem
2391 2639 2489 2694 ista
2520 2639 2895 2712 disputatione
2948 2642 3205 2705 scribitur
3232 2642 3283 2696 in
3334 2658 3419 2713 ep.

1835 2729 1906 2784 53
1933 2738 1988 2784 et
2020 2730 2121 2786 160
2151 2730 2273 2786 libri
2309 2747 2367 2785 ιιι
2398 2740 2455 2786 et
2485 2732 2537 2785 in
2560 2733 2724 2802 epist.
2755 2732 2955 2787 “libri
2979 2747 3050 2787 iv.
3085 2731 3183 2787 Hic
3208 2733 3345 2787 liber
3370 2735 3423 2787 in

1834 2821 2159 2878 editionlbus
2185 2821 2432 2879 Gothicis
2457 2829 2513 2877 et
2561 2823 2614 2877 in
2641 2822 3063 2878 Coloniensibus
3103 2822 3424 2879 inscribitur

1836 2910 2098 2982 Epistola,
2150 2922 2280 2979 ete.,
2328 2911 2472 2981 quod
2509 2927 2576 2967 ex
2626 2928 2691 2969 eo
2749 2913 2950 2968 factum
2997 2912 3229 2984 conjicio
3277 2915 3421 2982 quod

1836 3003 2133 3060 Hildeberti
2175 3005 2430 3060 instantia
2460 3005 2829 3075 conscriptum
2859 3003 3153 3059 Auselmus
3179 3004 3248 3058 ad
3295 3019 3421 3059 eum

1835 3092 2220 3160 transmiserit,
2242 3082 2301 3147 ut
2329 3109 2395 3148 ex
2418 3081 2601 3149 citatis
2624 3092 2868 3163 epistolis
2897 3092 3088 3161 liquet.

1904 3179 2019 3235 Hoc
2037 3196 2172 3251 epns
2200 3181 2404 3236 editum
2450 3195 2571 3237 esse
2600 3190 2727 3236 ante
2770 3180 3099 3250 completum
3126 3195 3217 3235 an.
3257 3179 3421 3243 1101,

1834 3286 1942 3341 quo
1971 3274 2207 3328 schisma
2253 3274 2585 3329 exstinctum
2623 3283 2738 3341 est,
2772 3273 3045 3343 colligitur
3084 3288 3150 3328 ex
3198 3273 3421 3343 prml‘ata

1831 3361 2059 3432 epistola
2086 3378 2189 3433 qua
2221 3361 2554 3420 Waleranno
2576 3364 2630 3418 in
2679 3363 2972 3419 schismate
3010 3364 3176 3419 stanti
3208 3364 3422 3419 misisse

1835 3468 1894 3509 se
1932 3454 2076 3510 istud
2127 3456 2447 3526 opusculum
2479 3456 2768 3512 Auselmus
2819 3455 3028 3510 scribit.
3073 3453 3420 3511 Praaaddueta

1834 3561 2048 3617 quoque
2075 3546 2326 3602 Eadmeri
2356 3548 2519 3602 verba
2534 3548 2598 3618 (1.
2621 3563 2660 3602 ιι
2688 3547 2829 3601 Hist.
2859 3546 2999 3618 nos.)
3029 3556 3234 3602 certam
3261 3546 3420 3601 ﬁdem

1835 3635 2041 3691 iaciunt
2069 3636 2198 3691 illud
2226 3651 2333 3692 non
2377 3652 2497 3693 esse
2525 3638 2886 3708 compositum
2924 3638 3025 3693 nisi
3072 3645 3192 3709 post
3231 3639 3419 3693 conci-

1833 3730 1964 3785 lium
1994 3729 2252 3794 Barense,
2282 3730 2426 3800 quod
2458 3744 2563 3785 non
2594 3744 2738 3785 anno
2776 3729 2940 3794 1097,
2971 3738 3032 3782 ut
3067 3729 3419 3783 conciliorum

1833 3821 2155 3878 eollectores
2202 3820 2338 3877 falso
2390 3831 2746 3892 computant,
2799 3825 2893 3877 sed
2952 3837 3097 3877 anno
3136 3820 3269 3877 1098
3325 3836 3421 3877 ee-

1835 3909 2099 3967 lebratum
2148 3918 2251 3967 est.
2303 3912 2590 3968 Auselmus
2650 3913 2796 3967 enim
2853 3927 2996 3968 anno
3047 3911 3227 3977 1097,
3285 3911 3419 3966 feria

1833 4018 1899 4069 v,
1934 4018 2056 4074 quae
2111 4002 2214 4059 fuit
2260 4002 2385 4058 ldus
2422 4002 2716 4070 Octobris,
2760 4019 2789 4059 a
2834 4004 2983 4059 curia
3035 4003 3316 4067 discessit,
3364 4010 3421 4057 et

1834 4099 2048 4161 postera
2086 4092 2173 4147 die
2200 4106 2267 4147 ex
2293 4091 2485 4163 Anglia
2526 4094 2752 4149 Romam
2795 4092 3142 4162 profecturus
3192 4094 3260 4147 ad
3295 4108 3421 4162 νοτ·

1835 4190 1950 4236 ιιιιιι
1979 4181 2161 4238 Dofris
2189 4182 2354 4237 venit.
2382 4181 2628 4251 Lugduni
2658 4193 2904 4238 moratus
2929 4191 3015 4239 est
3053 4197 3226 4252 usque
3249 4183 3315 4236 ad
3345 4180 3416 4236 fe-

151 4290 339 4329 merns
399 4274 434 4326 l.
488 4288 527 4328 ιι
568 4273 643 4327 lic
683 4272 802 4327 Vita
838 4273 1009 4329 sancti
1048 4273 1321 4341 Anselmi;
1366 4273 1481 4329 haec
1523 4283 1726 4343 autem,
1762 4278 1806 4337 Ι)
1835 4272 1969 4325 riam
2001 4272 2213 4327 tertiam
2244 4281 2371 4328 ante
2398 4274 2733 4328 Dominicam
2763 4270 3071 4328 Palmarum
3101 4274 3261 4344 (anni
3289 4289 3417 4344 pro-

153 4366 345 4421 eadem
379 4374 516 4421 teste
545 4365 668 4435 (loc.
699 4364 841 4435 cit.),
868 4379 1008 4420 anno
1037 4364 1175 4421 1091
1204 4364 1568 4436 contigerunt.

225 4456 382 4511 Hunc
425 4463 607 4510 autem
654 4456 851 4511 librum
896 4465 1118 4512 sanctus
1165 4454 1456 4511 Auselmus
1513 4455 1733 4526 scripsit

153 4557 343 4601 centra
367 4546 655 4615 quemdam
681 4546 958 4612 clericum,
989 4548 1081 4617 qui
1108 4551 1383 4604 asserebat
1407 4549 1459 4602 in
1487 4547 1595 4604 Deo
1623 4557 1733 4604 tres

150 4653 416 4708 personas
462 4652 585 4693 esse
628 4646 741 4693 tres
790 4653 897 4703 res,
941 4639 1082 4693 sicut
1129 4648 1239 4696 tres
1284 4642 1463 4709 angeli
1494 4650 1589 4694 aut
1621 4652 1732 4696 tres

151 4729 375 4792 animm;
401 4742 560 4796 quem
587 4742 707 4781 etnn
734 4727 1026 4795 resipuisse
1051 4726 1333 4792 audiissct,
1361 4741 1416 4783 et
1440 4729 1553 4799 ipse
1575 4744 1731 4783 suum

151 4836 290 4891 opus
320 4818 626 4885 dimiserat,
671 4820 817 4889 quod
864 4835 971 4873 non
1019 4820 1247 4890 perfecit
1287 4821 1390 4876 nisi
1442 4831 1730 4891 postquam

152 4927 276 4963 eum
310 4909 435 4966 licte
474 4924 630 4965 suum
677 4924 916 4967 errorem
956 4907 1233 4977 ahjurasse
1281 4910 1553 4966 didicerit.
1607 4910 1735 4968 Haec

152 5002 267 5068 ipse
298 4999 353 5055 in
375 5015 426 5056 c.
462 4998 484 5054 1
533 4999 692 5069 hujus
718 4997 839 5054 libri
871 4998 1229 5071 proloquitur.
1338 4986 1341 4991 λ

225 5092 396 5146 Porro
436 5092 667 5147 clericus
697 5092 808 5157 hic,
837 5100 1025 5147 contra
1056 5092 1209 5162 cujus
1235 5091 1605 5162 blasphemias
1636 5107 1731 5147 ca-

155 5184 358 5239 lamum
408 5185 466 5238 S.
515 5184 805 5240 Auselmus
834 5185 1093 5250 exacuit,
1124 5184 1443 5240 lloscclinns
1478 5185 1593 5241 sive
1622 5184 1733 5241 Ru-

154 5271 365 5327 zclinus
398 5283 621 5327 vocatur
648 5276 716 5329 'in
768 5290 869 5329 ms.
922 5274 956 5328 5
1005 5273 1345 5329 bibliotheca:
1386 5275 1645 5341 'l‘hnanae,
1673 5289 1734 5331 ut

154 5372 349 5419 notant
379 5364 541 5419 varia:
570 5366 858 5432 lectiones;
891 5374 947 5422 et
987 5367 1038 5421 in
1065 5380 1167 5420 ms.
1195 5369 1509 5423 monasterii
1539 5368 1734 5440 Longi-

155 5454 365 5522 Pontis,
400 5455 450 5511 in
493 5472 598 5526 quo
623 5468 803 5513 exstat
838 5460 928 5514 hic
964 5459 1106 5515 liber
1133 5474 1199 5516 eo
1222 5459 1378 5514 titulo
1406 5478 1419 5515 :
1450 5460 1526 5515 De
1555 5462 1732 5516 incar-

156 5546 369 5604 natione
412 5546 562 5605 Verbi
598 5560 778 5605 contra
816 5549 1163 5623 blasphemias
1195 5549 1436 5607 Rurelini
1473 5550 1729 5624 Conmen-

1836 4362 1962 4418 inde
1986 4362 2183 4433 1098),
2224 4379 2333 4435 quo
2360 4363 2447 4421 die
2480 4365 2742 4436 Lugdune
2782 4364 3047 4432 recessit,
3089 4373 3289 4436 etpost
3319 4363 3420 4418 ali-

1834 4462 1968 4524 quot
1991 4455 2106 4509 dics
2138 4455 2367 4510 Romam
2400 4457 2667 4527 pervenit,
2707 4466 2763 4511 et
2788 4456 2902 4526 prte
2936 4455 3102 4510 nimia
3148 4462 3336 4511 testate
3365 4455 3419 4508 in

1832 4545 2014 4600 villam
2065 4545 2375 4602 Schlaviam
2423 4548 2675 4615 divertit;
2710 4549 2854 4604 unde
2901 4547 3098 4602 Barum
3144 4562 3267 4603 cum
3320 4546 3422 4601 Ur-

1834 4641 1975 4694 bano
2003 4639 2044 4693 11
2084 4641 2260 4709 petiit,
2287 4650 2344 4695 et
2370 4641 2602 4698 concilio
2653 4641 2845 4698 adfuit.
2888 4640 3017 4697 Hmc
3062 4641 3180 4696 fuse
3232 4649 3423 4695 narrat

1833 4731 2134 4787 Eadmerus
2163 4732 2198 4785 l.
2230 4748 2269 4787 ιι
2309 4731 2451 4788 Hist.
2494 4750 2707 4801 novom,
2748 4749 2816 4789 ex
2859 4734 3056 4804 quibus
3090 4733 3150 4787 lit
3196 4731 3421 4786 evidens

1834 4824 2071 4879 Barense
2101 4823 2390 4878 concilium
2427 4840 2571 4879 anno
2600 4824 2736 4881 1098
2775 4834 3024 4881 coactum
3079 4838 3222 4889 esse,
3252 4830 3308 4877 et
3356 4821 3422 4876 li-

1833 4914 1991 4969 brum
2022 4914 2098 4968 Dc
2118 4917 2447 4985 proccssione
2470 4916 2703 4985 Spiritus
2732 4917 2900 4972 sancti
2925 4931 3031 4971 non
3058 4916 3263 4972 editum
3301 4928 3422 4970 esse

1832 5003 1935 5059 nisi
1962 5012 2083 5074 post
2107 5003 2265 5072 hujus
2287 5004 2413 5058 anni
2442 5004 2578 5060 1098
2602 5006 2912 5060 decursum.
2928 5004 3057 5059 Mihi
3078 5002 3421 5074 crgoproba-

1836 5106 1944 5162 tur,
1969 5097 2023 5151 1°
2051 5096 2119 5152 ad
2153 5097 2205 5152 id
2233 5097 2418 5167 operis
2445 5098 2741 5152 excitatum
2772 5098 3086 5154 Anselmum
3118 5098 3187 5152 ab
3237 5096 3421 5150 Hilde-

1832 5188 1990 5245 berto
2011 5187 2402 5246 Cenomanensi
2426 5187 2679 5258 episcopo
2697 5205 2839 5245 anno
2871 5188 3027 5254 1100,
3041 5197 3161 5260 post
3178 5201 3418 5242 mensem

1833 5285 2157 5352 Augustum,
2189 5295 2298 5350 quo
2331 5295 2423 5334 rex
2457 5280 2762 5339 Willelmus
2789 5298 3016 5354 regnum
3038 5297 3163 5337 cum
3186 5281 3297 5334 vita
3323 5279 3416 5333 de-

1833 5374 2033 5443 posuit,
2062 5373 2165 5426 hnc
2189 5380 2272 5427 est
2294 5370 2479 5427 statim
2524 5381 2687 5444 atque
2715 5383 2745 5426 a
2787 5386 3009 5428 carcere
3038 5384 3144 5438 quo
3174 5368 3419 5423 inclusus

1836 5462 2010 5515 fuerat
2036 5461 2382 5518 Hildebertus
2410 5461 2676 5518 liberatus
2703 5468 2809 5521 est.
2835 5469 2889 5515 et
2914 5474 3023 5530 quo
3048 5456 3339 5511 Auselmus
3362 5455 3416 5509 in

1833 5553 2080 5623 Angliam
2129 5568 2380 5612 reversus
2429 5562 2539 5617 cst;
2576 5553 2647 5609 ibi
2677 5551 2822 5608 enim
2853 5559 2981 5607 tunc
3020 5549 3187 5611 fuisse
3226 5545 3424 5603 Ausel~
