3882 6054
332 346 396 401 21
1409 340 1730 398 (ΞΕΝΞΠΠΑ
1765 341 2054 397 Ol’ERlL-M
2092 342 2147 396 S.
2193 341 2515 397 ANSELlil.
3539 347 3610 401 22

337 473 485 515 mum
516 470 624 512 non
675 454 908 511 obscure
940 452 1112 508 innuit
1145 451 1364 522 praelata
1397 453 1691 509 llildeberti
1723 455 1788 508 ad
1819 455 1926 508 Au-
1955 462 2000 518 Α
2034 463 2120 508 ιιιι·
2151 455 2200 508 in
2235 455 2574 524 praefatione,
2604 464 2657 508 et
2685 453 2982 508 Eadmerus
3026 453 3189 509 refert
3228 455 3261 508 l.
3307 472 3343 509 ιι
3372 455 3449 513 De
3495 459 3610 529 ejus

333 547 564 604 selmum
589 543 819 615 epistola
857 558 978 612 quae
1007 551 1091 598 est
1120 542 1215 596 160
1256 541 1290 596 l.
1327 554 1409 608 ιιι,
1435 542 1518 597 his
1541 543 1719 597 verbis
1751 560 1764 595 :
1794 541 1930 595 Feli-

332 656 441 693 cem
469 654 569 702 me,
595 637 640 690 si
674 635 979 699 meruissent
1005 635 1079 687 vel
1103 649 1332 702 pra'sens
1363 634 1573 686 instrui.
1614 631 1728 686 Iloc
1755 641 1929 686 autem

333 729 465 782 mihi
512 728 660 781 locus
708 726 924 789 invidet,
979 742 1070 778 nec
1128 724 1283 778 aliter
1323 724 1660 778 salutationis
1710 723 1928 778 indulsit

335 819 588 892 obsequia
613 859 628 881 ,
682 817 784 872 nisi
821 818 969 885 prius
1009 815 1150 870 orbis
1200 816 1477 868 dimidium
1530 815 1880 870 consultarem
1909 829 1927 866 :

333 920 534 980 Oportet
557 909 695 962 enim
723 907 885 961 maris
911 914 959 959 et
981 906 1120 959 aeris
1140 905 1414 974 explorare
1437 904 1928 972 clementiam,etc.;

336 1004 390 1058 in
437 1018 544 1074 qua
575 1003 743 1057 etiam
782 1015 840 1054 sc
873 997 1112 1053 nondum
1151 997 1204 1052 in
1237 996 1491 1066 Angliam
1541 995 1930 1054 transfretasse

338 1094 563 1149 indicat.
605 1091 757 1147 Unde
783 1099 838 1144 et
876 1088 1072 1158 colligo
1098 1104 1220 1142 eam
1253 1087 1512 1157 scriptam
1562 1097 1687 1143 ante
1731 1103 1930 1142 annum

339 1185 500 1250 1101,
519 1199 628 1254 quo
651 1183 894 1246 ineunte,
920 1179 1171 1235 videlicet
1194 1179 1355 1250 paulo
1384 1189 1512 1234 ante
1542 1195 1767 1236 vernum
1794 1189 1931 1234 tem-

339 1293 464 1346 pus,
516 1276 570 1330 in
623 1273 876 1344 Angliam
927 1271 1270 1327 Hildebertus
1328 1272 1598 1339 transivit,
1641 1282 1929 1342 antequam

341 1370 513 1434 Elias,
548 1368 680 1422 urbe
705 1376 883 1436 capta,
915 1365 1325 1421 Cenomanense
1339 1373 1578 1420 castrum
1608 1367 1928 1432 obsedisset,

341 1467 400 1513 ιιι
433 1459 499 1514 de
530 1458 844 1512 llildeberto
879 1456 993 1511 obs:
1014 1465 1134 1510 rvat
1157 1456 1218 1509 D.
1256 1457 1321 1511 de
1352 1455 1671 1512 Bondonnet
1700 1459 1752 1512 in
1796 1458 1932 1514 libro

340 1553 418 1606 De
455 1549 589 1605 Vitis
613 1549 835 1604 Cenem.
862 1547 1198 1617 pontiﬁcum.
1218 1549 1355 1602 -2ο
1385 1547 1515 1603 Mihi
1547 1550 1809 1618 probatur
1831 1551 1933 1606 hoc

341 1658 478 1712 epos
505 1643 573 1697 ab
611 1642 870 1703 Anselmo
893 1640 1251 1710 compositum
1280 1640 1348 1694 ab
1376 1655 1519 1695 anno
1553 1641 1681 1696 1101
1713 1643 1934 1697 ineunte

343 1736 409 1787 ad
465 1748 664 1786 annum
703 1731 863 1797 1105,
894 1725 1004 1807 quo
1055 1731 1252 1784 iterum
1290 1744 1356 1784 ex
1402 1730 1590 1802 Anglia
1641 1731 1933 1787 Anselmus

343 1826 530 1890 exivit,
550 1836 604 1879 et
630 1839 694 1879 eo
722 1825 838 1894 ipso
866 1832 1106 1893 tempore
1128 1821 1442 1878 Anselmum
1469 1823 1599 1878 illud
1623 1822 1935 1880 llildcberto
1968 1814 2005 1872 Β

343 1931 410 1970 ac
442 1915 770 1970 Waleranno
807 1913 1043 1968 misisse.

636 2003 887 2059 CENSURA
926 2019 1068 2058 ιιιιιιι
1105 2003 1181 2059 De
1222 2004 1491 2060 voluntate
1543 2005 1656 2059 Dei.

416 2098 473 2153 In
504 2097 654 2153 nullo
686 2112 752 2153 ex
789 2097 872 2152 bis
904 2096 958 2152 in
994 2113 1115 2167 qua:
1166 2098 1329 2154 incidi
1365 2114 1497 2153 mss.
1529 2098 1796 2168 reperitur
1834 2097 1936 2151 iste

342 2189 588 2244 libellus.
638 2187 768 2244 Cum
798 2197 977 2244 tamen
1026 2190 1080 2244 in
1130 2191 1382 2246 onmibus
1412 2190 1572 2245 editis
1600 2190 1809 2258 legatur
1837 2190 1936 2244 sub

341 2281 591 2336 Anselnti
619 2281 874 2336 Cantuar.
925 2283 1171 2352 archiep.
1207 2283 1445 2347 nomine,
1477 2291 1532 2337 et
1554 2283 1635 2335 -in
1673 2297 1740 2337 eo
1772 2281 1936 2336 verba

347 2389 410 2428 ac
435 2372 720 2428 sententia:
757 2371 818 2430 S.
865 2373 1111 2430 Anseltni
1153 2373 1650 2443 deprehendantur,
1692 2373 1840 2427 illum
1871 2373 1938 2427 ad

346 2463 705 2532 appendicem
756 2477 864 2517 non
931 2463 1186 2518 duximus
1247 2462 1628 2532 ablegandum.
1680 2463 1937 2530 Equidem

348 2556 464 2608 scio
493 2551 807 2609 Anselmum
839 2552 1260 2609 Laudunenscm
1306 2554 1373 2609 de
1417 2553 1696 2608 voluntate
1734 2552 1827 2607 Dei
1873 2566 1940 2606 eo

351 2643 544 2698 s:cculo
587 2644 917 2713 disputasse,
957 2653 1012 2698 et
1063 2644 1180 2715 ejus
1228 2646 1332 2700 hac
1363 2645 1427 2701 de
1458 2659 1515 2700 re
1553 2643 1880 2700 sententiam
1909 2658 1938 2697 a

351 2733 590 2803 Ruperto
637 2734 902 2789 Tuitiensi
950 2736 1155 2790 acriter
1206 2735 1570 2806 impugnatam
1616 2751 1725 2791 non
1758 2735 1940 2790 verbis

349 2828 531 2892 modo,
565 2829 657 2882 sed
689 2837 744 2882 et
768 2827 989 2898 scriptis
1013 2869 1028 2893 ,
1084 2838 1142 2884 ιιι
1192 2828 1244 2883 in
1280 2829 1504 2899 Ruperti
1539 2829 1799 2899 Apologia
1835 2829 1942 2883 late

351 2918 579 2972 disserui
611 2919 689 2989 (in
722 2918 931 2988 prolog.
971 2927 1026 2972 et
1055 2919 1106 2972 in
1145 2930 1300 2989 parte
1323 2935 1362 2985 t,
1393 2935 1446 2988 p.
1481 2919 1568 2979 10.
1607 2920 1699 2984 11,
1733 2919 1818 2984 12,
1852 2920 1939 2983 13,

352 3009 439 3075 16,
468 3011 552 3072 17,
587 3010 658 3066 43
687 3019 742 3064 et
767 3010 877 3081 81).
918 3010 1115 3065 Verum
1167 3011 1353 3081 quidni
1394 3021 1449 3067 et
1490 3010 1778 3066 Anselmus
1801 3011 1941 3064 Can-

352 3101 646 3157 tuaricnsis
695 3101 763 3157 de
797 3102 987 3158 eadem
1034 3102 1336 3172 quaestione
1377 3103 1539 3158 simul
1590 3118 1654 3157 ac
1701 3105 1766 3158 de
1813 3118 1943 3158 con-

351 3192 535 3245 cordia
563 3193 938 3262 przescientice,
967 3203 1100 3259 cte.,
1125 3193 1412 3263 scripserit
1437 3194 1582 3249 circa
1609 3193 1734 3248 vitze
1755 3195 1938 3260 linem,

351 3282 833 3340 elIervesccntilats
874 3293 1004 3340 tunc
1035 3285 1232 3340 animis
1260 3286 1408 3341 circa
1456 3287 1596 3342 hanc
1635 3287 1700 3342 de
1729 3287 1820 3342 Dei
1851 3303 1944 3342 vo-

353 3375 562 3429 luntate
587 3376 965 3446 qrtmstionetn,
986 3377 1173 3447 paucis
1200 3378 1453 3434 videlicet
1475 3379 1634 3434 annis
1655 3387 1944 3449 antequam

355 3464 631 3532 Rnpcrlus
671 3482 794 3520 cum
837 3467 1094 3522 Anselmo
1123 3466 1464 3524 Laudunensi
1497 3471 1939 3540 congrederetur.

356 3555 488 3609 Nam
520 3555 789 3612 adversus
829 3571 952 3612 eum
985 3557 1205 3627 scripsit
1243 3559 1386 3613 circa
1431 3574 1630 3614 annum
1667 3560 1836 3625 1116,
1886 3570 1945 3614 ιιι

358 3649 408 3701 1ιι
447 3647 560 3714 ejus
583 3647 844 3718 Apologia
879 3649 1268 3716 animadverti;
1295 3649 1582 3706 Anselmus
1601 3665 1732 3712 vero
1761 3651 1942 3706 deces-

359 3750 505 3794 Serat
537 3753 691 3792 anno
736 3738 892 3794 1109.

679 3829 926 3886 CENSURA
975 3847 1118 3887 LIBRI
1164 3831 1237 3888 De
1279 3849 1404 3887 casu
1445 3833 1661 3887 diaboli.

428 3920 588 3976 Istius
619 3920 821 3990 dialogi
856 3920 913 3976 S.
953 3922 1244 3979 Anselmus
1277 3923 1390 3993 ipse
1420 3923 1668 3978 meminit
1697 3924 1748 3978 in
1798 3939 1848 3978 c.
1879 3924 1944 3978 17

360 4014 483 4068 libri
517 4030 532 4067 ι
568 4013 677 4066 Cur
713 4013 857 4068 Deus
887 4015 1072 4081 homo;
1104 4025 1158 4070 et
1197 4016 1249 4069 in
1273 4029 1319 4072 c.
1355 4015 1390 4070 5
1426 4015 1548 4070 libri
1597 4013 1671 4069 De
1699 4025 1947 4084 conceptu

359 4103 636 4174 virginali,
677 4106 820 4160 circa
853 4107 1012 4160 linem
1034 4149 1050 4173 ,
1081 4107 1214 4161 etin
1247 4121 1295 4160 c.
1331 4106 1361 4159 7
1387 4105 1509 4160 libri
1547 4105 1624 4159 De
1668 4105 1949 4159 concordia

361 4198 728 4266 prwscientite,
759 4207 868 4254 etc.
921 4201 1315 4268 Argumentum
1365 4198 1485 4255 libri
1539 4199 1850 4254 declaratur
1894 4197 1948 4252 in

361 4287 587 4357 prologo
617 4288 682 4342 ad
707 4289 976 4359 dialogum
1005 4291 1084 4344 De
1112 4293 1347 4345 raritate.

435 4379 592 4435 Iinuc
628 4389 686 4435 ut
731 4392 789 4437 et
827 4382 964 4438 alios
1015 4393 1125 4438 tres
1170 4382 1228 4438 S.
1260 4382 1546 4439 Anselmus
1575 4383 1793 4453 scripsit
1823 4383 1948 4438 dum

2037 547 2164 600 vita.
2201 547 2325 600 Inde
2373 547 2632 616 consequi
2668 562 2893 602 necesse
2930 555 3010 600 cst
3041 546 3143 602 hoc
3187 562 3320 617 opus
3350 549 3614 618 prodiisse

2032 646 2158 690 ante
2187 637 2382 690 librum
2432 637 2508 691 De
2535 639 2864 707 processione
2911 636 3139 706 Spiritus
3175 641 3378 706 sancti,
3407 639 3521 709 qui,
3559 650 3618 696 ut

2032 726 2401 795 probavimus.
2439 742 2544 780 non
2581 727 2683 781 nisi
2715 736 2838 796 post
2884 725 3120 782 Bareuse
3147 728 3436 783 concilium
3478 730 3616 784 scri‘

2032 826 2156 886 plus
2186 827 2288 872 est.
2341 817 2498 872 Anno
2530 819 2712 888 itaque
2748 819 2908 883 1091,
2953 827 3241 889 postquam
3296 820 3494 876 librum
3540 820 3615 877 De

2032 907 2395 961 incarnatione
2433 906 2586 960 Verbi
2611 909 2855 977 perfecit,
2881 909 3043 964 hosce
3074 909 3238 966 libros
3261 910 3620 967 S.Anselmus

2032 1009 2319 1066 aggressus
2369 1005 2477 1061 est,
2524 995 2650 1052 dum
2710 1013 2807 1066 per
2863 998 3009 1068 regis
3064 1000 3368 1054 absentiam
3424 1002 3619 1057 studiis

2033 1087 2236 1142 sanctis
2291 1097 2460 1141 totum
2509 1102 2568 1142 se
2614 1091 2785 1150 daret,
2833 1089 2984 1158 juxta
3026 1092 3216 1146 Eadm.
3249 1093 3284 1146 l.
3315 1109 3350 1146 ιι
3390 1093 3464 1146 De
3500 1094 3616 1163 ejus

2035 1178 2154 1232 Vita
2187 1177 2313 1247 (col.
2339 1178 2452 1248 81).
2486 1178 2632 1248 Ipsos
2670 1189 2848 1235 autem
2873 1181 3162 1249 complerit
3188 1185 3239 1236 in
3267 1183 3393 1238 villa
3428 1184 3622 1240 Schla-

2033 1271 2335 1340 viam,quo
2381 1271 2683 1327 diverterat
2727 1287 2872 1325 anno
2900 1273 3061 1338 1098,
3095 1283 3150 1327 et
3196 1274 3285 1329 ubi
3333 1290 3619 1330 remanere

2035 1364 2202 1418 nimio
2247 1363 2428 1418 calore
2461 1364 2772 1432 compulsus
2800 1374 2918 1428 est,
2967 1365 3138 1421 donec
3181 1365 3409 1421 instaret
3446 1375 3619 1421 status

2035 1459 2152 1514 dies
2177 1458 2416 1527 concilii,
2458 1458 2710 1513 videlicet
2737 1457 2859 1512 Kal.
2891 1458 3083 1515 Octob.
3116 1460 3273 1516 istius
3300 1461 3428 1517 anni
3463 1462 3619 1523 1098,

2033 1561 2087 1606 et
2136 1567 2242 1606 non
2291 1551 2416 1606 anni
2448 1550 2606 1614 1097,
2639 1561 2698 1605 ιιι
2729 1566 2792 1606 ex
2834 1552 3102 1606 Eadmero
3135 1553 3623 1608 demonstravimus

2037 1644 2089 1697 in
2121 1643 2241 1697 libri
2274 1643 2349 1697 De
2377 1643 2705 1712 processione
2736 1641 2964 1712 Spiritus
2995 1643 3166 1698 sancti
3192 1659 3443 1698 censura.

2106 1733 2214 1790 llos
2266 1735 2436 1790 libros
2492 1735 2792 1790 Eadmerus
2845 1735 2958 1805 ipse
3013 1736 3268 1791 Becccnsi
3327 1735 3620 1798 Ecclesiae,

2036 1829 2190 1898 cujus
2231 1839 2350 1886 erat
2388 1828 2556 1892 ﬁlius,
2617 1830 2994 1898 transcripsit,
3049 1838 3111 1884 ut
3146 1838 3376 1884 testatur
3408 1830 3465 1884 S.
3514 1831 3625 1883 An-

2036 1921 2240 1975 selinus
2269 1921 2320 1974 iu
2351 1920 2576 1990 epistola
2606 1936 2726 1990 qua:
2745 1929 2827 1976 est
2851 1920 2921 1974 25
2949 1919 3070 1975 libri
3105 1936 3162 1975 ιι.
3194 1921 3345 1990 ipsos
3390 1922 3556 1975 clima
3594 1937 3622 1973 a

2038 2012 2318 2066 monachis
2339 2011 2648 2066 Cantuarire
2673 2010 2958 2065 transcribi
2985 2010 3050 2064 ad
3080 2009 3400 2065 Paschalem
3431 2010 3473 2064 ll
3499 2011 3623 2064 mit-

2041 2103 2231 2157 tendos
2259 2103 2467 2172 rogavit
2501 2102 2559 2156 S.
2600 2102 2910 2166 Ansclmns,
2950 2102 2993 2156 si
3023 2101 3141 2169 ejus
3172 2103 3415 2171 cpistola:
3449 2105 3626 2158 credi-

2041 2208 2180 2257 mus,
2209 2207 2328 2260 quze
2355 2201 2438 2246 est
2464 2193 2531 2244 55
2556 2191 2676 2245 libri
2710 2208 2784 2244 ιν.

2108 2279 2517 2335 Advertendum
2567 2280 2732 2334 etiam
2777 2287 2860 2332 est
2896 2279 3037 2347 quod
3071 2278 3122 2332 in
3157 2279 3263 2334 line
3300 2295 3420 2350 cap.
3460 2279 3520 2334 l7
3565 2280 3627 2332 li-

2040 2374 2123 2430 bri
2157 2390 2194 2429 ιι
2230 2374 2376 2429 dicat
2410 2372 2700 2427 Anselmus
2754 2371 3092 2426 voluntatem
3147 2388 3204 2428 sc
3237 2374 3440 2428 habere
3496 2374 3626 2428 scri-

2041 2465 2200 2521 bendi
2231 2465 2298 2520 de
2351 2463 2607 2532 originali
2662 2472 2913 2532 peccato;
2970 2465 3113 2519 unde
3167 2465 3519 2535 consequitur
3568 2465 3630 2517 li-

2042 2557 2197 2611 brum
2243 2556 2317 2610 De
2351 2563 2599 2624 conceptu
2652 2554 2836 2624 virgin.
2872 2562 2918 2609 et
2971 2555 3104 2625 orig.
3160 2571 3298 2623 pecc.
3349 2570 3470 2609 esse
3527 2555 3628 2608 isto

2043 2649 2430 2720 posteriorem;
2462 2648 2604 2716 quod
2637 2650 2799 2703 etiam
2845 2649 3094 2716 arguitur
3121 2664 3189 2703 cx
3225 2647 3445 2717 prologo
3483 2658 3537 2704 et
3565 2663 3628 2702 ex

2043 2757 2093 2796 c.
2121 2740 2191 2793 22
2221 2740 2374 2795 istius
2404 2739 2563 2803 libri,
2623 2739 2713 2794 ubi
2753 2740 2999 2794 meminit
3031 2739 3293 2794 librorum
3338 2739 3448 2793 Cur
3488 2739 3629 2794 Deus

2044 2832 2220 2886 homo.

2069 2943 2311 3002 (Iussum
2362 2960 2503 2999 LIBRI
2548 2943 2622 2998 De
2675 2954 2923 3012 conceptu
2969 2943 3216 3015 virginali
3261 2955 3307 2998 et
3350 2944 3598 3014 originali

2160 3056 2164 3059 .
2724 3024 2959 3084 peccato.

2122 3106 2246 3162 Post
2289 3106 2524 3162 Bareuse
2568 3107 2856 3162 concilium
2916 3106 3324 3172 Romanamque
3367 3105 3630 3174 synodum

2047 3196 2102 3252 S.
2138 3197 2422 3252 Anselmus
2449 3238 2463 3262 ,
2496 3198 2622 3252 dum
2654 3197 2898 3267 Lugduni
2932 3204 3257 3260 moraretur,
3288 3195 3518 3265 expletis
3566 3196 3631 3249 li-

2045 3286 2158 3342 bris
2187 3285 2296 3339 Cur
2326 3286 2465 3340 Dens
2495 3287 2674 3352 homo,
2705 3289 2808 3342 hoc
2833 3301 2968 3356 opus
2998 3286 3216 3355 scripsit
3246 3294 3373 3339 ante
3409 3285 3636 3340 medita-

2049 3376 2249 3431 tionem
2276 3375 2352 3430 De
2379 3377 2731 3446 redemptione
2746 3377 3010 3441 humana,
3055 3385 3112 3429 ιιι
3149 3375 3305 3429 [idem
3339 3373 3468 3431 facit
3500 3376 3636 3430 Ead-

2047 3482 2227 3522 mcrus
2257 3467 2351 3522 lib.
2379 3483 2417 3522 ιι
2442 3467 2517 3522 De
2551 3467 2667 3538 ejus
2706 3469 2815 3522 vita
2855 3468 2981 3535 (col.
3004 3467 3152 3537 107).
3185 3465 3380 3536 hiquct
3412 3482 3541 3537 ergo
3569 3467 3630 3521 li-

2046 3557 2202 3611 brum
2231 3557 2376 3613 hunc
2398 3572 2520 3612 esse
2549 3558 2911 3628 compositum
2963 3574 3104 3613 anno
3133 3559 3300 3620 1099.
3331 3575 3438 3629 quo
3479 3573 3630 3613 conc.

2048 3648 2206 3702 Rom.
2251 3649 2583 3704 celebratum
2615 3659 2700 3704 est
2727 3652 2829 3704 sub
2862 3649 3083 3706 Urbano
3109 3649 3170 3709 11.
3206 3651 3259 3704 in
3298 3649 3436 3706 l'esto
3463 3649 3634 3720 Appa-

2047 3740 2261 3795 ritionis
2311 3741 2517 3796 scilicet
2569 3742 2624 3796 S.
2665 3741 2964 3806 Michaelis,
3017 3741 3159 3812 quod
3208 3750 3322 3796 erat
3375 3741 3636 3796 terminus

2049 3831 2384 3886 induciarum
2418 3848 2555 3902 quas
2597 3834 2648 3886 in
2705 3833 2842 3887 festo
2893 3832 3206 3888 Nativitatis
3252 3832 3462 3886 Domini
3516 3842 3639 3901 post

2049 3919 2338 3975 concilium
2387 3920 2625 3976 Bareuse
2687 3937 2780 3976 rex
2836 3922 3042 3991 Anglice
3087 3921 3438 3985 obtinuerat,
3484 3920 3644 3987 juxta

2050 4013 2300 4068 Eadmer.
2332 4012 2369 4066 l.
2416 4029 2455 4067 ιι
2504 4012 2644 4068 Hist.
2679 4027 2868 4068 novor.
2926 4011 3058 4067 lluic
3092 4011 3236 4066 enim
3287 4009 3494 4082 synodo
3531 4011 3636 4064 llo-

2051 4117 2224 4180 mante
2271 4101 2329 4156 S.
2372 4101 2662 4157 Anselmus
2711 4101 2978 4166 interluit,
3012 4117 3109 4158 nec
3143 4101 3248 4157 nisi
3301 4115 3361 4156 ca
3417 4107 3633 4170 peracta

2053 4194 2370 4264 Lugdunum
2404 4195 2654 4263 repetiit,
2691 4203 2748 4248 ut
2785 4209 2850 4248 ex
2899 4193 3088 4249 Eadm.
3127 4193 3325 4248 ibidem
3382 4200 3634 4254 constat,

2053 4301 2153 4341 nec
2199 4284 2464 4355 Lugduno
2496 4285 2748 4341 discessit
2777 4286 2881 4341 nisi
2913 4295 3034 4357 post
3078 4285 3221 4357 regis
3271 4285 3635 4351 obitum.‘qui

2052 4395 2140 4434 an.
2191 4378 2352 4444 1100,
2393 4393 2580 4434 mense
2623 4379 2885 4448 Augusto,
2929 4377 3184 4447 contigit,
3241 4392 3348 4432 uno
3393 4373 3638 4428 videlicet

365 4473 545 4527 adhuc
597 4474 746 4541 prior
777 4484 922 4529 esset
972 4475 1153 4539 Becci,
1185 4483 1246 4528 ut
1298 4475 1464 4528 tradit
1514 4475 1706 4530 Eadm.
1738 4475 1774 4528 l.
1825 4490 1840 4528 ι
1873 4475 1949 4529 De
1978 4487 2031 4543 ι)
2054 4486 2194 4525 anno
2224 4480 2348 4540 post
2395 4477 2624 4524 mortem
2657 4468 2860 4524 Urbani
2902 4467 2976 4532 11,
3011 4468 3101 4537 qui
3135 4467 3367 4520 humana
3416 4473 3638 4520 exuerat

361 4564 484 4634 ejus
517 4564 657 4629 Vita,
697 4567 800 4620 hoc
829 4575 914 4621 est
963 4566 1030 4621 ab
1071 4581 1216 4621 anno
1257 4565 1427 4629 1063,
1475 4580 1582 4636 quo
1631 4565 1951 4634 praepositus

363 4666 472 4721 est,
513 4656 581 4710 ad
612 4673 813 4712 annum
840 4657 997 4724 1077,
1025 4673 1134 4728 quo
1164 4659 1216 4712 in
1248 4657 1498 4712 abbatem
1541 4665 1624 4712 est
1657 4656 1880 4713 electus.

440 4746 852 4804 Observandum
909 4749 996 4804 hic
1051 4764 1216 4803 unum
1265 4755 1349 4802 est
1391 4747 1535 4817 quod
1580 4755 1842 4802 tractatus
1881 4746 1954 4800 De

368 4840 531 4905 malo,
573 4843 640 4895 de
677 4856 787 4910 quo
836 4841 954 4910 ipse
1005 4840 1229 4910 scripsit
1259 4841 1323 4894 ad
1371 4839 1703 4903 Mauritium,
1737 4853 1842 4892 non
1872 4845 1956 4892 est

370 4934 474 4988 nisi
500 4942 816 5003 excerptum
840 4949 902 4988 ex
935 4948 987 4988 e.
1027 4932 1087 4986 11
1116 4931 1312 5002 dialogi
1345 4931 1520 4995 istius,
1547 4938 1755 4984 remota
1782 4928 1953 4982 forma

369 5023 830 5089 inter-locutionis,
857 5032 916 5077 ut
940 5022 1100 5078 facile
1127 5022 1376 5078 advertet
1397 5021 1644 5090 quisquis
1670 5018 1953 5088 epistolam

370 5115 438 5166 ad
475 5112 806 5177 Mauritium,
847 5128 966 5182 qua:
1006 5122 1089 5168 est
1118 5113 1151 5169 8
1188 5111 1312 5167 libri
1370 5127 1442 5175 ιι,
1493 5109 1787 5165 contulerit
1831 5123 1954 5162 cum

368 5203 601 5272 praelato
621 5205 802 5275 capite
826 5205 884 5259 11
914 5203 1010 5276 [αι.
1033 5202 1152 5275 10].
1179 5204 1521 5274 Quapropter
1544 5199 1803 5268 scriptum
1829 5198 1957 5254 illud

371 5297 667 5364 separatim
709 5312 817 5351 non
867 5295 1170 5358 edidimus,
1218 5310 1340 5348 cum
1376 5306 1428 5348 et
1463 5293 1613 5348 ineo
1659 5291 1858 5360 capite,
1903 5298 1958 5346 et

373 5386 428 5440 in
466 5386 566 5440 ista
598 5387 826 5458 epistola
857 5403 964 5442 uno
1003 5395 1256 5441 contextu
1287 5387 1558 5455 integrum
1598 5383 1884 5438 habeatur.

619 5479 866 5536 Cusum
913 5494 1179 5534 Lienoauu
1217 5477 1324 5532 Cur
1355 5476 1496 5530 Deus
1542 5477 1719 5529 homo.

449 5573 567 5628 Hoc
595 5589 730 5644 Opus
759 5575 812 5628 in
843 5572 1030 5645 Anglia
1063 5573 1127 5625 ad
1155 5570 1382 5626 Bosouis
1413 5567 1728 5622 instantiam
1760 5567 1817 5620 S.
1851 5564 1960 5618 An-

375 5662 966 5728 sclmusincboavit,et
989 5663 1039 5715 in
1062 5661 1313 5729 Capuana
1345 5657 1644 5728 provincia,
1673 5665 1960 5725 antequam

381 5763 671 5824 cogeretur
702 5754 938 5810 Barcnsc
963 5752 1273 5820 concilium,
1298 5748 1546 5822 perfecit,
1573 5755 1629 5803 ιιι
1663 5748 1774 5814 ipse
1800 5757 1963 5803 testa-

2054 4577 2240 4617 mense
2270 4559 2491 4617 Octobri
2536 4559 2694 4631 [corr.
2741 4557 2914 4631 Julio]
2968 4557 3093 4612 anni
3136 4555 3518 4628 prsccedentis,
3581 4563 3639 4608 ut

2054 4651 2354 4707 Eadmerus
2381 4651 2436 4704 in
2471 4651 2578 4706 line
2602 4649 2696 4704 111).
2727 4666 2789 4711 ιι.
2813 4637 2954 4705 ilist.
2993 4664 3181 4704 novor.
3226 4649 3503 4702 observat.

2129 4743 2228 4798 llic
2256 4743 2395 4796 liber
2431 4741 2726 4812 aliquando
2754 4742 3020 4796 duntaxat
3051 4739 3374 4795 inscribitur
3416 4738 3492 4792 De
3517 4755 3636 4792 con-

2057 4843 2206 4902 ceptn
2247 4833 2512 4901 virginali.
2552 4830 2641 4885 Sic
2668 4829 3007 4900 Cantabrigze
3036 4829 3087 4884 in
3120 4843 3221 4884 ms.
3258 4829 3347 4882 161
3389 4827 3635 4883 biblioth.

2057 4925 2306 4994 publicae,
2336 4933 2391 4978 et
2440 4925 2492 4978 in
2521 4938 2624 4978 ms.
2667 4922 2770 4976 217
2815 4921 3026 4993 collegii
3062 4920 3200 4987 Caii,
3234 4930 3287 4974 et
3317 4920 3370 4974 in
3401 4933 3504 4974 ms.
3533 4917 3636 4970 ‘203

2059 5015 2193 5069 aula!
2214 5014 2681 5076 Pemhrochianm,
2706 5020 2760 5067 et
2788 5011 2840 5066 in
2883 5011 3025 5066 aliis.
3054 5011 3356 5081 Aliquando
3388 5007 3640 5076 simplici-

2058 5113 2164 5170 ter,
2199 5105 2276 5159 De
2304 5104 2552 5174 originali
2589 5113 2831 5172 peccato,
2858 5103 2936 5158 sic
2959 5101 3298 5171 Cantabrigae
3321 5101 3372 5152 in
3413 5115 3514 5154 ms.
3534 5098 3640 5151 255

2061 5197 2268 5269 collegii
2302 5196 2360 5252 S.
2391 5195 2691 5259 Benedicti,
2723 5204 2777 5249 et
2811 5193 2934 5248 aliis
2983 5209 3102 5262 qum
3147 5191 3332 5244 videre
3361 5199 3443 5243 est
3473 5190 3524 5243 in
3550 5204 3638 5241 va-

2064 5290 2157 5345 riis
2199 5287 2542 5342 lectionibus.
2576 5284 2716 5340 llinc
2751 5284 2892 5340 forte
2935 5297 3093 5337 error
3134 5277 3418 5333 Trithemil
3449 5277 3639 5332 distin-

2062 5380 2275 5451 guentis
2301 5379 2497 5433 librum
2525 5377 2601 5432 De
2630 5375 2872 5447 virginali
2895 5381 3143 5440 conceptu
3201 5384 3229 5423 a
3255 5368 3394 5425 libro
3421 5369 3496 5424 De
3519 5385 3636 5440 per

2065 5480 2180 5524 cato
2219 5467 2484 5538 originali.

2137 5571 2191 5615 tn
2233 5561 2548 5629 praelatione
2586 5566 2642 5612 et
2673 5558 2723 5612 in
2762 5570 2810 5610 c.
2857 5553 2928 5608 22
2967 5553 3122 5608 istius
3159 5550 3400 5622 opusculi
3441 5549 3498 5605 S.
3528 5549 3640 5601 An-

2067 5653 2270 5708 selmus
2294 5649 2540 5706 meminit
2562 5647 2824 5703 librorum
2858 5645 2966 5700 Cur
2997 5643 3135 5698 Deus
3171 5643 3355 5706 homo,
3389 5639 3478 5708 qui
3509 5649 3642 5706 pro-

2070 5743 2194 5799 inde
2215 5758 2280 5801 eo
2303 5751 2424 5799 sunt
2450 5738 2814 5807 antiquiores;
2835 5736 2964 5794 illud
2992 5749 3120 5793 vero
3148 5730 3420 5805 prteccssit
3444 5728 3642 5784 librum
