3882 6050
280 327 351 384 25
1291 329 1346 384 S.
1387 328 1760 386 ANSELMUS
1796 329 2148 386 CAN'l‘UAll.
2190 330 2508 388 AllClilEP.
3462 329 3538 386 24

278 441 356 494 De
391 441 670 494 concordia
721 439 1016 509 prwscient.
1046 480 1062 505 ,
1107 440 1160 494 iu
1187 439 1341 510 cujus
1369 458 1420 497 c.
1452 442 1482 493 'l
1523 443 1850 498 mentionem
1881 446 1928 502 Α
1955 446 2068 517 ipse
2108 447 2246 503 liber
2287 449 2340 502 in
2369 463 2420 504 e.
2452 448 2480 506 1
2515 447 2758 503 declarat
2809 463 2869 503 se
2917 449 2984 502 ah
3031 455 3095 502 eo
3143 450 3402 518 scriptum
3446 454 3538 522 qui

278 533 441 588 habet
466 532 708 603 opusculi
739 533 914 588 istius.

350 623 592 692 Denique
619 625 672 678 in
701 625 928 694 cpistola
964 627 1031 679 ad
1065 623 1478 692 Theodericum,
1519 643 1641 696 quae
1670 637 1755 684 est
1783 629 1855 684 4‘2

279 716 370 769 tib.
404 731 480 779 IV,
506 715 573 768 de
600 732 666 770 eo
703 730 866 784 opere
902 715 1125 780 scribit,
1153 724 1211 770 et
1241 715 1372 770 illud
1400 732 1523 772 cum
1564 717 1718 773 libris
1746 718 1855 773 Cur

271 805 416 875 __l)eus
431 805 584 858 homo
609 803 895 859 transcribi
913 805 1153 869 mandat,
1168 814 1228 858 ut
1249 819 1343 861 eos
1362 820 1554 862 omnes
1575 807 1642 863 ad
1658 805 1848 863 Pasch.

276 896 312 948 ll
346 896 619 966 dirigeret.
657 894 786 950 Vide
812 896 951 966 epist
973 896 1044 951 55
1073 895 1198 952 libri
1229 912 1303 951 tv.

271 1008 520 1064 (lessons
571 1008 1007 1063 DECLAM‘I‘IONIS
1054 1009 1334 1079 cujusdam
1378 1012 1432 1065 in
1479 1013 1852 1080 prtrcedentem

947 1079 1164 1134 librum.

343 1169 455 1226 Etsi
485 1170 780 1226 declaratio
818 1170 933 1226 lucc
972 1171 1022 1225 in
1056 1186 1185 1227 mss.
1229 1173 1404 1227 sancti
1434 1173 1676 1228 Anselmi
1705 1173 1852 1228 volu-

270 1262 504 1316 minibus
535 1277 640 1316 non
667 1270 942 1325 occurrat,
970 1261 1022 1315 in
1053 1261 1306 1317 omnibus
1333 1270 1512 1317 tamen
1547 1261 1691 1317 illius
1719 1277 1850 1332 cpe-

271 1367 388 1405 nun
419 1351 744 1408 editionibus
785 1353 1075 1422 reperitur.
1122 1352 1272 1408 Illius
1299 1352 1639 1408 occasionem
1671 1361 1729 1409 et
1757 1369 1849 1409 ar-

267 1449 581 1507 gumentum
609 1457 676 1496 ex
707 1441 936 1511 ipsamet
955 1441 1167 1498 discere
1199 1443 1343 1498 licet.
1372 1444 1569 1498 Verum
1600 1445 1667 1500 de
1706 1444 1851 1500 illius

268 1541 490 1587 auctore
512 1541 566 1586 et
591 1542 751 1588 aetate
773 1549 878 1588 non
913 1534 1062 1589 aliud
1095 1535 1301 1590 scimus
1331 1536 1435 1591 nisi
1465 1536 1610 1606 quod
1648 1545 1850 1593 coaeta-

270 1638 402 1678 neus
429 1623 591 1680 fuerit
622 1623 680 1680 S.
715 1625 994 1682 lternardo
1041 1626 1471 1694 Clartevallensi,
1501 1643 1660 1697 quem
1691 1637 1850 1684 vocat

267 1715 350 1768 sui
393 1715 652 1785 temporis
703 1717 939 1786 Spiritus
973 1718 1148 1773 sancti
1194 1733 1479 1790 organum.
1525 1719 1679 1774 Unde
1711 1735 1846 1775 con-

1959 549 2248 595 tractatum
2286 541 2365 595 De
2407 543 2736 610 processione
2772 540 3003 610 Spiritus
3050 543 3220 594 sancti
3267 543 3536 610 ediderat,

1955 631 2022 684 de
2050 646 2160 700 quo
2188 646 2351 700 supra
2379 630 2635 685 diximus.
2675 630 2730 684 lu
2777 646 2882 685 ms.
2913 629 2984 683 22
3023 631 3362 686 bibliotheca:
3408 633 3536 687 Lin-

1956 720 2247 776 colniensis
2275 759 2291 783 ,
2325 727 2382 774 et
2415 719 2468 774 in
2505 735 2634 774 mss.
2667 719 2772 772 217
2819 719 3160 774 bibliotheca}
3209 719 3344 781 Caii,
3385 732 3439 776 et
3485 723 3538 776 in

1953 826 2059 865 ms.
2107 810 2212 864 145
2261 809 2390 865 bibl.
2439 809 2668 879 publicae
2715 808 3199 878 Cantabrigensis,
3236 819 3289 864 et
3340 811 3392 864 in
3433 828 3537 865 ms.

1954 900 2304 956 Cisterciensi
2358 899 2652 968 inscriptus
2695 907 2779 952 est
2827 897 2904 952 De
2946 899 3210 966 sacriﬁcio
3265 903 3438 971 αηιωὶ
3489 913 3539 956 et

1955 991 2270 1060 fermentati.
2317 989 2375 1046 In
2405 1007 2507 1046 ms.
2543 990 2730 1046 Sancti
2770 989 2988 1044 Martini
3016 989 3182 1044 ’l‘orn.
3233 991 3541 1048 intitulatus

1953 1090 2038 1137 est
2062 1081 2141 1136 De
2165 1097 2300 1152 pane
2325 1081 2578 1148 sacriﬁcii
2606 1088 2790 1134 contra
2833 1077 3068 1134 Graecos.
3098 1079 3244 1134 Inter
3279 1081 3538 1151 epistolas

1952 1185 2152 1226 excusa
2180 1169 2282 1226 fuit
2310 1169 2552 1226 editione
2580 1169 2769 1226 Colon.
2799 1184 2889 1224 an.
2924 1169 3094 1235 1612;
3125 1170 3180 1224 in
3219 1171 3340 1227 aliis
3363 1174 3539 1228 omni-

1951 1262 2055 1316 bus
2082 1261 2224 1316 inter
2251 1259 2418 1316 libros
2441 1260 2588 1315 edita
2612 1267 2693 1316 est
2718 1260 2820 1316 sub
2855 1275 2921 1316 eo
2954 1260 3114 1316 titulo
3136 1276 3298 1332 quem
3320 1263 3369 1318 ei
3400 1278 3538 1333 prie-

1953 1351 2192 1408 ﬁximus.
2223 1349 2354 1406 Vide
2386 1352 2570 1406 varias
2599 1350 2884 1407 lectiones.

2021 1445 2155 1501 Cum
2183 1443 2438 1515 praefatus
2467 1444 2602 1500 liber
2625 1443 2700 1498 De
2722 1444 3046 1513 processione
3068 1487 3084 1510 ,
3122 1453 3250 1506 etc..
3296 1443 3449 1513 cujus
3474 1445 3529 1500 in

1949 1552 2000 1592 c.
2036 1537 2062 1591 1
2095 1537 2316 1606 hujusce
2340 1536 2582 1606 epistolae
2619 1536 2678 1590 tit
2715 1536 2947 1600 mentio,
2988 1536 3250 1605 prodierit
3297 1538 3364 1592 ab
3393 1551 3537 1591 anno

1951 1629 2082 1684 1101
2120 1629 2187 1684 ad
2210 1644 2412 1683 annum
2443 1628 2609 1695 1105,
2664 1636 2724 1681 ιιι
2769 1641 2930 1696 supra
2967 1627 3391 1681 demonstratum
3415 1667 3430 1691 ,
3483 1635 3539 1681 et

1951 1721 2068 1777 haec
2105 1720 2332 1790 epistola
2365 1719 2572 1775 directa
2623 1717 2785 1772 fuerit
2821 1716 3153 1772 Waleranno
3259 1716 3539 1772 Numbur-

265 1783 576 1862 sect-meum
595 1783 894 1864 esthancce
909 1783 1326 1866 declarationem
1351 1825 1470 1868 esse
1492 1810 1850 1882 posteriorem
1880 1783 1927 1844 Β
1952 1811 2103 1882 geusi
2125 1783 2155 1875 ,‘
2193 1811 2372 1866 adhuc
2414 1809 2579 1864 stanti
2625 1809 2678 1864 in
2709 1807 3002 1864 schismate
3027 1846 3043 1872 ,
3096 1807 3239 1877 quod
3287 1807 3536 1863 Guiberti

266 1895 542 1961 Anselmo,
574 1897 666 1967 qui
691 1897 1001 1953 decesserat
1023 1914 1168 1954 anno
1196 1900 1352 1955 1109.
1373 1900 1686 1957 Bernardus
1719 1916 1850 1958 vero

265 1989 445 2056 juuior
483 1991 809 2055 monachum
838 1991 1013 2046 induit
1051 2008 1194 2048 anno
1226 1994 1383 2050 1115.

603 2081 850 2138 CENSURA
887 2099 1099 2140 ntsLoct
1142 2085 1218 2139 De
1268 2087 1505 2140 veritate.

333 2173 566 2227 Sanctus
608 2174 896 2231 Auselmus
947 2177 1124 2232 adhuc
1176 2177 1326 2246 prior
1375 2179 1519 2233 hunc
1565 2179 1839 2251 dialogum

265 2265 502 2334 St'rlpSil,
539 2264 802 2320 Eatlmero
845 2275 979 2321 teste
1010 2267 1048 2321 l.
1080 2285 1096 2323 ι
1130 2267 1204 2324 De
1255 2269 1372 2336 ejus
1409 2268 1528 2323 Vita
1569 2271 1696 2338 (col.
1732 2270 1846 2340 62),

264 2357 450 2411 eodem
485 2357 740 2414 videlicet
770 2369 1014 2430 tempore
1041 2377 1150 2431 quo
1176 2361 1417 2430 dialogos
1452 2361 1528 2414 De
1564 2379 1691 2416 casu
1729 2363 1848 2416 dia-

263 2450 400 2515 boli,
450 2450 528 2504 De
563 2451 800 2506 libertate
848 2462 903 2508 et
953 2453 1026 2507 De
1074 2458 1440 2523 grammatico.
1490 2452 1622 2509 Vide
1675 2455 1847 2511 sancti

264 2543 497 2598 Ansclzni
546 2544 826 2615 prologum
861 2547 928 2599 ad
977 2546 1121 2599 hunc
1152 2545 1446 2614 dialogum,
1477 2545 1632 2614 cujus
1664 2546 1846 2602 adhuc

265 2640 378 2707 ipse
429 2636 676 2694 meminit
729 2638 782 2692 in
833 2653 885 2693 c.
925 2637 1114 2694 5libri
1169 2637 1242 2692 De
1277 2649 1529 2708 conceptu
1580 2639 1845 2709 virginali.

264 2731 460 2783 Eadem
493 2731 718 2800 proinde
754 2729 826 2785 sit
861 2728 1196 2799 dialogorum
1228 2727 1301 2782 De
1323 2729 1486 2783 libero
1527 2728 1748 2783 arbitrio
1793 2737 1850 2785 et

264 2825 338 2878 De
363 2825 706 2894 grammatico
742 2837 1005 2885 censura;
1052 2822 1096 2877 si
1140 2820 1413 2876 addideris
1444 2822 1588 2890 quod
1619 2822 1672 2876 in
1704 2837 1753 2877 c.
1786 2821 1842 2887 4,

261 2933 448 2987 quaest.
468 2920 500 2973 5
530 2919 604 2973 De
626 2918 904 2973 concordia
932 2917 1139 2988 gratim,
1163 2926 1292 2982 ctc.,
1309 2915 1510 2972 mentio
1533 2915 1628 2970 [lat
1653 2914 1844 2988 dialogi

263 3010 339 3064 De
376 3010 539 3066 libero
585 3009 823 3064 arbitrio.

528 3101 775 3158 CENSUIM
827 3113 1146 3156 rascrsrus
1184 3097 1258 3153 De
1303 3097 1588 3153 voluntate.

333 3193 566 3250 Sanctus
587 3193 875 3248 Auselmus
902 3191 938 3245 Ι.
966 3191 1045 3245 De
1067 3191 1347 3245 concordia
1380 3191 1565 3260 gratia:
1591 3206 1710 3244 cum
1749 3189 1842 3244 lib.

261 3285 401 3350 m-b.,
444 3301 494 3339 c.
523 3283 611 3347 11,
643 3290 917 3352 utcunque
955 3280 1230 3350 promisit,
1261 3280 1362 3336 etsi
1399 3279 1630 3335 infirmae
1658 3279 1842 3333 admo-

263 3376 388 3429 dum
425 3373 766 3437 valetudinis,
801 3387 860 3428 se
909 3372 1198 3441 aliquando
1246 3371 1520 3427 dicturum
1551 3370 1618 3426 de
1659 3369 1844 3424 multi-

265 3463 385 3530 plici
442 3463 709 3517 divisione
760 3461 1054 3516 voluntatis
1099 3476 1220 3530 qua:
1245 3469 1331 3516 est
1362 3475 1511 3516 usus.
1559 3459 1616 3514 ld
1664 3469 1850 3514 autem.

263 3568 384 3605 rum
427 3551 574 3606 nullo
609 3551 659 3605 iu
693 3551 814 3607 loco
857 3551 1120 3622 attigerit,
1156 3565 1262 3606 non
1288 3549 1386 3605 abs
1427 3566 1486 3606 rc
1513 3547 1747 3617 coujicio
1777 3548 1846 3602 ab

263 3660 328 3698 eo
360 3643 518 3713 paulo
563 3653 852 3712 antequam
907 3644 1196 3699 decederet
1244 3641 1484 3696 libellum
1529 3642 1673 3696 lumc
1723 3655 1846 3697 esse

264 3735 619 3804 compositum
642 3775 656 3798 ,
688 3749 847 3803 quem
889 3749 952 3789 ex
997 3749 1099 3787 ms.
1133 3733 1332 3788 Victor.
1365 3733 1462 3787 Cd.
1490 3732 1558 3786 12
1583 3731 1758 3798 edidi;
1789 3739 1847 3786 et.

263 3829 479 3898 quidem
515 3843 580 3883 eo
611 3827 902 3894 lubentius,
933 3827 1074 3898 quod
1119 3842 1223 3882 non
1264 3825 1426 3881 modo
1451 3824 1693 3882 Ansehni
1742 3840 1844 3882 uo-

265 3924 409 3986 n'tcu,
443 3919 535 3975 scd
561 3929 618 3976 et
651 3920 954 3975 sententias
989 3919 1173 3974 habet.

261 4015 502 4067 tlexsuus
543 4027 681 4068 unm
728 4010 802 4065 De
836 4010 1114 4065 concordia
1158 4008 1532 4078 pra'scientiat,
1567 4005 1842 4078 prwdcsti-

471 4083 698 4136 nationis
738 4093 784 4136 et
824 4080 1008 4150 gratia:
1045 4075 1166 4132 cum
1193 4078 1354 4130 libero
1390 4075 1631 4130 arbitrio.

331 4172 641 4243 Anglicanze
689 4170 948 4226 Ecciesizc
996 4184 1130 4238 pace
1175 4166 1416 4233 reddita,
1448 4165 1508 4220 S.
1556 4163 1845 4221 Auselmus

262 4265 408 4317 circa
449 4263 568 4316 vine
619 4260 810 4324 linem,
862 4261 965 4313 hoc
1015 4267 1100 4314 est
1151 4273 1294 4313 anno
1348 4257 1515 4323 1100,
1555 4258 1659 4313 hoc
1708 4272 1846 4325 opus

261 4352 501 4422 seripsit,
525 4348 679 4420 juxta
705 4349 956 4404 Eadmer.
992 4348 1027 4402 l.
1060 4363 1096 4404 ιι
1129 4348 1205 4404 De
1230 4347 1348 4417 ejus
1375 4347 1493 4402 Vita
1526 4347 1653 4417 (col.
1693 4346 1841 4415 1M).

1950 1911 2125 1958 morte
2148 1941 2165 1966 ,
2216 1917 2336 1971 qua:
2357 1901 2514 1971 juxta
2543 1901 2784 1956 Dodech.
2817 1915 2959 1956 anno
2985 1899 3124 1954 1100
3153 1899 3376 1970 obtigit,
3417 1915 3541 1954 exs-

1951 1993 2119 2062 tingui
2145 1993 2308 2063 crepit
2327 2031 2345 2059 ,
2375 2001 2525 2047 certo
2547 1993 2750 2048 certius
2775 2000 2858 2048 est
2881 2006 3000 2047 eam
3027 1991 3096 2046 ab
3125 1991 3379 2047 Anselmo
3403 1993 3538 2048 scri-

1949 2092 2096 2154 ptam
2135 2099 2242 2139 non
2264 2084 2430 2140 fuisse
2457 2094 2584 2138 ante
2611 2098 2816 2138 annum
2845 2083 2971 2137 1101
2995 2123 3012 2148 ,
3058 2083 3153 2137 sed
3203 2083 3364 2153 paulo
3415 2093 3539 2152 post

1949 2176 2148 2230 librum
2178 2174 2255 2230 De
2278 2175 2606 2244 processione
2635 2173 2868 2244 Spiritus
2899 2175 3102 2240 sancti,
3139 2176 3285 2230 circa
3333 2191 3536 2228 annum

1951 2265 2089 2320 “02
2113 2279 2129 2318 ε
2157 2264 2298 2318 hanc
2321 2265 2466 2318 enim
2489 2265 2807 2332 protrahere
2831 2281 3002 2332 usque
3033 2264 3098 2317 ad
3133 2279 3329 2317 annum
3360 2265 3499 2317 1106
3520 2304 3536 2328 ,

1949 2355 2050 2409 sub
2074 2351 2226 2420 cujus
2251 2352 2356 2407 (ine
2395 2353 2681 2410 Auselmus
2714 2354 2768 2409 in
2805 2354 3051 2425 Angliam
3084 2354 3271 2420 rediit,
3321 2364 3375 2410 ct
3429 2371 3543 2425 quo

1949 2442 2218 2500 lienricus
2273 2442 2336 2498 IV
2391 2443 2520 2513 imp.
2575 2442 2759 2499 Leodii
2816 2444 2926 2498 vita
2958 2443 3175 2499 functus
3204 2454 3322 2511 est,
3357 2445 3453 2500 abs
3481 2461 3541 2500 re

1949 2533 2249 2598 diceretur,
2271 2548 2395 2589 cum
2423 2549 2489 2589 eo
2519 2544 2760 2605 tempore
2773 2534 3012 2589 schisma
3034 2535 3248 2604 penitus
3262 2535 3535 2601 desiisset,

1950 2624 2185 2681 Henrico
2223 2625 2266 2681 V
2319 2623 2431 2692 jam
2460 2625 2781 2696 imperante.
2818 2623 2944 2680 ﬂare
2983 2627 3260 2693 prmccssit
3307 2625 3535 2680 alteram

1949 2715 2028 2770 De
2049 2725 2496 2771 sacramentorum
2533 2715 2866 2782 diuersitate,
2904 2714 2958 2769 in
2997 2713 3152 2783 cujus
3201 2715 3306 2771 line
3349 2725 3540 2770 auctor

1952 2807 2199 2863 meminit
2228 2807 2403 2861 istius.

1949 2916 2200 2975 CENSURA
2249 2933 2390 2974 metu
2427 2933 2545 2972 sive
2587 2931 2804 2974 bustum
2846 2932 3214 2973 srrsrounuu
3252 2920 3326 2973 De
3359 2935 3538 2972 sacra-

2421 3001 2712 3043 mentorum
2741 2989 3058 3044 diversitate.

1871 3115 1916 3178 ρ
2022 3084 2259 3140 Primam
2289 3083 2656 3153 hujuscemodi
2685 3083 3033 3154 cpistolarum
3055 3098 3176 3138 esse
3197 3081 3536 3147 Waleranni,

1947 3177 2172 3233 alteram
2201 3175 2441 3232 Anselmi
2467 3174 2752 3241 Cantuar.,
2778 3175 3158 3245 inscriptiones
3178 3174 3537 3244 przesel‘erunt

1949 3267 2002 3321 in
2033 3264 2285 3320 omnibus
2307 3271 2418 3317 tam
2442 3263 2605 3318 editis
2627 3277 2788 3333 quam
2819 3278 2948 3319 mss.
2995 3263 3122 3317 Ideo
3167 3272 3345 3316 autem
3391 3261 3534 3314 Ead-

1947 3373 2130 3414 merus
2151 3356 2306 3411 istius
2334 3356 2476 3411 sicut
2501 3364 2558 3410 et
2594 3355 2947 3424 praecedentis
2987 3354 3228 3424 opusculi
3269 3368 3372 3407 non
3413 3368 3532 3406 mc-

1949 3451 2138 3517 minit,
2168 3453 2309 3520 quod
2346 3451 2488 3503 inter
2521 3447 2778 3516 epistolas
2804 3461 2868 3501 ea
2901 3444 3229 3501 recenseuda
3275 3443 3532 3498 duxerit:

1947 3557 2047 3597 nos
2072 3557 2135 3597 ea
2168 3541 2319 3597 libris
2343 3539 2756 3605 accensuimus,
2776 3537 2932 3605 juxta
2966 3551 3154 3591 omnes
3179 3549 3313 3605 pene
3341 3534 3538 3588 editio-

1947 3646 2079 3698 nes,
2124 3639 2182 3686 et
2219 3630 2473 3700 pleraque
2499 3643 2630 3684 mss.
2659 3628 2716 3682 In
2751 3645 2850 3684 ms.
2881 3628 2950 3682 22
2976 3627 3102 3682 bibl.
3137 3626 3366 3690 Lincnl.,
3398 3634 3454 3680 et
3482 3624 3537 3678 in

1947 3738 2050 3777 ms.
2077 3723 2182 3776 2|?
2220 3720 2348 3776 bibl.
2371 3720 2518 3787 Caii,
2547 3729 2603 3775 et
2634 3719 2686 3774 iu
2721 3735 2828 3775 ms.
2857 3720 2962 3775 203
3013 3719 3150 3774 aulze
3189 3717 3536 3780 Pembroch.,

1946 3824 2003 3869 et
2031 3815 2083 3868 in
2110 3828 2212 3868 ms.
2253 3812 2504 3876 Cisterc.,
2537 3827 2604 3867 ac
2632 3812 2684 3865 in
2714 3811 2951 3867 editione
3007 3809 3364 3876 Nuremberg.
3392 3823 3536 3860 anno

1948 3904 2081 3958 1491
2137 3904 2225 3958 hic
2271 3903 2410 3959 liber
2464 3903 2756 3967 inscriptus
2805 3900 3001 3969 legitur
3063 3898 3141 3952 De
3192 3899 3536 3951 sacramentis

1950 3995 2221 4051 Ecclesiaz.
2261 3995 2380 4063 Quo
2406 3994 2594 4062 eodem
2625 3991 2778 4047 titulo
2803 3991 2952 4045 illum
2973 3990 3107 4045 citat
3141 3989 3199 4043 S.
3255 3990 3457 4043 Bonav.
3488 3998 3528 4044 t.

1948 4087 2035 4143 Vll
2055 4128 2070 4152 ,
2099 4097 2253 4158 parte
2284 4103 2336 4141 Iv
2357 4127 2372 4151 ,
2399 4086 2525 4140 inc.
2558 4085 2580 4140 1
2627 4083 2797 4138 tertiae
2842 4080 3235 4150 Responsionis
3263 4079 3538 4150 Apologiac

1946 4193 2262 4250 pauperum.
2295 4177 2548 4233 Diversos
2570 4174 2705 4230 alios
2726 4173 2911 4229 titulos
2942 4172 3063 4227 vide
3081 4172 3134 4226 in
3156 4171 3320 4228 variis
3344 4171 3536 4226 lectio-

1946 4271 2128 4326 uibus.

2018 4362 2133 4430 Qua
2160 4370 2339 4416 autem
2369 4367 2530 4425 actate
2563 4357 2683 4413 dure
2727 4357 2845 4412 istae
2871 4353 3112 4426 epistolae
3140 4353 3355 4422 scriptae
3377 4358 3489 4406 sint
3515 4391 3531 4415 ,

332 4443 492 4498 Varia
523 4450 607 4498 est
641 4441 867 4512 hujusce
895 4440 1076 4511 operis
1106 4440 1414 4496 distributio
1436 4480 1452 4505 ,
1497 4449 1555 4495 ut
1583 4439 1638 4494 in
1681 4440 1845 4496 variis

1951 4455 2023 4509 sic
2047 4451 2390 4521 conjicimus.
2444 4448 2731 4506 Auselmus
2774 4445 3106 4501 Waleranno
3148 4443 3261 4513 jam
3308 4441 3535 4496 miserat

262 4535 584 4591 lcetionibus
615 4545 859 4590 notatum
889 4543 1004 4600 est;
1046 4533 1201 4605 queis
1245 4533 1384 4588 adde
1430 4534 1573 4614 quod
1627 4533 1681 4587 in
1735 4548 1836 4589 ms.

261 4630 367 4686 112
393 4629 585 4685 domus
607 4629 778 4684 sancti
811 4627 956 4682 Petri
989 4627 1040 4682 in
1085 4625 1276 4698 Anglia
1322 4626 1375 4681 in
1416 4625 1552 4681 duos
1581 4633 1844 4680 tractatus

261 4723 364 4778 iste
407 4721 544 4776 liber
579 4719 840 4775 dividitur
879 4718 1124 4788 :primus
1172 4725 1256 4772 est
1305 4717 1371 4770 de
1419 4716 1757 4788 prtescientia
1789 4723 1844 4770 et

259 4809 764 4882 pra‘dcstinatione;
817 4807 953 4862 alter
981 4807 1047 4862 de
1075 4806 1250 4875 gratia
1290 4814 1344 4861 et
1371 4806 1541 4861 libero
1570 4804 1796 4860 arbitrio
1826 4823 1838 4858 :

260 4911 316 4956 at
334 4900 536 4970 justius
587 4899 638 4955 in
667 4913 766 4954 ms.
796 4899 902 4954 203
937 4898 1072 4953 aula:
1101 4897 1419 4952 Pembroch.
1451 4897 1501 4951 in
1527 4906 1637 4952 tres
1665 4905 1843 4964 partes

259 4993 646 5050 distribuitur:
688 4993 738 5046 1ο
767 4991 834 5047 de
867 4991 1204 5061 pnescientia
1249 4999 1304 5044 et
1351 4989 1521 5044 libero
1573 4987 1838 5052 arbitrio;

257 5089 317 5140 ‘20
345 5087 413 5142 de
443 5085 917 5156 prredcstinatione
966 5093 1020 5138 et
1051 5084 1223 5138 libero
1255 5081 1505 5144 arbitrio;
1533 5081 1592 5134 5ο
1632 5079 1698 5132 de
1725 5093 1844 5149 gra-

264 5178 334 5230 tia
359 5185 411 5232 ct
434 5176 605 5232 libero
639 5176 888 5230 arbitrio.
920 5174 975 5229 iu
1009 5190 1109 5229 ms.
1137 5173 1475 5229 bibliothecae
1506 5169 1842 5224 Villaricnsis

263 5272 314 5322 in
348 5269 634 5323 Brabantia
683 5269 882 5323 dicitur
939 5267 1094 5321 Liber
1142 5268 1299 5320 trium
1337 5265 1704 5336 qnwstionum.
1751 5263 1841 5318 Di-

261 5376 396 5428 gnus
423 5373 554 5413 sane
577 5359 712 5415 liber
739 5359 832 5430 qui
869 5360 1001 5414 tanti
1032 5359 1133 5412 viri
1162 5359 1331 5412 vitam
1368 5357 1668 5412 clauderet.

265 5460 510 5506 t‘EusunA
547 5467 686 5506 unm
727 5469 821 5507 seu
859 5467 1133 5506 EPISTOLE
1167 5449 1240 5503 De
1268 5465 1457 5519 azyma
1485 5458 1534 5503 et
1562 5449 1839 5518 fermento.

335 5541 555 5595 Librum
599 5540 742 5594 hunc
787 5556 879 5595 seu
924 5540 1204 5610 epistolam
1241 5553 1362 5593 esse
1415 5538 1654 5594 Anseluti
1714 5554 1840 5607 pro-

261 5639 529 5687 testantur
584 5634 762 5688 omuia
807 5649 931 5687 cum
997 5647 1193 5688 excusa
1243 5641 1351 5686 tum
1400 5647 1529 5687 mss.
1569 5631 1842 5700 exernpla-

264 5721 345 5776 ria
395 5733 504 5777 :et
553 5722 668 5793 ipse
723 5721 1063 5777 Dodcchinus
1121 5721 1187 5777 ad
1233 5737 1358 5777 anu.
1419 5720 1592 5786 109i;
1636 5719 1729 5775 sed
1787 5729 1842 5773 et

1943 4542 2224 4614 epistolam
2248 4542 2315 4596 de
2343 4555 2566 4610 azymo,
2598 4549 2658 4594 ut
2679 4539 2793 4606 ipse
2821 4538 2873 4591 iu
2904 4535 3007 4590 line
3033 4535 3254 4604 hujusce
3283 4532 3531 4602 opusculi

1943 4631 2232 4703 signiﬁcat.
2259 4629 2461 4684 Deinde
2485 4642 2550 4681 ex
2575 4643 2624 4682 c.
2657 4626 2753 4681 ult.
2783 4623 3022 4696 epistolae
3053 4622 3359 4680 Waleranni
3385 4632 3438 4676 et
3466 4636 3533 4676 es

1944 4739 1994 4778 c.
2027 4723 2051 4777 1
2095 4720 2334 4790 epistola:
2363 4720 2538 4774 sancti
2564 4717 2799 4773 Ansclmi
2827 4723 3040 4771 constat
3067 4714 3208 4783 quod
3253 4721 3378 4767 tunc
3403 4710 3537 4764 Wa-

1944 4812 2196 4866 leranuus
2226 4809 2470 4865 Paschali
2494 4809 2535 4862 ll
2564 4817 2708 4863 esset
2725 4806 3105 4861 reconciliatus
3130 4845 3145 4869 ,
3179 4812 3233 4858 et
3260 4802 3394 4856 adeo
3436 4802 3535 4871 ipsi

1945 4903 2228 4960 familiaris
2255 4943 2269 4969 ,
2297 4911 2354 4957 ut
2383 4900 2735 4957 cardinalium
2760 4897 2872 4967 jam
2905 4906 3016 4951 tum
3063 4905 3202 4951 esset
3243 4908 3534 4950 consecre-

1945 4995 2113 5050 tarius
2137 5033 2154 5060 ,
2201 5002 2260 5047 ut
2301 4993 2470 5049 refert
2509 4990 2706 5044 Paulus
2735 4987 2970 5058 Langius
3015 4987 3070 5040 in
3101 4985 3371 5041 Chronico
3399 4983 3529 5038 Citio

1943 5085 2109 5141 zeusi.
2136 5085 2302 5156 Igitur
2340 5084 2595 5152 scriptam
2643 5094 2841 5136 censeo
2880 5079 3021 5134 hanc
3066 5077 3241 5132 sancti
3292 5074 3536 5130 Anselmi

1943 5176 2224 5246 epistolam
2266 5190 2410 5229 anno
2436 5171 2603 5235 “02,
2645 5185 2753 5240 quo
2787 5168 3081 5225 Auselmus
3112 5167 3366 5224 Ecclesia:
3395 5167 3536 5221 bono

1944 5275 2086 5322 totus
2108 5261 2754 5336 invigilavit,priusquam
2777 5275 2843 5314 ex
2866 5260 3059 5329 Anglia
3085 5259 3311 5313 Romam
3337 5257 3534 5310 iterum

1942 5366 2209 5428 pergeret,
2240 5371 2349 5424 quo
2377 5353 2626 5424 pervenit
2651 5353 2797 5408 circa
2823 5352 2982 5406 linem
3011 5349 3137 5404 anui
3170 5347 3327 5402 1105.
3364 5346 3428 5400 Et
3457 5346 3530 5400 ita

1944 5449 2001 5502 S.
2035 5447 2321 5502 Auselmus
2352 5461 2448 5516 per
2467 5443 2747 5500 duosistos
2783 5459 2870 5496 an.
2905 5439 3034 5493 1101
3071 5448 3124 5494 et
3153 5437 3290 5492 1102
3313 5435 3534 5503 scripsit

1943 5541 2137 5595 librum
2167 5539 2242 5592 De
2263 5541 2588 5609 processione
2619 5537 2844 5605 Spiritus
2876 5533 3060 5587 sancti.
3094 5531 3299 5586 Deinde
3328 5529 3526 5584 librum

1944 5632 2020 5685 De
2048 5648 2267 5700 azyma,
2309 5641 2366 5688 et
2400 5631 2615 5686 tandem
2657 5625 2937 5698 epistolam
2981 5623 3058 5681 De
3083 5631 3531 5680 sacramentorum

1945 5723 2273 5792 (li/fcrenti“.
