3882 6050
213 242 294 300 es
961 305 988 314 η
1329 245 1648 301 CENSUltA
1687 245 1970 303 OPEltUM
2009 247 2069 302 s.
2110 247 2429 304 ANSELML
3461 245 3532 302 es

549 357 802 412 Crassum
830 355 1146 425 Oﬂ'endiruli
1178 361 1530 412 sacerdotum.

305 446 420 502 llic
451 447 587 502 liber
636 455 820 502 exstat
861 447 1200 518 Cantabriga:
1231 449 1280 502 in
1340 465 1444 504 ms.
1471 449 1580 505 255
1625 449 1837 519 collegii

225 540 438 596 Sancti
461 537 737 592 Benedicti
761 578 776 601 ,
812 537 864 590 in
897 551 998 590 nis.
1031 537 1074 590 Ε
1103 537 1170 592 10
1197 537 1539 604 Corbeiensi,
1573 549 1628 596 et
1655 539 1706 594 in
1735 555 1836 594 ms.

225 630 289 686 S.
327 627 632 698 Ebrnlphi,
662 643 728 682 ex
755 643 868 696 quo
896 627 1072 695 ipsum
1095 627 1384 683 edidimus.
1441 628 1488 683 Is
1521 637 1698 682 tamen
1731 643 1838 682 non

227 725 386 779 aliud
419 733 693 792 estquam
717 731 1030 790 excerptum
1056 735 1120 776 ex
1153 721 1211 776 S.
1249 721 1490 776 Ansclmi
1521 721 1744 790 epistola
1773 721 1839 775 ad

227 816 596 872 Guillelmutn
630 817 919 880 abbatem,
952 831 1074 885 qua:
1095 813 1267 870 cstbti
1295 814 1330 868 1.
1373 829 1423 874 ι.
1461 823 1520 868 ιιι
1553 823 1842 884 utrumque

233 906 441 977 legenti
474 905 535 959 fit
559 905 803 961 evidens.
859 905 1014 960 Hunc
1044 912 1224 959 autem
1273 903 1618 960 Gnillelmum
1669 903 1843 960 Dede-

233 998 442 1053 chinus
475 997 548 1051 ad
577 1013 706 1050 ann.
739 996 879 1052 1094
915 997 994 1051 ait
1035 995 1204 1052 fuisse
1229 993 1481 1051 abbatem
1522 995 1840 1066 Dersagien-

235 1106 393 1156 sem;
433 1091 534 1146 sed
579 1089 750 1144 abbas
783 1089 1184 1160 llirsaugieusis
1223 1089 1422 1144 dicitur
1469 1088 1523 1142 in
1569 1088 1843 1145 veteribus

239 1181 600 1236 monimentis
626 1189 815 1236 contra
863 1181 1244 1236 schismaticos
1283 1195 1312 1234 a
1353 1180 1672 1236 Sebastiano
1697 1179 1838 1235 Ten-

239 1271 440 1343 gnagcl
464 1273 628 1327 editis
661 1286 806 1326 anno
850 1271 1026 1334 1612,
1066 1279 1122 1326 et
1153 1271 1286 1326 mihi
1339 1287 1368 1324 a
1414 1271 1726 1325 doctissimo
1777 1271 1839 1324 D.

241 1363 472 1417 Baiuzio
510 1361 958 1425 communicatis,
1011 1360 1100 1416 tibi
1158 1361 1274 1416 haec
1339 1361 1564 1430 cpistola
1625 1361 1840 1432 legitur.

239 1455 422 1521 Quam
447 1454 586 1509 falso
607 1453 818 1507 libellus
843 1453 932 1509 hic
952 1453 1256 1509 ascribatur
1282 1452 1522 1508 Ilonorio
1543 1453 1840 1524 Augustod.

243 1555 284 1600 t.
341 1545 432 1600 .\'l!
473 1546 608 1600 Bibl.
643 1545 744 1600 PP.
787 1560 851 1600 ex
877 1544 1116 1614 praefatis
1142 1545 1329 1615 liquet.

382 1637 636 1692 (lassum
669 1651 812 1692 una:
850 1636 925 1690 De
955 1637 1149 1706 nuptiis
1180 1637 1714 1707 consanguineorum.

315 1727 374 1780 In
425 1726 666 1782 editione
695 1725 998 1781 Coloniensi
1026 1702 1146 1780 ian.
1190 1727 1329 1782 1612
1375 1702 1650 1796 primum,
1701 1725 1844 1796 quod
1873 1702 1919 1762 Β

245 1817 450 1882 sciam,
479 1831 718 1872 excusas
749 1824 834 1870 est
865 1816 954 1870 hic
985 1817 1153 1883 liber,
1210 1827 1266 1872 et
1304 1817 1520 1886 quidem
1560 1817 1702 1872 inter
1729 1817 1846 1887 epi~

247 1907 438 1962 stolas.
471 1906 584 1962 Nos
609 1915 788 1962 tamen
837 1906 1006 1974 ipsam
1031 1945 1044 1971 ,
1073 1907 1198 1976 quia
1229 1907 1534 1978 dogmatiea
1563 1917 1674 1970 est,
1727 1905 1847 1961 aliis

247 2000 526 2069 opusculis
550 1998 914 2066 adjnuximus.
965 1997 1222 2054 Auselmo
1253 2007 1432 2052 autem
1464 1996 1844 2055 Cantuarieusi

245 2108 366 2146 eam
397 2089 712 2160 adiudicarit
737 2089 1020 2159 inscriptio
1059 2105 1182 2159 qua:
1210 2089 1354 2144 illius
1380 2103 1572 2144 nomen
1604 2087 1844 2156 prazfert,

251 2183 538 2236 Methodus
566 2183 865 2250 inquirendi
891 2183 1116 2235 rationes
1139 2197 1318 2234 eorum
1348 2195 1466 2250 qua:
1489 2180 1842 2241 observamus,

250 2285 300 2329 ct
325 2272 594 2328 sententia
616 2287 724 2342 qua
752 2271 805 2326 in
839 2285 888 2326 c.
912 2270 944 2326 6
965 2271 1166 2326 dicitur
1193 2284 1288 2340 per
1315 2269 1488 2324 Adam
1521 2277 1629 2322 tota
1655 2275 1846 2321 natura

255 2366 414 2422 fuisse
440 2374 730 2434 corrupta,
763 2364 886 2434 quia
921 2371 1030 2418 tota
1065 2375 1192 2416 tunc
1217 2361 1270 2416 in
1299 2361 1414 2431 ipso
1437 2369 1582 2424 erat,
1617 2368 1672 2414 et
1691 2367 1845 2414 extra

253 2473 372 2511 eum
402 2471 513 2510 non
535 2465 696 2510 erat:
733 2455 849 2508 lucc
871 2454 1015 2508 enim
1047 2453 1230 2508 omnia
1261 2450 1500 2506 Ansclmi
1540 2461 1687 2506 sunt.

325 2547 434 2601 Nec
455 2561 618 2616 quem
647 2559 866 2600 movere
910 2544 1074 2598 debet
1105 2543 1246 2612 quod
1271 2541 1560 2597 Anselmus
1593 2555 1642 2594 e.
1670 2540 1704 2594 5
1731 2549 1784 2596 et
1813 2539 1846 2592 7

253 2637 474 2706 lmjuscc
501 2637 624 2692 libri
653 2636 880 2691 deﬁniat
901 2633 1306 2688 matrimonium
1340 2633 1482 2687 inter
1510 2641 1770 2704 cognatos
1793 2632 1844 2686 in

252 2739 404 2784 sexto
429 2730 602 2800 gradu
627 2743 788 2799 posse
815 2725 1085 2790 contrahi,
1121 2739 1245 2780 cum
1277 2731 1456 2778 tamen
1490 2723 1543 2778 in
1572 2722 1845 2793 antiquio-

257 2821 404 2874 ribus
429 2818 600 2874 etiam
639 2817 847 2888 Anglia:
877 2814 1122 2870 conciliis
1146 2855 1161 2882 ,
1199 2819 1254 2869 et
1301 2813 1352 2868 in
1401 2811 1464 2868 iis
1509 2812 1705 2882 quibus
1733 2811 1848 2880 ipse

257 2911 470 2980 pnet'uit
497 2951 512 2975 ,
543 2909 814 2978 prohibita
844 2909 951 2963 sint
973 2905 1241 2962 connubia
1269 2919 1442 2974 usque
1466 2903 1534 2958 ad
1558 2901 1846 2973 septimum

257 3005 502 3073 gradum.
535 3001 658 3056 llam
691 3000 836 3054 enim
867 3013 986 3068 qua:
1035 2997 1250 3053 videtur
1295 2995 1633 3052 dissonantia
1687 2993 1848 3049 facile

257 3096 586 3160 concordat,
621 3094 666 3149 si
694 3095 1010 3148 attendatur
1049 3093 1192 3161 quod
1239 3105 1476 3148 canones
1507 3091 1648 3145 intra
1680 3090 1850 3160 septi-

259 3205 401 3244 mum
435 3188 661 3258 gradum
685 3183 934 3257 coniugia
963 3184 1341 3258 prohibuerint
1369 3183 1722 3252 quoadusque
1751 3197 1848 3254 pa-

262 3255 466 3336 rentela
491 3295 562 3334 ex
587 3255 1034 3347 alterutra—parte
1061 3255 1440 3346 ad'septimum
1473 3275 1698 3346 gradum
1723 3289 1850 3344 pcr-

263 3372 438 3426 veniat
457 3411 474 3437 ,
505 3380 566 3424 ut
587 3368 846 3438 exprimit
875 3368 1114 3439 synodus
1141 3366 1536 3422 Londonicnsis
1579 3366 1679 3420 sub
1707 3365 1850 3420 Lan-

265 3465 488 3528 I'ranco,
551 3476 694 3516 anno
747 3458 926 3525 1075,
980 3459 1117 3514 adeo
1161 3467 1220 3512 ut
1269 3457 1313 3512 si
1361 3471 1428 3512 ex
1459 3472 1562 3510 una
1590 3457 1852 3510 duntaxat

265 3565 406 3622 parte
429 3561 622 3607 sextus
645 3550 846 3620 gradus
871 3548 1176 3619 attingitur,
1205 3556 1260 3602 et
1281 3561 1345 3602 ex
1369 3547 1538 3601 altera
1565 3546 1848 3616 septimus,

268 3657 386 3700 tunc
417 3647 469 3700 in
503 3653 664 3698 sexto
685 3643 850 3712 gradu
872 3637 1278 3696 matrimonium
1311 3626 1481 3709 possit
1508 3639 1778 3693 contrahi.

327 3739 384 3792 P.
417 3735 734 3808 [{aynalJus
759 3736 900 3789 hunc
925 3734 1124 3788 nodum
1153 3739 1212 3787 ut
1235 3731 1490 3796 solveret,
1516 3732 1569 3786 in
1592 3747 1686 3786 sua
1713 3731 1852 3803 Syn-

267 3829 370 3881 Iaxi
399 3827 620 3882 censuit
643 3824 702 3880 S.
725 3825 1038 3880 Anselmum
1061 3839 1126 3878 eo
1155 3824 1260 3879 loci
1289 3821 1490 3894 gradus
1517 3823 1853 3893 cognationis

266 3927 604 3988 couuputasse
633 3932 738 3972 non
764 3933 792 3970 a
824 3915 996 3971 fratre
1013 3923 1070 3971 et
1095 3929 1282 3971 sorore
1305 3957 1318 3980 ,
1369 3914 1462 3970 sed
1509 3929 1538 3966 a
1573 3921 1768 3982 nepote
1797 3919 1854 3968 et

267 4021 454 4079 nepte,
502 4007 658 4076 juxta
699 4005 912 4061 concilii
949 4005 1438 4076 Salgnastadicnsis
1462 4003 1850 4059 definitionem.

269 4098 462 4153 Verum
492 4113 613 4166 qua:
634 4097 774 4153 ratio
801 4095 1054 4150 Anselmo
1083 4095 1184 4148 fuit
1215 4093 1320 4148 alio
1344 4095 1536 4148 ordine
1558 4093 1646 4148 hic
1669 4107 1860 4148 recen-

264 4201 386 4243 sere
416 4189 516 4242 hos
541 4187 741 4257 gradus
770 4201 930 4257 quam
965 4185 1018 4240 in
1041 4184 1180 4240 libro
1201 4184 1276 4238 De
1306 4199 1498 4254 azymo
1520 4191 1576 4238 et
1612 4183 1665 4236 in
1691 4197 1855 4238 cano-

267 4277 424 4330 uilms
471 4290 612 4345 quos
659 4276 774 4346 ipse
821 4273 1064 4330 condidit
1097 4274 1150 4328 in
1179 4272 1505 4329 Loudiuensi
1557 4287 1712 4329 conc.
1764 4287 1852 4327 an.

269 4367 450 4420 “0‘2?

326 4457 474 4513 Nihil
508 4475 636 4529 ergo
669 4470 932 4531 repugnat
957 4499 972 4524 ,
995 4456 1090 4514 sed
1115 4457 1296 4512 omnia
1321 4457 1550 4511 suadent
1579 4456 1719 4511 hanc
1746 4454 1858 4525 epi-

265 4551 456 4606 stolam
487 4558 554 4606 ab
584 4551 840 4607 Anselmo
868 4552 1124 4621 scriptam
1159 4549 1342 4604 fuisse.
1387 4549 1494 4603 Sed
1517 4549 1601 4603 cui
1621 4587 1635 4612 ,
1669 4559 1724 4602 ct
1751 4563 1858 4616 qua

264 4653 424 4698 attate
444 4683 460 4706 ,
495 4659 601 4698 non
632 4653 718 4698 est
743 4645 885 4698 unde
913 4641 1223 4713 conjiciam.
1255 4639 1546 4710 Inscriptio
1571 4639 1689 4708 ejus
1738 4654 1859 4692 tnu-

271 4733 356 4786 tila
379 4743 460 4788 est
485 4775 500 4796 ,
541 4749 735 4787 nomen
767 4734 910 4787 enim
936 4731 1054 4801 ejus
1081 4733 1166 4788 cui
1199 4729 1457 4786 scribitur
1483 4745 1588 4784 non
1621 4729 1817 4800 legitur
1841 4767 1857 4794 ,

269 4839 366 4878 nec
387 4825 676 4880 Anselmus
703 4825 1144 4894 archiepisc0pus
1173 4831 1418 4877 vocatur.
1449 4821 1860 4876 Murierdareho

265 4916 380 4970 sire
425 4917 842 4972 Murcbcrlacbo
893 4915 1164 4972 Hibernia:
1196 4915 1352 4984 regi,
1403 4922 1463 4968 ut
1503 4921 1858 4984 cognatorum

265 5006 512 5076 coniugia
543 5009 874 5076 prohibeat,
931 5007 990 5062 S.
1020 5006 1307 5061 Anselmus
1349 5004 1534 5059 scribit
1577 5003 1860 5073 epistolam

263 5111 382 5164 qua:
411 5108 493 5152 est
521 5097 625 5153 149.
655 5097 776 5153 libri
797 5113 877 5162 ιιι,
914 5105 968 5152 et
996 5097 1066 5153 ab
1094 5111 1159 5152 eo
1194 5111 1318 5162 rege
1353 5095 1420 5150 ad
1453 5094 1510 5149 ὃ.
1542 5093 1858 5148 Anselmum

263 5187 458 5242 missas
493 5189 753 5257 epistolas
787 5204 932 5244 anno
965 5188 1104 5243 1095
1149 5195 1204 5242 et
1241 5187 1378 5242 1096
1425 5201 1522 5256 pro
1564 5201 1856 5241 consecra-

267 5277 410 5330 tione
447 5279 690 5348 episcopi
723 5279 1066 5334 Dublincnsis
1107 5286 1164 5332 et
1190 5277 1428 5347 episcopi
1470 5275 1820 5332 Watafcrdim
1841 5317 1857 5340 ,

265 5369 336 5423 ab
366 5369 636 5426 Eadtnero
685 5371 740 5425 in
785 5371 819 5426 Ι.
853 5387 890 5426 ιι
925 5369 1062 5424 Hist.
1118 5385 1242 5424 nov.
1297 5369 1573 5424 discimus.
1611 5369 1762 5424 Unde
1793 5369 1862 5423 ab

263 5460 522 5515 Anselmo
549 5461 616 5516 ad
644 5463 932 5530 (proludunt
962 5461 1102 5516 forte
1141 5461 1436 5516 llibernum
1467 5475 1532 5514 eo
1572 5469 1816 5529 tempore
1843 5499 1858 5525 ,

263 5553 476 5608 scilicet
517 5553 664 5608 circa
715 5570 919 5608 emtum
976 5553 1156 5620 1096,
1211 5553 1469 5622 scriptam
1513 5552 1676 5608 fuisse
1726 5551 1862 5607 hanc

263 5643 550 5715 cpistolmn
573 5655 845 5716 utcunque
867 5647 1060 5716 conjici
1097 5654 1290 5717 potest.

2229 359 2472 417 (lessons
2515 376 2728 418 omne!
2771 361 2846 416 De
2881 362 3238 432 grammatico.

1943 449 2101 521 (Vide
2129 465 2414 506 censuram
2443 451 2640 522 dialogi
2679 453 2758 507 De
2792 470 2918 507 casu
2949 449 3182 520 diaboli,
3237 461 3292 508 ct
3333 449 3527 522 dialogi

2544 541 2623 598 De
2664 543 2924 614 ueritate.)

2411 633 2660 690 Clausum
2703 634 3067 691 llontusnun.

2013 721 2459 795 Quandoquidem
2487 724 2777 794 pastoralis
2825 735 2909 779 est.
2939 723 3179 780 muneris
3227 723 3394 778 verbo
3435 723 3529 779 Dei

1944 833 2160 888 gregem
2209 827 2459 886 pascere,
2499 815 2842 880 Anselmum,
2885 817 2978 886 qui
3029 815 3278 870 facundia
3323 825 3380 870 et
3415 814 3532 868 zelo

1944 908 2012 962 ad
2067 907 2354 963 dicendum
2408 915 2688 977 promptus
2734 919 2948 975 semper
2999 920 3064 960 ac
3109 915 3329 974 paratus
3377 911 3528 966 erat,

1945 1011 2249 1054 sermonem
2281 997 2348 1051 ad
2387 995 2640 1067 pepulum
2681 994 2990 1065 frequenter
3015 995 3268 1052 habuisse
3307 1011 3412 1050 non
3451 1003 3535 1049 est

1943 1089 2086 1144 unde
2124 1089 2247 1159 quis
2276 1087 2503 1143 dubitet.
2537 1087 2833 1142 Eadmerus
2881 1101 3006 1141 eum
3055 1087 3286 1143 diversis
3317 1088 3369 1142 in
3401 1086 3534 1142 locis

1945 1181 2326 1236 concionatum
2359 1178 2522 1234 fuisse
2557 1185 2804 1232 testatur.

2015 1273 2092 1326 Ex
2109 1271 2362 1327 omnibus
2385 1280 2565 1326 autem
2591 1267 2766 1326 sancti
2787 1268 3026 1324 Anselmi
3055 1266 3395 1322 sermonibus
3421 1266 3536 1322 sive

1947 1363 2181 1419 homiliis
2207 1364 2548 1434 paucissima:
2568 1373 2795 1419 restant.
2836 1364 2891 1417 In
2925 1361 3163 1430 antiquis
3183 1361 3533 1420 editionibus.

1945 1457 2198 1514 videlicet
2224 1458 2430 1513 duabus
2453 1455 2728 1520 Gothicis,
2759 1472 2864 1510 una
2899 1453 3351 1521 Nurembcrgcnsi
3392 1467 3536 1506 anno

1952 1547 2076 1602 1491
2111 1591 2126 1614 ,
2175 1563 2281 1602 una
2305 1556 2358 1602 ct
2384 1547 2552 1602 altera
2587 1545 2877 1602 Parisiensi
2924 1559 3068 1600 anno
3111 1543 3248 1598 1544
3280 1553 3333 1598 et
3363 1543 3535 1610 15M),

1947 1655 2053 1692 una
2086 1637 2291 1693 Veneta
2323 1653 2414 1692 an.
2466 1637 2604 1693 1549
2631 1679 2645 1702 ,
2705 1638 2860 1693 unica
2897 1635 3118 1692 homilia
3155 1643 3370 1701 exstat,
3417 1651 3539 1706 qua:

1949 1739 2031 1785 est
2057 1731 2108 1784 in
2131 1729 2304 1785 illud:
2349 1729 2574 1785 Intravit
2596 1729 2777 1796 Iesus,
2807 1739 2916 1784 etc.
2961 1727 3028 1782 Et
3075 1727 3129 1781 in
3165 1727 3354 1783 Colon.
3396 1741 3539 1780 anno

1909 1863 1922 1881 .
1950 1823 2088 1877 1575
2116 1822 2348 1892 primum
2371 1821 2511 1893 typis
2535 1821 2674 1876 data:
2702 1831 2828 1877 sunt
2852 1823 3223 1878 enarrationes
3245 1835 3338 1876 seu
3367 1819 3540 1874 homi-

1950 1913 2034 1968 lite
2061 1913 2114 1968 in
2143 1913 2347 1983 aliquot
2372 1912 2687 1985 evangelia,
2737 1920 2790 1966 et
2825 1913 2876 1966 in
2909 1913 3034 1966 illud
3065 1911 3230 1966 Eccli.
3265 1925 3394 1964 xxiv
3417 1927 3438 1980 _:
3471 1909 3540 1964 In

1949 2006 2189 2060 omnibus
2247 2003 2508 2076 requisiit,
2567 2014 2672 2060 etc.
2714 2003 2955 2059 Ansclmi
3008 2003 3266 2058 Cantuar.
3297 2001 3558 2070 archiep.-

1949 2111 2145 2151 nomen
2185 2093 2555 2165 prmfercnlcs.

2020 2185 2200 2240 Altera
2239 2184 2576 2240 Coloniensis
2605 2199 2748 2238 anno
2779 2183 2949 2250 1612,
3001 2189 3057 2238 et.
3103 2181 3348 2252 Lugdun.
3399 2193 3540 2234 anno

1951 2276 2088 2332 1650
2113 2317 2126 2342 ,
2160 2277 2380 2332 easdem
2413 2275 2602 2330 eodem
2635 2274 2854 2330 nomine
2895 2274 3178 2329 dederunt.
3227 2273 3375 2342 lpsas
3411 2287 3542 2338 ergo

1949 2383 2012 2422 ea
2047 2365 2150 2421 lidc
2174 2408 2188 2434 ,
2231 2365 2332 2421 etsi
2363 2364 2511 2419 nullo
2547 2363 2688 2434 quod
2743 2363 2972 2418 viderim
3019 2379 3122 2417 ms.
3168 2361 3500 2430 sulfragante
3523 2401 3538 2422 .

1950 2459 2192 2529 nihilque
2235 2457 2302 2512 de
2352 2457 2484 2526 ipsis
2535 2456 2802 2511 Eadmero
2851 2453 3187 2526 proferente,
3236 2453 3539 2515 edidimus;

1949 2549 2082 2606 nihil
2109 2559 2289 2604 tamen
2322 2547 2445 2602 inde
2468 2555 2773 2602 asserentes
2794 2588 2809 2612 ,
2865 2545 2958 2600 sed
3001 2543 3143 2613 quod
3192 2543 3499 2612 accepimus
3525 2582 3540 2604 ,

1952 2643 2245 2700 tradentes.
2307 2639 2564 2696 Ordinem
2629 2639 2898 2694 duntaxat
2949 2637 3387 2700 immutavimus,
3450 2649 3544 2689 eas

1948 2731 2284 2803 disponendo
2303 2730 2462 2801 juxta
2489 2729 2686 2786 seriem
2716 2728 2958 2784 locorum
2991 2726 3308 2798 Scriptum,
3334 2739 3456 2794 qua:
3487 2724 3540 2778 in

1951 2825 2035 2880 bis
2056 2831 2424 2894 exponuntur.

2017 2918 2326 2974 Adnotasse
2351 2913 2581 2971 suiliciat
2603 2913 2790 2969 eodem
2816 2911 2956 2983 slylo
3012 2919 3068 2966 et
3117 2925 3278 2965 sensu
3309 2907 3546 2977 scriptas

1950 3025 2072 3066 esse
2127 3007 2436 3078 hujusmodi
2503 3005 2757 3061 bomilias
2815 3019 2924 3073 quo
2981 3011 3037 3058 et
3075 3002 3446 3058 enarrationes
3490 3000 3544 3053 in

1952 3099 2143 3154 Matth.
2179 3113 2316 3169 quas
2342 3095 2685 3151 Coloniensis
2729 3093 2900 3148 editio
2935 3093 2988 3146 in
3019 3091 3209 3147 eodem
3237 3089 3507 3143 volumine
3527 3129 3543 3153 ,

1951 3189 2194 3246 Anselmi
2226 3189 2445 3244 neruine
2473 3187 2696 3258 prteiixo
2723 3226 2739 3253 ,
2769 3185 3062 3255 compegit.
3090 3183 3145 3239 Id
3169 3181 3324 3237 facile
3353 3196 3545 3236 secun-

1952 3283 2078 3338 dum
2111 3296 2199 3336 me
2219 3281 2491 3336 discernet
2519 3279 2768 3349 quisquis
2802 3278 3008 3347 pariter
3053 3291 3115 3331 ea
3169 3275 3286 3330 loca
3335 3289 3454 3344 qua:
3492 3273 3546 3326 in

1952 3373 2196 3441 utrisque
2226 3369 2500 3442 explorata
2529 3377 2654 3424 sunt
2691 3369 2920 3424 invicem
2953 3367 3266 3422 contulerit.

2022 3466 2246 3522 Omnia:
2276 3465 2493 3535 quidem
2517 3463 2570 3518 in
2609 3479 2711 3519 ms.
2749 3463 2856 3518 242
2892 3462 3022 3518 bibl.
3071 3461 3301 3516 Mcrton.
3330 3467 3549 3514 exstant

1953 3557 2193 3613 bomiliae
2220 3555 2282 3611 Β.
2310 3555 2550 3612 Ausclmi
2576 3571 2591 3622 ;
2621 3555 2716 3611 sed
2744 3569 2863 3626 qum
2887 3561 2942 3610 et
2963 3563 3126 3624 quot,
3176 3552 3385 3608 discere
3439 3565 3546 3604 non

1953 3649 2123 3719 potui.

2023 3739 2082 3794 in
2111 3755 2213 3794 ms.
2240 3738 2278 3794 S
2303 3739 2370 3795 15
2393 3736 2856 3807 SanctiEbrulpbi
2884 3753 2988 3791 una
3017 3735 3236 3791 homilia
3265 3733 3460 3805 legitur
3481 3748 3549 3788 eo

1956 3829 2146 3885 titulo:
2177 3827 2410 3882 Ansélmi
2431 3845 2599 3883 sermo
2621 3829 2674 3882 in
2703 3845 2722 3879 ι
2753 3825 2944 3880 Videas
2966 3825 3118 3880 Jesus
3137 3825 3337 3888 turbas,
3371 3841 3389 3874 ι
3415 3833 3546 3886 etc.,

1955 3921 2095 3976 hanc
2122 3921 2189 3973 ad
2219 3933 2318 3973 nos
2347 3917 2721 3973 trausmissam
2753 3915 2945 3969 ordine
2992 3913 3286 3969 secundam
3339 3912 3550 3966 cmteris

1956 4009 2301 4064 inseruimus.

2031 4097 2204 4154 Unam
2243 4111 2457 4166 quoque
2511 4095 2562 4150 in
2615 4093 2742 4148 illud
2772 4092 3014 4164 Apostoli
3051 4109 3065 4146 :
3108 4092 3332 4147 Decebat
3375 4091 3548 4156 enim,

1957 4198 2089 4253 etc.,
2123 4187 2420 4258 adiecimus
2445 4202 2509 4241 ex
2535 4201 2634 4240 ms.
2673 4184 2837 4240 Corb.
2870 4183 2908 4238 S
2929 4183 3064 4248 596,
3105 4185 3206 4238 hoc
3228 4181 3380 4237 titulo
3411 4200 3424 4236 :
3453 4179 3550 4236 Se-

1958 4281 2187 4336 cundum
2213 4280 2522 4348 magistrum
2577 4279 2881 4332 Anschunm
2928 4293 3086 4347 super
3127 4293 3327 4330 t'et'snnt
3355 4275 3502 4328 illum
3529 4289 3550 4328 :

1888 4381 1936 4441 ο
1965 4391 1983 4424 ι
2018 4370 2243 4424 Decebat
2274 4371 2410 4424 enim
2451 4387 2468 4422 ι
2494 4409 2510 4433 ,
2545 4377 2652 4424 etc.

2033 4463 2106 4517 Ea
2133 4476 2294 4531 porro
2317 4475 2438 4532 quin
2466 4461 2622 4516 estin
2657 4459 2784 4513 illud
2816 4477 2830 4512 :
2863 4458 3088 4514 Intrarit
3109 4459 3266 4513 Jcsus
3285 4498 3300 4515 .
3333 4467 3464 4525 ctc.,
3494 4465 3552 4514 et

1961 4567 2121 4623 quam
2145 4566 2341 4606 nonam
2373 4550 2685 4618 posuimus,
2735 4549 2788 4603 in
2835 4550 3088 4604 omnibus
3121 4565 3243 4603 cum
3277 4565 3405 4605 mss.
3438 4559 3551 4605 tum

1960 4644 2120 4700 editis
2147 4643 2310 4698 etiam
2339 4641 2739 4710 antiquioribus
2771 4639 3056 4709 reperitur.
3085 4639 3144 4693 ln
3183 4655 3312 4696 mss.
3353 4655 3550 4696 nomen

1961 4733 2197 4790 Anschni
2235 4731 2482 4803 prtefert,
2511 4743 2566 4786 et
2587 4733 2732 4786 hunc
2759 4730 2970 4785 titulum
3011 4730 3173 4785 habet
3203 4731 3256 4783 in
3287 4745 3388 4785 ms.
3415 4731 3554 4784 1106

1961 4827 2099 4883 Bibl.
2129 4826 2309 4896 Regim
2339 4842 2353 4878 :
2383 4823 2449 4878 1η
2476 4822 2834 4888 assumptione
2857 4821 2919 4873 Β.
2949 4818 3159 4882 Μανίαν,
3190 4818 3466 4872 Anselmus
3497 4819 3554 4871 iu

1962 4917 2096 4972 illud
2129 4933 2144 4970 :
2191 4934 2210 4967 ι
2251 4914 2511 4978 Intravit,
2551 4931 2569 4964 ι
2603 4920 2709 4967 etc.
2743 4911 2798 4965 In
2835 4925 2937 4964 ms.
2962 4909 3126 4965 Corb.
3162 4909 3200 4962 Ρ
3221 4907 3344 4972 507,
3369 4905 3552 4961 Sermo

1963 5007 2193 5064 Anselmi
2221 5009 2273 5059 in
2299 5006 2688 5076 Assumptione,
2729 5005 2786 5058 in
2815 5003 2947 5056 illud
2977 5015 2995 5054 :
3032 5021 3050 5054 ι
3089 4999 3310 5055 Intravit
3333 5041 3348 5064 ,
3386 5018 3404 5051 ι
3438 5009 3548 5054 etc.

1961 5098 2020 5153 In
2045 5113 2146 5153 ms.
2179 5095 2284 5154 596
2311 5096 2504 5158 Corb.,
2529 5093 2614 5148 Ea:
2635 5093 2791 5148 dictis
2811 5093 3012 5148 dontini
3029 5090 3265 5146 Anselmi
3285 5090 3550 5156 archiepi-

1961 5190 2124 5260 scopi.
2155 5189 2212 5244 ln
2243 5203 2342 5243 ms.
2362 5184 2636 5244 Breviario
2649 5184 2903 5240 Ecclesia!
2921 5179 3374 5240 Carcassoncnsis
3402 5197 3415 5234 :
3451 5177 3551 5234 Pro

1964 5281 2096 5352 [esto
2151 5277 2540 5348 Assumptiouis
2584 5275 2652 5331 Β.
2707 5276 2898 5332 Maria:
2963 5273 3234 5344 Virginis:
3271 5290 3292 5323 ι
3343 5271 3412 5326 In
3461 5273 3552 5327 illo

1963 5383 2218 5441 tempore,
2252 5370 2494 5434 intravit,
2533 5387 2552 5420 ι
2583 5377 2690 5424 etc.
2724 5367 2960 5421 Mamilia
2990 5363 3298 5419 venerabilis
3321 5364 3554 5419 Auselmi

1963 5463 2192 5531 archiep.
2223 5460 2460 5516 Consule
2491 5461 2673 5514 varias
2697 5458 2973 5512 lectiones.

2036 5550 2183 5605 lianc
2214 5550 2491 5605 homiliam
2544 5549 2602 5602 S.
2641 5545 2928 5600 A-nschnus
2957 5561 2986 5598 a
3032 5544 3316 5600 Guillebno
3357 5543 3556 5597 abbate

1966 5642 2276 5700 [iiscaucusi
2309 5651 2364 5700 ct
2401 5642 2468 5698 ab
2493 5635 2717 5695 Arnulfo
2745 5637 3078 5694 Troarncusi
3102 5637 3296 5694 abbate
3335 5644 3558 5705 rogatus
