3882 6054
308 189 376 244 97

1318 184 1376 236 S.
1410 182 1778 238 ANSELMUS
1827 182 2183 243 CANTUAB.
2215 178 2534 244 ABCIIIEP.

307 298 554 371 scripsit,
578 306 638 354 ut
663 296 923 356 discimus
963 311 1029 353 ex
1070 296 1186 368 ejus
1224 293 1445 366 prologo
1489 309 1648 364 quem
1687 310 1754 351 ex
1785 310 1887 351 ms.
1920 301 1968 361 Α
1996 297 2357 366 contulimus,
2390 300 2485 357 sed
2512 300 2564 356 in
2595 301 2744 360 nullo
2770 317 2834 360 ex
2857 306 2941 364 his
2971 323 3168 367 nomen
3197 315 3371 371 sancti
3403 315 3594 374 Ausel-

303 395 469 450 Corb.
501 392 790 449 edidimus.

373 485 529 554 Quod
568 501 689 541 eam
734 483 1015 555 scripserit
1039 480 1275 538 nondum
1324 480 1797 552 archiepiscopus,
1838 491 1895 539 et

300 579 528 649 proinde
556 589 685 634 ante
714 593 804 633 an.
833 576 988 641 1095,
1027 575 1142 644 ipse
1166 573 1301 629 satis
1326 572 1528 629 indicat
1554 572 1613 628 in
1642 573 1890 646 prologo,

300 672 392 728 ubi
442 672 522 727 ait
570 688 632 728 se
673 686 740 727 ex
787 667 1092 727 obedientia
1139 666 1285 722 illam
1315 666 1518 737 scripto
1558 666 1844 722 tradidisse
1871 707 1887 733 ,

299 778 462 833 quam
489 763 609 832 plus
636 776 797 832 quam
827 759 998 816 semel
1026 758 1081 814 in
1108 766 1376 815 conventu
1402 756 1628 812 fratrum
1654 758 1886 814 dixerat.

301 854 515 925 Scripta
549 853 731 923 itaque
781 859 867 906 est
905 850 974 906 ab
1003 864 1146 905 anno
1191 847 1363 914 1088,
1422 862 1529 918 quo
1577 847 1890 917 Arnulphus

298 945 506 1002 electus
547 954 630 1000 est
664 944 832 1000 abbas
869 941 1102 997 Troaru.
1144 941 1301 1011 juxta
1328 940 1638 997 Chronicon
1666 938 1888 995 Goferni

297 1038 366 1093 ab
404 1044 627 1092 auctore
653 1036 755 1107 pire
798 1035 1066 1091 Neustrize
1091 1034 1313 1089 citatum
1345 1033 1397 1089 in
1424 1049 1475 1090 c.
1503 1034 1539 1088 2
1572 1032 1648 1088 De
1671 1031 1887 1087 abbatia
1926 1072 1929 1073 ν

297 1125 622 1180 Troarnensi
642 1165 660 1192 ,
690 1125 759 1187 ad
787 1140 990 1178 annum
1015 1123 1151 1179 1095
1176 1162 1191 1188 ,
1233 1137 1342 1192 quo
1369 1120 1658 1178 Auselmus
1695 1118 1887 1176 Eccle-

296 1217 390 1272 siae
418 1214 794 1272 Cantuarieusi
819 1214 1112 1285 prmfectus'
1134 1224 1240 1271 est.
1332 1256 1347 1269 κ

367 1306 696 1378 Deniquein
721 1321 824 1360 ms.
852 1304 985 1361 bibl.
1015 1304 1147 1358 clar.
1189 1303 1254 1358 γ.
1289 1303 1354 1358 D.
1380 1303 1537 1372 Bigot
1564 1311 1743 1357 exstat
1778 1318 1883 1357 una

294 1399 514 1454 humilia
560 1399 642 1454 sic
691 1398 991 1468 inscripta:
1049 1395 1241 1465 Incipit
1295 1394 1514 1449 humilia
1554 1392 1621 1446 Β.
1651 1392 1886 1448 Αιιεεέηιί

292 1509 449 1562 super
473 1490 777 1558 Joannem,
826 1490 890 1544 de
937 1489 1152 1559 planctu
1180 1487 1555 1559 Magdalenre;
1603 1487 1719 1541 lucc
1768 1486 1884 1555 ipsa

290 1590 372 1637 est
403 1596 521 1650 qua:
548 1580 764 1652 Origeni
799 1580 955 1650 vulgo
998 1580 1093 1635 sed
1145 1578 1280 1634 falso
1316 1578 1590 1632 tribuitur.
1631 1576 1884 1644 Quando-

1995 389 2069 446 mi
2104 389 2286 446 habet.
2322 391 2436 448 lmo
2470 392 2525 448 in
2571 409 2673 451 ms.
2711 395 2842 453 bibl.
2873 400 3209 474 Aldenhurg.
3239 420 3467 463 carmen
3511 409 3589 465 De

1994 490 2308 553 contemptu
2364 486 2548 540 mundi
2597 488 2856 544 tribuitur
2906 490 3186 550 Bernardo
3220 496 3585 555 Cluniacensi.

1992 570 2050 626 In
2078 588 2181 628 ms.
2212 574 2478 631 Gemmet.
2513 576 2575 634 C.
2606 577 2677 633 70
2710 579 2818 635 duo
2845 593 2974 638 sunt
3017 587 3258 641 carmina
3286 590 3360 644 De
3400 591 3588 646 mundi

1993 672 2357 735 contemptu:
2401 682 2568 724 unum
2610 672 2755 740 quod
2815 673 3005 744 incipit
3054 694 3069 730 :
3130 675 3351 733 Cartula
3406 690 3590 735 nostra

1992 753 2116 819 tibi,
2145 763 2277 821 etc.,
2307 754 2538 811 alterum
2569 771 2652 813 est
2683 758 2813 816 illud
2843 764 2987 832 quod
3034 764 3276 822 Ansehni
3321 768 3588 839 operibus

1992 843 2262 912 adjectum
2290 885 2305 911 ,
2344 856 2400 901 et
2428 847 2770 906 intilulatur:
2813 852 3150 911 Claudianus
3184 859 3254 911 ad
3279 856 3586 916 monachos.

1995 933 2050 989 In
2084 951 2188 990 ms.
2228 935 2385 992 Becc.
2423 937 2470 992 Κ
2505 939 2572 994 10
2602 939 2835 1012 Rogerio
2857 942 3097 1001 Cadomo
3146 949 3415 1004 monacho
3453 951 3587 1005 Bec-

1991 1027 2139 1082 censi
2176 1028 2488 1084 ascribitur.
2521 1029 2674 1087 Unde
2701 1035 2831 1103 quid
2868 1036 3010 1106 juris
3046 1039 3336 1096 Anselmus
3382 1043 3585 1099 habeat

1991 1117 2044 1171 iu
2081 1117 2133 1172 id
2162 1118 2378 1189 operis,
2409 1120 2637 1176 definire
2660 1138 2764 1179 non
2799 1127 2995 1183 audeo.
3026 1128 3225 1185 Verum
3256 1131 3473 1201 quidem
3501 1143 3587 1189 est

1990 1206 2132 1261 imae
2156 1205 2214 1261 S.
2239 1208 2517 1265 doctorem
2545 1213 2833 1270 nonnullos
2858 1230 3051 1273 versus
3071 1226 3128 1273 et
3155 1219 3507 1277 hexametros
3526 1234 3586 1279 et.

1991 1307 2357 1368 pentametros
2384 1304 2778 1371 composuisse;
2814 1315 2872 1358 at
2894 1307 3022 1376 quid
3046 1308 3171 1363 inde
3193 1312 3585 1381 consequitur?

1992 1389 2167 1445 Unum
2198 1392 2426 1447 dixerim
2450 1434 2465 1460 ,
2505 1409 2727 1450 carmen
2767 1397 2907 1451 istud
2945 1414 2976 1452 a
3006 1400 3276 1454 monacho
3321 1403 3413 1470 qui
3457 1419 3585 1457 san-

1987 1488 2130 1532 ctam
2164 1480 2402 1550 regulam
2428 1490 2512 1536 est
2537 1484 2849 1552 professus,
2873 1490 3235 1558 compositum
3263 1506 3402 1547 esse.
3432 1491 3491 1545 in
3516 1509 3581 1549 eo

1987 1571 2130 1623 enim
2161 1570 2314 1640 plura
2344 1573 2410 1627 ad
2438 1584 2672 1629 tuentem
2705 1577 2901 1645 regulze
2930 1579 3108 1634 sancti
3150 1580 3424 1636 Benedicti
3453 1597 3581 1651 pro-

291 1647 508 1743 quidem
539 1647 672 1725 vero
697 1686 803 1726 non
827 1647 986 1740 plane
1011 1670 1140 1724 mihi
1171 1677 1521 1724 constateam
1550 1682 1671 1723 esse
1694 1667 1884 1722 Ansel-
1916 1647 1959 1701 Β
1986 1661 2262 1730 ferantur,
2296 1671 2355 1718 ut
2397 1679 2520 1718 cum
2548 1666 2614 1719 ad
2661 1680 2757 1721 eos
2777 1682 3037 1737 expresse
3062 1669 3303 1739 loquitur
3337 1672 3429 1740 qui
3463 1687 3580 1725 mo-

290 1761 388 1825 mi,
424 1768 478 1814 et
499 1760 741 1830 pluribus
767 1759 888 1815 aliis
918 1760 971 1814 in
995 1758 1128 1815 locis
1147 1759 1288 1814 edita
1311 1758 1561 1823 habetur,
1587 1757 1706 1813 ideo
1736 1756 1882 1811 illam

288 1849 617 1905 dimisimus.

691 1938 940 1996 Cessuna
983 1930 1450 1994 Exltortationum.

356 2034 493 2089 Istas
515 2034 920 2089 exhortationes
951 2048 1044 2088 seu
1072 2035 1366 2087 sententias
1407 2030 1471 2086 P.
1509 2027 1839 2099 TheOpbilus
1864 2067 1878 2093 ,

286 2128 517 2195 ntscio,
555 2128 763 2197 primus
784 2127 985 2182 emisit.
1028 2125 1184 2182 Unde
1227 2140 1324 2180 eas
1370 2124 1623 2180 habuerit
1671 2131 1728 2178 et
1773 2136 1881 2191 quo

286 2214 403 2285 iure
429 2231 522 2272 eas
544 2226 735 2272 sancto
757 2216 1013 2271 Anselmo
1042 2215 1390 2285 ascripserit,
1420 2228 1518 2268 nos
1544 2214 1811 2268 sciremus
1833 2211 1881 2266 si

284 2310 400 2380 ipse
433 2310 732 2376 docuisset;
787 2324 851 2365 ea
910 2309 1075 2379 igitur
1118 2324 1239 2378 qua:
1273 2308 1323 2362 ei
1348 2307 1577 2362 debetur
1625 2304 1731 2361 fide
1761 2305 1881 2360 illas

283 2400 428 2455 inter
459 2400 632 2455 sancti
659 2398 904 2454 Anselmi
929 2399 1106 2467 Opera
1134 2396 1429 2452 edidimus.

354 2490 530 2548 Unum
557 2492 688 2546 mihi
719 2498 956 2558 constat,
986 2490 1130 2562 ipsas
1169 2505 1200 2545 a
1237 2490 1503 2546 monacho
1530 2489 1879 2546 Benedictino

280 2584 644 2653 conscriptas.
672 2582 885 2637 Etenim
930 2582 1113 2652 plures
1142 2596 1207 2638 ex
1240 2583 1413 2638 sancti
1466 2584 1741 2640 Benedicti
1792 2599 1879 2638 re-

280 2674 406 2745 guia
434 2673 677 2730 collectae
708 2682 865 2739 sunt;
915 2683 975 2729 ut
1011 2689 1136 2729 cum
1162 2674 1401 2729 dicitur:
1432 2673 1541 2729 Cur
1568 2675 1721 2729 malis
1745 2676 1879 2730 acti-

280 2764 376 2819 bus
403 2765 508 2820 tuis
538 2767 819 2820 contristas
843 2764 1059 2819 Patrem
1090 2766 1384 2836 piissimum
1418 2767 1510 2837 qui
1562 2777 1611 2821 te
1651 2768 1708 2821 in
1736 2767 1878 2836 ﬁlio-

281 2875 400 2913 rum
434 2874 650 2913 numero
672 2857 919 2928 dignatus
945 2865 1021 2911 est
1056 2864 1379 2928 computare.
1412 2855 1543 2911 Item
1572 2874 1586 2911 :
1646 2856 1728 2913 Ne
1754 2858 1877 2912 irri-

278 2958 423 3003 tatus
453 2947 712 3002 Dominus
761 2946 918 3002 malis
979 2947 1086 2999 tuis
1142 2956 1198 3000 ut
1251 2946 1874 3016 nequissimum'servum

276 3050 577 3111 perpetuam
620 3039 795 3094 tradat
836 3038 906 3093 ad
950 3053 1190 3108 poenam,
1254 3046 1362 3094 etc.
1412 3037 1585 3095 Item:
1642 3038 1872 3093 JEterno

277 3129 410 3199 Regi
430 3129 755 3183 militaturus
775 3128 999 3198 propriis
1026 3126 1340 3182 abrenuntia
1368 3127 1741 3196 voluntatibus,
1761 3139 1870 3184 etc.

197 3205 202 3209 ’
276 3219 447 3273 Item:
480 3220 608 3289 Age,
644 3218 771 3272 dum
805 3228 992 3285 vacat,
1045 3219 1185 3290 quod
1216 3221 1271 3273 in
1301 3229 1558 3274 a’ternum
1604 3220 1868 3290 expediat.

274 3312 406 3378 Quae
433 3311 615 3367 omnia
645 3311 699 3367 in
739 3310 797 3367 S.
824 3312 1025 3384 regula:
1059 3312 1280 3383 prologo
1317 3328 1576 3383 expressa
1623 3323 1769 3367 sunt.
1802 3312 1871 3368 Et

274 3418 399 3457 cum
437 3403 637 3458 dicitur
669 3422 681 3457 :
718 3400 848 3458 Esto
879 3405 1020 3458 omni
1051 3404 1248 3458 vilitate
1279 3403 1357 3458 vel
1380 3407 1711 3458 extremitate
1743 3420 1871 3458 con-

274 3503 468 3547 tentus.
500 3493 632 3548 ltcm
660 3512 673 3548 :
708 3490 1006 3548 Pronuntia
1045 3504 1095 3550 te
1121 3495 1360 3549 omnibus
1397 3494 1633 3549 uiliorem
1660 3534 1677 3560 ,
1723 3495 1868 3564 quod

272 3584 327 3637 in
359 3599 411 3638 c.
443 3584 477 3639 5
508 3583 704 3655 regula:
752 3583 968 3655 legitur.
1009 3584 1074 3639 Et
1104 3600 1225 3639 cum
1256 3585 1453 3640 dicitur
1480 3603 1493 3639 :
1536 3585 1687 3638 Diem
1712 3585 1866 3655 Judi-

271 3672 341 3725 cii
366 3672 489 3726 time
517 3685 536 3723 :
567 3682 716 3727 actus
752 3674 871 3727 vita:
918 3682 1023 3728 tua:
1063 3675 1205 3727 omni
1232 3674 1366 3728 liora
1413 3675 1663 3729 custodi:
1693 3675 1781 3743 [ac
1816 3684 1867 3729 te

271 3762 503 3818 alienum
532 3764 595 3818 ab
626 3763 826 3819 actibus
850 3764 1068 3830 swcnli,
1094 3773 1229 3831 etc.,
1279 3779 1396 3835 qua:
1424 3764 1606 3820 omnia
1651 3765 1703 3819 in
1740 3781 1865 3820 sau-

270 3862 374 3910 ctac
403 3854 604 3927 regula:
628 3870 677 3910 c.
702 3854 735 3909 6
762 3855 1037 3926 proposita
1062 3866 1209 3912 sunt.

468 3998 485 4009 ,
578 3948 825 4005 CENSUBA
860 3948 1250 4004 Admonitionis
1276 3948 1546 4004 Morienti.

337 4042 400 4098 P.
427 4043 762 4116 Theophilus
795 4058 914 4099 eam
952 4043 1161 4114 primus
1185 4042 1458 4112 publicam
1499 4041 1629 4098 fecit
1653 4058 1719 4098 ex
1756 4058 1857 4099 ms.

190 4148 201 4153 ‘
266 4135 406 4190 Bibl.
441 4137 611 4191 Vatie.
643 4135 775 4204 Qua:
802 4144 983 4191 tamen
1012 4135 1134 4190 inde
1160 4135 1227 4189 ad
1265 4149 1365 4190 nos
1401 4134 1721 4189 transmissa
1745 4144 1860 4198 est,

268 4229 321 4282 iu
347 4226 549 4296 aliquid
577 4227 646 4282 ab
672 4242 735 4283 ea
762 4227 1056 4298 discrepat,
1090 4235 1149 4283 ut
1168 4242 1234 4284 ex
1264 4226 1427 4283 variis
1448 4225 1768 4283 lectionibus
1792 4227 1860 4283 ad

266 4319 448 4389 operis
486 4318 688 4374 calcem
713 4319 904 4389 positis
934 4328 1018 4376 est
1036 4320 1280 4376 evidens.

338 4410 466 4466 Haec
493 4420 675 4467 autem
705 4411 1089 4469 admonitionis
1116 4412 1348 4469 formula
1371 4413 1451 4469 sic
1487 4411 1744 4481 inscripta
1775 4409 1855 4466 le-

267 4503 412 4569 gitur
439 4504 491 4558 in
533 4520 635 4559 ms.
668 4504 800 4560 bibl.
830 4505 886 4560 S.
919 4505 1133 4560 Martini
1164 4505 1396 4561 Tornac.
1431 4522 1445 4560 :
1483 4503 1761 4558 Tractatus
1785 4502 1854 4556 B.

267 4595 540 4662 Anselmi,
589 4597 849 4667 quomodo
902 4598 1085 4651 debeat
1140 4598 1458 4666 interrogari
1492 4595 1659 4666 frater
1701 4595 1858 4648 morti

264 4687 534 4757 proximus
557 4726 573 4754 ,
595 4696 642 4742 et
659 4689 921 4758 quomodo
948 4688 1278 4759 respondere.
1308 4688 1441 4743 Vide
1469 4688 1648 4743 varias
1665 4686 1857 4743 lectio-

267 4795 384 4836 llCS.

334 4868 449 4936 Qua
473 4877 635 4925 aetate
659 4879 878 4928 sanctus
906 4870 1192 4927 Ansclmus
1220 4871 1365 4926 hanc
1390 4868 1679 4925 formulam
1712 4884 1855 4939 prae-

263 4963 573 5034 scripserit,
605 4979 715 5019 non
737 4972 822 5019 est
851 4964 991 5019 unde
1013 4960 1321 5031 conjiciam.

262 5076 503 5133 CENSURA
537 5092 788 5133 canamus
831 5076 903 5129 De
935 5084 1229 5144 contemptu
1285 5075 1467 5129 mundi
1492 5115 1507 5142 ,
1556 5084 1603 5129 et
1630 5074 1853 5129 duorum

762 5146 991 5201 aliorum
1015 5146 1334 5200 carminum.

333 5240 572 5296 Colonia:
618 5256 761 5296 anno
809 5238 947 5293 1575
978 5239 1213 5308 primum
1265 5238 1407 5311 typis
1459 5251 1718 5292 excusum
1769 5251 1856 5295 est

261 5347 479 5387 cannea
513 5333 693 5399 istud,
748 5332 844 5387 sed
882 5342 1132 5383 mancum
1165 5336 1221 5381 et
1264 5327 1531 5381 mutilum.
1579 5326 1851 5397 lntcgrum

222 5446 225 5447 ν
262 5422 393 5479 illud
443 5441 511 5480 ex
542 5424 728 5479 Sancti
760 5423 1015 5480 Victoris.
1065 5420 1239 5476 Paris.
1288 5419 1493 5489 bibliot.
1525 5420 1731 5476 editum
1768 5430 1855 5476 est

262 5517 459 5575 ibidem
487 5533 576 5571 an.
605 5515 763 5571 1612.

331 5612 517 5667 Exstat
545 5610 763 5683 quidem
787 5609 839 5664 in
868 5609 1111 5679 pluribus
1134 5623 1290 5676 mss.,
1338 5621 1458 5664 cum
1488 5606 1684 5678 quibus
1722 5605 1851 5662 illud

1987 1767 2103 1806 rum
2121 1754 2536 1809 conversionem
2562 1756 2929 1824 promiserunt
2951 1798 2967 1825 ,
3004 1769 3061 1814 et
3089 1761 3413 1816 monachum
3447 1762 3578 1816 hor-

1987 1853 2133 1898 tatur
2160 1854 2220 1899 ut
2250 1845 2417 1901 Deum
2439 1845 2635 1917 ubique
2657 1858 2710 1903 et
2735 1864 2949 1921 semper
2973 1862 3295 1923 praesentem
3336 1856 3528 1911 credat
3558 1895 3574 1920 ,

1985 1945 2097 1989 etc.

2054 2025 2172 2079 Alia
2197 2026 2303 2083 duo
2329 2028 2572 2083 carmina
2614 2030 2667 2085 in
2703 2030 2813 2087 sola
2844 2031 2908 2086 D.
2934 2031 3181 2104 Picardi,
3236 2036 3327 2106 qui
3359 2049 3425 2091 ea
3466 2036 3578 2108 pri-

1985 2133 2104 2173 mus
2126 2118 2305 2186 dedit,
2340 2120 2446 2175 fide
2468 2121 2821 2191 subjecimus.

2152 2207 2399 2263 CENSUIIA
2424 2225 2738 2267 TBAC'IATUS
2764 2213 2838 2267 De
2862 2231 2989 2284 pace
3015 2224 3060 2268 et
3084 2216 3389 2271 concordia.

2053 2295 2102 2351 ls
2130 2298 2387 2355 Anselmo
2420 2301 2674 2356 tribuitur
2718 2304 2771 2358 in
2810 2320 2912 2360 ms.
2950 2305 3301 2372 Lovauieusi,
3359 2324 3427 2362 ex
3461 2324 3577 2378 quo

1985 2398 2383 2461 trausumptum
2412 2394 2550 2448 etad
2581 2410 2678 2450 nos
2702 2397 3079 2452 transmissum
3110 2398 3375 2454 edidimus
3402 2416 3416 2453 :
3446 2414 3578 2456 ecce

1983 2482 2051 2536 ab
2076 2483 2320 2537 Ausclmi
2348 2484 2488 2555 stylo
2516 2495 2572 2540 et
2600 2502 2763 2542 sensu
2800 2489 3083 2544 abhorret.

2086 2574 2341 2631 CENSUBA
2378 2591 2522 2631 unm
2562 2577 2988 2637 MEDI’I'ATIONUM
3028 2595 3099 2635 ενι
3140 2580 3484 2638 Οιιλνιιοιιυιι.

2052 2662 2313 2719 Sanctum
2362 2665 2680 2723 Anselmum
2707 2669 2985 2726 orationes
3033 2671 3149 2726 slve
3189 2672 3572 2727 meditationes

1980 2757 2264 2826 scripsisse
2307 2765 2542 2813 testatur
2588 2759 2889 2817 Eadmerus
2954 2762 2992 2816 l.
3038 2778 3077 2817 ιι
3154 2764 3231 2819 De
3272 2764 3398 2836 ejus
3458 2767 3572 2819 vita

1981 2849 2119 2919 (Col.
2145 2850 2272 2922 56);
2309 2860 2614 2907 testaturet
2642 2854 2929 2910 Durandus
2985 2857 3155 2912 abbas
3195 2858 3481 2913 Ceste-Dei
3515 2859 3569 2913 in

1978 2943 2209 3013 epistola
2263 2944 2330 2999 ad
2380 2944 2723 3010 Anselmum,
2757 2961 2877 3017 quae
2906 2957 2987 3003 est
3009 2949 3071 3003 61
3107 2949 3228 3004 libri
3257 2968 3297 3021 ις
3340 2961 3571 3007 testatur

1976 3043 2031 3088 et
2054 3036 2167 3104 ipse
2187 3034 2475 3091 Anselmus
2497 3037 2551 3091 in
2583 3052 2669 3108 ep.
2694 3038 2765 3092 20
2793 3039 2829 3094 l.
2856 3055 2877 3095 ι
2902 3048 2957 3094 et
2982 3039 3034 3094 in
3060 3055 3149 3110 cp.
3173 3041 3237 3095 51
3287 3046 3326 3095 t.
3353 3057 3392 3097 ιι
3420 3061 3434 3096 :
3484 3052 3567 3098 te-

1975 3133 2150 3180 statur
2176 3124 2407 3194 denique
2430 3127 2713 3183 innumera
2739 3143 2879 3198 pene
2900 3138 3032 3185 mss.

2043 3216 2161 3272 Non
2194 3233 2300 3272 una
2323 3233 2457 3274 vero
2480 3227 2662 3285 aetate,
2699 3221 2793 3277 sed
2818 3221 3051 3276 diversis
3082 3222 3423 3292 temporibus
3443 3221 3562 3279 illas

1973 3310 2213 3379 scripsit,
2241 3319 2300 3364 ut
2328 3326 2395 3366 ex
2422 3311 2755 3382 singularum
2779 3314 3028 3369 censuris
3058 3314 3148 3368 fiet
3171 3315 3520 3371 manifestum
3545 3357 3562 3380 ,

1971 3416 2034 3453 ex
2066 3399 2262 3469 quibus
2290 3401 2457 3454 etiam
2483 3402 2754 3457 constabit
2784 3418 2903 3472 qua:
2932 3413 2990 3459 et
3009 3413 3141 3473 quot
3172 3421 3203 3460 a
3229 3413 3417 3461 sancto
3444 3405 3564 3460 An-

1971 3493 2140 3550 sclmo
2180 3508 2305 3550 vere
2332 3494 2653 3565 prodierint.

2452 3628 2456 3633 .
2539 3585 2778 3641 Censura
2812 3586 3039 3659 prologi.

2041 3677 2329 3750 Prolognm
2353 3694 2380 3734 a
2413 3691 2605 3735 sancto
2626 3681 2885 3738 Anselmo
2904 3683 3167 3755 scriptum
3198 3698 3409 3740 mecum
3427 3699 3559 3740 cen-

1968 3770 2127 3833 sebit,
2154 3770 2246 3840 qui
2295 3770 2348 3825 in
2393 3786 2458 3826 eo
2507 3787 2717 3827 mecum
2746 3766 3163 3843 deprehenderit
3207 3784 3263 3829 et
3309 3774 3472 3831 verba
3503 3785 3562 3832 et

1968 3871 2208 3915 mentem
2254 3861 2413 3931 epist.
2468 3877 2576 3931 qua
2640 3870 2865 3917 sanctus
2911 3864 3202 3921 Anselmus
3238 3866 3560 3936 Goudulpho

1967 3951 2159 4007 scribit
2198 3952 2324 4023 (Ep.
2352 3953 2444 4021 20,
2478 3953 2572 4009 lib.
2605 3954 2643 4026 ι)
2675 3970 2735 4010 se
2778 3971 2905 4011 suas
2945 3957 3190 4013 rationes
3245 3958 3365 4015 ideo
3393 3974 3561 4028 para-

1966 4044 2188 4112 grapbis
2238 4044 2556 4100 distinxisse
2612 4061 2681 4100 ue
2738 4048 3021 4116 prolixitas
3069 4057 3354 4119 generaret
3396 4048 3557 4103 fasti-

1965 4133 2138 4199 dium,
2169 4142 2224 4189 et
2255 4145 2315 4189 ut
2343 4150 2438 4190 eas
2469 4135 2641 4191 lector
2668 4137 2895 4203 incidat,
2933 4139 3038 4193 hoc
3090 4149 3174 4194 est
3227 4138 3299 4194 ibi
3341 4139 3559 4194 desinat

1964 4228 2050 4284 vel
2105 4229 2329 4298 incipiat
2396 4229 2486 4285 ubi
2550 4229 2804 4286 voluerit.
2858 4231 2986 4288 llmc
3040 4232 3185 4288 enim
3237 4232 3429 4287 eadem
3500 4231 3553 4286 in

1886 4338 1933 4396 ι)
1962 4321 2202 4392 prologo.

2407 4411 2644 4468 Censura
2681 4415 3035 4469 meditationis
3070 4414 3123 4468 1.
3507 4488 3510 4493 ἢ

2032 4500 2164 4556 Eam
2186 4501 2247 4557 P.
2272 4501 2604 4573 Theophilus
2635 4507 2841 4575 primus
2869 4505 3142 4577 evulgavit
3191 4505 3336 4561 inter
3376 4506 3551 4562 sancti

1960 4593 2200 4648 Anselmi
2226 4592 2680 4651 Meditationes.A
2705 4597 2904 4668 quibus
2925 4612 3055 4654 vero
3079 4597 3227 4652 illam
3256 4597 3549 4667 acceperit,

1961 4685 2077 4755 ipse
2100 4701 2206 4740 non
2231 4686 2415 4741 edicit.

2030 4778 2085 4832 lu
2125 4795 2227 4834 ms.
2259 4780 2397 4835 Bibl.
2428 4780 2491 4835 D.
2540 4780 2700 4852 Bigot
2738 4796 2857 4835 eam
2903 4780 3045 4836 inter
3078 4780 3251 4836 sancti
3304 4777 3549 4833 Ansclmi

1959 4868 2340 4927 Meditatioucs
2370 4872 2559 4927 haberi
2583 4883 2766 4928 certos
2786 4887 2885 4927 nos
2914 4871 3044 4927 fecit
3072 4870 3138 4926 R.
3168 4871 3230 4927 P.
3276 4872 3341 4926 1).
3374 4869 3548 4924 Frau-

1959 4964 2138 5019 ciscus
2165 4963 2537 5036 Pommeraye,
2568 4963 2695 5018 illud
2720 4978 2830 5033 pra:
2862 4964 3111 5017 manibus
3143 4973 3358 5018 tenens.

2028 5055 2147 5125 Ipsa
2174 5042 2306 5110 sane
2330 5056 2502 5109 sancti
2533 5054 2771 5109 Ausetani
2795 5053 3093 5109 sententias
3147 5054 3331 5109 habet.
3390 5049 3546 5117 Quod

1956 5146 2101 5201 enim
2136 5146 2188 5200 iu
2214 5145 2242 5217 §
2273 5147 2296 5201 1
2338 5146 2471 5201 dicit
2500 5152 2768 5200 mortuam
2796 5145 2969 5216 magis
2995 5160 3159 5216 quam
3180 5143 3543 5198 dormientem

1958 5254 2079 5294 esse
2111 5241 2346 5292 animam
2380 5254 2501 5307 qua:
2530 5238 2596 5293 ad
2620 5238 2711 5293 Dei
2747 5254 2931 5295 vocem
2960 5253 3065 5293 non
3103 5237 3500 5307 expergiscitur
3524 5275 3541 5299 ,

1959 5330 2101 5385 idem
2136 5330 2187 5383 in
2215 5329 2566 5385 meditatione
2585 5330 2621 5383 2
2651 5328 2842 5384 sensit.
2870 5329 3022 5395 Quod
3047 5327 3244 5382 ibidem
3275 5327 3404 5381 dicit
3424 5327 3544 5380 ani-

1958 5437 2100 5476 mam
2125 5420 2192 5476 ad
2217 5419 2528 5492 hocfactam
2548 5437 2668 5478 esse
2692 5424 2758 5477 ad
2788 5423 3078 5491 imaginem
3106 5419 3199 5475 Dei
3253 5428 3312 5475 ut
3343 5419 3540 5473 memi-

1959 5512 2120 5575 nerit,
2153 5511 2416 5582 intelligat
2438 5524 2493 5569 et
2516 5523 2661 5569 amet
2689 5528 2959 5569 summum
2981 5512 3208 5575 bonum,
3258 5511 3311 5566 id
3362 5510 3538 5580 ipsum

1934 5614 2044 5662 ‘cst
2070 5606 2211 5677 quod
2243 5605 2295 5661 in
2323 5603 3003 5693 Monologio,l’roslnaioct
3029 5603 3154 5659 alibi
3184 5602 3384 5675 passim
3405 5600 3537 5656 θάου

3586 4678 3603 4762 1
