  <div class='ocr_page' id='page_1' title='image "/cluster/home/n/w/nwhite01/storage/ocr_20150623/158/hvd.32044054760160/020.png"; bbox 0 0 3882 6050; ppageno 0'>
   <div class='ocr_carea' id='block_1_1' title="bbox 175 221 3462 325">
    <p class='ocr_par' dir='ltr' id='par_1_1' title="bbox 175 221 3462 325">
     <span class='ocr_line' id='line_1_1' title="bbox 175 221 3462 325; baseline 0.003 -10"><span class='ocrx_word' id='word_1_1' title='bbox 175 261 246 316; x_wconf 79' lang='lat'><strong>29</strong></span> <span class='ocrx_word' id='word_1_2' title='bbox 1268 261 1592 319; x_wconf 73' lang='lat' dir='ltr'><strong>CENSURA</strong></span> <span class='ocrx_word' id='word_1_3' title='bbox 1635 261 1922 319; x_wconf 77' lang='lat' dir='ltr'><strong>OPERUM</strong></span> <span class='ocrx_word' id='word_1_4' title='bbox 1952 263 2011 320; x_wconf 90' lang='lat' dir='ltr'><strong>S.</strong></span> <span class='ocrx_word' id='word_1_5' title='bbox 2054 265 2378 324; x_wconf 75' lang='lat' dir='ltr'><strong>ANSELMI.</strong></span> <span class='ocrx_word' id='word_1_6' title='bbox 3393 221 3462 325; x_wconf 61' lang='grc' dir='ltr'><strong>ἑο</strong></span> 
     </span>
    </p>
   </div>
   <div class='ocr_carea' id='block_1_2' title="bbox 177 370 1858 445">
    <p class='ocr_par' dir='ltr' id='par_1_2' title="bbox 177 370 1858 445">
     <span class='ocr_line' id='line_1_2' title="bbox 177 370 1858 445; baseline -0.001 -15"><span class='ocrx_word' id='word_1_7' title='bbox 177 376 320 430; x_wconf 99' lang='lat' dir='ltr'><strong>cuit.</strong></span> <span class='ocrx_word' id='word_1_8' title='bbox 371 375 430 428; x_wconf 90' lang='lat' dir='ltr'><strong>lu</strong></span> <span class='ocrx_word' id='word_1_9' title='bbox 478 373 506 445; x_wconf 63' lang='grc' dir='ltr'>ᾗ</span> <span class='ocrx_word' id='word_1_10' title='bbox 559 373 595 428; x_wconf 78' lang='lat'><strong>5</strong></span> <span class='ocrx_word' id='word_1_11' title='bbox 649 370 786 428; x_wconf 90' lang='lat' dir='ltr'><strong>dicit</strong></span> <span class='ocrx_word' id='word_1_12' title='bbox 829 371 974 443; x_wconf 88' lang='lat' dir='ltr'><strong>quod</strong></span> <span class='ocrx_word' id='word_1_13' title='bbox 1003 372 1150 430; x_wconf 88' lang='lat' dir='ltr'><strong>solus</strong></span> <span class='ocrx_word' id='word_1_14' title='bbox 1187 373 1328 428; x_wconf 87' lang='lat' dir='ltr'><strong>Deus</strong></span> <span class='ocrx_word' id='word_1_15' title='bbox 1346 389 1470 430; x_wconf 86' lang='lat' dir='ltr'><strong>vere</strong></span> <span class='ocrx_word' id='word_1_16' title='bbox 1496 383 1658 430; x_wconf 87' lang='lat' dir='ltr'><strong>estet</strong></span> <span class='ocrx_word' id='word_1_17' title='bbox 1697 383 1781 430; x_wconf 90' lang='lat' dir='ltr'><strong>est</strong></span> <span class='ocrx_word' id='word_1_18' title='bbox 1809 379 1858 437; x_wconf 81' lang='grc' dir='ltr'><strong>Α</strong></span> 
     </span>
    </p>
   </div>
   <div class='ocr_carea' id='block_1_3' title="bbox 177 465 1778 534">
    <p class='ocr_par' dir='ltr' id='par_1_3' title="bbox 177 465 1778 534">
     <span class='ocr_line' id='line_1_3' title="bbox 177 465 1778 534; baseline 0.001 -13"><span class='ocrx_word' id='word_1_19' title='bbox 177 483 376 522; x_wconf 82' lang='lat' dir='ltr'><strong>verum</strong></span> <span class='ocrx_word' id='word_1_20' title='bbox 403 465 680 530; x_wconf 89' lang='lat' dir='ltr'><strong>esse,sine</strong></span> <span class='ocrx_word' id='word_1_21' title='bbox 710 481 820 534; x_wconf 90' lang='lat' dir='ltr'><strong>quo</strong></span> <span class='ocrx_word' id='word_1_22' title='bbox 845 465 976 519; x_wconf 82' lang='lat' dir='ltr'><strong>nulli</strong></span> <span class='ocrx_word' id='word_1_23' title='bbox 1008 473 1182 534; x_wconf 86' lang='lat' dir='ltr'><strong>potest</strong></span> <span class='ocrx_word' id='word_1_24' title='bbox 1197 466 1332 522; x_wconf 88' lang='lat' dir='ltr'><strong>bene</strong></span> <span class='ocrx_word' id='word_1_25' title='bbox 1357 465 1778 522; x_wconf 87' lang='lat' dir='ltr'><strong>esse.llocidem</strong></span> 
     </span>
    </p>
   </div>
   <div class='ocr_carea' id='block_1_4' title="bbox 181 554 1782 626">
    <p class='ocr_par' dir='ltr' id='par_1_4' title="bbox 181 554 1782 626">
     <span class='ocr_line' id='line_1_4' title="bbox 181 554 1782 626; baseline -0.002 -14"><span class='ocrx_word' id='word_1_26' title='bbox 181 559 238 612; x_wconf 84' lang='lat' dir='ltr'><strong>in</strong></span> <span class='ocrx_word' id='word_1_27' title='bbox 263 555 574 626; x_wconf 75' lang='lat' dir='ltr'><strong>Monologio</strong></span> <span class='ocrx_word' id='word_1_28' title='bbox 604 568 660 610; x_wconf 83' lang='lat' dir='ltr'><strong>et</strong></span> <span class='ocrx_word' id='word_1_29' title='bbox 682 555 804 610; x_wconf 86' lang='lat' dir='ltr'><strong>aliis</strong></span> <span class='ocrx_word' id='word_1_30' title='bbox 826 555 1072 624; x_wconf 83' lang='lat' dir='ltr'><strong>pluribus</strong></span> <span class='ocrx_word' id='word_1_31' title='bbox 1099 555 1152 610; x_wconf 89' lang='lat' dir='ltr'><strong>in</strong></span> <span class='ocrx_word' id='word_1_32' title='bbox 1177 554 1312 610; x_wconf 90' lang='lat' dir='ltr'><strong>locis</strong></span> <span class='ocrx_word' id='word_1_33' title='bbox 1339 564 1560 611; x_wconf 86' lang='lat' dir='ltr'><strong>sanctus</strong></span> <span class='ocrx_word' id='word_1_34' title='bbox 1592 555 1782 611; x_wconf 83' lang='lat' dir='ltr'><strong>Ausel-</strong></span> 
     </span>
    </p>
   </div>
   <div class='ocr_carea' id='block_1_5' title="bbox 179 650 1334 720">
    <p class='ocr_par' dir='ltr' id='par_1_5' title="bbox 179 650 1334 720">
     <span class='ocr_line' id='line_1_5' title="bbox 179 650 1334 720; baseline -0.009 -14"><span class='ocrx_word' id='word_1_35' title='bbox 179 667 312 706; x_wconf 85' lang='lat' dir='ltr'><strong>mus</strong></span> <span class='ocrx_word' id='word_1_36' title='bbox 335 650 610 720; x_wconf 73' lang='lat' dir='ltr'><strong>exposuit.</strong></span> <span class='ocrx_word' id='word_1_37' title='bbox 1331 666 1334 668; x_wconf 51' lang='grc' dir='ltr'><strong>ν</strong></span> 
     </span>
    </p>
   </div>
   <div class='ocr_carea' id='block_1_6' title="bbox 253 737 1782 809">
    <p class='ocr_par' dir='ltr' id='par_1_6' title="bbox 253 737 1782 809">
     <span class='ocr_line' id='line_1_6' title="bbox 253 737 1782 809; baseline -0.005 -13"><span class='ocrx_word' id='word_1_38' title='bbox 253 741 414 796; x_wconf 83' lang='lat' dir='ltr'><strong>Licet</strong></span> <span class='ocrx_word' id='word_1_39' title='bbox 448 753 578 809; x_wconf 84' lang='lat' dir='ltr'><strong>ergo</strong></span> <span class='ocrx_word' id='word_1_40' title='bbox 608 738 662 792; x_wconf 92' lang='lat' dir='ltr'><strong>in</strong></span> <span class='ocrx_word' id='word_1_41' title='bbox 694 737 883 808; x_wconf 90' lang='lat' dir='ltr'><strong>paucis</strong></span> <span class='ocrx_word' id='word_1_42' title='bbox 929 752 1032 792; x_wconf 89' lang='lat' dir='ltr'><strong>ms.</strong></span> <span class='ocrx_word' id='word_1_43' title='bbox 1067 737 1374 806; x_wconf 89' lang='lat' dir='ltr'><strong>reperiatur</strong></span> <span class='ocrx_word' id='word_1_44' title='bbox 1406 738 1524 792; x_wconf 68' lang='lat' dir='ltr'><strong>haec</strong></span> <span class='ocrx_word' id='word_1_45' title='bbox 1553 737 1782 790; x_wconf 88' lang='lat' dir='ltr'><strong>medita-</strong></span> 
     </span>
    </p>
   </div>
   <div class='ocr_carea' id='block_1_7' title="bbox 183 826 1782 898">
    <p class='ocr_par' dir='ltr' id='par_1_7' title="bbox 183 826 1782 898">
     <span class='ocr_line' id='line_1_7' title="bbox 183 826 1782 898; baseline -0.003 -12"><span class='ocrx_word' id='word_1_46' title='bbox 183 834 280 898; x_wconf 92' lang='lat' dir='ltr'><strong>tio,</strong></span> <span class='ocrx_word' id='word_1_47' title='bbox 316 831 507 886; x_wconf 90' lang='lat' dir='ltr'><strong>saltem</strong></span> <span class='ocrx_word' id='word_1_48' title='bbox 537 831 640 886; x_wconf 92' lang='lat' dir='ltr'><strong>sub</strong></span> <span class='ocrx_word' id='word_1_49' title='bbox 667 829 910 884; x_wconf 87' lang='lat' dir='ltr'><strong>Anselmi</strong></span> <span class='ocrx_word' id='word_1_50' title='bbox 937 826 1179 894; x_wconf 87' lang='lat' dir='ltr'><strong>nomine,</strong></span> <span class='ocrx_word' id='word_1_51' title='bbox 1212 828 1354 884; x_wconf 87' lang='lat' dir='ltr'><strong>hanc</strong></span> <span class='ocrx_word' id='word_1_52' title='bbox 1383 837 1566 884; x_wconf 88' lang='lat' dir='ltr'><strong>tamen</strong></span> <span class='ocrx_word' id='word_1_53' title='bbox 1595 835 1782 883; x_wconf 86' lang='lat' dir='ltr'><strong>sancto</strong></span> 
     </span>
    </p>
   </div>
   <div class='ocr_carea' id='block_1_8' title="bbox 179 917 1206 990">
    <p class='ocr_par' dir='ltr' id='par_1_8' title="bbox 179 917 1206 990">
     <span class='ocr_line' id='line_1_8' title="bbox 179 917 1206 990; baseline -0.008 -12"><span class='ocrx_word' id='word_1_54' title='bbox 179 921 444 978; x_wconf 83' lang='lat' dir='ltr'><strong>Auselmo</strong></span> <span class='ocrx_word' id='word_1_55' title='bbox 467 935 576 976; x_wconf 91' lang='lat' dir='ltr'><strong>non</strong></span> <span class='ocrx_word' id='word_1_56' title='bbox 611 935 832 990; x_wconf 86' lang='lat' dir='ltr'><strong>possum</strong></span> <span class='ocrx_word' id='word_1_57' title='bbox 873 917 1206 986; x_wconf 82' lang='lat' dir='ltr'><strong>ahjudieare.</strong></span> 
     </span>
    </p>
   </div>
   <div class='ocr_carea' id='block_1_9' title="bbox 624 1029 1330 1087">
    <p class='ocr_par' dir='ltr' id='par_1_9' title="bbox 624 1029 1330 1087">
     <span class='ocr_line' id='line_1_9' title="bbox 624 1029 1330 1087; baseline -0.007 0"><span class='ocrx_word' id='word_1_58' title='bbox 624 1031 864 1087; x_wconf 76' lang='lat' dir='ltr'><strong>Censura</strong></span> <span class='ocrx_word' id='word_1_59' title='bbox 889 1029 1248 1084; x_wconf 83' lang='lat' dir='ltr'><strong>meditationis</strong></span> <span class='ocrx_word' id='word_1_60' title='bbox 1276 1029 1330 1083; x_wconf 84' lang='lat'><strong>2.</strong></span> 
     </span>
    </p>
   </div>
   <div class='ocr_carea' id='block_1_10' title="bbox 259 1141 1786 1212">
    <p class='ocr_par' dir='ltr' id='par_1_10' title="bbox 259 1141 1786 1212">
     <span class='ocr_line' id='line_1_10' title="bbox 259 1141 1786 1212; baseline -0.003 -13"><span class='ocrx_word' id='word_1_61' title='bbox 259 1146 318 1201; x_wconf 87' lang='lat' dir='ltr'><strong>lu</strong></span> <span class='ocrx_word' id='word_1_62' title='bbox 345 1146 598 1200; x_wconf 86' lang='lat' dir='ltr'><strong>omnibus</strong></span> <span class='ocrx_word' id='word_1_63' title='bbox 629 1144 788 1198; x_wconf 80' lang='lat' dir='ltr'><strong>editis</strong></span> <span class='ocrx_word' id='word_1_64' title='bbox 821 1143 936 1196; x_wconf 74' lang='lat' dir='ltr'><strong>lucc</strong></span> <span class='ocrx_word' id='word_1_65' title='bbox 967 1151 1146 1197; x_wconf 77' lang='lat' dir='ltr'><strong>exstat</strong></span> <span class='ocrx_word' id='word_1_66' title='bbox 1185 1141 1262 1196; x_wconf 91' lang='lat' dir='ltr'><strong>sic</strong></span> <span class='ocrx_word' id='word_1_67' title='bbox 1299 1141 1556 1212; x_wconf 82' lang='lat' dir='ltr'><strong>inscripta</strong></span> <span class='ocrx_word' id='word_1_68' title='bbox 1585 1159 1596 1193; x_wconf 93' lang='lat'><strong>:</strong></span> <span class='ocrx_word' id='word_1_69' title='bbox 1631 1141 1786 1196; x_wconf 83' lang='lat' dir='ltr'><strong>Liber</strong></span> 
     </span>
    </p>
   </div>
   <div class='ocr_carea' id='block_1_11' title="bbox 184 1231 1783 1297">
    <p class='ocr_par' dir='ltr' id='par_1_11' title="bbox 184 1231 1783 1297">
     <span class='ocr_line' id='line_1_11' title="bbox 184 1231 1783 1297; baseline -0.003 -7"><span class='ocrx_word' id='word_1_70' title='bbox 184 1240 250 1290; x_wconf 81' lang='lat' dir='ltr'><strong>de</strong></span> <span class='ocrx_word' id='word_1_71' title='bbox 277 1237 496 1290; x_wconf 78' lang='lat' dir='ltr'><strong>miseria</strong></span> <span class='ocrx_word' id='word_1_72' title='bbox 543 1234 788 1288; x_wconf 82' lang='lat' dir='ltr'><strong>hominis.</strong></span> <span class='ocrx_word' id='word_1_73' title='bbox 844 1231 1035 1286; x_wconf 76' lang='lat' dir='ltr'><strong>Exstat</strong></span> <span class='ocrx_word' id='word_1_74' title='bbox 1064 1240 1118 1286; x_wconf 89' lang='lat' dir='ltr'><strong>et</strong></span> <span class='ocrx_word' id='word_1_75' title='bbox 1147 1233 1196 1285; x_wconf 91' lang='lat' dir='ltr'><strong>in</strong></span> <span class='ocrx_word' id='word_1_76' title='bbox 1229 1247 1332 1286; x_wconf 90' lang='lat' dir='ltr'><strong>ms.</strong></span> <span class='ocrx_word' id='word_1_77' title='bbox 1383 1233 1656 1297; x_wconf 87' lang='lat' dir='ltr'><strong>omnibus,</strong></span> <span class='ocrx_word' id='word_1_78' title='bbox 1688 1231 1783 1286; x_wconf 86' lang='lat' dir='ltr'><strong>sed</strong></span> 
     </span>
    </p>
   </div>
   <div class='ocr_carea' id='block_1_12' title="bbox 185 1321 1784 1392">
    <p class='ocr_par' dir='ltr' id='par_1_12' title="bbox 185 1321 1784 1392">
     <span class='ocr_line' id='line_1_12' title="bbox 185 1321 1784 1392; baseline -0.001 -14"><span class='ocrx_word' id='word_1_79' title='bbox 185 1329 412 1380; x_wconf 75' lang='lat' dir='ltr'><strong>diverso</strong></span> <span class='ocrx_word' id='word_1_80' title='bbox 443 1325 543 1378; x_wconf 80' lang='lat' dir='ltr'><strong>sub</strong></span> <span class='ocrx_word' id='word_1_81' title='bbox 570 1323 746 1376; x_wconf 81' lang='lat' dir='ltr'><strong>titulo.</strong></span> <span class='ocrx_word' id='word_1_82' title='bbox 801 1323 856 1376; x_wconf 91' lang='lat' dir='ltr'><strong>ln</strong></span> <span class='ocrx_word' id='word_1_83' title='bbox 890 1338 990 1376; x_wconf 89' lang='lat' dir='ltr'><strong>ms.</strong></span> <span class='ocrx_word' id='word_1_84' title='bbox 1027 1323 1089 1376; x_wconf 92' lang='lat' dir='ltr'><strong>D.</strong></span> <span class='ocrx_word' id='word_1_85' title='bbox 1121 1321 1279 1392; x_wconf 75' lang='lat' dir='ltr'><strong>Bigot</strong></span> <span class='ocrx_word' id='word_1_86' title='bbox 1308 1322 1614 1376; x_wconf 89' lang='lat' dir='ltr'><strong>intitulatur</strong></span> <span class='ocrx_word' id='word_1_87' title='bbox 1650 1340 1662 1374; x_wconf 92' lang='lat'><strong>:</strong></span> <span class='ocrx_word' id='word_1_88' title='bbox 1707 1321 1784 1376; x_wconf 88' lang='lat' dir='ltr'><strong>De</strong></span> 
     </span>
    </p>
   </div>
   <div class='ocr_carea' id='block_1_13' title="bbox 183 1412 1780 1483">
    <p class='ocr_par' dir='ltr' id='par_1_13' title="bbox 183 1412 1780 1483">
     <span class='ocr_line' id='line_1_13' title="bbox 183 1412 1780 1483; baseline -0.002 -14"><span class='ocrx_word' id='word_1_89' title='bbox 183 1427 388 1469; x_wconf 69' lang='lat' dir='ltr'><strong>terrore</strong></span> <span class='ocrx_word' id='word_1_90' title='bbox 439 1413 654 1467; x_wconf 73' lang='lat' dir='ltr'><strong>extremi</strong></span> <span class='ocrx_word' id='word_1_91' title='bbox 703 1413 924 1483; x_wconf 85' lang='lat' dir='ltr'><strong>judicii.</strong></span> <span class='ocrx_word' id='word_1_92' title='bbox 969 1413 1022 1467; x_wconf 92' lang='lat' dir='ltr'><strong>In</strong></span> <span class='ocrx_word' id='word_1_93' title='bbox 1079 1428 1183 1467; x_wconf 87' lang='lat' dir='ltr'><strong>tus.</strong></span> <span class='ocrx_word' id='word_1_94' title='bbox 1216 1413 1361 1466; x_wconf 61' lang='lat'><strong>2024</strong></span> <span class='ocrx_word' id='word_1_95' title='bbox 1393 1412 1530 1466; x_wconf 83' lang='lat' dir='ltr'><strong>Bibl.</strong></span> <span class='ocrx_word' id='word_1_96' title='bbox 1571 1413 1780 1482; x_wconf 58' lang='lat' dir='ltr'><strong>Regius,</strong></span> 
     </span>
    </p>
   </div>
   <div class='ocr_carea' id='block_1_14' title="bbox 183 1501 1782 1559">
    <p class='ocr_par' dir='ltr' id='par_1_14' title="bbox 183 1501 1782 1559">
     <span class='ocr_line' id='line_1_14' title="bbox 183 1501 1782 1559; baseline -0.001 -1"><span class='ocrx_word' id='word_1_97' title='bbox 183 1507 240 1558; x_wconf 91' lang='lat' dir='ltr'><strong>in</strong></span> <span class='ocrx_word' id='word_1_98' title='bbox 271 1521 375 1558; x_wconf 91' lang='lat' dir='ltr'><strong>ms.</strong></span> <span class='ocrx_word' id='word_1_99' title='bbox 401 1503 636 1559; x_wconf 85' lang='lat' dir='ltr'><strong>Cisterc.</strong></span> <span class='ocrx_word' id='word_1_100' title='bbox 659 1510 714 1555; x_wconf 87' lang='lat' dir='ltr'><strong>et</strong></span> <span class='ocrx_word' id='word_1_101' title='bbox 743 1503 795 1556; x_wconf 91' lang='lat' dir='ltr'><strong>in</strong></span> <span class='ocrx_word' id='word_1_102' title='bbox 823 1501 943 1557; x_wconf 79' lang='lat' dir='ltr'><strong>aliis</strong></span> <span class='ocrx_word' id='word_1_103' title='bbox 973 1502 1294 1556; x_wconf 88' lang='lat' dir='ltr'><strong>inscribitur</strong></span> <span class='ocrx_word' id='word_1_104' title='bbox 1346 1521 1360 1556; x_wconf 90' lang='lat'><strong>:</strong></span> <span class='ocrx_word' id='word_1_105' title='bbox 1405 1501 1682 1556; x_wconf 84' lang='lat' dir='ltr'><strong>Meditatio</strong></span> <span class='ocrx_word' id='word_1_106' title='bbox 1713 1503 1782 1556; x_wconf 88' lang='lat' dir='ltr'><strong>ad</strong></span> 
     </span>
    </p>
   </div>
   <div class='ocr_carea' id='block_1_15' title="bbox 185 1593 1783 1652">
    <p class='ocr_par' dir='ltr' id='par_1_15' title="bbox 185 1593 1783 1652">
     <span class='ocr_line' id='line_1_15' title="bbox 185 1593 1783 1652; baseline -0.003 0"><span class='ocrx_word' id='word_1_107' title='bbox 185 1597 562 1652; x_wconf 74' lang='lat' dir='ltr'><strong>concitandum</strong></span> <span class='ocrx_word' id='word_1_108' title='bbox 590 1598 850 1650; x_wconf 77' lang='lat' dir='ltr'><strong>timorem.</strong></span> <span class='ocrx_word' id='word_1_109' title='bbox 873 1595 1105 1650; x_wconf 86' lang='lat' dir='ltr'><strong>Consule</strong></span> <span class='ocrx_word' id='word_1_110' title='bbox 1137 1595 1316 1649; x_wconf 90' lang='lat' dir='ltr'><strong>varias</strong></span> <span class='ocrx_word' id='word_1_111' title='bbox 1337 1593 1618 1650; x_wconf 82' lang='lat' dir='ltr'><strong>lectiones.</strong></span> <span class='ocrx_word' id='word_1_112' title='bbox 1635 1594 1783 1648; x_wconf 81' lang='lat' dir='ltr'><strong>Illam</strong></span> 
     </span>
    </p>
   </div>
   <div class='ocr_carea' id='block_1_16' title="bbox 184 1685 1860 1773">
    <p class='ocr_par' dir='ltr' id='par_1_16' title="bbox 184 1685 1860 1773">
     <span class='ocr_line' id='line_1_16' title="bbox 184 1685 1860 1773; baseline -0.002 -31"><span class='ocrx_word' id='word_1_113' title='bbox 184 1690 256 1742; x_wconf 89' lang='lat' dir='ltr'><strong>ab</strong></span> <span class='ocrx_word' id='word_1_114' title='bbox 291 1688 532 1742; x_wconf 84' lang='lat' dir='ltr'><strong>Anselmi</strong></span> <span class='ocrx_word' id='word_1_115' title='bbox 559 1687 842 1742; x_wconf 76' lang='lat' dir='ltr'><strong>monachis</strong></span> <span class='ocrx_word' id='word_1_116' title='bbox 871 1701 930 1741; x_wconf 90' lang='lat' dir='ltr'><strong>se</strong></span> <span class='ocrx_word' id='word_1_117' title='bbox 961 1685 1236 1754; x_wconf 82' lang='lat' dir='ltr'><strong>accepisse</strong></span> <span class='ocrx_word' id='word_1_118' title='bbox 1269 1685 1459 1739; x_wconf 85' lang='lat' dir='ltr'><strong>scribit</strong></span> <span class='ocrx_word' id='word_1_119' title='bbox 1503 1685 1786 1741; x_wconf 87' lang='lat' dir='ltr'><strong>Durandus</strong></span> <span class='ocrx_word' id='word_1_120' title='bbox 1818 1719 1860 1773; x_wconf 75' lang='grc' dir='ltr'>Β</span> 
     </span>
    </p>
   </div>
   <div class='ocr_carea' id='block_1_17' title="bbox 186 1777 1786 1851">
    <p class='ocr_par' dir='ltr' id='par_1_17' title="bbox 186 1777 1786 1851">
     <span class='ocr_line' id='line_1_17' title="bbox 186 1777 1786 1851; baseline -0.002 -16"><span class='ocrx_word' id='word_1_121' title='bbox 186 1781 354 1851; x_wconf 85' lang='lat' dir='ltr'><strong>epist.</strong></span> <span class='ocrx_word' id='word_1_122' title='bbox 387 1781 476 1843; x_wconf 86' lang='grc'>61,</span> <span class='ocrx_word' id='word_1_123' title='bbox 521 1780 645 1834; x_wconf 87' lang='lat' dir='ltr'><strong>libri</strong></span> <span class='ocrx_word' id='word_1_124' title='bbox 697 1797 736 1833; x_wconf 80' lang='grc' dir='ltr'>ι.</span> <span class='ocrx_word' id='word_1_125' title='bbox 780 1779 859 1834; x_wconf 80' lang='lat' dir='ltr'><strong>Ex</strong></span> <span class='ocrx_word' id='word_1_126' title='bbox 896 1794 1001 1847; x_wconf 86' lang='lat' dir='ltr'><strong>qua</strong></span> <span class='ocrx_word' id='word_1_127' title='bbox 1029 1785 1084 1832; x_wconf 90' lang='lat' dir='ltr'><strong>et</strong></span> <span class='ocrx_word' id='word_1_128' title='bbox 1134 1793 1197 1831; x_wconf 76' lang='lat' dir='ltr'><strong>ex</strong></span> <span class='ocrx_word' id='word_1_129' title='bbox 1236 1777 1476 1832; x_wconf 85' lang='lat' dir='ltr'><strong>Anselmi</strong></span> <span class='ocrx_word' id='word_1_130' title='bbox 1527 1793 1786 1846; x_wconf 88' lang='lat' dir='ltr'><strong>responso</strong></span> 
     </span>
    </p>
   </div>
   <div class='ocr_carea' id='block_1_18' title="bbox 187 1869 1786 1943">
    <p class='ocr_par' dir='ltr' id='par_1_18' title="bbox 187 1869 1786 1943">
     <span class='ocr_line' id='line_1_18' title="bbox 187 1869 1786 1943; baseline -0.001 -17"><span class='ocrx_word' id='word_1_131' title='bbox 187 1874 360 1943; x_wconf 82' lang='lat' dir='ltr'><strong>liquet</strong></span> <span class='ocrx_word' id='word_1_132' title='bbox 395 1888 514 1926; x_wconf 88' lang='lat' dir='ltr'><strong>eam</strong></span> <span class='ocrx_word' id='word_1_133' title='bbox 539 1873 609 1927; x_wconf 90' lang='lat' dir='ltr'><strong>ab</strong></span> <span class='ocrx_word' id='word_1_134' title='bbox 643 1871 902 1927; x_wconf 81' lang='lat' dir='ltr'><strong>Anselmo</strong></span> <span class='ocrx_word' id='word_1_135' title='bbox 921 1884 1042 1926; x_wconf 89' lang='lat' dir='ltr'><strong>esse</strong></span> <span class='ocrx_word' id='word_1_136' title='bbox 1074 1869 1276 1926; x_wconf 86' lang='lat' dir='ltr'><strong>editam</strong></span> <span class='ocrx_word' id='word_1_137' title='bbox 1320 1880 1612 1939; x_wconf 78' lang='lat' dir='ltr'><strong>antequam</strong></span> <span class='ocrx_word' id='word_1_138' title='bbox 1643 1877 1786 1924; x_wconf 83' lang='lat' dir='ltr'><strong>esset</strong></span> 
     </span>
    </p>
   </div>
   <div class='ocr_carea' id='block_1_19' title="bbox 191 1959 1784 2028">
    <p class='ocr_par' dir='ltr' id='par_1_19' title="bbox 191 1959 1784 2028">
     <span class='ocr_line' id='line_1_19' title="bbox 191 1959 1784 2028; baseline -0.004 -9"><span class='ocrx_word' id='word_1_139' title='bbox 191 1966 382 2028; x_wconf 81' lang='lat' dir='ltr'><strong>abbas,</strong></span> <span class='ocrx_word' id='word_1_140' title='bbox 407 1965 512 2018; x_wconf 93' lang='lat' dir='ltr'><strong>hoc</strong></span> <span class='ocrx_word' id='word_1_141' title='bbox 549 1972 636 2017; x_wconf 89' lang='lat' dir='ltr'><strong>est</strong></span> <span class='ocrx_word' id='word_1_142' title='bbox 679 1970 806 2016; x_wconf 88' lang='lat' dir='ltr'><strong>ante</strong></span> <span class='ocrx_word' id='word_1_143' title='bbox 834 1977 1034 2016; x_wconf 90' lang='lat' dir='ltr'><strong>annum</strong></span> <span class='ocrx_word' id='word_1_144' title='bbox 1097 1959 1253 2015; x_wconf 82' lang='lat'><strong>1078.</strong></span> <span class='ocrx_word' id='word_1_145' title='bbox 1281 1959 1338 2014; x_wconf 94' lang='lat' dir='ltr'><strong>lu</strong></span> <span class='ocrx_word' id='word_1_146' title='bbox 1373 1960 1460 2013; x_wconf 90' lang='lat' dir='ltr'><strong>illa</strong></span> <span class='ocrx_word' id='word_1_147' title='bbox 1497 1961 1642 2014; x_wconf 88' lang='lat' dir='ltr'><strong>enim</strong></span> <span class='ocrx_word' id='word_1_148' title='bbox 1671 1959 1784 2012; x_wconf 90' lang='lat' dir='ltr'><strong>An-</strong></span> 
     </span>
    </p>
   </div>
   <div class='ocr_carea' id='block_1_20' title="bbox 191 2049 1787 2115">
    <p class='ocr_par' dir='ltr' id='par_1_20' title="bbox 191 2049 1787 2115">
     <span class='ocr_line' id='line_1_20' title="bbox 191 2049 1787 2115; baseline -0.004 -6"><span class='ocrx_word' id='word_1_149' title='bbox 191 2055 396 2109; x_wconf 87' lang='lat' dir='ltr'><strong>selmus</strong></span> <span class='ocrx_word' id='word_1_150' title='bbox 425 2069 528 2108; x_wconf 88' lang='lat' dir='ltr'><strong>non</strong></span> <span class='ocrx_word' id='word_1_151' title='bbox 557 2062 617 2107; x_wconf 91' lang='lat' dir='ltr'><strong>ut</strong></span> <span class='ocrx_word' id='word_1_152' title='bbox 644 2053 812 2108; x_wconf 83' lang='lat' dir='ltr'><strong>abbas</strong></span> <span class='ocrx_word' id='word_1_153' title='bbox 841 2051 1128 2115; x_wconf 80' lang='lat' dir='ltr'><strong>salutatur,</strong></span> <span class='ocrx_word' id='word_1_154' title='bbox 1163 2065 1262 2105; x_wconf 91' lang='lat' dir='ltr'><strong>nec</strong></span> <span class='ocrx_word' id='word_1_155' title='bbox 1311 2051 1363 2104; x_wconf 87' lang='lat' dir='ltr'><strong>in</strong></span> <span class='ocrx_word' id='word_1_156' title='bbox 1410 2065 1474 2103; x_wconf 90' lang='lat' dir='ltr'><strong>eo</strong></span> <span class='ocrx_word' id='word_1_157' title='bbox 1503 2051 1672 2104; x_wconf 89' lang='lat' dir='ltr'><strong>abbas</strong></span> <span class='ocrx_word' id='word_1_158' title='bbox 1703 2049 1787 2103; x_wconf 90' lang='lat' dir='ltr'><strong>in-</strong></span> 
     </span>
    </p>
   </div>
   <div class='ocr_carea' id='block_1_21' title="bbox 191 2141 1788 2199">
    <p class='ocr_par' dir='ltr' id='par_1_21' title="bbox 191 2141 1788 2199">
     <span class='ocr_line' id='line_1_21' title="bbox 191 2141 1788 2199; baseline -0.003 0"><span class='ocrx_word' id='word_1_159' title='bbox 191 2145 472 2199; x_wconf 89' lang='lat' dir='ltr'><strong>scribitur.</strong></span> <span class='ocrx_word' id='word_1_160' title='bbox 497 2143 786 2197; x_wconf 85' lang='lat' dir='ltr'><strong>Durandus</strong></span> <span class='ocrx_word' id='word_1_161' title='bbox 807 2151 982 2196; x_wconf 88' lang='lat' dir='ltr'><strong>autem</strong></span> <span class='ocrx_word' id='word_1_162' title='bbox 1014 2141 1154 2196; x_wconf 87' lang='lat' dir='ltr'><strong>hanc</strong></span> <span class='ocrx_word' id='word_1_163' title='bbox 1183 2141 1586 2196; x_wconf 76' lang='lat' dir='ltr'><strong>meditationem</strong></span> <span class='ocrx_word' id='word_1_164' title='bbox 1631 2156 1788 2194; x_wconf 86' lang='lat' dir='ltr'><strong>acce-</strong></span> 
     </span>
    </p>
   </div>
   <div class='ocr_carea' id='block_1_22' title="bbox 192 2231 1789 2304">
    <p class='ocr_par' dir='ltr' id='par_1_22' title="bbox 192 2231 1789 2304">
     <span class='ocr_line' id='line_1_22' title="bbox 192 2231 1789 2304; baseline -0.004 -14"><span class='ocrx_word' id='word_1_165' title='bbox 192 2245 370 2304; x_wconf 83' lang='lat' dir='ltr'><strong>perat,</strong></span> <span class='ocrx_word' id='word_1_166' title='bbox 411 2235 538 2288; x_wconf 90' lang='lat' dir='ltr'><strong>dum</strong></span> <span class='ocrx_word' id='word_1_167' title='bbox 569 2245 712 2289; x_wconf 86' lang='lat' dir='ltr'><strong>esset</strong></span> <span class='ocrx_word' id='word_1_168' title='bbox 753 2236 924 2289; x_wconf 83' lang='lat' dir='ltr'><strong>abbas</strong></span> <span class='ocrx_word' id='word_1_169' title='bbox 948 2233 1265 2288; x_wconf 83' lang='lat' dir='ltr'><strong>monasterii</strong></span> <span class='ocrx_word' id='word_1_170' title='bbox 1302 2231 1597 2297; x_wconf 72' lang='lat' dir='ltr'><strong>Casm-Dei,</strong></span> <span class='ocrx_word' id='word_1_171' title='bbox 1636 2231 1789 2299; x_wconf 87' lang='lat' dir='ltr'><strong>cujus</strong></span> 
     </span>
    </p>
   </div>
   <div class='ocr_carea' id='block_1_23' title="bbox 191 2323 1786 2399">
    <p class='ocr_par' dir='ltr' id='par_1_23' title="bbox 191 2323 1786 2399">
     <span class='ocr_line' id='line_1_23' title="bbox 191 2323 1786 2399; baseline -0.003 -18"><span class='ocrx_word' id='word_1_172' title='bbox 191 2329 438 2399; x_wconf 81' lang='lat' dir='ltr'><strong>regimen</strong></span> <span class='ocrx_word' id='word_1_173' title='bbox 469 2327 641 2381; x_wconf 80' lang='lat' dir='ltr'><strong>tenuit</strong></span> <span class='ocrx_word' id='word_1_174' title='bbox 671 2326 738 2380; x_wconf 91' lang='lat' dir='ltr'><strong>ab</strong></span> <span class='ocrx_word' id='word_1_175' title='bbox 768 2341 909 2380; x_wconf 91' lang='lat' dir='ltr'><strong>anno</strong></span> <span class='ocrx_word' id='word_1_176' title='bbox 935 2325 1072 2379; x_wconf 87' lang='lat'><strong>1068</strong></span> <span class='ocrx_word' id='word_1_177' title='bbox 1101 2325 1167 2378; x_wconf 91' lang='lat' dir='ltr'><strong>ad</strong></span> <span class='ocrx_word' id='word_1_178' title='bbox 1199 2339 1325 2377; x_wconf 91' lang='lat' dir='ltr'><strong>ann.</strong></span> <span class='ocrx_word' id='word_1_179' title='bbox 1371 2323 1532 2386; x_wconf 82' lang='lat'><strong>1078,</strong></span> <span class='ocrx_word' id='word_1_180' title='bbox 1584 2338 1690 2391; x_wconf 88' lang='lat' dir='ltr'><strong>quo</strong></span> <span class='ocrx_word' id='word_1_181' title='bbox 1735 2324 1786 2376; x_wconf 93' lang='lat' dir='ltr'><strong>in</strong></span> 
     </span>
    </p>
   </div>
   <div class='ocr_carea' id='block_1_24' title="bbox 190 2413 1787 2487">
    <p class='ocr_par' dir='ltr' id='par_1_24' title="bbox 190 2413 1787 2487">
     <span class='ocr_line' id='line_1_24' title="bbox 190 2413 1787 2487; baseline -0.004 -13"><span class='ocrx_word' id='word_1_182' title='bbox 190 2420 526 2474; x_wconf 75' lang='lat' dir='ltr'><strong>Clarcmont.</strong></span> <span class='ocrx_word' id='word_1_183' title='bbox 561 2417 709 2472; x_wconf 85' lang='lat' dir='ltr'><strong>Eccl.</strong></span> <span class='ocrx_word' id='word_1_184' title='bbox 757 2417 926 2487; x_wconf 86' lang='lat' dir='ltr'><strong>episc.</strong></span> <span class='ocrx_word' id='word_1_185' title='bbox 961 2415 1168 2469; x_wconf 85' lang='lat' dir='ltr'><strong>electus</strong></span> <span class='ocrx_word' id='word_1_186' title='bbox 1203 2423 1304 2468; x_wconf 87' lang='lat' dir='ltr'><strong>est.</strong></span> <span class='ocrx_word' id='word_1_187' title='bbox 1355 2413 1510 2469; x_wconf 88' lang='lat' dir='ltr'><strong>Unde</strong></span> <span class='ocrx_word' id='word_1_188' title='bbox 1538 2414 1605 2467; x_wconf 89' lang='lat' dir='ltr'><strong>ab</strong></span> <span class='ocrx_word' id='word_1_189' title='bbox 1646 2429 1787 2467; x_wconf 88' lang='lat' dir='ltr'><strong>anno</strong></span> 
     </span>
    </p>
   </div>
   <div class='ocr_carea' id='block_1_25' title="bbox 189 2505 1790 2579">
    <p class='ocr_par' dir='ltr' id='par_1_25' title="bbox 189 2505 1790 2579">
     <span class='ocr_line' id='line_1_25' title="bbox 189 2505 1790 2579; baseline -0.002 -17"><span class='ocrx_word' id='word_1_190' title='bbox 189 2511 334 2565; x_wconf 81' lang='lat'><strong>1068</strong></span> <span class='ocrx_word' id='word_1_191' title='bbox 358 2511 426 2564; x_wconf 88' lang='lat' dir='ltr'><strong>ad</strong></span> <span class='ocrx_word' id='word_1_192' title='bbox 487 2525 574 2564; x_wconf 89' lang='lat' dir='ltr'><strong>an.</strong></span> <span class='ocrx_word' id='word_1_193' title='bbox 628 2509 786 2576; x_wconf 83' lang='lat'><strong>1078,</strong></span> <span class='ocrx_word' id='word_1_194' title='bbox 837 2523 946 2579; x_wconf 88' lang='lat' dir='ltr'><strong>quo</strong></span> <span class='ocrx_word' id='word_1_195' title='bbox 995 2507 1286 2563; x_wconf 86' lang='lat' dir='ltr'><strong>Anselmus</strong></span> <span class='ocrx_word' id='word_1_196' title='bbox 1339 2505 1628 2561; x_wconf 83' lang='lat' dir='ltr'><strong>Beccensis</strong></span> <span class='ocrx_word' id='word_1_197' title='bbox 1675 2521 1790 2559; x_wconf 89' lang='lat' dir='ltr'><strong>mo-</strong></span> 
     </span>
    </p>
   </div>
   <div class='ocr_carea' id='block_1_26' title="bbox 193 2598 1790 2670">
    <p class='ocr_par' dir='ltr' id='par_1_26' title="bbox 193 2598 1790 2670">
     <span class='ocr_line' id='line_1_26' title="bbox 193 2598 1790 2670; baseline -0.003 -14"><span class='ocrx_word' id='word_1_198' title='bbox 193 2603 423 2657; x_wconf 83' lang='lat' dir='ltr'><strong>naslcrii</strong></span> <span class='ocrx_word' id='word_1_199' title='bbox 475 2602 654 2657; x_wconf 82' lang='lat' dir='ltr'><strong>factus</strong></span> <span class='ocrx_word' id='word_1_200' title='bbox 707 2609 790 2658; x_wconf 91' lang='lat' dir='ltr'><strong>est</strong></span> <span class='ocrx_word' id='word_1_201' title='bbox 815 2601 1016 2667; x_wconf 90' lang='lat' dir='ltr'><strong>abbas,</strong></span> <span class='ocrx_word' id='word_1_202' title='bbox 1075 2615 1195 2655; x_wconf 88' lang='lat' dir='ltr'><strong>eam</strong></span> <span class='ocrx_word' id='word_1_203' title='bbox 1245 2598 1505 2670; x_wconf 85' lang='lat' dir='ltr'><strong>scriptam</strong></span> <span class='ocrx_word' id='word_1_204' title='bbox 1561 2613 1682 2654; x_wconf 89' lang='lat' dir='ltr'><strong>esse</strong></span> <span class='ocrx_word' id='word_1_205' title='bbox 1732 2599 1790 2653; x_wconf 84' lang='lat' dir='ltr'><strong>ﬁt</strong></span> 
     </span>
    </p>
   </div>
   <div class='ocr_carea' id='block_1_27' title="bbox 193 2693 572 2750">
    <p class='ocr_par' dir='ltr' id='par_1_27' title="bbox 193 2693 572 2750">
     <span class='ocr_line' id='line_1_27' title="bbox 193 2693 572 2750; baseline 0 0"><span class='ocrx_word' id='word_1_206' title='bbox 193 2693 572 2750; x_wconf 76' lang='lat' dir='ltr'><strong>manifestum.</strong></span> 
     </span>
    </p>
   </div>
   <div class='ocr_carea' id='block_1_28' title="bbox 263 2765 1788 2850">
    <p class='ocr_par' dir='ltr' id='par_1_28' title="bbox 263 2765 1788 2850">
     <span class='ocr_line' id='line_1_28' title="bbox 263 2765 1788 2850; baseline -0.005 -11"><span class='ocrx_word' id='word_1_207' title='bbox 263 2785 418 2839; x_wconf 81' lang='lat' dir='ltr'><strong>lianc</strong></span> <span class='ocrx_word' id='word_1_208' title='bbox 446 2786 582 2839; x_wconf 66' lang='lat' dir='ltr'><strong>citat</strong></span> <span class='ocrx_word' id='word_1_209' title='bbox 628 2783 684 2838; x_wconf 91' lang='lat' dir='ltr'><strong>S.</strong></span> <span class='ocrx_word' id='word_1_210' title='bbox 746 2783 1042 2838; x_wconf 86' lang='lat' dir='ltr'><strong>Bonavent.</strong></span> <span class='ocrx_word' id='word_1_211' title='bbox 1110 2797 1159 2837; x_wconf 92' lang='lat' dir='ltr'><strong>c.</strong></span> <span class='ocrx_word' id='word_1_212' title='bbox 1199 2783 1234 2836; x_wconf 80' lang='grc'><strong>5</strong></span> <span class='ocrx_word' id='word_1_213' title='bbox 1279 2781 1530 2850; x_wconf 89' lang='lat' dir='ltr'><strong>Soliloq.,</strong></span> <span class='ocrx_word' id='word_1_214' title='bbox 1583 2765 1788 2835; x_wconf 70' lang='lat' dir='ltr'><strong>et&#39;eam</strong></span> 
     </span>
    </p>
   </div>
   <div class='ocr_carea' id='block_1_29' title="bbox 192 2873 1790 2969">
    <p class='ocr_par' dir='ltr' id='par_1_29' title="bbox 192 2873 1790 2969">
     <span class='ocr_line' id='line_1_29' title="bbox 192 2873 1790 2969; baseline -0.001 -41"><span class='ocrx_word' id='word_1_215' title='bbox 192 2877 408 2945; x_wconf 84' lang='lat' dir='ltr'><strong>integre</strong></span> <span class='ocrx_word' id='word_1_216' title='bbox 459 2873 720 2932; x_wconf 82' lang='lat' dir='ltr'><strong>describit</strong></span> <span class='ocrx_word' id='word_1_217' title='bbox 769 2875 828 2930; x_wconf 91' lang='lat' dir='ltr'><strong>S.</strong></span> <span class='ocrx_word' id='word_1_218' title='bbox 878 2874 1228 2942; x_wconf 87' lang='lat' dir='ltr'><strong>Antoninus,</strong></span> <span class='ocrx_word' id='word_1_219' title='bbox 1293 2891 1350 2944; x_wconf 88' lang='lat' dir='ltr'><strong>p.</strong></span> <span class='ocrx_word' id='word_1_220' title='bbox 1411 2891 1484 2941; x_wconf 85' lang='lat' dir='ltr'><strong>tt,</strong></span> <span class='ocrx_word' id='word_1_221' title='bbox 1523 2875 1620 2969; x_wconf 46' lang='lat' dir='ltr'><strong>:tit.</strong></span> <span class='ocrx_word' id='word_1_222' title='bbox 1676 2873 1790 2938; x_wconf 84' lang='grc'><strong>16,</strong></span> 
     </span>
    </p>
   </div>
   <div class='ocr_carea' id='block_1_30' title="bbox 191 2965 550 3038">
    <p class='ocr_par' dir='ltr' id='par_1_30' title="bbox 191 2965 550 3038">
     <span class='ocr_line' id='line_1_30' title="bbox 191 2965 550 3038; baseline -0.003 -18"><span class='ocrx_word' id='word_1_223' title='bbox 191 2981 242 3020; x_wconf 91' lang='lat' dir='ltr'><strong>c.</strong></span> <span class='ocrx_word' id='word_1_224' title='bbox 283 2965 452 3038; x_wconf 70' lang='lat'><strong>12,5</strong></span> <span class='ocrx_word' id='word_1_225' title='bbox 497 2967 550 3019; x_wconf 89' lang='lat'><strong>7.</strong></span> 
     </span>
    </p>
   </div>
   <div class='ocr_carea' id='block_1_31' title="bbox 269 3055 1858 3130">
    <p class='ocr_par' dir='ltr' id='par_1_31' title="bbox 269 3055 1858 3130">
     <span class='ocr_line' id='line_1_31' title="bbox 269 3055 1858 3130; baseline 0.003 -20"><span class='ocrx_word' id='word_1_226' title='bbox 269 3057 388 3111; x_wconf 91' lang='lat' dir='ltr'><strong>Duo</strong></span> <span class='ocrx_word' id='word_1_227' title='bbox 437 3057 524 3112; x_wconf 89' lang='lat' dir='ltr'><strong>hic</strong></span> <span class='ocrx_word' id='word_1_228' title='bbox 581 3057 850 3124; x_wconf 88' lang='lat' dir='ltr'><strong>observo,</strong></span> <span class='ocrx_word' id='word_1_229' title='bbox 914 3059 965 3112; x_wconf 90' lang='lat'><strong>1.</strong></span> <span class='ocrx_word' id='word_1_230' title='bbox 1023 3057 1168 3114; x_wconf 87' lang='lat' dir='ltr'><strong>later</strong></span> <span class='ocrx_word' id='word_1_231' title='bbox 1193 3057 1250 3114; x_wconf 90' lang='lat' dir='ltr'><strong>S.</strong></span> <span class='ocrx_word' id='word_1_232' title='bbox 1297 3059 1567 3120; x_wconf 83' lang='lat' dir='ltr'><strong>Bernardi.</strong></span> <span class='ocrx_word' id='word_1_233' title='bbox 1623 3055 1858 3130; x_wconf 62' lang='lat' dir='ltr'><strong>operat}</strong></span> 
     </span>
    </p>
   </div>
   <div class='ocr_carea' id='block_1_32' title="bbox 193 3148 1788 3218">
    <p class='ocr_par' dir='ltr' id='par_1_32' title="bbox 193 3148 1788 3218">
     <span class='ocr_line' id='line_1_32' title="bbox 193 3148 1788 3218; baseline -0.001 -15"><span class='ocrx_word' id='word_1_234' title='bbox 193 3159 416 3203; x_wconf 80' lang='lat' dir='ltr'><strong>exstare</strong></span> <span class='ocrx_word' id='word_1_235' title='bbox 447 3148 641 3202; x_wconf 90' lang='lat' dir='ltr'><strong>librum</strong></span> <span class='ocrx_word' id='word_1_236' title='bbox 669 3149 761 3218; x_wconf 86' lang='lat' dir='ltr'><strong>qui</strong></span> <span class='ocrx_word' id='word_1_237' title='bbox 790 3150 1044 3204; x_wconf 90' lang='lat' dir='ltr'><strong>eumdem</strong></span> <span class='ocrx_word' id='word_1_238' title='bbox 1072 3149 1310 3218; x_wconf 87' lang='lat' dir='ltr'><strong>titulum,</strong></span> <span class='ocrx_word' id='word_1_239' title='bbox 1345 3149 1420 3204; x_wconf 88' lang='lat' dir='ltr'><strong>De</strong></span> <span class='ocrx_word' id='word_1_240' title='bbox 1445 3152 1656 3204; x_wconf 82' lang='lat' dir='ltr'><strong>miseria</strong></span> <span class='ocrx_word' id='word_1_241' title='bbox 1693 3152 1788 3203; x_wconf 86' lang='grc' dir='ltr'><strong>Ιιο-</strong></span> 
     </span>
    </p>
   </div>
   <div class='ocr_carea' id='block_1_33' title="bbox 193 3239 1786 3309">
    <p class='ocr_par' dir='ltr' id='par_1_33' title="bbox 193 3239 1786 3309">
     <span class='ocr_line' id='line_1_33' title="bbox 193 3239 1786 3309; baseline 0.002 -18"><span class='ocrx_word' id='word_1_242' title='bbox 193 3241 390 3303; x_wconf 85' lang='lat' dir='ltr'><strong>minis,</strong></span> <span class='ocrx_word' id='word_1_243' title='bbox 415 3239 663 3306; x_wconf 73' lang='lat' dir='ltr'><strong>prazl&#39;ert;</strong></span> <span class='ocrx_word' id='word_1_244' title='bbox 697 3239 790 3294; x_wconf 86' lang='lat' dir='ltr'><strong>sed</strong></span> <span class='ocrx_word' id='word_1_245' title='bbox 818 3239 908 3309; x_wconf 85' lang='lat' dir='ltr'><strong>qui</strong></span> <span class='ocrx_word' id='word_1_246' title='bbox 933 3240 1000 3294; x_wconf 89' lang='lat' dir='ltr'><strong>ab</strong></span> <span class='ocrx_word' id='word_1_247' title='bbox 1052 3240 1156 3294; x_wconf 91' lang='lat' dir='ltr'><strong>isto</strong></span> <span class='ocrx_word' id='word_1_248' title='bbox 1181 3241 1403 3294; x_wconf 87' lang='lat' dir='ltr'><strong>omnino</strong></span> <span class='ocrx_word' id='word_1_249' title='bbox 1420 3241 1561 3294; x_wconf 88' lang='lat' dir='ltr'><strong>alius</strong></span> <span class='ocrx_word' id='word_1_250' title='bbox 1586 3249 1695 3306; x_wconf 90' lang='lat' dir='ltr'><strong>est;</strong></span> <span class='ocrx_word' id='word_1_251' title='bbox 1729 3241 1786 3295; x_wconf 89' lang='lat'><strong>2.</strong></span> 
     </span>
    </p>
   </div>
   <div class='ocr_carea' id='block_1_34' title="bbox 195 3329 1788 3397">
    <p class='ocr_par' dir='ltr' id='par_1_34' title="bbox 195 3329 1788 3397">
     <span class='ocr_line' id='line_1_34' title="bbox 195 3329 1788 3397; baseline 0.005 -16"><span class='ocrx_word' id='word_1_252' title='bbox 195 3329 376 3397; x_wconf 81' lang='lat' dir='ltr'><strong>ipsam</strong></span> <span class='ocrx_word' id='word_1_253' title='bbox 419 3329 558 3384; x_wconf 91' lang='lat' dir='ltr'><strong>inter</strong></span> <span class='ocrx_word' id='word_1_254' title='bbox 579 3344 774 3397; x_wconf 90' lang='lat' dir='ltr'><strong>preces</strong></span> <span class='ocrx_word' id='word_1_255' title='bbox 797 3345 826 3383; x_wconf 90' lang='lat' dir='ltr'><strong>a</strong></span> <span class='ocrx_word' id='word_1_256' title='bbox 850 3329 1060 3386; x_wconf 85' lang='lat' dir='ltr'><strong>Joanne</strong></span> <span class='ocrx_word' id='word_1_257' title='bbox 1083 3331 1280 3386; x_wconf 88' lang='lat' dir='ltr'><strong>abbate</strong></span> <span class='ocrx_word' id='word_1_258' title='bbox 1310 3333 1565 3388; x_wconf 85' lang='lat' dir='ltr'><strong>collectas</strong></span> <span class='ocrx_word' id='word_1_259' title='bbox 1601 3334 1788 3389; x_wconf 88' lang='lat' dir='ltr'><strong>haberi</strong></span> 
     </span>
    </p>
   </div>
   <div class='ocr_carea' id='block_1_35' title="bbox 195 3419 1793 3494">
    <p class='ocr_par' dir='ltr' id='par_1_35' title="bbox 195 3419 1793 3494">
     <span class='ocr_line' id='line_1_35' title="bbox 195 3419 1793 3494; baseline 0.004 -22"><span class='ocrx_word' id='word_1_260' title='bbox 195 3420 251 3473; x_wconf 91' lang='lat' dir='ltr'><strong>in</strong></span> <span class='ocrx_word' id='word_1_261' title='bbox 275 3419 399 3473; x_wconf 88' lang='lat' dir='ltr'><strong>eod.</strong></span> <span class='ocrx_word' id='word_1_262' title='bbox 429 3435 530 3473; x_wconf 90' lang='lat' dir='ltr'><strong>ms.</strong></span> <span class='ocrx_word' id='word_1_263' title='bbox 561 3419 830 3475; x_wconf 81' lang='lat' dir='ltr'><strong>Mettensi.</strong></span> <span class='ocrx_word' id='word_1_264' title='bbox 861 3422 1016 3489; x_wconf 83' lang='lat' dir='ltr'><strong>Quod</strong></span> <span class='ocrx_word' id='word_1_265' title='bbox 1049 3438 1154 3476; x_wconf 92' lang='lat' dir='ltr'><strong>non</strong></span> <span class='ocrx_word' id='word_1_266' title='bbox 1200 3423 1304 3478; x_wconf 90' lang='lat' dir='ltr'><strong>levi</strong></span> <span class='ocrx_word' id='word_1_267' title='bbox 1360 3433 1680 3494; x_wconf 81' lang='lat' dir='ltr'><strong>argumento</strong></span> <span class='ocrx_word' id='word_1_268' title='bbox 1709 3434 1793 3479; x_wconf 92' lang='lat' dir='ltr'><strong>est</strong></span> 
     </span>
    </p>
   </div>
   <div class='ocr_carea' id='block_1_36' title="bbox 191 3511 1790 3584">
    <p class='ocr_par' dir='ltr' id='par_1_36' title="bbox 191 3511 1790 3584">
     <span class='ocr_line' id='line_1_36' title="bbox 191 3511 1790 3584; baseline 0.003 -21"><span class='ocrx_word' id='word_1_269' title='bbox 191 3525 392 3580; x_wconf 80' lang='lat' dir='ltr'><strong>preces</strong></span> <span class='ocrx_word' id='word_1_270' title='bbox 443 3511 578 3565; x_wconf 89' lang='lat' dir='ltr'><strong>istas</strong></span> <span class='ocrx_word' id='word_1_271' title='bbox 627 3511 696 3566; x_wconf 86' lang='lat' dir='ltr'><strong>ab</strong></span> <span class='ocrx_word' id='word_1_272' title='bbox 738 3526 804 3566; x_wconf 90' lang='lat' dir='ltr'><strong>eo</strong></span> <span class='ocrx_word' id='word_1_273' title='bbox 861 3513 1036 3582; x_wconf 83' lang='lat' dir='ltr'><strong>magis</strong></span> <span class='ocrx_word' id='word_1_274' title='bbox 1083 3513 1385 3582; x_wconf 80' lang='lat' dir='ltr'><strong>exscriptas</strong></span> <span class='ocrx_word' id='word_1_275' title='bbox 1445 3529 1566 3569; x_wconf 90' lang='lat' dir='ltr'><strong>esse</strong></span> <span class='ocrx_word' id='word_1_276' title='bbox 1628 3529 1790 3584; x_wconf 90' lang='lat' dir='ltr'><strong>quam</strong></span> 
     </span>
    </p>
   </div>
   <div class='ocr_carea' id='block_1_37' title="bbox 197 3602 1547 3672">
    <p class='ocr_par' dir='ltr' id='par_1_37' title="bbox 197 3602 1547 3672">
     <span class='ocr_line' id='line_1_37' title="bbox 197 3602 1547 3672; baseline 0.003 -16"><span class='ocrx_word' id='word_1_277' title='bbox 197 3603 550 3672; x_wconf 73' lang='lat' dir='ltr'><strong>couupositas,</strong></span> <span class='ocrx_word' id='word_1_278' title='bbox 581 3612 642 3659; x_wconf 90' lang='lat' dir='ltr'><strong>ut</strong></span> <span class='ocrx_word' id='word_1_279' title='bbox 665 3602 836 3658; x_wconf 80' lang='lat' dir='ltr'><strong>fusius</strong></span> <span class='ocrx_word' id='word_1_280' title='bbox 863 3603 1004 3659; x_wconf 81' lang='lat' dir='ltr'><strong>inira</strong></span> <span class='ocrx_word' id='word_1_281' title='bbox 1029 3604 1547 3661; x_wconf 87' lang='lat' dir='ltr'><strong>demonstrabimus.</strong></span> 
     </span>
    </p>
   </div>
   <div class='ocr_carea' id='block_1_38' title="bbox 639 3717 1337 3774">
    <p class='ocr_par' dir='ltr' id='par_1_38' title="bbox 639 3717 1337 3774">
     <span class='ocr_line' id='line_1_38' title="bbox 639 3717 1337 3774; baseline 0.003 -2"><span class='ocrx_word' id='word_1_282' title='bbox 639 3717 872 3772; x_wconf 76' lang='lat' dir='ltr'><strong>Censura</strong></span> <span class='ocrx_word' id='word_1_283' title='bbox 899 3719 1255 3774; x_wconf 81' lang='lat' dir='ltr'><strong>meditationis</strong></span> <span class='ocrx_word' id='word_1_284' title='bbox 1284 3719 1337 3774; x_wconf 82' lang='grc'>5.</span> 
     </span>
    </p>
   </div>
   <div class='ocr_carea' id='block_1_39' title="bbox 278 3829 1788 3888">
    <p class='ocr_par' dir='ltr' id='par_1_39' title="bbox 278 3829 1788 3888">
     <span class='ocr_line' id='line_1_39' title="bbox 278 3829 1788 3888; baseline 0 -5"><span class='ocrx_word' id='word_1_285' title='bbox 278 3829 406 3884; x_wconf 76' lang='lat' dir='ltr'><strong>[lace</strong></span> <span class='ocrx_word' id='word_1_286' title='bbox 459 3831 512 3885; x_wconf 88' lang='lat' dir='ltr'><strong>in</strong></span> <span class='ocrx_word' id='word_1_287' title='bbox 566 3830 818 3886; x_wconf 88' lang='lat' dir='ltr'><strong>omnibus</strong></span> <span class='ocrx_word' id='word_1_288' title='bbox 849 3832 1012 3886; x_wconf 85' lang='lat' dir='ltr'><strong>editis</strong></span> <span class='ocrx_word' id='word_1_289' title='bbox 1037 3841 1091 3886; x_wconf 90' lang='lat' dir='ltr'><strong>et</strong></span> <span class='ocrx_word' id='word_1_290' title='bbox 1121 3848 1253 3888; x_wconf 84' lang='lat' dir='ltr'><strong>mss.</strong></span> <span class='ocrx_word' id='word_1_291' title='bbox 1290 3831 1700 3888; x_wconf 82' lang='lat' dir='ltr'><strong>Meditationutn</strong></span> <span class='ocrx_word' id='word_1_292' title='bbox 1731 3829 1788 3884; x_wconf 88' lang='lat' dir='ltr'><strong>S.</strong></span> 
     </span>
    </p>
   </div>
   <div class='ocr_carea' id='block_1_40' title="bbox 195 3921 1796 3994">
    <p class='ocr_par' dir='ltr' id='par_1_40' title="bbox 195 3921 1796 3994">
     <span class='ocr_line' id='line_1_40' title="bbox 195 3921 1796 3994; baseline 0.002 -20"><span class='ocrx_word' id='word_1_293' title='bbox 195 3921 444 3974; x_wconf 75' lang='lat' dir='ltr'><strong>Anselmi</strong></span> <span class='ocrx_word' id='word_1_294' title='bbox 474 3922 876 3991; x_wconf 78' lang='lat' dir='ltr'><strong>exemplaribus</strong></span> <span class='ocrx_word' id='word_1_295' title='bbox 905 3923 1101 3993; x_wconf 84' lang='lat' dir='ltr'><strong>legitur</strong></span> <span class='ocrx_word' id='word_1_296' title='bbox 1129 3942 1142 3976; x_wconf 90' lang='lat'><strong>:</strong></span> <span class='ocrx_word' id='word_1_297' title='bbox 1177 3924 1588 3994; x_wconf 87' lang='lat' dir='ltr'><strong>inscriptionum</strong></span> <span class='ocrx_word' id='word_1_298' title='bbox 1617 3924 1796 3980; x_wconf 86' lang='lat' dir='ltr'><strong>diver-</strong></span> 
     </span>
    </p>
   </div>
   <div class='ocr_carea' id='block_1_41' title="bbox 193 4011 1386 4080">
    <p class='ocr_par' dir='ltr' id='par_1_41' title="bbox 193 4011 1386 4080">
     <span class='ocr_line' id='line_1_41' title="bbox 193 4011 1386 4080; baseline 0.003 -14"><span class='ocrx_word' id='word_1_299' title='bbox 193 4011 420 4066; x_wconf 79' lang='lat' dir='ltr'><strong>sitatem</strong></span> <span class='ocrx_word' id='word_1_300' title='bbox 453 4011 574 4065; x_wconf 84' lang='lat' dir='ltr'><strong>vide</strong></span> <span class='ocrx_word' id='word_1_301' title='bbox 599 4011 650 4066; x_wconf 91' lang='lat' dir='ltr'><strong>in</strong></span> <span class='ocrx_word' id='word_1_302' title='bbox 677 4013 840 4066; x_wconf 87' lang='lat' dir='ltr'><strong>variis</strong></span> <span class='ocrx_word' id='word_1_303' title='bbox 855 4011 1201 4069; x_wconf 90' lang='lat' dir='ltr'><strong>lectionibus.</strong></span> <span class='ocrx_word' id='word_1_304' title='bbox 1383 4077 1386 4080; x_wconf 96' lang='lat'><em>_</em></span> 
     </span>
    </p>
   </div>
   <div class='ocr_carea' id='block_1_42' title="bbox 273 4102 1798 4175">
    <p class='ocr_par' dir='ltr' id='par_1_42' title="bbox 273 4102 1798 4175">
     <span class='ocr_line' id='line_1_42' title="bbox 273 4102 1798 4175; baseline 0.003 -22"><span class='ocrx_word' id='word_1_305' title='bbox 273 4102 451 4171; x_wconf 84' lang='lat' dir='ltr'><strong>Ipsam</strong></span> <span class='ocrx_word' id='word_1_306' title='bbox 503 4117 700 4158; x_wconf 83' lang='lat' dir='ltr'><strong>censeo</strong></span> <span class='ocrx_word' id='word_1_307' title='bbox 731 4119 798 4158; x_wconf 75' lang='lat' dir='ltr'><strong>ex</strong></span> <span class='ocrx_word' id='word_1_308' title='bbox 853 4103 959 4158; x_wconf 88' lang='lat' dir='ltr'><strong>illis</strong></span> <span class='ocrx_word' id='word_1_309' title='bbox 1012 4119 1132 4160; x_wconf 90' lang='lat' dir='ltr'><strong>esse</strong></span> <span class='ocrx_word' id='word_1_310' title='bbox 1173 4105 1394 4160; x_wconf 84' lang='lat' dir='ltr'><strong>contriti</strong></span> <span class='ocrx_word' id='word_1_311' title='bbox 1425 4106 1606 4162; x_wconf 87' lang='lat' dir='ltr'><strong>cordis</strong></span> <span class='ocrx_word' id='word_1_312' title='bbox 1663 4121 1798 4175; x_wconf 88' lang='lat' dir='ltr'><strong>opu-</strong></span> 
     </span>
    </p>
   </div>
   <div class='ocr_carea' id='block_1_43' title="bbox 195 4189 1796 4266">
    <p class='ocr_par' dir='ltr' id='par_1_43' title="bbox 195 4189 1796 4266">
     <span class='ocr_line' id='line_1_43' title="bbox 195 4189 1796 4266; baseline 0.004 -23"><span class='ocrx_word' id='word_1_313' title='bbox 195 4189 378 4244; x_wconf 89' lang='lat' dir='ltr'><strong>sculis</strong></span> <span class='ocrx_word' id='word_1_314' title='bbox 433 4204 550 4259; x_wconf 61' lang='lat' dir='ltr'><strong>qum</strong></span> <span class='ocrx_word' id='word_1_315' title='bbox 602 4190 860 4260; x_wconf 69' lang='lat' dir='ltr'><strong>praeimus</strong></span> <span class='ocrx_word' id='word_1_316' title='bbox 907 4193 1194 4248; x_wconf 87' lang='lat' dir='ltr'><strong>Durandus</strong></span> <span class='ocrx_word' id='word_1_317' title='bbox 1216 4193 1490 4264; x_wconf 86' lang='lat' dir='ltr'><strong>accepisse</strong></span> <span class='ocrx_word' id='word_1_318' title='bbox 1520 4211 1577 4250; x_wconf 89' lang='lat' dir='ltr'><strong>se</strong></span> <span class='ocrx_word' id='word_1_319' title='bbox 1607 4205 1796 4266; x_wconf 76' lang='lat' dir='ltr'><strong>gratu-</strong></span> 
     </span>
    </p>
   </div>
   <div class='ocr_carea' id='block_1_44' title="bbox 196 4277 1794 4352">
    <p class='ocr_par' dir='ltr' id='par_1_44' title="bbox 196 4277 1794 4352">
     <span class='ocr_line' id='line_1_44' title="bbox 196 4277 1794 4352; baseline 0.006 -22"><span class='ocrx_word' id='word_1_320' title='bbox 196 4277 427 4332; x_wconf 86' lang='lat' dir='ltr'><strong>laturin</strong></span> <span class='ocrx_word' id='word_1_321' title='bbox 455 4281 798 4347; x_wconf 67' lang='lat' dir='ltr'><strong>pramdducta</strong></span> <span class='ocrx_word' id='word_1_322' title='bbox 855 4282 1050 4352; x_wconf 91' lang='lat' dir='ltr'><strong>epist.;</strong></span> <span class='ocrx_word' id='word_1_323' title='bbox 1111 4283 1253 4338; x_wconf 90' lang='lat' dir='ltr'><strong>unde</strong></span> <span class='ocrx_word' id='word_1_324' title='bbox 1301 4293 1356 4338; x_wconf 90' lang='lat' dir='ltr'><strong>et</strong></span> <span class='ocrx_word' id='word_1_325' title='bbox 1385 4285 1574 4338; x_wconf 90' lang='lat' dir='ltr'><strong>eadem</strong></span> <span class='ocrx_word' id='word_1_326' title='bbox 1632 4294 1794 4340; x_wconf 70' lang='lat' dir='ltr'><strong>aetate</strong></span> 
     </span>
    </p>
   </div>
   <div class='ocr_carea' id='block_1_45' title="bbox 2203 377 3149 449">
    <p class='ocr_par' dir='ltr' id='par_1_45' title="bbox 2203 377 3149 449">
     <span class='ocr_line' id='line_1_45' title="bbox 2203 377 3149 449; baseline 0.008 -21"><span class='ocrx_word' id='word_1_327' title='bbox 2203 377 2437 434; x_wconf 76' lang='lat' dir='ltr'><strong>Censura</strong></span> <span class='ocrx_word' id='word_1_328' title='bbox 2455 379 2852 435; x_wconf 83' lang='lat' dir='ltr'><strong>meditationum</strong></span> <span class='ocrx_word' id='word_1_329' title='bbox 2874 379 2908 434; x_wconf 70' lang='grc'>4</span> <span class='ocrx_word' id='word_1_330' title='bbox 2925 425 2938 449; x_wconf 88' lang='grc'><strong>,</strong></span> <span class='ocrx_word' id='word_1_331' title='bbox 2960 381 2994 436; x_wconf 79' lang='grc'>5</span> <span class='ocrx_word' id='word_1_332' title='bbox 3019 392 3065 436; x_wconf 86' lang='lat' dir='ltr'><strong>et</strong></span> <span class='ocrx_word' id='word_1_333' title='bbox 3097 381 3149 438; x_wconf 87' lang='lat'><strong>6.</strong></span> 
     </span>
    </p>
   </div>
   <div class='ocr_carea' id='block_1_46' title="bbox 1953 467 3462 538">
    <p class='ocr_par' dir='ltr' id='par_1_46' title="bbox 1953 467 3462 538">
     <span class='ocr_line' id='line_1_46' title="bbox 1953 467 3462 538; baseline 0.005 -17"><span class='ocrx_word' id='word_1_334' title='bbox 1953 467 2102 523; x_wconf 86' lang='lat' dir='ltr'><strong>[nter</strong></span> <span class='ocrx_word' id='word_1_335' title='bbox 2128 468 2190 524; x_wconf 93' lang='lat' dir='ltr'><strong>S.</strong></span> <span class='ocrx_word' id='word_1_336' title='bbox 2219 469 2460 524; x_wconf 86' lang='lat' dir='ltr'><strong>Auselmi</strong></span> <span class='ocrx_word' id='word_1_337' title='bbox 2487 472 2886 538; x_wconf 80' lang='lat' dir='ltr'><strong>meditationes,</strong></span> <span class='ocrx_word' id='word_1_338' title='bbox 2917 488 3010 528; x_wconf 85' lang='lat' dir='ltr'><strong>eas</strong></span> <span class='ocrx_word' id='word_1_339' title='bbox 3031 473 3235 528; x_wconf 85' lang='lat' dir='ltr'><strong>habent</strong></span> <span class='ocrx_word' id='word_1_340' title='bbox 3277 474 3462 530; x_wconf 88' lang='lat' dir='ltr'><strong>omnia</strong></span> 
     </span>
    </p>
   </div>
   <div class='ocr_carea' id='block_1_47' title="bbox 1881 561 3462 628">
    <p class='ocr_par' dir='ltr' id='par_1_47' title="bbox 1881 561 3462 628">
     <span class='ocr_line' id='line_1_47' title="bbox 1881 561 3462 628; baseline 0.003 -16"><span class='ocrx_word' id='word_1_341' title='bbox 1881 573 2015 612; x_wconf 84' lang='lat' dir='ltr'><strong>mss.</strong></span> <span class='ocrx_word' id='word_1_342' title='bbox 2069 573 2194 614; x_wconf 91' lang='lat' dir='ltr'><strong>eum</strong></span> <span class='ocrx_word' id='word_1_343' title='bbox 2248 561 2444 628; x_wconf 85' lang='lat' dir='ltr'><strong>quibus</strong></span> <span class='ocrx_word' id='word_1_344' title='bbox 2467 561 2676 616; x_wconf 69' lang='lat' dir='ltr'><strong>collatae</strong></span> <span class='ocrx_word' id='word_1_345' title='bbox 2713 571 2916 616; x_wconf 90' lang='lat' dir='ltr'><strong>suntet</strong></span> <span class='ocrx_word' id='word_1_346' title='bbox 2961 578 3065 617; x_wconf 91' lang='lat' dir='ltr'><strong>ms.</strong></span> <span class='ocrx_word' id='word_1_347' title='bbox 3097 563 3237 618; x_wconf 72' lang='lat'><strong>2024</strong></span> <span class='ocrx_word' id='word_1_348' title='bbox 3323 563 3462 620; x_wconf 88' lang='lat' dir='ltr'><strong>Bibl.</strong></span> 
     </span>
    </p>
   </div>
   <div class='ocr_carea' id='block_1_48' title="bbox 1882 647 3262 720">
    <p class='ocr_par' dir='ltr' id='par_1_48' title="bbox 1882 647 3262 720">
     <span class='ocr_line' id='line_1_48' title="bbox 1882 647 3262 720; baseline 0.001 -17"><span class='ocrx_word' id='word_1_349' title='bbox 1882 647 2087 718; x_wconf 69' lang='lat' dir='ltr'><strong>Regina,</strong></span> <span class='ocrx_word' id='word_1_350' title='bbox 2121 655 2175 703; x_wconf 89' lang='lat' dir='ltr'><strong>et</strong></span> <span class='ocrx_word' id='word_1_351' title='bbox 2191 663 2293 702; x_wconf 89' lang='lat' dir='ltr'><strong>ms.</strong></span> <span class='ocrx_word' id='word_1_352' title='bbox 2326 649 2387 702; x_wconf 84' lang='grc' dir='ltr'><strong>Ι).</strong></span> <span class='ocrx_word' id='word_1_353' title='bbox 2419 650 2592 720; x_wconf 77' lang='lat' dir='ltr'><strong>Bigot.</strong></span> <span class='ocrx_word' id='word_1_354' title='bbox 2624 650 2758 705; x_wconf 78' lang='lat' dir='ltr'><strong>Vide</strong></span> <span class='ocrx_word' id='word_1_355' title='bbox 2784 651 2966 704; x_wconf 90' lang='lat' dir='ltr'><strong>varias</strong></span> <span class='ocrx_word' id='word_1_356' title='bbox 2986 650 3262 706; x_wconf 85' lang='lat' dir='ltr'><strong>lectiones.</strong></span> 
     </span>
    </p>
   </div>
   <div class='ocr_carea' id='block_1_49' title="bbox 2317 739 3037 796">
    <p class='ocr_par' dir='ltr' id='par_1_49' title="bbox 2317 739 3037 796">
     <span class='ocr_line' id='line_1_49' title="bbox 2317 739 3037 796; baseline 0 -2"><span class='ocrx_word' id='word_1_357' title='bbox 2317 739 2551 794; x_wconf 81' lang='lat' dir='ltr'><strong>Censura</strong></span> <span class='ocrx_word' id='word_1_358' title='bbox 2603 741 2956 796; x_wconf 77' lang='lat' dir='ltr'><strong>meditationis</strong></span> <span class='ocrx_word' id='word_1_359' title='bbox 2986 741 3037 794; x_wconf 91' lang='lat'><strong>7.</strong></span> 
     </span>
    </p>
   </div>
   <div class='ocr_carea' id='block_1_50' title="bbox 1955 830 3468 903">
    <p class='ocr_par' dir='ltr' id='par_1_50' title="bbox 1955 830 3468 903">
     <span class='ocr_line' id='line_1_50' title="bbox 1955 830 3468 903; baseline 0.003 -18"><span class='ocrx_word' id='word_1_360' title='bbox 1955 830 2086 885; x_wconf 89' lang='lat' dir='ltr'><strong>Eam</strong></span> <span class='ocrx_word' id='word_1_361' title='bbox 2100 831 2260 886; x_wconf 87' lang='lat' dir='ltr'><strong>Pater</strong></span> <span class='ocrx_word' id='word_1_362' title='bbox 2273 831 2600 903; x_wconf 81' lang='lat' dir='ltr'><strong>Raynaudus</strong></span> <span class='ocrx_word' id='word_1_363' title='bbox 2623 833 2792 887; x_wconf 86' lang='lat' dir='ltr'><strong>edidit</strong></span> <span class='ocrx_word' id='word_1_364' title='bbox 2805 833 3160 903; x_wconf 79' lang='lat' dir='ltr'><strong>compositam</strong></span> <span class='ocrx_word' id='word_1_365' title='bbox 3173 849 3202 888; x_wconf 89' lang='lat' dir='ltr'><strong>e</strong></span> <span class='ocrx_word' id='word_1_366' title='bbox 3239 833 3468 890; x_wconf 82' lang='lat' dir='ltr'><strong>diversis</strong></span> 
     </span>
    </p>
   </div>
   <div class='ocr_carea' id='block_1_51' title="bbox 1891 921 3468 998">
    <p class='ocr_par' dir='ltr' id='par_1_51' title="bbox 1891 921 3468 998">
     <span class='ocr_line' id='line_1_51' title="bbox 1891 921 3468 998; baseline 0.003 -24"><span class='ocrx_word' id='word_1_367' title='bbox 1891 923 2136 991; x_wconf 89' lang='lat' dir='ltr'><strong>partibus</strong></span> <span class='ocrx_word' id='word_1_368' title='bbox 2165 939 2287 992; x_wconf 73' lang='lat' dir='ltr'><strong>qua:</strong></span> <span class='ocrx_word' id='word_1_369' title='bbox 2319 923 2372 976; x_wconf 92' lang='lat' dir='ltr'><strong>in</strong></span> <span class='ocrx_word' id='word_1_370' title='bbox 2404 921 2525 977; x_wconf 89' lang='lat' dir='ltr'><strong>aliis</strong></span> <span class='ocrx_word' id='word_1_371' title='bbox 2555 923 2894 978; x_wconf 88' lang='lat' dir='ltr'><strong>orationibus</strong></span> <span class='ocrx_word' id='word_1_372' title='bbox 2954 923 3202 994; x_wconf 77' lang='lat' dir='ltr'><strong>leguntur</strong></span> <span class='ocrx_word' id='word_1_373' title='bbox 3234 939 3468 998; x_wconf 86' lang='lat' dir='ltr'><strong>quarum</strong></span> 
     </span>
    </p>
   </div>
   <div class='ocr_carea' id='block_1_52' title="bbox 1887 1011 3466 1082">
    <p class='ocr_par' dir='ltr' id='par_1_52' title="bbox 1887 1011 3466 1082">
     <span class='ocr_line' id='line_1_52' title="bbox 1887 1011 3466 1082; baseline 0.002 -17"><span class='ocrx_word' id='word_1_374' title='bbox 1887 1011 2208 1065; x_wconf 85' lang='lat' dir='ltr'><strong>S.Anselmi</strong></span> <span class='ocrx_word' id='word_1_375' title='bbox 2233 1020 2316 1066; x_wconf 88' lang='lat' dir='ltr'><strong>est</strong></span> <span class='ocrx_word' id='word_1_376' title='bbox 2344 1021 2534 1066; x_wconf 88' lang='lat' dir='ltr'><strong>auctor</strong></span> <span class='ocrx_word' id='word_1_377' title='bbox 2561 1011 2852 1066; x_wconf 89' lang='lat' dir='ltr'><strong>indubius:</strong></span> <span class='ocrx_word' id='word_1_378' title='bbox 2887 1028 3008 1074; x_wconf 89' lang='lat' dir='ltr'><strong>nos,</strong></span> <span class='ocrx_word' id='word_1_379' title='bbox 3065 1012 3130 1068; x_wconf 90' lang='lat' dir='ltr'><strong>iis</strong></span> <span class='ocrx_word' id='word_1_380' title='bbox 3179 1015 3466 1082; x_wconf 85' lang='lat' dir='ltr'><strong>sepositis,</strong></span> 
     </span>
    </p>
   </div>
   <div class='ocr_carea' id='block_1_53' title="bbox 1887 1100 3466 1172">
    <p class='ocr_par' dir='ltr' id='par_1_53' title="bbox 1887 1100 3466 1172">
     <span class='ocr_line' id='line_1_53' title="bbox 1887 1100 3466 1172; baseline 0 -17"><span class='ocrx_word' id='word_1_381' title='bbox 1887 1100 2035 1155; x_wconf 85' lang='lat' dir='ltr'><strong>illam</strong></span> <span class='ocrx_word' id='word_1_382' title='bbox 2065 1101 2315 1156; x_wconf 88' lang='lat' dir='ltr'><strong>dedimus</strong></span> <span class='ocrx_word' id='word_1_383' title='bbox 2368 1101 2474 1156; x_wconf 90' lang='lat' dir='ltr'><strong>illis</strong></span> <span class='ocrx_word' id='word_1_384' title='bbox 2516 1101 2783 1156; x_wconf 83' lang='lat' dir='ltr'><strong>duntaxat</strong></span> <span class='ocrx_word' id='word_1_385' title='bbox 2835 1101 3157 1156; x_wconf 87' lang='lat' dir='ltr'><strong>instructam</strong></span> <span class='ocrx_word' id='word_1_386' title='bbox 3196 1117 3316 1172; x_wconf 62' lang='lat' dir='ltr'><strong>quae</strong></span> <span class='ocrx_word' id='word_1_387' title='bbox 3367 1105 3466 1171; x_wconf 89' lang='lat' dir='ltr'><strong>ipsi</strong></span> 
     </span>
    </p>
   </div>
   <div class='ocr_carea' id='block_1_54' title="bbox 1887 1193 3008 1263">
    <p class='ocr_par' dir='ltr' id='par_1_54' title="bbox 1887 1193 3008 1263">
     <span class='ocr_line' id='line_1_54' title="bbox 1887 1193 3008 1263; baseline -0.004 -14"><span class='ocrx_word' id='word_1_388' title='bbox 1887 1202 2014 1249; x_wconf 88' lang='lat' dir='ltr'><strong>sunt</strong></span> <span class='ocrx_word' id='word_1_389' title='bbox 2035 1193 2251 1262; x_wconf 83' lang='lat' dir='ltr'><strong>propria</strong></span> <span class='ocrx_word' id='word_1_390' title='bbox 2279 1209 2380 1248; x_wconf 91' lang='lat' dir='ltr'><strong>nec</strong></span> <span class='ocrx_word' id='word_1_391' title='bbox 2406 1195 2459 1247; x_wconf 92' lang='lat' dir='ltr'><strong>in</strong></span> <span class='ocrx_word' id='word_1_392' title='bbox 2497 1193 2617 1248; x_wconf 90' lang='lat' dir='ltr'><strong>aliis</strong></span> <span class='ocrx_word' id='word_1_393' title='bbox 2643 1193 3008 1263; x_wconf 90' lang='lat' dir='ltr'><strong>reperiuntur.</strong></span> 
     </span>
    </p>
   </div>
   <div class='ocr_carea' id='block_1_55' title="bbox 1958 1283 3470 1355">
    <p class='ocr_par' dir='ltr' id='par_1_55' title="bbox 1958 1283 3470 1355">
     <span class='ocr_line' id='line_1_55' title="bbox 1958 1283 3470 1355; baseline 0.002 -17"><span class='ocrx_word' id='word_1_394' title='bbox 1958 1283 2124 1338; x_wconf 89' lang='lat' dir='ltr'><strong>Primi</strong></span> <span class='ocrx_word' id='word_1_395' title='bbox 2157 1285 2262 1339; x_wconf 89' lang='lat' dir='ltr'><strong>duo</strong></span> <span class='ocrx_word' id='word_1_396' title='bbox 2293 1283 2896 1353; x_wconf 87' lang='lat' dir='ltr'><strong>hujuscemeditationis</strong></span> <span class='ocrx_word' id='word_1_397' title='bbox 2929 1285 3470 1355; x_wconf 84' lang='lat' dir='ltr'><strong>paragraphihahcn-</strong></span> 
     </span>
    </p>
   </div>
   <div class='ocr_carea' id='block_1_56' title="bbox 1888 1373 3470 1446">
    <p class='ocr_par' dir='ltr' id='par_1_56' title="bbox 1888 1373 3470 1446">
     <span class='ocr_line' id='line_1_56' title="bbox 1888 1373 3470 1446; baseline 0.003 -19"><span class='ocrx_word' id='word_1_398' title='bbox 1888 1381 1980 1427; x_wconf 88' lang='lat' dir='ltr'><strong>tur</strong></span> <span class='ocrx_word' id='word_1_399' title='bbox 2007 1374 2060 1428; x_wconf 88' lang='lat' dir='ltr'><strong>iu</strong></span> <span class='ocrx_word' id='word_1_400' title='bbox 2113 1389 2216 1428; x_wconf 91' lang='lat' dir='ltr'><strong>ms.</strong></span> <span class='ocrx_word' id='word_1_401' title='bbox 2258 1373 2317 1429; x_wconf 92' lang='lat' dir='ltr'><strong>S.</strong></span> <span class='ocrx_word' id='word_1_402' title='bbox 2372 1374 2530 1428; x_wconf 83' lang='lat' dir='ltr'><strong>Mart.</strong></span> <span class='ocrx_word' id='word_1_403' title='bbox 2556 1375 2813 1440; x_wconf 84' lang='lat' dir='ltr'><strong>&#39;l‘oruac.,</strong></span> <span class='ocrx_word' id='word_1_404' title='bbox 2852 1374 3004 1444; x_wconf 88' lang='lat' dir='ltr'><strong>cujus</strong></span> <span class='ocrx_word' id='word_1_405' title='bbox 3045 1384 3470 1446; x_wconf 83' lang='lat' dir='ltr'><strong>transsumptum</strong></span> 
     </span>
    </p>
   </div>
   <div class='ocr_carea' id='block_1_57' title="bbox 1887 1466 3470 1540">
    <p class='ocr_par' dir='ltr' id='par_1_57' title="bbox 1887 1466 3470 1540">
     <span class='ocr_line' id='line_1_57' title="bbox 1887 1466 3470 1540; baseline 0.001 -20"><span class='ocrx_word' id='word_1_406' title='bbox 1887 1466 2042 1520; x_wconf 90' lang='lat' dir='ltr'><strong>nobis</strong></span> <span class='ocrx_word' id='word_1_407' title='bbox 2064 1466 2288 1520; x_wconf 89' lang='lat' dir='ltr'><strong>missum</strong></span> <span class='ocrx_word' id='word_1_408' title='bbox 2319 1473 2402 1522; x_wconf 90' lang='lat' dir='ltr'><strong>est</strong></span> <span class='ocrx_word' id='word_1_409' title='bbox 2438 1485 2452 1520; x_wconf 93' lang='lat'><strong>:</strong></span> <span class='ocrx_word' id='word_1_410' title='bbox 2496 1468 2630 1522; x_wconf 90' lang='lat' dir='ltr'><strong>duos</strong></span> <span class='ocrx_word' id='word_1_411' title='bbox 2652 1467 2786 1522; x_wconf 90' lang='lat' dir='ltr'><strong>alios</strong></span> <span class='ocrx_word' id='word_1_412' title='bbox 2819 1467 2870 1522; x_wconf 89' lang='lat' dir='ltr'><strong>in</strong></span> <span class='ocrx_word' id='word_1_413' title='bbox 2902 1468 3048 1522; x_wconf 92' lang='lat' dir='ltr'><strong>nullo</strong></span> <span class='ocrx_word' id='word_1_414' title='bbox 3081 1485 3181 1524; x_wconf 90' lang='lat' dir='ltr'><strong>ms.</strong></span> <span class='ocrx_word' id='word_1_415' title='bbox 3207 1471 3470 1540; x_wconf 84' lang='lat' dir='ltr'><strong>comperi.</strong></span> 
     </span>
    </p>
   </div>
   <div class='ocr_carea' id='block_1_58' title="bbox 1887 1555 3472 1628">
    <p class='ocr_par' dir='ltr' id='par_1_58' title="bbox 1887 1555 3472 1628">
     <span class='ocr_line' id='line_1_58' title="bbox 1887 1555 3472 1628; baseline 0.002 -19"><span class='ocrx_word' id='word_1_416' title='bbox 1887 1555 2036 1610; x_wconf 91' lang='lat' dir='ltr'><strong>etin</strong></span> <span class='ocrx_word' id='word_1_417' title='bbox 2092 1555 2205 1610; x_wconf 85' lang='lat' dir='ltr'><strong>sola</strong></span> <span class='ocrx_word' id='word_1_418' title='bbox 2253 1555 2316 1610; x_wconf 90' lang='lat' dir='ltr'><strong>P.</strong></span> <span class='ocrx_word' id='word_1_419' title='bbox 2372 1555 2652 1626; x_wconf 85' lang='lat' dir='ltr'><strong>TheOphili</strong></span> <span class='ocrx_word' id='word_1_420' title='bbox 2717 1557 2818 1611; x_wconf 83' lang='lat' dir='ltr'><strong>lide</strong></span> <span class='ocrx_word' id='word_1_421' title='bbox 2870 1558 3090 1628; x_wconf 84' lang='lat' dir='ltr'><strong>protuli,</strong></span> <span class='ocrx_word' id='word_1_422' title='bbox 3145 1573 3210 1612; x_wconf 89' lang='lat' dir='ltr'><strong>eo</strong></span> <span class='ocrx_word' id='word_1_423' title='bbox 3255 1560 3472 1626; x_wconf 81' lang='lat' dir='ltr'><strong>quidem</strong></span> 
     </span>
    </p>
   </div>
   <div class='ocr_carea' id='block_1_59' title="bbox 1887 1645 3472 1719">
    <p class='ocr_par' dir='ltr' id='par_1_59' title="bbox 1887 1645 3472 1719">
     <span class='ocr_line' id='line_1_59' title="bbox 1887 1645 3472 1719; baseline 0.003 -21"><span class='ocrx_word' id='word_1_424' title='bbox 1887 1645 2142 1700; x_wconf 85' lang='lat' dir='ltr'><strong>libentius</strong></span> <span class='ocrx_word' id='word_1_425' title='bbox 2199 1648 2342 1714; x_wconf 92' lang='lat' dir='ltr'><strong>quod</strong></span> <span class='ocrx_word' id='word_1_426' title='bbox 2389 1647 2442 1700; x_wconf 90' lang='lat' dir='ltr'><strong>in</strong></span> <span class='ocrx_word' id='word_1_427' title='bbox 2503 1647 2583 1701; x_wconf 89' lang='lat' dir='ltr'><strong>eis</strong></span> <span class='ocrx_word' id='word_1_428' title='bbox 2613 1657 2844 1703; x_wconf 88' lang='lat' dir='ltr'><strong>mentem</strong></span> <span class='ocrx_word' id='word_1_429' title='bbox 2874 1648 3188 1719; x_wconf 85' lang='lat' dir='ltr'><strong>etliuguam</strong></span> <span class='ocrx_word' id='word_1_430' title='bbox 3233 1650 3472 1704; x_wconf 85' lang='lat' dir='ltr'><strong>Anselmi</strong></span> 
     </span>
    </p>
   </div>
   <div class='ocr_carea' id='block_1_60' title="bbox 1889 1739 2326 1793">
    <p class='ocr_par' dir='ltr' id='par_1_60' title="bbox 1889 1739 2326 1793">
     <span class='ocr_line' id='line_1_60' title="bbox 1889 1739 2326 1793; baseline -0.005 0"><span class='ocrx_word' id='word_1_431' title='bbox 1889 1739 2151 1793; x_wconf 80' lang='lat' dir='ltr'><strong>noverhn.</strong></span> <span class='ocrx_word' id='word_1_432' title='bbox 2321 1739 2326 1748; x_wconf 85' lang='lat'>&#39;</span> 
     </span>
    </p>
   </div>
   <div class='ocr_carea' id='block_1_61' title="bbox 1961 1826 3464 1900">
    <p class='ocr_par' dir='ltr' id='par_1_61' title="bbox 1961 1826 3464 1900">
     <span class='ocr_line' id='line_1_61' title="bbox 1961 1826 3464 1900; baseline 0.003 -20"><span class='ocrx_word' id='word_1_433' title='bbox 1961 1826 2313 1882; x_wconf 86' lang='lat' dir='ltr'><strong>Dissimulare</strong></span> <span class='ocrx_word' id='word_1_434' title='bbox 2337 1827 2424 1883; x_wconf 90' lang='lat' dir='ltr'><strong>hic</strong></span> <span class='ocrx_word' id='word_1_435' title='bbox 2455 1843 2662 1898; x_wconf 80' lang='lat' dir='ltr'><strong>nequeo</strong></span> <span class='ocrx_word' id='word_1_436' title='bbox 2690 1829 2824 1884; x_wconf 88' lang='lat' dir='ltr'><strong>duos</strong></span> <span class='ocrx_word' id='word_1_437' title='bbox 2854 1830 3063 1898; x_wconf 85' lang='lat' dir='ltr'><strong>priores</strong></span> <span class='ocrx_word' id='word_1_438' title='bbox 3095 1831 3464 1900; x_wconf 82' lang='lat' dir='ltr'><strong>paragraphos</strong></span> 
     </span>
    </p>
   </div>
   <div class='ocr_carea' id='block_1_62' title="bbox 1890 1918 3476 1991">
    <p class='ocr_par' dir='ltr' id='par_1_62' title="bbox 1890 1918 3476 1991">
     <span class='ocr_line' id='line_1_62' title="bbox 1890 1918 3476 1991; baseline 0.002 -19"><span class='ocrx_word' id='word_1_439' title='bbox 1890 1919 2133 1989; x_wconf 75' lang='lat' dir='ltr'><strong>integros</strong></span> <span class='ocrx_word' id='word_1_440' title='bbox 2153 1918 2256 1988; x_wconf 81' lang='lat' dir='ltr'><strong>legi</strong></span> <span class='ocrx_word' id='word_1_441' title='bbox 2279 1919 2329 1973; x_wconf 86' lang='lat' dir='ltr'><strong>in</strong></span> <span class='ocrx_word' id='word_1_442' title='bbox 2355 1920 2494 1974; x_wconf 90' lang='lat' dir='ltr'><strong>libro</strong></span> <span class='ocrx_word' id='word_1_443' title='bbox 2520 1920 2594 1973; x_wconf 84' lang='lat' dir='ltr'><strong>De</strong></span> <span class='ocrx_word' id='word_1_444' title='bbox 2620 1921 2932 1974; x_wconf 87' lang='lat' dir='ltr'><strong>contritione</strong></span> <span class='ocrx_word' id='word_1_445' title='bbox 2961 1922 3154 1984; x_wconf 83' lang='lat' dir='ltr'><strong>cordis,</strong></span> <span class='ocrx_word' id='word_1_446' title='bbox 3187 1923 3276 1991; x_wconf 87' lang='lat' dir='ltr'><strong>qui</strong></span> <span class='ocrx_word' id='word_1_447' title='bbox 3300 1931 3476 1975; x_wconf 80' lang='lat' dir='ltr'><strong>exstat</strong></span> 
     </span>
    </p>
   </div>
   <div class='ocr_carea' id='block_1_63' title="bbox 1891 2009 3475 2080">
    <p class='ocr_par' dir='ltr' id='par_1_63' title="bbox 1891 2009 3475 2080">
     <span class='ocr_line' id='line_1_63' title="bbox 1891 2009 3475 2080; baseline -0.001 -17"><span class='ocrx_word' id='word_1_448' title='bbox 1891 2010 1942 2063; x_wconf 90' lang='lat' dir='ltr'><strong>in</strong></span> <span class='ocrx_word' id='word_1_449' title='bbox 1970 2011 2279 2080; x_wconf 81' lang='lat' dir='ltr'><strong>Appenuiee</strong></span> <span class='ocrx_word' id='word_1_450' title='bbox 2305 2020 2434 2065; x_wconf 88' lang='lat' dir='ltr'><strong>tom.</strong></span> <span class='ocrx_word' id='word_1_451' title='bbox 2473 2011 2542 2065; x_wconf 76' lang='lat' dir='ltr'><strong>IX</strong></span> <span class='ocrx_word' id='word_1_452' title='bbox 2569 2009 2804 2080; x_wconf 87' lang='lat' dir='ltr'><strong>Operum</strong></span> <span class='ocrx_word' id='word_1_453' title='bbox 2853 2011 2910 2064; x_wconf 90' lang='lat' dir='ltr'><strong>S.</strong></span> <span class='ocrx_word' id='word_1_454' title='bbox 2939 2011 3244 2080; x_wconf 73' lang='lat' dir='ltr'><strong>Augustini.</strong></span> <span class='ocrx_word' id='word_1_455' title='bbox 3277 2011 3475 2066; x_wconf 81' lang='lat' dir='ltr'><strong>Verum</strong></span> 
     </span>
    </p>
   </div>
   <div class='ocr_carea' id='block_1_64' title="bbox 1891 2099 3478 2166">
    <p class='ocr_par' dir='ltr' id='par_1_64' title="bbox 1891 2099 3478 2166">
     <span class='ocr_line' id='line_1_64' title="bbox 1891 2099 3478 2166; baseline 0.003 -14"><span class='ocrx_word' id='word_1_456' title='bbox 1891 2099 1942 2153; x_wconf 89' lang='lat' dir='ltr'><strong>id</strong></span> <span class='ocrx_word' id='word_1_457' title='bbox 1969 2099 2100 2152; x_wconf 87' lang='lat' dir='ltr'><strong>nihil</strong></span> <span class='ocrx_word' id='word_1_458' title='bbox 2146 2099 2289 2166; x_wconf 90' lang='lat' dir='ltr'><strong>juris</strong></span> <span class='ocrx_word' id='word_1_459' title='bbox 2337 2099 2394 2154; x_wconf 90' lang='lat' dir='ltr'><strong>S.</strong></span> <span class='ocrx_word' id='word_1_460' title='bbox 2439 2101 2696 2154; x_wconf 82' lang='lat' dir='ltr'><strong>Anselmo</strong></span> <span class='ocrx_word' id='word_1_461' title='bbox 2723 2100 2984 2165; x_wconf 84' lang='lat' dir='ltr'><strong>detrahit,</strong></span> <span class='ocrx_word' id='word_1_462' title='bbox 3039 2117 3162 2156; x_wconf 90' lang='lat' dir='ltr'><strong>cum</strong></span> <span class='ocrx_word' id='word_1_463' title='bbox 3215 2101 3348 2156; x_wconf 87' lang='lat' dir='ltr'><strong>liber</strong></span> <span class='ocrx_word' id='word_1_464' title='bbox 3375 2101 3478 2156; x_wconf 80' lang='lat' dir='ltr'><strong>iste</strong></span> 
     </span>
    </p>
   </div>
   <div class='ocr_carea' id='block_1_65' title="bbox 1891 2187 3472 2258">
    <p class='ocr_par' dir='ltr' id='par_1_65' title="bbox 1891 2187 3472 2258">
     <span class='ocr_line' id='line_1_65' title="bbox 1891 2187 3472 2258; baseline 0.003 -19"><span class='ocrx_word' id='word_1_465' title='bbox 1891 2187 2026 2240; x_wconf 86' lang='lat' dir='ltr'><strong>nihil</strong></span> <span class='ocrx_word' id='word_1_466' title='bbox 2053 2188 2124 2241; x_wconf 87' lang='lat' dir='ltr'><strong>sit</strong></span> <span class='ocrx_word' id='word_1_467' title='bbox 2149 2188 2290 2241; x_wconf 90' lang='lat' dir='ltr'><strong>aliud</strong></span> <span class='ocrx_word' id='word_1_468' title='bbox 2307 2205 2468 2257; x_wconf 86' lang='lat' dir='ltr'><strong>quam</strong></span> <span class='ocrx_word' id='word_1_469' title='bbox 2497 2201 2814 2258; x_wconf 80' lang='lat' dir='ltr'><strong>excerptum</strong></span> <span class='ocrx_word' id='word_1_470' title='bbox 2839 2206 2902 2244; x_wconf 82' lang='lat' dir='ltr'><strong>ex</strong></span> <span class='ocrx_word' id='word_1_471' title='bbox 2928 2191 3472 2244; x_wconf 83' lang='lat' dir='ltr'><strong>variismeditationi-</strong></span> 
     </span>
    </p>
   </div>
   <div class='ocr_carea' id='block_1_66' title="bbox 1889 2277 3476 2348">
    <p class='ocr_par' dir='ltr' id='par_1_66' title="bbox 1889 2277 3476 2348">
     <span class='ocr_line' id='line_1_66' title="bbox 1889 2277 3476 2348; baseline 0.001 -16"><span class='ocrx_word' id='word_1_472' title='bbox 1889 2277 1993 2332; x_wconf 91' lang='lat' dir='ltr'><strong>bus</strong></span> <span class='ocrx_word' id='word_1_473' title='bbox 2035 2285 2092 2332; x_wconf 91' lang='lat' dir='ltr'><strong>et</strong></span> <span class='ocrx_word' id='word_1_474' title='bbox 2145 2279 2486 2332; x_wconf 88' lang='lat' dir='ltr'><strong>orationibus</strong></span> <span class='ocrx_word' id='word_1_475' title='bbox 2534 2293 2670 2348; x_wconf 89' lang='lat' dir='ltr'><strong>quas</strong></span> <span class='ocrx_word' id='word_1_476' title='bbox 2713 2280 2951 2333; x_wconf 81' lang='lat' dir='ltr'><strong>Anselmi</strong></span> <span class='ocrx_word' id='word_1_477' title='bbox 2991 2296 3111 2336; x_wconf 76' lang='lat' dir='ltr'><strong>esse</strong></span> <span class='ocrx_word' id='word_1_478' title='bbox 3135 2283 3280 2336; x_wconf 90' lang='lat' dir='ltr'><strong>omni</strong></span> <span class='ocrx_word' id='word_1_479' title='bbox 3326 2291 3476 2336; x_wconf 88' lang='lat' dir='ltr'><strong>certo</strong></span> 
     </span>
    </p>
   </div>
   <div class='ocr_carea' id='block_1_67' title="bbox 1889 2369 3476 2439">
    <p class='ocr_par' dir='ltr' id='par_1_67' title="bbox 1889 2369 3476 2439">
     <span class='ocr_line' id='line_1_67' title="bbox 1889 2369 3476 2439; baseline 0.001 -16"><span class='ocrx_word' id='word_1_480' title='bbox 1889 2369 2093 2424; x_wconf 87' lang='lat' dir='ltr'><strong>certius</strong></span> <span class='ocrx_word' id='word_1_481' title='bbox 2115 2377 2215 2423; x_wconf 88' lang='lat' dir='ltr'><strong>est.</strong></span> <span class='ocrx_word' id='word_1_482' title='bbox 2251 2369 2306 2423; x_wconf 88' lang='lat' dir='ltr'><strong>ld</strong></span> <span class='ocrx_word' id='word_1_483' title='bbox 2340 2369 2480 2422; x_wconf 90' lang='lat' dir='ltr'><strong>inlra</strong></span> <span class='ocrx_word' id='word_1_484' title='bbox 2512 2369 3006 2426; x_wconf 89' lang='lat' dir='ltr'><strong>demonstrabimus</strong></span> <span class='ocrx_word' id='word_1_485' title='bbox 3032 2372 3083 2424; x_wconf 92' lang='lat' dir='ltr'><strong>in</strong></span> <span class='ocrx_word' id='word_1_486' title='bbox 3111 2371 3320 2439; x_wconf 87' lang='lat' dir='ltr'><strong>judicio</strong></span> <span class='ocrx_word' id='word_1_487' title='bbox 3355 2371 3476 2426; x_wconf 90' lang='lat' dir='ltr'><strong>libri</strong></span> 
     </span>
    </p>
   </div>
   <div class='ocr_carea' id='block_1_68' title="bbox 1891 2460 2516 2514">
    <p class='ocr_par' dir='ltr' id='par_1_68' title="bbox 1891 2460 2516 2514">
     <span class='ocr_line' id='line_1_68' title="bbox 1891 2460 2516 2514; baseline 0 -2"><span class='ocrx_word' id='word_1_488' title='bbox 1891 2460 1954 2513; x_wconf 88' lang='lat' dir='ltr'><strong>de</strong></span> <span class='ocrx_word' id='word_1_489' title='bbox 1981 2461 2154 2514; x_wconf 80' lang='lat' dir='ltr'><strong>cordis</strong></span> <span class='ocrx_word' id='word_1_490' title='bbox 2187 2461 2516 2514; x_wconf 81' lang='lat' dir='ltr'><strong>contritione.</strong></span> 
     </span>
    </p>
   </div>
   <div class='ocr_carea' id='block_1_69' title="bbox 2351 2551 3040 2608">
    <p class='ocr_par' dir='ltr' id='par_1_69' title="bbox 2351 2551 3040 2608">
     <span class='ocr_line' id='line_1_69' title="bbox 2351 2551 3040 2608; baseline 0 -2"><span class='ocrx_word' id='word_1_491' title='bbox 2351 2551 2584 2606; x_wconf 82' lang='lat' dir='ltr'><strong>Censura</strong></span> <span class='ocrx_word' id='word_1_492' title='bbox 2613 2552 2970 2607; x_wconf 84' lang='lat' dir='ltr'><strong>meditationis</strong></span> <span class='ocrx_word' id='word_1_493' title='bbox 2987 2553 3040 2608; x_wconf 92' lang='lat'><strong>8.</strong></span> 
     </span>
    </p>
   </div>
   <div class='ocr_carea' id='block_1_70' title="bbox 1963 2642 3478 2713">
    <p class='ocr_par' dir='ltr' id='par_1_70' title="bbox 1963 2642 3478 2713">
     <span class='ocr_line' id='line_1_70' title="bbox 1963 2642 3478 2713; baseline 0.001 -16"><span class='ocrx_word' id='word_1_494' title='bbox 1963 2642 2790 2713; x_wconf 62' lang='lat' dir='ltr'><strong>A.:.P:&#39;J‘neephitmm&#39;im-ih</strong></span> <span class='ocrx_word' id='word_1_495' title='bbox 2821 2645 2964 2700; x_wconf 88' lang='lat' dir='ltr'><strong>edita</strong></span> <span class='ocrx_word' id='word_1_496' title='bbox 3006 2653 3087 2700; x_wconf 90' lang='lat' dir='ltr'><strong>est</strong></span> <span class='ocrx_word' id='word_1_497' title='bbox 3125 2661 3190 2699; x_wconf 76' lang='lat' dir='ltr'><strong>ex</strong></span> <span class='ocrx_word' id='word_1_498' title='bbox 3245 2660 3347 2700; x_wconf 89' lang='lat' dir='ltr'><strong>ms.</strong></span> <span class='ocrx_word' id='word_1_499' title='bbox 3391 2645 3478 2699; x_wconf 78' lang='lat' dir='ltr'><strong>Bi-</strong></span> 
     </span>
    </p>
   </div>
   <div class='ocr_carea' id='block_1_71' title="bbox 1893 2735 3479 2792">
    <p class='ocr_par' dir='ltr' id='par_1_71' title="bbox 1893 2735 3479 2792">
     <span class='ocr_line' id='line_1_71' title="bbox 1893 2735 3479 2792; baseline 0.002 -3"><span class='ocrx_word' id='word_1_500' title='bbox 1893 2735 2502 2790; x_wconf 64' lang='lat' dir='ltr'><strong>bliot&#39;lr.&#39;-Vatitr..eb-i«n</strong></span> <span class='ocrx_word' id='word_1_501' title='bbox 2559 2751 2641 2790; x_wconf 57' lang='lat' dir='ltr'><strong>ea“</strong></span> <span class='ocrx_word' id='word_1_502' title='bbox 2667 2735 2820 2790; x_wconf 81' lang='lat' dir='ltr'><strong>nihil“</strong></span> <span class='ocrx_word' id='word_1_503' title='bbox 2843 2736 3080 2791; x_wconf 90' lang='lat' dir='ltr'><strong>occurrit</strong></span> <span class='ocrx_word' id='word_1_504' title='bbox 3107 2735 3164 2790; x_wconf 88' lang='lat' dir='ltr'><strong>S.</strong></span> <span class='ocrx_word' id='word_1_505' title='bbox 3223 2737 3479 2792; x_wconf 85' lang='lat' dir='ltr'><strong>Anschno</strong></span> 
     </span>
    </p>
   </div>
   <div class='ocr_carea' id='block_1_72' title="bbox 1895 2827 2198 2900">
    <p class='ocr_par' dir='ltr' id='par_1_72' title="bbox 1895 2827 2198 2900">
     <span class='ocr_line' id='line_1_72' title="bbox 1895 2827 2198 2900; baseline 0 -20"><span class='ocrx_word' id='word_1_506' title='bbox 1895 2827 2198 2900; x_wconf 62' lang='lat' dir='ltr'><strong>hnﬁgnuun</strong></span> 
     </span>
    </p>
   </div>
   <div class='ocr_carea' id='block_1_73' title="bbox 2303 2914 3034 2971">
    <p class='ocr_par' dir='ltr' id='par_1_73' title="bbox 2303 2914 3034 2971">
     <span class='ocr_line' id='line_1_73' title="bbox 2303 2914 3034 2971; baseline -0.003 -1"><span class='ocrx_word' id='word_1_507' title='bbox 2303 2915 2558 2971; x_wconf 70' lang='lat' dir='ltr'><strong>&#39;Ceti‘sura</strong></span> <span class='ocrx_word' id='word_1_508' title='bbox 2587 2914 2942 2970; x_wconf 70' lang='lat' dir='ltr'><strong>Meditationis</strong></span> <span class='ocrx_word' id='word_1_509' title='bbox 2980 2915 3034 2971; x_wconf 88' lang='lat'><strong>9.</strong></span> 
     </span>
    </p>
   </div>
   <div class='ocr_carea' id='block_1_74' title="bbox 1967 3001 3475 3076">
    <p class='ocr_par' dir='ltr' id='par_1_74' title="bbox 1967 3001 3475 3076">
     <span class='ocr_line' id='line_1_74' title="bbox 1967 3001 3475 3076; baseline -0.005 -14"><span class='ocrx_word' id='word_1_510' title='bbox 1967 3001 2095 3062; x_wconf 67' lang='lat' dir='ltr'><strong>Huic</strong></span> <span class='ocrx_word' id='word_1_511' title='bbox 2121 3007 2569 3076; x_wconf 65' lang='lat' dir='ltr'><strong>nteditat-iu,‘qtue</strong></span> <span class='ocrx_word' id='word_1_512' title='bbox 2591 3006 2827 3074; x_wconf 64' lang='lat' dir='ltr'><strong>&#39;ln‘clpit‘,</strong></span> <span class='ocrx_word' id='word_1_513' title='bbox 2855 3003 3037 3058; x_wconf 65' lang='lat' dir='ltr'><strong>Iesum</strong></span> <span class='ocrx_word' id='word_1_514' title='bbox 3091 3005 3431 3058; x_wconf 73' lang='lat' dir='ltr'><strong>Nazarenam</strong></span> <span class='ocrx_word' id='word_1_515' title='bbox 3461 3044 3475 3067; x_wconf 90' lang='lat'><strong>,</strong></span> 
     </span>
    </p>
   </div>
   <div class='ocr_carea' id='block_1_75' title="bbox 1891 3095 3479 3166">
    <p class='ocr_par' dir='ltr' id='par_1_75' title="bbox 1891 3095 3479 3166">
     <span class='ocr_line' id='line_1_75' title="bbox 1891 3095 3479 3166; baseline -0.006 -10"><span class='ocrx_word' id='word_1_516' title='bbox 1891 3109 2020 3165; x_wconf 90' lang='lat' dir='ltr'><strong>ete.,</strong></span> <span class='ocrx_word' id='word_1_517' title='bbox 2040 3099 2184 3154; x_wconf 90' lang='lat' dir='ltr'><strong>inter</strong></span> <span class='ocrx_word' id='word_1_518' title='bbox 2207 3099 2265 3154; x_wconf 88' lang='lat' dir='ltr'><strong>S.</strong></span> <span class='ocrx_word' id='word_1_519' title='bbox 2297 3099 2533 3152; x_wconf 82' lang='lat' dir='ltr'><strong>Anschni</strong></span> <span class='ocrx_word' id='word_1_520' title='bbox 2563 3097 2737 3166; x_wconf 84' lang='lat' dir='ltr'><strong>Opera</strong></span> <span class='ocrx_word' id='word_1_521' title='bbox 2777 3097 2826 3149; x_wconf 92' lang='lat' dir='ltr'><strong>iu</strong></span> <span class='ocrx_word' id='word_1_522' title='bbox 2853 3097 3103 3150; x_wconf 88' lang='lat' dir='ltr'><strong>omnibus</strong></span> <span class='ocrx_word' id='word_1_523' title='bbox 3125 3095 3479 3162; x_wconf 78' lang='lat' dir='ltr'><strong>excusislegi-</strong></span> 
     </span>
    </p>
   </div>
   <div class='ocr_carea' id='block_1_76' title="bbox 1893 3185 3476 3256">
    <p class='ocr_par' dir='ltr' id='par_1_76' title="bbox 1893 3185 3476 3256">
     <span class='ocr_line' id='line_1_76' title="bbox 1893 3185 3476 3256; baseline -0.005 -12"><span class='ocrx_word' id='word_1_524' title='bbox 1893 3199 1980 3244; x_wconf 88' lang='lat' dir='ltr'><strong>tur</strong></span> <span class='ocrx_word' id='word_1_525' title='bbox 2010 3190 2110 3243; x_wconf 88' lang='lat' dir='ltr'><strong>sub</strong></span> <span class='ocrx_word' id='word_1_526' title='bbox 2139 3187 2240 3244; x_wconf 91' lang='lat' dir='ltr'><strong>hoc</strong></span> <span class='ocrx_word' id='word_1_527' title='bbox 2288 3187 2442 3241; x_wconf 91' lang='lat' dir='ltr'><strong>titulo</strong></span> <span class='ocrx_word' id='word_1_528' title='bbox 2476 3205 2490 3240; x_wconf 89' lang='lat'><strong>:</strong></span> <span class='ocrx_word' id='word_1_529' title='bbox 2519 3186 2797 3255; x_wconf 80' lang='lat' dir='ltr'><strong>Speculum</strong></span> <span class='ocrx_word' id='word_1_530' title='bbox 2844 3185 3126 3256; x_wconf 80' lang='lat' dir='ltr'><strong>evangelici</strong></span> <span class='ocrx_word' id='word_1_531' title='bbox 3181 3185 3476 3248; x_wconf 82' lang='lat' dir='ltr'><strong>sermonis;</strong></span> 
     </span>
    </p>
   </div>
   <div class='ocr_carea' id='block_1_77' title="bbox 1893 3275 3474 3346">
    <p class='ocr_par' dir='ltr' id='par_1_77' title="bbox 1893 3275 3474 3346">
     <span class='ocr_line' id='line_1_77' title="bbox 1893 3275 3474 3346; baseline -0.003 -12"><span class='ocrx_word' id='word_1_532' title='bbox 1893 3281 2050 3344; x_wconf 87' lang='lat' dir='ltr'><strong>alias,</strong></span> <span class='ocrx_word' id='word_1_533' title='bbox 2091 3277 2350 3335; x_wconf 81' lang='lat' dir='ltr'><strong>Stimulus</strong></span> <span class='ocrx_word' id='word_1_534' title='bbox 2379 3278 2673 3331; x_wconf 85' lang='lat' dir='ltr'><strong>antoris.-lu</strong></span> <span class='ocrx_word' id='word_1_535' title='bbox 2707 3292 2806 3332; x_wconf 90' lang='lat' dir='ltr'><strong>ms.</strong></span> <span class='ocrx_word' id='word_1_536' title='bbox 2837 3279 2898 3332; x_wconf 94' lang='lat' dir='ltr'><strong>D.</strong></span> <span class='ocrx_word' id='word_1_537' title='bbox 2932 3277 3084 3346; x_wconf 83' lang='lat' dir='ltr'><strong>Bigot</strong></span> <span class='ocrx_word' id='word_1_538' title='bbox 3117 3275 3430 3331; x_wconf 86' lang='lat' dir='ltr'><strong>iuscrihilur</strong></span> <span class='ocrx_word' id='word_1_539' title='bbox 3461 3293 3474 3330; x_wconf 93' lang='lat'><strong>:</strong></span> 
     </span>
    </p>
   </div>
   <div class='ocr_carea' id='block_1_78' title="bbox 1895 3367 3476 3434">
    <p class='ocr_par' dir='ltr' id='par_1_78' title="bbox 1895 3367 3476 3434">
     <span class='ocr_line' id='line_1_78' title="bbox 1895 3367 3476 3434; baseline -0.004 -8"><span class='ocrx_word' id='word_1_540' title='bbox 1895 3373 1970 3426; x_wconf 81' lang='lat' dir='ltr'><strong>De</strong></span> <span class='ocrx_word' id='word_1_541' title='bbox 2005 3373 2362 3434; x_wconf 82' lang='lat' dir='ltr'><strong>Itmnanitate;</strong></span> <span class='ocrx_word' id='word_1_542' title='bbox 2401 3369 2452 3423; x_wconf 88' lang='lat' dir='ltr'><strong>in</strong></span> <span class='ocrx_word' id='word_1_543' title='bbox 2494 3385 2594 3424; x_wconf 85' lang='lat' dir='ltr'><strong>ms.</strong></span> <span class='ocrx_word' id='word_1_544' title='bbox 2629 3368 2863 3424; x_wconf 85' lang='lat' dir='ltr'><strong>Oratorii</strong></span> <span class='ocrx_word' id='word_1_545' title='bbox 2897 3367 3070 3423; x_wconf 90' lang='lat' dir='ltr'><strong>Paris.</strong></span> <span class='ocrx_word' id='word_1_546' title='bbox 3101 3368 3243 3423; x_wconf 89' lang='lat' dir='ltr'><strong>hunc</strong></span> <span class='ocrx_word' id='word_1_547' title='bbox 3269 3367 3476 3421; x_wconf 89' lang='lat' dir='ltr'><strong>titulum</strong></span> 
     </span>
    </p>
   </div>
   <div class='ocr_carea' id='block_1_79' title="bbox 1894 3458 3479 3524">
    <p class='ocr_par' dir='ltr' id='par_1_79' title="bbox 1894 3458 3479 3524">
     <span class='ocr_line' id='line_1_79' title="bbox 1894 3458 3479 3524; baseline -0.003 -9"><span class='ocrx_word' id='word_1_548' title='bbox 1894 3463 2098 3518; x_wconf 81' lang='lat' dir='ltr'><strong>habet:</strong></span> <span class='ocrx_word' id='word_1_549' title='bbox 2143 3460 2332 3514; x_wconf 85' lang='lat' dir='ltr'><strong>Passio</strong></span> <span class='ocrx_word' id='word_1_550' title='bbox 2389 3459 2600 3513; x_wconf 87' lang='lat' dir='ltr'><strong>Domini</strong></span> <span class='ocrx_word' id='word_1_551' title='bbox 2655 3459 2820 3514; x_wconf 86' lang='lat' dir='ltr'><strong>nostri</strong></span> <span class='ocrx_word' id='word_1_552' title='bbox 2883 3459 3007 3513; x_wconf 84' lang='lat' dir='ltr'><strong>Jesn</strong></span> <span class='ocrx_word' id='word_1_553' title='bbox 3048 3458 3267 3524; x_wconf 72' lang='lat' dir='ltr'><strong>Christi,</strong></span> <span class='ocrx_word' id='word_1_554' title='bbox 3297 3460 3479 3512; x_wconf 84' lang='lat' dir='ltr'><strong>mundi</strong></span> 
     </span>
    </p>
   </div>
   <div class='ocr_carea' id='block_1_80' title="bbox 1895 3550 3476 3620">
    <p class='ocr_par' dir='ltr' id='par_1_80' title="bbox 1895 3550 3476 3620">
     <span class='ocr_line' id='line_1_80' title="bbox 1895 3550 3476 3620; baseline -0.003 -13"><span class='ocrx_word' id='word_1_555' title='bbox 1895 3553 2227 3616; x_wconf 76' lang='lat' dir='ltr'><strong>Saluatoris,</strong></span> <span class='ocrx_word' id='word_1_556' title='bbox 2284 3552 2570 3607; x_wconf 78' lang='lat' dir='ltr'><strong>secundant</strong></span> <span class='ocrx_word' id='word_1_557' title='bbox 2629 3550 2693 3604; x_wconf 88' lang='grc' dir='ltr'>Β.</span> <span class='ocrx_word' id='word_1_558' title='bbox 2737 3551 3037 3608; x_wconf 77' lang='lat' dir='ltr'><strong>Anselmum</strong></span> <span class='ocrx_word' id='word_1_559' title='bbox 3081 3551 3391 3620; x_wconf 83' lang='lat' dir='ltr'><strong>archicpisc.</strong></span> <span class='ocrx_word' id='word_1_560' title='bbox 3423 3551 3476 3603; x_wconf 87' lang='lat' dir='ltr'><strong>ln</strong></span> 
     </span>
    </p>
   </div>
   <div class='ocr_carea' id='block_1_81' title="bbox 1897 3641 3478 3712">
    <p class='ocr_par' dir='ltr' id='par_1_81' title="bbox 1897 3641 3478 3712">
     <span class='ocr_line' id='line_1_81' title="bbox 1897 3641 3478 3712; baseline -0.003 -14"><span class='ocrx_word' id='word_1_561' title='bbox 1897 3653 2025 3698; x_wconf 89' lang='lat' dir='ltr'><strong>tom.</strong></span> <span class='ocrx_word' id='word_1_562' title='bbox 2061 3643 2146 3698; x_wconf 74' lang='lat' dir='ltr'><strong>Vll</strong></span> <span class='ocrx_word' id='word_1_563' title='bbox 2197 3643 2432 3712; x_wconf 86' lang='lat' dir='ltr'><strong>Operum</strong></span> <span class='ocrx_word' id='word_1_564' title='bbox 2471 3642 2528 3697; x_wconf 92' lang='lat' dir='ltr'><strong>S.</strong></span> <span class='ocrx_word' id='word_1_565' title='bbox 2587 3641 2784 3695; x_wconf 87' lang='lat' dir='ltr'><strong>Bouav.</strong></span> <span class='ocrx_word' id='word_1_566' title='bbox 2815 3657 2952 3696; x_wconf 86' lang='lat' dir='ltr'><strong>unus</strong></span> <span class='ocrx_word' id='word_1_567' title='bbox 2973 3651 3152 3697; x_wconf 82' lang='lat' dir='ltr'><strong>exstat</strong></span> <span class='ocrx_word' id='word_1_568' title='bbox 3201 3643 3338 3696; x_wconf 82' lang='lat' dir='ltr'><strong>liber</strong></span> <span class='ocrx_word' id='word_1_569' title='bbox 3387 3644 3478 3696; x_wconf 91' lang='lat' dir='ltr'><strong>cui</strong></span> 
     </span>
    </p>
   </div>
   <div class='ocr_carea' id='block_1_82' title="bbox 1897 3735 3474 3798">
    <p class='ocr_par' dir='ltr' id='par_1_82' title="bbox 1897 3735 3474 3798">
     <span class='ocr_line' id='line_1_82' title="bbox 1897 3735 3474 3798; baseline -0.003 -7"><span class='ocrx_word' id='word_1_570' title='bbox 1897 3736 2124 3791; x_wconf 88' lang='lat' dir='ltr'><strong>titulus:</strong></span> <span class='ocrx_word' id='word_1_571' title='bbox 2167 3735 2428 3791; x_wconf 86' lang='lat' dir='ltr'><strong>Stimulus</strong></span> <span class='ocrx_word' id='word_1_572' title='bbox 2481 3737 2788 3798; x_wconf 87' lang='lat' dir='ltr'><strong>amoris;at</strong></span> <span class='ocrx_word' id='word_1_573' title='bbox 2821 3742 2966 3789; x_wconf 91' lang='lat' dir='ltr'><strong>totus</strong></span> <span class='ocrx_word' id='word_1_574' title='bbox 3023 3735 3090 3788; x_wconf 91' lang='lat' dir='ltr'><strong>ab</strong></span> <span class='ocrx_word' id='word_1_575' title='bbox 3123 3737 3228 3790; x_wconf 85' lang='lat' dir='ltr'><strong>isto</strong></span> <span class='ocrx_word' id='word_1_576' title='bbox 3284 3735 3474 3788; x_wconf 87' lang='lat' dir='ltr'><strong>distat.</strong></span> 
     </span>
    </p>
   </div>
   <div class='ocr_carea' id='block_1_83' title="bbox 1897 3823 3478 3894">
    <p class='ocr_par' dir='ltr' id='par_1_83' title="bbox 1897 3823 3478 3894">
     <span class='ocr_line' id='line_1_83' title="bbox 1897 3823 3478 3894; baseline -0.002 -13"><span class='ocrx_word' id='word_1_577' title='bbox 1897 3827 2091 3882; x_wconf 83' lang='lat' dir='ltr'><strong>Fateor</strong></span> <span class='ocrx_word' id='word_1_578' title='bbox 2120 3827 2333 3894; x_wconf 84' lang='lat' dir='ltr'><strong>quidem</strong></span> <span class='ocrx_word' id='word_1_579' title='bbox 2363 3827 2504 3880; x_wconf 89' lang='lat' dir='ltr'><strong>inter</strong></span> <span class='ocrx_word' id='word_1_580' title='bbox 2537 3823 2594 3879; x_wconf 92' lang='lat' dir='ltr'><strong>S.</strong></span> <span class='ocrx_word' id='word_1_581' title='bbox 2648 3825 2908 3880; x_wconf 85' lang='lat' dir='ltr'><strong>Bernardi</strong></span> <span class='ocrx_word' id='word_1_582' title='bbox 2955 3823 3134 3893; x_wconf 61' lang='lat' dir='ltr'><strong>Opera</strong></span> <span class='ocrx_word' id='word_1_583' title='bbox 3184 3838 3478 3878; x_wconf 61' lang='lat' dir='ltr'><strong>occurrere</strong></span> 
     </span>
    </p>
   </div>
   <div class='ocr_carea' id='block_1_84' title="bbox 1897 3913 3482 3982">
    <p class='ocr_par' dir='ltr' id='par_1_84' title="bbox 1897 3913 3482 3982">
     <span class='ocr_line' id='line_1_84' title="bbox 1897 3913 3482 3982; baseline -0.005 -9"><span class='ocrx_word' id='word_1_584' title='bbox 1897 3919 2036 3973; x_wconf 85' lang='lat' dir='ltr'><strong>hanc</strong></span> <span class='ocrx_word' id='word_1_585' title='bbox 2068 3915 2474 3970; x_wconf 88' lang='lat' dir='ltr'><strong>meditationem</strong></span> <span class='ocrx_word' id='word_1_586' title='bbox 2508 3915 2854 3982; x_wconf 83' lang='lat' dir='ltr'><strong>inscriptam:</strong></span> <span class='ocrx_word' id='word_1_587' title='bbox 2887 3913 3069 3967; x_wconf 84' lang='lat' dir='ltr'><strong>Sermo</strong></span> <span class='ocrx_word' id='word_1_588' title='bbox 3125 3913 3192 3966; x_wconf 90' lang='lat' dir='ltr'><strong>B.</strong></span> <span class='ocrx_word' id='word_1_589' title='bbox 3219 3913 3482 3967; x_wconf 79' lang='lat' dir='ltr'><strong>Bernnrdi</strong></span> 
     </span>
    </p>
   </div>
   <div class='ocr_carea' id='block_1_85' title="bbox 1897 4003 3482 4070">
    <p class='ocr_par' dir='ltr' id='par_1_85' title="bbox 1897 4003 3482 4070">
     <span class='ocr_line' id='line_1_85' title="bbox 1897 4003 3482 4070; baseline -0.006 -6"><span class='ocrx_word' id='word_1_590' title='bbox 1897 4011 1962 4065; x_wconf 84' lang='lat' dir='ltr'><strong>de</strong></span> <span class='ocrx_word' id='word_1_591' title='bbox 2001 4009 2258 4064; x_wconf 83' lang='lat' dir='ltr'><strong>Pussione</strong></span> <span class='ocrx_word' id='word_1_592' title='bbox 2285 4007 2524 4062; x_wconf 86' lang='lat' dir='ltr'><strong>Domini.</strong></span> <span class='ocrx_word' id='word_1_593' title='bbox 2580 4004 2651 4058; x_wconf 80' lang='lat' dir='ltr'><strong>At</strong></span> <span class='ocrx_word' id='word_1_594' title='bbox 2696 4003 2756 4059; x_wconf 91' lang='lat' dir='ltr'><strong>S.</strong></span> <span class='ocrx_word' id='word_1_595' title='bbox 2791 4003 3067 4059; x_wconf 86' lang='lat' dir='ltr'><strong>Bernardo</strong></span> <span class='ocrx_word' id='word_1_596' title='bbox 3108 4019 3226 4058; x_wconf 90' lang='lat' dir='ltr'><strong>eam</strong></span> <span class='ocrx_word' id='word_1_597' title='bbox 3269 4003 3482 4070; x_wconf 87' lang='lat' dir='ltr'><strong>abjudi-</strong></span> 
     </span>
    </p>
   </div>
   <div class='ocr_carea' id='block_1_86' title="bbox 1898 4094 3480 4170">
    <p class='ocr_par' dir='ltr' id='par_1_86' title="bbox 1898 4094 3480 4170">
     <span class='ocr_line' id='line_1_86' title="bbox 1898 4094 3480 4170; baseline -0.007 -14"><span class='ocrx_word' id='word_1_598' title='bbox 1898 4111 2026 4158; x_wconf 89' lang='lat' dir='ltr'><strong>cant</strong></span> <span class='ocrx_word' id='word_1_599' title='bbox 2065 4099 2156 4170; x_wconf 85' lang='lat' dir='ltr'><strong>qui</strong></span> <span class='ocrx_word' id='word_1_600' title='bbox 2211 4113 2330 4153; x_wconf 88' lang='lat' dir='ltr'><strong>eam</strong></span> <span class='ocrx_word' id='word_1_601' title='bbox 2382 4095 2642 4150; x_wconf 86' lang='lat' dir='ltr'><strong>Bernardi</strong></span> <span class='ocrx_word' id='word_1_602' title='bbox 2683 4095 2825 4166; x_wconf 86' lang='lat' dir='ltr'><strong>stylo</strong></span> <span class='ocrx_word' id='word_1_603' title='bbox 2881 4094 3103 4148; x_wconf 90' lang='lat' dir='ltr'><strong>minime</strong></span> <span class='ocrx_word' id='word_1_604' title='bbox 3152 4094 3480 4164; x_wconf 85' lang='lat' dir='ltr'><strong>descriptam</strong></span> 
     </span>
    </p>
   </div>
   <div class='ocr_carea' id='block_1_87' title="bbox 1898 4182 3474 4255">
    <p class='ocr_par' dir='ltr' id='par_1_87' title="bbox 1898 4182 3474 4255">
     <span class='ocr_line' id='line_1_87' title="bbox 1898 4182 3474 4255; baseline -0.005 -13"><span class='ocrx_word' id='word_1_605' title='bbox 1898 4188 2218 4254; x_wconf 74' lang='lat' dir='ltr'><strong>advertunt;</strong></span> <span class='ocrx_word' id='word_1_606' title='bbox 2261 4199 2362 4241; x_wconf 89' lang='lat' dir='ltr'><strong>nec</strong></span> <span class='ocrx_word' id='word_1_607' title='bbox 2393 4200 2492 4255; x_wconf 82' lang='lat' dir='ltr'><strong>ego</strong></span> <span class='ocrx_word' id='word_1_608' title='bbox 2521 4199 2640 4238; x_wconf 91' lang='lat' dir='ltr'><strong>eam</strong></span> <span class='ocrx_word' id='word_1_609' title='bbox 2663 4182 2922 4238; x_wconf 80' lang='lat' dir='ltr'><strong>Anselmo</strong></span> <span class='ocrx_word' id='word_1_610' title='bbox 2952 4183 3159 4238; x_wconf 82' lang='lat' dir='ltr'><strong>ﬁrmius</strong></span> <span class='ocrx_word' id='word_1_611' title='bbox 3207 4197 3474 4247; x_wconf 87' lang='lat' dir='ltr'><strong>asseram,</strong></span> 
     </span>
    </p>
   </div>
   <div class='ocr_carea' id='block_1_88' title="bbox 1898 4274 3478 4346">
    <p class='ocr_par' dir='ltr' id='par_1_88' title="bbox 1898 4274 3478 4346">
     <span class='ocr_line' id='line_1_88' title="bbox 1898 4274 3478 4346; baseline -0.004 -12"><span class='ocrx_word' id='word_1_612' title='bbox 1898 4295 2021 4334; x_wconf 91' lang='lat' dir='ltr'><strong>cum</strong></span> <span class='ocrx_word' id='word_1_613' title='bbox 2051 4280 2104 4333; x_wconf 90' lang='lat' dir='ltr'><strong>in</strong></span> <span class='ocrx_word' id='word_1_614' title='bbox 2135 4293 2199 4334; x_wconf 91' lang='lat' dir='ltr'><strong>ea</strong></span> <span class='ocrx_word' id='word_1_615' title='bbox 2223 4275 2461 4331; x_wconf 85' lang='lat' dir='ltr'><strong>Ansehni</strong></span> <span class='ocrx_word' id='word_1_616' title='bbox 2491 4275 2650 4330; x_wconf 87' lang='lat' dir='ltr'><strong>verba</strong></span> <span class='ocrx_word' id='word_1_617' title='bbox 2675 4289 2780 4329; x_wconf 91' lang='lat' dir='ltr'><strong>non</strong></span> <span class='ocrx_word' id='word_1_618' title='bbox 2798 4275 3009 4346; x_wconf 79' lang='lat' dir='ltr'><strong>legam;</strong></span> <span class='ocrx_word' id='word_1_619' title='bbox 3043 4275 3097 4328; x_wconf 91' lang='lat' dir='ltr'><strong>in</strong></span> <span class='ocrx_word' id='word_1_620' title='bbox 3133 4274 3278 4328; x_wconf 92' lang='lat' dir='ltr'><strong>nullo</strong></span> <span class='ocrx_word' id='word_1_621' title='bbox 3299 4283 3478 4328; x_wconf 89' lang='lat' dir='ltr'><strong>tamen</strong></span> 
     </span>
    </p>
   </div>
   <div class='ocr_carea' id='block_1_89' title="bbox 195 4363 3481 4446">
    <p class='ocr_par' dir='ltr' id='par_1_89' title="bbox 195 4363 3481 4446">
     <span class='ocr_line' id='line_1_89' title="bbox 195 4363 3481 4446; baseline -0.002 -20"><span class='ocrx_word' id='word_1_622' title='bbox 195 4387 328 4427; x_wconf 83' lang='lat' dir='ltr'><strong>eam</strong></span> <span class='ocrx_word' id='word_1_623' title='bbox 387 4371 552 4427; x_wconf 82' lang='lat' dir='ltr'><strong>fuisse</strong></span> <span class='ocrx_word' id='word_1_624' title='bbox 587 4373 946 4444; x_wconf 87' lang='lat' dir='ltr'><strong>compositam</strong></span> <span class='ocrx_word' id='word_1_625' title='bbox 993 4391 1100 4446; x_wconf 91' lang='lat' dir='ltr'><strong>qua</strong></span> <span class='ocrx_word' id='word_1_626' title='bbox 1143 4375 1458 4446; x_wconf 66' lang='lat' dir='ltr'><strong>praecedens</strong></span> <span class='ocrx_word' id='word_1_627' title='bbox 1503 4378 1646 4432; x_wconf 88' lang='lat' dir='ltr'><strong>edita</strong></span> <span class='ocrx_word' id='word_1_628' title='bbox 1689 4387 1798 4446; x_wconf 85' lang='lat' dir='ltr'><strong>est,</strong></span> <span class='ocrx_word' id='word_1_629' title='bbox 1833 4369 2017 4446; x_wconf 79' lang='lat' dir='ltr'><strong>Dejus</strong></span> <span class='ocrx_word' id='word_1_630' title='bbox 2053 4370 2312 4422; x_wconf 72' lang='lat' dir='ltr'><strong>doctrina:</strong></span> <span class='ocrx_word' id='word_1_631' title='bbox 2359 4381 2422 4420; x_wconf 92' lang='lat' dir='ltr'><strong>ac</strong></span> <span class='ocrx_word' id='word_1_632' title='bbox 2447 4364 2630 4434; x_wconf 86' lang='lat' dir='ltr'><strong>pietati</strong></span> <span class='ocrx_word' id='word_1_633' title='bbox 2685 4372 2966 4434; x_wconf 82' lang='lat' dir='ltr'><strong>repugnat,</strong></span> <span class='ocrx_word' id='word_1_634' title='bbox 3013 4372 3066 4418; x_wconf 92' lang='lat' dir='ltr'><strong>et</strong></span> <span class='ocrx_word' id='word_1_635' title='bbox 3113 4379 3308 4419; x_wconf 90' lang='lat' dir='ltr'><strong>nomen</strong></span> <span class='ocrx_word' id='word_1_636' title='bbox 3363 4363 3481 4432; x_wconf 84' lang='lat' dir='ltr'><strong>ejus</strong></span> 
     </span>
    </p>
   </div>
   <div class='ocr_carea' id='block_1_90' title="bbox 195 4463 684 4522">
    <p class='ocr_par' dir='ltr' id='par_1_90' title="bbox 195 4463 684 4522">
     <span class='ocr_line' id='line_1_90' title="bbox 195 4463 684 4522; baseline 0.016 -8"><span class='ocrx_word' id='word_1_637' title='bbox 195 4463 396 4518; x_wconf 88' lang='lat' dir='ltr'><strong>lubens</strong></span> <span class='ocrx_word' id='word_1_638' title='bbox 423 4467 684 4522; x_wconf 89' lang='lat' dir='ltr'><strong>concedo.</strong></span> 
     </span>
    </p>
   </div>
   <div class='ocr_carea' id='block_1_91' title="bbox 272 4553 1794 4628">
    <p class='ocr_par' dir='ltr' id='par_1_91' title="bbox 272 4553 1794 4628">
     <span class='ocr_line' id='line_1_91' title="bbox 272 4553 1794 4628; baseline 0.005 -22"><span class='ocrx_word' id='word_1_639' title='bbox 272 4553 336 4606; x_wconf 88' lang='lat' dir='ltr'><strong>P.</strong></span> <span class='ocrx_word' id='word_1_640' title='bbox 370 4555 708 4625; x_wconf 79' lang='lat' dir='ltr'><strong>TheOphilus</strong></span> <span class='ocrx_word' id='word_1_641' title='bbox 728 4557 781 4612; x_wconf 91' lang='lat' dir='ltr'><strong>in</strong></span> <span class='ocrx_word' id='word_1_642' title='bbox 811 4575 908 4614; x_wconf 91' lang='lat' dir='ltr'><strong>sua</strong></span> <span class='ocrx_word' id='word_1_643' title='bbox 936 4559 1160 4628; x_wconf 89' lang='lat' dir='ltr'><strong>hujusce</strong></span> <span class='ocrx_word' id='word_1_644' title='bbox 1189 4559 1554 4614; x_wconf 83' lang='lat' dir='ltr'><strong>meditationis</strong></span> <span class='ocrx_word' id='word_1_645' title='bbox 1581 4560 1794 4627; x_wconf 76' lang='lat' dir='ltr'><strong>syntaxi</strong></span> 
     </span>
    </p>
   </div>
   <div class='ocr_carea' id='block_1_92' title="bbox 195 4647 1798 4720">
    <p class='ocr_par' dir='ltr' id='par_1_92' title="bbox 195 4647 1798 4720">
     <span class='ocr_line' id='line_1_92' title="bbox 195 4647 1798 4720; baseline 0.007 -24"><span class='ocrx_word' id='word_1_646' title='bbox 195 4647 452 4714; x_wconf 75' lang='lat' dir='ltr'><strong>agitatan</strong></span> <span class='ocrx_word' id='word_1_647' title='bbox 479 4663 577 4701; x_wconf 90' lang='lat' dir='ltr'><strong>sua</strong></span> <span class='ocrx_word' id='word_1_648' title='bbox 605 4649 705 4702; x_wconf 87' lang='lat' dir='ltr'><strong>sibi</strong></span> <span class='ocrx_word' id='word_1_649' title='bbox 730 4651 954 4706; x_wconf 90' lang='lat' dir='ltr'><strong>crimina</strong></span> <span class='ocrx_word' id='word_1_650' title='bbox 973 4667 1178 4720; x_wconf 87' lang='lat' dir='ltr'><strong>suoque</strong></span> <span class='ocrx_word' id='word_1_651' title='bbox 1203 4651 1419 4706; x_wconf 87' lang='lat' dir='ltr'><strong>nomine</strong></span> <span class='ocrx_word' id='word_1_652' title='bbox 1435 4651 1798 4708; x_wconf 84' lang='lat' dir='ltr'><strong>S.Anselmus</strong></span> 
     </span>
    </p>
   </div>
   <div class='ocr_carea' id='block_1_93' title="bbox 197 4737 1794 4812">
    <p class='ocr_par' dir='ltr' id='par_1_93' title="bbox 197 4737 1794 4812">
     <span class='ocr_line' id='line_1_93' title="bbox 197 4737 1794 4812; baseline 0.006 -23"><span class='ocrx_word' id='word_1_653' title='bbox 197 4737 290 4790; x_wconf 83' lang='lat' dir='ltr'><strong>hic</strong></span> <span class='ocrx_word' id='word_1_654' title='bbox 323 4737 616 4807; x_wconf 65' lang='lat' dir='ltr'><strong>exprobret</strong></span> <span class='ocrx_word' id='word_1_655' title='bbox 669 4749 724 4796; x_wconf 86' lang='lat' dir='ltr'><strong>et</strong></span> <span class='ocrx_word' id='word_1_656' title='bbox 770 4741 1084 4808; x_wconf 88' lang='lat' dir='ltr'><strong>describat;</strong></span> <span class='ocrx_word' id='word_1_657' title='bbox 1118 4751 1171 4796; x_wconf 90' lang='lat' dir='ltr'><strong>ct</strong></span> <span class='ocrx_word' id='word_1_658' title='bbox 1219 4747 1462 4812; x_wconf 83' lang='lat' dir='ltr'><strong>negando</strong></span> <span class='ocrx_word' id='word_1_659' title='bbox 1490 4743 1794 4808; x_wconf 74' lang='lat' dir='ltr'><strong>concludit,</strong></span> 
     </span>
    </p>
   </div>
   <div class='ocr_carea' id='block_1_94' title="bbox 193 4825 1796 4904">
    <p class='ocr_par' dir='ltr' id='par_1_94' title="bbox 193 4825 1796 4904">
     <span class='ocr_line' id='line_1_94' title="bbox 193 4825 1796 4904; baseline 0.004 -24"><span class='ocrx_word' id='word_1_660' title='bbox 193 4841 270 4880; x_wconf 86' lang='lat' dir='ltr'><strong>ne</strong></span> <span class='ocrx_word' id='word_1_661' title='bbox 295 4825 418 4894; x_wconf 84' lang='lat' dir='ltr'><strong>plus</strong></span> <span class='ocrx_word' id='word_1_662' title='bbox 447 4843 603 4896; x_wconf 68' lang='lat' dir='ltr'><strong>aequo</strong></span> <span class='ocrx_word' id='word_1_663' title='bbox 634 4845 744 4884; x_wconf 83' lang='lat' dir='ltr'><strong>suae</strong></span> <span class='ocrx_word' id='word_1_664' title='bbox 773 4830 932 4886; x_wconf 79' lang='lat' dir='ltr'><strong>famae</strong></span> <span class='ocrx_word' id='word_1_665' title='bbox 957 4831 1460 4904; x_wconf 80' lang='lat' dir='ltr'><strong>prodignsSanctus</strong></span> <span class='ocrx_word' id='word_1_666' title='bbox 1493 4833 1580 4888; x_wconf 90' lang='lat' dir='ltr'><strong>hic</strong></span> <span class='ocrx_word' id='word_1_667' title='bbox 1606 4834 1796 4888; x_wconf 88' lang='lat' dir='ltr'><strong>doctor</strong></span> 
     </span>
    </p>
   </div>
   <div class='ocr_carea' id='block_1_95' title="bbox 186 4915 1796 4987">
    <p class='ocr_par' dir='ltr' id='par_1_95' title="bbox 186 4915 1796 4987">
     <span class='ocr_line' id='line_1_95' title="bbox 186 4915 1796 4987; baseline 0.004 -17"><span class='ocrx_word' id='word_1_668' title='bbox 186 4915 494 4987; x_wconf 75' lang='lat' dir='ltr'><strong>iudicetur.</strong></span> <span class='ocrx_word' id='word_1_669' title='bbox 557 4921 756 4976; x_wconf 82' lang='lat' dir='ltr'><strong>Verum</strong></span> <span class='ocrx_word' id='word_1_670' title='bbox 815 4923 1098 4978; x_wconf 89' lang='lat' dir='ltr'><strong>delicatior</strong></span> <span class='ocrx_word' id='word_1_671' title='bbox 1164 4923 1280 4978; x_wconf 68' lang='lat' dir='ltr'><strong>haec</strong></span> <span class='ocrx_word' id='word_1_672' title='bbox 1326 4924 1460 4978; x_wconf 90' lang='lat' dir='ltr'><strong>mihi</strong></span> <span class='ocrx_word' id='word_1_673' title='bbox 1535 4923 1648 4978; x_wconf 84' lang='lat' dir='ltr'><strong>visa</strong></span> <span class='ocrx_word' id='word_1_674' title='bbox 1711 4933 1796 4978; x_wconf 86' lang='lat' dir='ltr'><strong>est</strong></span> 
     </span>
    </p>
   </div>
   <div class='ocr_carea' id='block_1_96' title="bbox 193 5011 1784 5084">
    <p class='ocr_par' dir='ltr' id='par_1_96' title="bbox 193 5011 1784 5084">
     <span class='ocr_line' id='line_1_96' title="bbox 193 5011 1784 5084; baseline 0.005 -20"><span class='ocrx_word' id='word_1_675' title='bbox 193 5011 441 5079; x_wconf 74' lang='lat' dir='ltr'><strong>religio:</strong></span> <span class='ocrx_word' id='word_1_676' title='bbox 502 5013 572 5068; x_wconf 88' lang='lat' dir='ltr'><strong>Ut</strong></span> <span class='ocrx_word' id='word_1_677' title='bbox 615 5016 744 5084; x_wconf 90' lang='lat' dir='ltr'><strong>quid</strong></span> <span class='ocrx_word' id='word_1_678' title='bbox 788 5013 1030 5070; x_wconf 80' lang='lat' dir='ltr'><strong>Anseltni</strong></span> <span class='ocrx_word' id='word_1_679' title='bbox 1067 5016 1456 5072; x_wconf 89' lang='lat' dir='ltr'><strong>conscientiam</strong></span> <span class='ocrx_word' id='word_1_680' title='bbox 1498 5024 1784 5072; x_wconf 83' lang='lat' dir='ltr'><strong>excutere:</strong></span> 
     </span>
    </p>
   </div>
   <div class='ocr_carea' id='block_1_97' title="bbox 190 5101 1787 5173">
    <p class='ocr_par' dir='ltr' id='par_1_97' title="bbox 190 5101 1787 5173">
     <span class='ocr_line' id='line_1_97' title="bbox 190 5101 1787 5173; baseline 0.001 -20"><span class='ocrx_word' id='word_1_681' title='bbox 190 5115 364 5168; x_wconf 86' lang='lat' dir='ltr'><strong>quem</strong></span> <span class='ocrx_word' id='word_1_682' title='bbox 395 5115 424 5150; x_wconf 90' lang='lat' dir='ltr'><strong>a</strong></span> <span class='ocrx_word' id='word_1_683' title='bbox 455 5101 674 5170; x_wconf 72' lang='lat' dir='ltr'><strong>pictatis</strong></span> <span class='ocrx_word' id='word_1_684' title='bbox 703 5103 884 5159; x_wconf 79' lang='lat' dir='ltr'><strong>stu-.lio</strong></span> <span class='ocrx_word' id='word_1_685' title='bbox 916 5105 1208 5160; x_wconf 63' lang='lat' dir='ltr'><strong>recessisse</strong></span> <span class='ocrx_word' id='word_1_686' title='bbox 1233 5115 1290 5158; x_wconf 89' lang='lat' dir='ltr'><strong>ut</strong></span> <span class='ocrx_word' id='word_1_687' title='bbox 1312 5105 1416 5160; x_wconf 86' lang='lat' dir='ltr'><strong>sibi</strong></span> <span class='ocrx_word' id='word_1_688' title='bbox 1464 5103 1787 5173; x_wconf 82' lang='lat' dir='ltr'><strong>indulgeret,</strong></span> 
     </span>
    </p>
   </div>
   <div class='ocr_carea' id='block_1_98' title="bbox 191 5191 1795 5262">
    <p class='ocr_par' dir='ltr' id='par_1_98' title="bbox 191 5191 1795 5262">
     <span class='ocr_line' id='line_1_98' title="bbox 191 5191 1795 5262; baseline 0.001 -19"><span class='ocrx_word' id='word_1_689' title='bbox 191 5191 506 5244; x_wconf 81' lang='lat' dir='ltr'><strong>Eadmerus</strong></span> <span class='ocrx_word' id='word_1_690' title='bbox 566 5193 680 5262; x_wconf 89' lang='lat' dir='ltr'><strong>ipse</strong></span> <span class='ocrx_word' id='word_1_691' title='bbox 744 5197 970 5250; x_wconf 85' lang='lat' dir='ltr'><strong>scribit?</strong></span> <span class='ocrx_word' id='word_1_692' title='bbox 1029 5196 1127 5250; x_wconf 91' lang='lat' dir='ltr'><strong>Sat</strong></span> <span class='ocrx_word' id='word_1_693' title='bbox 1181 5196 1254 5251; x_wconf 88' lang='lat' dir='ltr'><strong>sit</strong></span> <span class='ocrx_word' id='word_1_694' title='bbox 1309 5194 1620 5250; x_wconf 85' lang='lat' dir='ltr'><strong>Auselmum</strong></span> <span class='ocrx_word' id='word_1_695' title='bbox 1684 5207 1795 5246; x_wconf 68' lang='lat' dir='ltr'><strong>mue</strong></span> 
     </span>
    </p>
   </div>
   <div class='ocr_carea' id='block_1_99' title="bbox 183 5283 1792 5357">
    <p class='ocr_par' dir='ltr' id='par_1_99' title="bbox 183 5283 1792 5357">
     <span class='ocr_line' id='line_1_99' title="bbox 183 5283 1792 5357; baseline 0.001 -21"><span class='ocrx_word' id='word_1_696' title='bbox 183 5286 506 5352; x_wconf 70' lang='lat' dir='ltr'><strong>juventutis</strong></span> <span class='ocrx_word' id='word_1_697' title='bbox 559 5285 756 5342; x_wconf 89' lang='lat' dir='ltr'><strong>delicta</strong></span> <span class='ocrx_word' id='word_1_698' title='bbox 809 5302 951 5342; x_wconf 69' lang='lat' dir='ltr'><strong>verte</strong></span> <span class='ocrx_word' id='word_1_699' title='bbox 1013 5287 1346 5357; x_wconf 67' lang='lat' dir='ltr'><strong>pamitentize</strong></span> <span class='ocrx_word' id='word_1_700' title='bbox 1398 5285 1656 5356; x_wconf 88' lang='lat' dir='ltr'><strong>lacrymis</strong></span> <span class='ocrx_word' id='word_1_701' title='bbox 1708 5283 1792 5338; x_wconf 88' lang='lat' dir='ltr'><strong>di-</strong></span> 
     </span>
    </p>
   </div>
   <div class='ocr_carea' id='block_1_100' title="bbox 186 5375 398 5430">
    <p class='ocr_par' dir='ltr' id='par_1_100' title="bbox 186 5375 398 5430">
     <span class='ocr_line' id='line_1_100' title="bbox 186 5375 398 5430; baseline -0.014 0"><span class='ocrx_word' id='word_1_702' title='bbox 186 5375 398 5430; x_wconf 73' lang='lat' dir='ltr'><strong>luisse.</strong></span> 
     </span>
    </p>
   </div>
   <div class='ocr_carea' id='block_1_101' title="bbox 267 5464 1788 5536">
    <p class='ocr_par' dir='ltr' id='par_1_101' title="bbox 267 5464 1788 5536">
     <span class='ocr_line' id='line_1_101' title="bbox 267 5464 1788 5536; baseline 0.001 -18"><span class='ocrx_word' id='word_1_703' title='bbox 267 5464 474 5520; x_wconf 80' lang='lat' dir='ltr'><strong>Plures</strong></span> <span class='ocrx_word' id='word_1_704' title='bbox 561 5467 782 5536; x_wconf 85' lang='lat' dir='ltr'><strong>hujusce</strong></span> <span class='ocrx_word' id='word_1_705' title='bbox 851 5469 1219 5525; x_wconf 86' lang='lat' dir='ltr'><strong>meditationis</strong></span> <span class='ocrx_word' id='word_1_706' title='bbox 1278 5469 1576 5524; x_wconf 82' lang='lat' dir='ltr'><strong>sententias</strong></span> <span class='ocrx_word' id='word_1_707' title='bbox 1634 5465 1788 5520; x_wconf 85' lang='lat' dir='ltr'><strong>habet</strong></span> 
     </span>
    </p>
   </div>
   <div class='ocr_carea' id='block_1_102' title="bbox 185 5555 1792 5632">
    <p class='ocr_par' dir='ltr' id='par_1_102' title="bbox 185 5555 1792 5632">
     <span class='ocr_line' id='line_1_102' title="bbox 185 5555 1792 5632; baseline 0.001 -20"><span class='ocrx_word' id='word_1_708' title='bbox 185 5571 240 5612; x_wconf 88' lang='lat' dir='ltr'><strong>c.</strong></span> <span class='ocrx_word' id='word_1_709' title='bbox 295 5555 377 5612; x_wconf 78' lang='lat'><strong>39</strong></span> <span class='ocrx_word' id='word_1_710' title='bbox 417 5557 541 5614; x_wconf 89' lang='lat' dir='ltr'><strong>libri</strong></span> <span class='ocrx_word' id='word_1_711' title='bbox 599 5559 1001 5618; x_wconf 80' lang='lat' dir='ltr'><strong>Meditationum</strong></span> <span class='ocrx_word' id='word_1_712' title='bbox 1033 5603 1046 5628; x_wconf 94' lang='lat'><strong>,</strong></span> <span class='ocrx_word' id='word_1_713' title='bbox 1079 5562 1169 5631; x_wconf 81' lang='lat' dir='ltr'><strong>qui</strong></span> <span class='ocrx_word' id='word_1_714' title='bbox 1211 5561 1270 5616; x_wconf 90' lang='lat' dir='ltr'><strong>S.</strong></span> <span class='ocrx_word' id='word_1_715' title='bbox 1313 5560 1615 5632; x_wconf 76' lang='lat' dir='ltr'><strong>Augustino</strong></span> <span class='ocrx_word' id='word_1_716' title='bbox 1663 5559 1792 5614; x_wconf 85' lang='lat' dir='ltr'><strong>lalso</strong></span> 
     </span>
    </p>
   </div>
   <div class='ocr_carea' id='block_1_103' title="bbox 185 5647 484 5704">
    <p class='ocr_par' dir='ltr' id='par_1_103' title="bbox 185 5647 484 5704">
     <span class='ocr_line' id='line_1_103' title="bbox 185 5647 484 5704; baseline -0.003 0"><span class='ocrx_word' id='word_1_717' title='bbox 185 5647 484 5704; x_wconf 81' lang='lat' dir='ltr'><strong>tribuitur.</strong></span> 
     </span>
    </p>
   </div>
   <div class='ocr_carea' id='block_1_104' title="bbox 1903 4457 3480 4533">
    <p class='ocr_par' dir='ltr' id='par_1_104' title="bbox 1903 4457 3480 4533">
     <span class='ocr_line' id='line_1_104' title="bbox 1903 4457 3480 4533; baseline -0.004 -17"><span class='ocrx_word' id='word_1_718' title='bbox 1903 4461 2120 4533; x_wconf 72' lang='lat' dir='ltr'><strong>prtel&#39;ert</strong></span> <span class='ocrx_word' id='word_1_719' title='bbox 2151 4461 2202 4514; x_wconf 92' lang='lat' dir='ltr'><strong>in</strong></span> <span class='ocrx_word' id='word_1_720' title='bbox 2253 4457 2506 4514; x_wconf 88' lang='lat' dir='ltr'><strong>omnibus</strong></span> <span class='ocrx_word' id='word_1_721' title='bbox 2534 4459 2698 4512; x_wconf 90' lang='lat' dir='ltr'><strong>etiam</strong></span> <span class='ocrx_word' id='word_1_722' title='bbox 2734 4457 3127 4525; x_wconf 88' lang='lat' dir='ltr'><strong>antiquioribus</strong></span> <span class='ocrx_word' id='word_1_723' title='bbox 3165 4457 3399 4522; x_wconf 76' lang='lat' dir='ltr'><strong>excusis,</strong></span> <span class='ocrx_word' id='word_1_724' title='bbox 3427 4465 3480 4510; x_wconf 91' lang='lat' dir='ltr'><strong>et</strong></span> 
     </span>
    </p>
   </div>
   <div class='ocr_carea' id='block_1_105' title="bbox 1899 4551 2418 4620">
    <p class='ocr_par' dir='ltr' id='par_1_105' title="bbox 1899 4551 2418 4620">
     <span class='ocr_line' id='line_1_105' title="bbox 1899 4551 2418 4620; baseline -0.01 -14"><span class='ocrx_word' id='word_1_725' title='bbox 1899 4553 1952 4606; x_wconf 85' lang='lat' dir='ltr'><strong>in</strong></span> <span class='ocrx_word' id='word_1_726' title='bbox 1977 4551 2247 4620; x_wconf 83' lang='lat' dir='ltr'><strong>aliquibus</strong></span> <span class='ocrx_word' id='word_1_727' title='bbox 2286 4563 2418 4603; x_wconf 80' lang='lat' dir='ltr'><strong>mss.</strong></span> 
     </span>
    </p>
   </div>
   <div class='ocr_carea' id='block_1_106' title="bbox 2325 4634 3066 4691">
    <p class='ocr_par' dir='ltr' id='par_1_106' title="bbox 2325 4634 3066 4691">
     <span class='ocr_line' id='line_1_106' title="bbox 2325 4634 3066 4691; baseline -0.004 0"><span class='ocrx_word' id='word_1_728' title='bbox 2325 4637 2558 4691; x_wconf 85' lang='lat' dir='ltr'><strong>Censura</strong></span> <span class='ocrx_word' id='word_1_729' title='bbox 2588 4635 2941 4690; x_wconf 87' lang='lat' dir='ltr'><strong>meditationis</strong></span> <span class='ocrx_word' id='word_1_730' title='bbox 2965 4634 3066 4689; x_wconf 70' lang='lat'><strong>10.</strong></span> 
     </span>
    </p>
   </div>
   <div class='ocr_carea' id='block_1_107' title="bbox 1971 4725 3481 4796">
    <p class='ocr_par' dir='ltr' id='par_1_107' title="bbox 1971 4725 3481 4796">
     <span class='ocr_line' id='line_1_107' title="bbox 1971 4725 3481 4796; baseline -0.002 -10"><span class='ocrx_word' id='word_1_731' title='bbox 1971 4734 2046 4786; x_wconf 78' lang='lat' dir='ltr'><strong>Ex</strong></span> <span class='ocrx_word' id='word_1_732' title='bbox 2095 4747 2196 4785; x_wconf 89' lang='lat' dir='ltr'><strong>ms.</strong></span> <span class='ocrx_word' id='word_1_733' title='bbox 2263 4727 2436 4782; x_wconf 79' lang='lat' dir='ltr'><strong>Vatic.</strong></span> <span class='ocrx_word' id='word_1_734' title='bbox 2487 4743 2606 4782; x_wconf 90' lang='lat' dir='ltr'><strong>eam</strong></span> <span class='ocrx_word' id='word_1_735' title='bbox 2655 4727 2717 4780; x_wconf 83' lang='lat' dir='ltr'><strong>P.</strong></span> <span class='ocrx_word' id='word_1_736' title='bbox 2753 4725 3036 4794; x_wconf 83' lang='lat' dir='ltr'><strong>Theuphil.</strong></span> <span class='ocrx_word' id='word_1_737' title='bbox 3093 4725 3292 4795; x_wconf 87' lang='lat' dir='ltr'><strong>publici</strong></span> <span class='ocrx_word' id='word_1_738' title='bbox 3344 4725 3481 4796; x_wconf 81' lang='lat' dir='ltr'><strong>juris</strong></span> 
     </span>
    </p>
   </div>
   <div class='ocr_carea' id='block_1_108' title="bbox 1901 4811 3480 4882">
    <p class='ocr_par' dir='ltr' id='par_1_108' title="bbox 1901 4811 3480 4882">
     <span class='ocr_line' id='line_1_108' title="bbox 1901 4811 3480 4882; baseline -0.001 -5"><span class='ocrx_word' id='word_1_739' title='bbox 1901 4823 2054 4882; x_wconf 78' lang='lat' dir='ltr'><strong>fecit:</strong></span> <span class='ocrx_word' id='word_1_740' title='bbox 2099 4831 2155 4878; x_wconf 90' lang='lat' dir='ltr'><strong>et</strong></span> <span class='ocrx_word' id='word_1_741' title='bbox 2194 4811 2324 4877; x_wconf 87' lang='lat' dir='ltr'><strong>mihi</strong></span> <span class='ocrx_word' id='word_1_742' title='bbox 2363 4837 2468 4876; x_wconf 89' lang='lat' dir='ltr'><strong>non</strong></span> <span class='ocrx_word' id='word_1_743' title='bbox 2498 4829 2581 4876; x_wconf 87' lang='lat' dir='ltr'><strong>est</strong></span> <span class='ocrx_word' id='word_1_744' title='bbox 2627 4819 2768 4874; x_wconf 88' lang='lat' dir='ltr'><strong>unde</strong></span> <span class='ocrx_word' id='word_1_745' title='bbox 2794 4819 2940 4873; x_wconf 89' lang='lat' dir='ltr'><strong>illam</strong></span> <span class='ocrx_word' id='word_1_746' title='bbox 2979 4818 3038 4874; x_wconf 89' lang='lat' dir='ltr'><strong>S.</strong></span> <span class='ocrx_word' id='word_1_747' title='bbox 3083 4821 3322 4876; x_wconf 83' lang='lat' dir='ltr'><strong>Ansclmi</strong></span> <span class='ocrx_word' id='word_1_748' title='bbox 3375 4837 3480 4876; x_wconf 89' lang='lat' dir='ltr'><strong>non</strong></span> 
     </span>
    </p>
   </div>
   <div class='ocr_carea' id='block_1_109' title="bbox 1898 4916 2294 4986">
    <p class='ocr_par' dir='ltr' id='par_1_109' title="bbox 1898 4916 2294 4986">
     <span class='ocr_line' id='line_1_109' title="bbox 1898 4916 2294 4986; baseline -0.01 -13"><span class='ocrx_word' id='word_1_749' title='bbox 1898 4933 2020 4974; x_wconf 88' lang='lat' dir='ltr'><strong>esse</strong></span> <span class='ocrx_word' id='word_1_750' title='bbox 2032 4916 2294 4986; x_wconf 88' lang='lat' dir='ltr'><strong>judicem.</strong></span> 
     </span>
    </p>
   </div>
   <div class='ocr_carea' id='block_1_110' title="bbox 2319 5001 3065 5059">
    <p class='ocr_par' dir='ltr' id='par_1_110' title="bbox 2319 5001 3065 5059">
     <span class='ocr_line' id='line_1_110' title="bbox 2319 5001 3065 5059; baseline -0.004 0"><span class='ocrx_word' id='word_1_751' title='bbox 2319 5003 2553 5059; x_wconf 86' lang='lat' dir='ltr'><strong>Censura</strong></span> <span class='ocrx_word' id='word_1_752' title='bbox 2590 5001 2948 5056; x_wconf 86' lang='lat' dir='ltr'><strong>meditationis</strong></span> <span class='ocrx_word' id='word_1_753' title='bbox 2983 5002 3065 5056; x_wconf 93' lang='grc'><strong>11.</strong></span> 
     </span>
    </p>
   </div>
   <div class='ocr_carea' id='block_1_111' title="bbox 1969 5089 3476 5162">
    <p class='ocr_par' dir='ltr' id='par_1_111' title="bbox 1969 5089 3476 5162">
     <span class='ocr_line' id='line_1_111' title="bbox 1969 5089 3476 5162; baseline -0.007 -8"><span class='ocrx_word' id='word_1_754' title='bbox 1969 5099 2024 5154; x_wconf 92' lang='lat' dir='ltr'><strong>ln</strong></span> <span class='ocrx_word' id='word_1_755' title='bbox 2055 5098 2312 5152; x_wconf 88' lang='lat' dir='ltr'><strong>omnibtts</strong></span> <span class='ocrx_word' id='word_1_756' title='bbox 2355 5105 2464 5149; x_wconf 85' lang='lat' dir='ltr'><strong>tam</strong></span> <span class='ocrx_word' id='word_1_757' title='bbox 2520 5093 2738 5149; x_wconf 78' lang='lat' dir='ltr'><strong>excusis</strong></span> <span class='ocrx_word' id='word_1_758' title='bbox 2766 5109 2927 5162; x_wconf 82' lang='lat' dir='ltr'><strong>quam</strong></span> <span class='ocrx_word' id='word_1_759' title='bbox 2983 5109 3115 5148; x_wconf 90' lang='lat' dir='ltr'><strong>mss.</strong></span> <span class='ocrx_word' id='word_1_760' title='bbox 3143 5093 3202 5148; x_wconf 91' lang='lat' dir='ltr'><strong>S.</strong></span> <span class='ocrx_word' id='word_1_761' title='bbox 3235 5089 3476 5150; x_wconf 79' lang='lat' dir='ltr'><strong>Anselmi</strong></span> 
     </span>
    </p>
   </div>
   <div class='ocr_carea' id='block_1_112' title="bbox 1897 5183 3472 5254">
    <p class='ocr_par' dir='ltr' id='par_1_112' title="bbox 1897 5183 3472 5254">
     <span class='ocr_line' id='line_1_112' title="bbox 1897 5183 3472 5254; baseline -0.01 -4"><span class='ocrx_word' id='word_1_762' title='bbox 1897 5189 2339 5250; x_wconf 86' lang='lat' dir='ltr'><strong>meditationibus</strong></span> <span class='ocrx_word' id='word_1_763' title='bbox 2389 5187 2504 5240; x_wconf 66' lang='lat' dir='ltr'><strong>haec</strong></span> <span class='ocrx_word' id='word_1_764' title='bbox 2549 5185 2766 5254; x_wconf 81' lang='lat' dir='ltr'><strong>legitur.</strong></span> <span class='ocrx_word' id='word_1_765' title='bbox 2821 5185 2876 5239; x_wconf 90' lang='lat' dir='ltr'><strong>In</strong></span> <span class='ocrx_word' id='word_1_766' title='bbox 2939 5199 3038 5239; x_wconf 90' lang='lat' dir='ltr'><strong>ms.</strong></span> <span class='ocrx_word' id='word_1_767' title='bbox 3097 5185 3170 5236; x_wconf 85' lang='lat'><strong>22</strong></span> <span class='ocrx_word' id='word_1_768' title='bbox 3223 5183 3472 5238; x_wconf 88' lang='lat' dir='ltr'><strong>biblioth.</strong></span> 
     </span>
    </p>
   </div>
   <div class='ocr_carea' id='block_1_113' title="bbox 1897 5272 3478 5337">
    <p class='ocr_par' dir='ltr' id='par_1_113' title="bbox 1897 5272 3478 5337">
     <span class='ocr_line' id='line_1_113' title="bbox 1897 5272 3478 5337; baseline -0.007 0"><span class='ocrx_word' id='word_1_769' title='bbox 1897 5281 2142 5337; x_wconf 90' lang='lat' dir='ltr'><strong>Lincoln.</strong></span> <span class='ocrx_word' id='word_1_770' title='bbox 2173 5279 2332 5334; x_wconf 88' lang='lat' dir='ltr'><strong>habet</strong></span> <span class='ocrx_word' id='word_1_771' title='bbox 2363 5278 2502 5331; x_wconf 89' lang='lat' dir='ltr'><strong>hunc</strong></span> <span class='ocrx_word' id='word_1_772' title='bbox 2521 5275 2755 5336; x_wconf 86' lang='lat' dir='ltr'><strong>titulum,</strong></span> <span class='ocrx_word' id='word_1_773' title='bbox 2783 5273 2864 5327; x_wconf 88' lang='lat' dir='ltr'><strong>De</strong></span> <span class='ocrx_word' id='word_1_774' title='bbox 2879 5275 3190 5328; x_wconf 84' lang='lat' dir='ltr'><strong>recreatione</strong></span> <span class='ocrx_word' id='word_1_775' title='bbox 3232 5272 3478 5326; x_wconf 81' lang='lat' dir='ltr'><strong>hominis.</strong></span> 
     </span>
    </p>
   </div>
   <div class='ocr_carea' id='block_1_114' title="bbox 1897 5365 3154 5428">
    <p class='ocr_par' dir='ltr' id='par_1_114' title="bbox 1897 5365 3154 5428">
     <span class='ocr_line' id='line_1_114' title="bbox 1897 5365 3154 5428; baseline -0.009 0"><span class='ocrx_word' id='word_1_776' title='bbox 1897 5375 2150 5428; x_wconf 78' lang='lat' dir='ltr'><strong>Diversus</strong></span> <span class='ocrx_word' id='word_1_777' title='bbox 2177 5369 2360 5425; x_wconf 88' lang='lat' dir='ltr'><strong>titulos</strong></span> <span class='ocrx_word' id='word_1_778' title='bbox 2383 5369 2504 5422; x_wconf 87' lang='lat' dir='ltr'><strong>vide</strong></span> <span class='ocrx_word' id='word_1_779' title='bbox 2534 5367 2586 5421; x_wconf 91' lang='lat' dir='ltr'><strong>in</strong></span> <span class='ocrx_word' id='word_1_780' title='bbox 2617 5367 2782 5420; x_wconf 86' lang='lat' dir='ltr'><strong>variis</strong></span> <span class='ocrx_word' id='word_1_781' title='bbox 2815 5365 3154 5421; x_wconf 86' lang='lat' dir='ltr'><strong>lectionibus.</strong></span> 
     </span>
    </p>
   </div>
   <div class='ocr_carea' id='block_1_115' title="bbox 1969 5459 3480 5527">
    <p class='ocr_par' dir='ltr' id='par_1_115' title="bbox 1969 5459 3480 5527">
     <span class='ocr_line' id='line_1_115' title="bbox 1969 5459 3480 5527; baseline -0.004 -8"><span class='ocrx_word' id='word_1_782' title='bbox 1969 5465 2266 5519; x_wconf 79' lang='lat' dir='ltr'><strong>Eadmcrus</strong></span> <span class='ocrx_word' id='word_1_783' title='bbox 2297 5461 2332 5513; x_wconf 95' lang='grc'><strong>1.</strong></span> <span class='ocrx_word' id='word_1_784' title='bbox 2390 5477 2425 5513; x_wconf 85' lang='grc' dir='ltr'><strong>ιι</strong></span> <span class='ocrx_word' id='word_1_785' title='bbox 2501 5459 2574 5514; x_wconf 86' lang='lat' dir='ltr'><strong>De</strong></span> <span class='ocrx_word' id='word_1_786' title='bbox 2603 5459 2720 5526; x_wconf 84' lang='lat' dir='ltr'><strong>ejus</strong></span> <span class='ocrx_word' id='word_1_787' title='bbox 2753 5459 2904 5519; x_wconf 75' lang='lat' dir='ltr'><strong>Vita,</strong></span> <span class='ocrx_word' id='word_1_788' title='bbox 2935 5465 3162 5510; x_wconf 87' lang='lat' dir='ltr'><strong>testatur</strong></span> <span class='ocrx_word' id='word_1_789' title='bbox 3191 5459 3363 5527; x_wconf 88' lang='lat' dir='ltr'><strong>ipsam</strong></span> <span class='ocrx_word' id='word_1_790' title='bbox 3412 5461 3480 5514; x_wconf 88' lang='lat' dir='ltr'><strong>ab</strong></span> 
     </span>
    </p>
   </div>
   <div class='ocr_carea' id='block_1_116' title="bbox 1897 5550 3482 5622">
    <p class='ocr_par' dir='ltr' id='par_1_116' title="bbox 1897 5550 3482 5622">
     <span class='ocr_line' id='line_1_116' title="bbox 1897 5550 3482 5622; baseline -0.006 -12"><span class='ocrx_word' id='word_1_791' title='bbox 1897 5555 2156 5612; x_wconf 87' lang='lat' dir='ltr'><strong>Anselmo</strong></span> <span class='ocrx_word' id='word_1_792' title='bbox 2189 5551 2430 5622; x_wconf 75' lang='lat' dir='ltr'><strong>Lugduni</strong></span> <span class='ocrx_word' id='word_1_793' title='bbox 2491 5551 2746 5619; x_wconf 85' lang='lat' dir='ltr'><strong>scriptam</strong></span> <span class='ocrx_word' id='word_1_794' title='bbox 2787 5563 2907 5601; x_wconf 87' lang='lat' dir='ltr'><strong>esse</strong></span> <span class='ocrx_word' id='word_1_795' title='bbox 2939 5563 3079 5603; x_wconf 87' lang='lat' dir='ltr'><strong>anno</strong></span> <span class='ocrx_word' id='word_1_796' title='bbox 3135 5550 3272 5607; x_wconf 80' lang='lat'><strong>1099</strong></span> <span class='ocrx_word' id='word_1_797' title='bbox 3301 5593 3314 5618; x_wconf 91' lang='lat'><strong>,</strong></span> <span class='ocrx_word' id='word_1_798' title='bbox 3359 5561 3482 5619; x_wconf 75' lang='lat' dir='ltr'><strong>post</strong></span> 
     </span>
    </p>
   </div>
   <div class='ocr_carea' id='block_1_117' title="bbox 1898 5641 2901 5714">
    <p class='ocr_par' dir='ltr' id='par_1_117' title="bbox 1898 5641 2901 5714">
     <span class='ocr_line' id='line_1_117' title="bbox 1898 5641 2901 5714; baseline -0.01 -11"><span class='ocrx_word' id='word_1_799' title='bbox 1898 5649 2089 5703; x_wconf 81' lang='lat' dir='ltr'><strong>librum</strong></span> <span class='ocrx_word' id='word_1_800' title='bbox 2129 5646 2198 5701; x_wconf 81' lang='lat' dir='ltr'><strong>Dc</strong></span> <span class='ocrx_word' id='word_1_801' title='bbox 2229 5654 2472 5714; x_wconf 74' lang='lat' dir='ltr'><strong>conrepta</strong></span> <span class='ocrx_word' id='word_1_802' title='bbox 2505 5641 2758 5704; x_wconf 51' lang='lat' dir='ltr'><strong>rit-yfnaii,</strong></span> <span class='ocrx_word' id='word_1_803' title='bbox 2798 5648 2901 5693; x_wconf 79' lang='lat' dir='ltr'><strong>etc.</strong></span> 
     </span>
    </p>
   </div>
  </div>
