3882 6050
368 161 429 218 51
1361 164 1419 221 S.
1458 161 1830 220 ANSELMUS
1859 160 2207 219 CANTUAR.
2248 159 2559 217 ARCIIIEP.
3564 157 3635 211 ⁸59.

661 272 895 328 Censura
930 272 1335 329 Meditationum
1361 273 1429 330 12
1466 283 1513 328 et
1553 275 1639 329 I3.

440 362 673 451 Primus,
708 362 754 418 si
801 363 935 419 bene
993 363 1129 427 scio,
1182 362 1244 418 P.
1286 362 1615 436 Ilaynaudus
1670 380 1765 423 eas
1803 367 1947 425 inter

372 453 544 510 sancti
592 452 832 509 Anselmi
882 453 1256 509 meditationes
1300 455 1574 527 evulgavit
1607 466 1702 513 :et
1754 473 1848 515 eas
1891 459 1946 515 in

374 543 537 600 unico
572 558 699 609 ms.,
749 543 892 611 quod
937 553 1019 600 est
1064 545 1267 602 domini
1319 546 1506 617 Bigot,
1546 545 1606 603 S.
1655 546 1902 606 Anselmi

1966 284 2015 344 Α

2114 276 2318 331 Auctor
2341 272 2502 344 hujus
2527 272 2693 328 libelli
2719 272 2772 328 ln
2803 287 2852 328 c.
2880 271 2978 328 ult.
3004 272 3206 329 fatetur
3222 286 3280 329 se
3300 272 3389 329 his
3418 271 3644 330 medita-

2051 366 2289 422 tionibus
2325 363 2404 419 De
2458 363 2650 418 divinis
2706 362 2988 430 beneficiis,
3042 360 3355 431 adjunxisse
3409 361 3622 417 vivendi

2050 457 2277 514 formam
2301 470 2465 527 quam
2486 442 2583 527 per
2610 454 2683 512 ιϐ
2725 454 2962 524 capitula
2986 455 3059 511 ibi
3091 453 3451 525 praescripsit;
3482 452 3625 508 unde

2051 549 2113 605 fit
2136 550 2357 605 evidens
2382 564 2547 604 unum
2588 562 2709 604 esse
2732 555 2788 605 et
2829 548 2986 603 istius
3025 547 3243 605 vivendi
3274 546 3518 604 formulae
3567 552 3626 602 et

372 636 815 693 meditationibus
891 639 1172 694 accenseri
1239 639 1426 696 didici.
1496 638 1556 694 In
1624 638 1948 696 duodecima
2032 642 2278 700 .istarum
2302 641 2706 700 meditationum
2733 647 3036 697 auctorum.

370 727 610 796 phrasim
643 728 880 784 Anselmi
927 728 1174 796 adverto,
1224 730 1278 786 in
1308 732 1464 787 tertia
1486 731 1697 786 decima
1749 732 1948 804 stylum

372 815 528 871 video
571 817 793 873 omnino
821 817 1119 890 disparem;
1152 828 1381 892 utraque
1409 832 1584 881 tamen
1607 823 1711 893 piis
1757 823 1949 879 menti-

372 909 474 965 bus
503 909 666 979 sapit.

767 999 1005 1056 Censura
1058 1002 1416 1058 meditationis
1470 1002 1561 1059 14.

443 1086 594 1143 Hanc
609 1089 781 1144 sancti
806 1089 1043 1146 Anselmi
1073 1092 1293 1148 nomine
1316 1092 1373 1146 P.
1403 1092 1737 1163 Theophilus
1750 1108 1819 1150 ex
1845 1110 1948 1152 ms.

370 1178 489 1232 cedi
525 1193 556 1233 e
583 1179 834 1250 (collegii,
867 1188 926 1233 ut
948 1188 1097 1250 puto,
1140 1179 1482 1255 Viennensis)
1505 1184 1711 1256 primus
1742 1185 1947 1251 edidit;

371 1268 484 1337 ipsa
515 1270 679 1322 etiam
704 1266 844 1322 inter
865 1266 923 1324 S.
962 1267 1203 1324 Anselmi
1235 1269 1610 1331 Meditationes
1632 1276 1874 1331 occurrit
1898 1276 1952 1332 in

375 1374 479 1415 ms.
510 1360 570 1413 D.
605 1359 779 1430 Bigot;
819 1359 871 1414 in
896 1359 1017 1415 aliis
1037 1375 1155 1415 eam
1181 1377 1286 1418 non
1325 1364 1471 1435 legi.

444 1452 848 1507 Observandum
903 1459 1083 1506 autem
1113 1466 1197 1509 est
1225 1455 1277 1509 in
1325 1471 1389 1512 ea
1442 1458 1709 1513 contineri
1761 1472 1953 1515 novem

2469 731 2709 791 Censura
2730 731 3087 786 meditationis
3110 732 3198 787 l8.

2123 826 2199 880 Ex
2231 839 2332 880 ms.
2348 823 2560 894 collegii
2606 824 2933 880 Viennensis
2957 822 3016 875 P.
3046 819 3331 892 TheOphil.
3349 862 3364 887 ,
3389 829 3452 876 ut
3471 819 3549 876 ait
3572 819 3627 875 in

2054 918 2376 989 praelatione
2399 916 2466 971 ad
2493 914 2831 984 Mantissam,
2884 915 3026 970 hanc
3072 913 3217 971 inter
3246 913 3379 967 alias
3416 926 3626 978 omnes,

2055 1019 2114 1065 ut
2145 1016 2330 1075 vocat,
2356 1006 2692 1072 faculas,seu
2724 1006 2958 1077 alloquia
2980 1004 3156 1060 sancti
3190 1002 3433 1059 Anselmi
3468 1004 3520 1056 in
3543 1000 3629 1055 lu-

2053 1115 2172 1157 cem
2200 1099 2405 1169 primus
2428 1098 2628 1153 emisit.
2663 1096 2834 1167 Hujus
2876 1096 3091 1151 initium
3126 1094 3326 1166 legitur
3361 1093 3414 1147 in
3455 1091 3627 1162 prima

2054 1198 2209 1259 parte
2235 1203 2355 1259 cap.
2397 1187 2464 1243 l8
2495 1187 2617 1243 libri
2658 1185 3068 1243 Meditationutn
3094 1184 3188 1256 qui
3238 1183 3381 1239 inter
3443 1180 3628 1238 sancti

2055 1280 2345 1351 Augustini
2367 1295 2531 1352 opera
2560 1280 2815 1335 volvitur.

2126 1377 2204 1431 De
2247 1374 2393 1430 illius
2444 1381 2667 1429 auctore
2696 1374 2800 1429 hoc
2834 1388 3001 1427 unum
3030 1370 3216 1432 scitur,
3243 1369 3385 1441 quod
3428 1369 3630 1424 viveret

2061 1463 2114 1519 in
2143 1465 2409 1522 societate
2457 1462 2683 1519 fratrum
2726 1461 2923 1532 quibus
2967 1471 3229 1532 praeerat;
3265 1461 3317 1514 id
3359 1458 3502 1514 enim
3558 1457 3632 1511 ibi

376 1545 558 1613 priora
611 1545 848 1616 capitula
912 1547 1078 1604 libelli
1118 1548 1210 1618 qui
1257 1547 1507 1605 Manuale
1543 1547 1601 1604 S.
1665 1548 1955 1619 Augustini
1988 1619 2026 1625 _
2059 1554 2309 1625 pluribus
2364 1553 2587 1609 indicat.
2635 1552 2780 1607 Nihil
2834 1561 3013 1607 autem
3064 1552 3116 1605 in
3138 1566 3202 1606 ea
3233 1560 3319 1605 est
3348 1549 3490 1619 quod
3522 1548 3632 1601 An-

375 1636 537 1707 vulgo
561 1637 777 1695 dicitur.
812 1638 968 1695 Unde
1011 1640 1169 1696 istius
1218 1640 1364 1707 libri,
1390 1640 1533 1696 sicut
1560 1648 1616 1696 et
1645 1639 1956 1696 Meditatio—
1988 1619 2032 1674 Β
2058 1619 2289 1699 selmum
2330 1658 2437 1698 non
2472 1643 2666 1713 sapiat,
2707 1643 2850 1697 unde
2888 1642 2956 1697 ab
2995 1639 3275 1706 Anselmo,
3320 1640 3447 1694 dum
3500 1637 3631 1691 Bcc-

381 1744 543 1793 num,
596 1738 652 1786 et
689 1728 813 1785 libri
849 1729 924 1786 De
976 1731 1290 1786 contritione
1330 1732 1541 1798 cordis,
1586 1730 1770 1787 crisim
1814 1730 1954 1786 infra

379 1818 646 1876 dabimus.

626 1911 863 1970 Censura
892 1912 1300 1971 Meditationum
1346 1913 1436 1981 15,
1470 1914 1536 1969 l6
1574 1923 1624 1970 et
1647 1915 1736 1969 l7.

448 2000 621 2059 Unica
648 2003 700 2058 in
726 2012 837 2061 tres
872 2013 1058 2076 partes
1080 2005 1371 2062 distributa
1397 2013 1581 2062 exstat
1609 2005 1665 2061 in
1717 2004 1960 2062 editione

379 2092 725 2163 Lugdunensi
754 2111 842 2150 an.
869 2095 1206 2166 {650,qnam
1233 2111 1332 2152 nos
1363 2096 1416 2151 in
1441 2103 1553 2152 tres
1582 2095 1959 2152 meditationes

381 2184 686 2241 divisimus.
718 2185 856 2242 IIuic
903 2185 967 2242 P.
1007 2185 1255 2259 Theoph.
1282 2202 1353 2243 ex
1380 2202 1485 2241 ms.
1513 2188 1741 2258 primam
1779 2186 1956 2242 lucem

379 2277 529 2333 dedit
546 2318 562 2342 ,
586 2287 640 2335 et
660 2294 782 2335 eam
813 2281 880 2335 ab
897 2278 1153 2336 Anselmo
1182 2280 1253 2335 ad
1270 2293 1512 2335 sororem
1534 2293 1686 2333 suam
1698 2277 1957 2332 directam

380 2369 592 2425 scribit.
621 2369 749 2427 Mihi
781 2371 998 2441 quidem
1027 2377 1178 2425 certo
1210 2368 1579 2422 renuntiatum
1600 2377 1685 2422 est
1713 2365 1959 2435 triparti-

385 2466 494 2513 tam
527 2460 667 2514 hanc
697 2460 1106 2515 meditationem
1125 2457 1193 2514 ad
1215 2472 1461 2517 sororem
1488 2456 1679 2513 haberi
1708 2457 1764 2511 in
1795 2470 1961 2526 saepe-

382 2549 496 2605 falo
564 2564 670 2606 ms.
704 2549 974 2623 D.Bigot;
1001 2548 1816 2648 θειξνςςξξειςξίιιιεηηίυῆυιξρ
1845 2563 1984 2637 ηιξ..
2012 2590 2029 2634 ε

382 2641 790 2713 legissefateor.
1023 2646 1222 2703 ."'.::
1263 2641 1283 2706 ἐ
1331 2641 1874 2726 ”Ξ..Ξ.ξξῖ.ξ.”·ὶ.

459 2737 535 2793 De
580 2736 796 2792 illarum
849 2743 1074 2794 auctore
1128 2743 1337 2793 certum
1369 2742 1498 2791 est:
1534 2735 1587 2790 l.
1616 2747 1741 2789 eum
1792 2731 1868 2787 fui

385 2826 609 2884 fratrem
629 2826 775 2883 illius
814 2819 1038 2915 virginis
1051 2824 1326 2915 ’ξιφιμὲξὲ
1353 2823 1597 2915 ’δίτθῖἔω
1623 2822 1992 2915 ﬁtﬁt“???

2057 1748 2221 1790 cense
2248 1734 2555 1789 coenobium
2586 1741 2818 1804 regeret,
2841 1746 2962 1793 eam
2986 1731 3245 1802 scriptam
3302 1742 3423 1784 esse
3473 1725 3635 1781 facile

2056 1824 2403 1882 crediderim.
3138 1822 3141 1825 ’

2482 1915 2717 1972 Censura
2738 1914 3092 1971 meditationis
3127 1913 3209 1969 I9.

2129 2007 2344 2064 Primus
2374 2023 2496 2065 eam
2518 2024 2583 2065 ex
2622 2023 2725 2063 ms.
2740 2006 2990 2062 Vatican.
3022 2005 3189 2061 edidit
3213 2003 3273 2058 P.
3301 1998 3637 2072 Raynaldus.

2058 2100 2234 2172 Ipsam
2261 2116 2361 2157 nos
2384 2116 2451 2156 ex
2479 2116 2579 2156 ms.
2606 2098 2666 2155 S.
2698 2099 2858 2154 Mart.
2883 2098 3115 2153 Tornac.
3133 2094 3456 2165 castigatam
3487 2089 3642 2146 dedi-

2061 2207 2201 2246 mus.
2229 2191 2485 2247 Anselmo
2508 2204 2729 2258 prorsus
2745 2191 2907 2258 digna
2930 2195 3032 2241 est.

2481 2277 2716 2333 Censura
2745 2275 3094 2331 meditationis
3121 2273 3211 2328 20.

2130 2368 2274 2423 Inter
2299 2367 2355 2424 S.
2381 2367 2622 2422 Anselmi
2658 2367 2931 2421 orationes
2958 2364 3070 2419 lucc
3084 2364 3315 2419 habetur
3343 2361 3399 2416 in
3415 2360 3642 2416 ms.267

2058 2458 2311 2517 biblioth.
2366 2460 2628 2527 Thoante,
2662 2476 2730 2515 ex
2792 2473 2900 2529 quo
2961 2458 3132 2527 ipsam
3183 2455 3323 2528 typis
3366 2454 3639 2510 dedimus.

2062 2550 2195 2623 Haec
2216 2553 2390 2608 sancti
2422 2551 2660 2608 Anselmi
2690 2544 3006 2608 doctrinam
3022 2564 3086 2605 ac
3112 2548 3367 2621 pietatem
3384 2548 3438 2602 in
3464 2545 3639 2602 omni.

2073 2623 2091 2637 δ

1804 2646 1936 2727 '-.
1962 2653 1979 2726 ε
2007 2636 2460 2735 sessim"-

2492 2736 2727 2797 Censura
2754 2732 3105 2791 meditationis
3131 2728 3213 2784 2i.

2021 2854 2083 2904 τε
2133 2829 2285 2909 lianc
2306 2843 2422 2886 non
2468 2826 2616 2883 aliud
2669 2840 2872 2882 censeo
2893 2839 3054 2894 quam
3087 2820 3306 2893 pietatis
3362 2815 3523 2873 ﬂores
3568 2831 3642 2871 ex

384 2918 531 2973 cnim
561 2917 615 2972 in
669 2900 1960 2991 secunda-idicet‘a'rat'tﬁia'dabsidempatet-35¢:

2367 2918 2482 2975 sive
2507 2916 2577 2972 ab
2608 2916 2724 2985 ipso
2747 2912 3028 2981 Anselmo,
3062 2911 3176 2965 sive
3217 2910 3286 2964 ab
3320 2907 3427 2962 alio
3475 2906 3648 2961 colle-

387 3008 582 3067 nuerit.
619 3008 760 3063 idem
809 3017 1001 3064 venter
1042 3007 1354 3078 complexus
1375 3016 1480 3071 est.
1513 3006 1702 3065 eadem
1750 3007 1963 3062 viscera

389 3096 776 3165 profuderunt;
805 3096 859 3150 Ω.
890 3112 1014 3151 eum
1043 3097 1096 3151 in
1115 3096 1420 3166 juventutis
1447 3095 1576 3151 vitia
1629 3095 1961 3167 prolapsum,

388 3198 448 3243 ut
475 3196 667 3243 eodem
726 3187 830 3244 loci
877 3187 979 3259 ipsi
1023 3188 1255 3256 fatetur;
1301 3190 1359 3246 5.
1381 3190 1571 3260 ipsum
1597 3189 1814 3244 tandem
1867 3188 1966 3243 Dei

390 3279 759 3334 iiiisericOrdia
790 3293 822 3334 a
848 3279 1051 3335 smenlo
1084 3294 1207 3338 esse
1236 3294 1588 3346 conversum;
1614 3279 1670 3336 4.
1699 3279 1843 3350 quod
1902 3279 1967 3335 il-

390 3367 492 3423 lius
514 3383 669 3424 soror
691 3370 745 3423 in
777 3369 1106 3441 virginitatis
1130 3370 1408 3441 proposito
1438 3369 1665 3436 viveret,
1713 3377 1773 3423 ut
1798 3367 1852 3423 in
1881 3367 1968 3424 his

390 3468 575 3529 aperte
596 3460 951 3531 signiﬁcatur.

458 3552 528 3605 At
568 3551 625 3606 S.
647 3551 938 3608 Auselmus
962 3552 1180 3607 unicam
1217 3566 1461 3608 sororem
1484 3550 1742 3607 habuisse
1771 3550 1965 3616 scitur,

393 3644 615 3727 nomine
639 3644 953 3711 Richeram,
982 3659 1103 3714 qua:
1148 3644 1333 3713 nupsit
1390 3642 1720 3712 Burgondio,
1755 3656 1824 3697 ex
1859 3655 1969 3712 quo

394 3734 559 3791 tilium
584 3732 1141 3805 genuitcuiAnsclmi
1172 3749 1368 3789 nomen
1424 3732 1734 3803 impositum
1778 3740 1886 3788 est.
1912 3731 1969 3787 Id

393 3834 663 3883 testantur
698 3825 882 3896 plures
918 3824 1162 3897 epistolae
1189 3823 1261 3879 ab
1294 3823 1555 3880 Anselmo
1612 3823 1681 3879 ad
1729 3822 1969 3893 Burgun-

394 3919 574 3983 dium,
625 3926 683 3974 ct
728 3919 797 3973 ad
827 3917 1115 3974 Richeram
1143 3924 1201 3971 et
1252 3917 1322 3971 ad
1361 3915 1676 3971 Anselmum
1718 3923 1969 3984 nepotem

393 4011 630 4080 scriptae.
658 4010 713 4065 In
742 4024 927 4064 earum
956 4022 1087 4072 una,
1111 4021 1231 4076 quae
1255 4014 1339 4060 est
1367 4004 1433 4058 67
1461 4004 1498 4058 l.
1532 4019 1615 4070 ιιι,
1643 4004 1816 4058 sorori
1858 4018 1972 4059 suae

394 4101 586 4157 scribit
615 4100 885 4155 neminem
917 4113 1058 4163 esse,
1087 4104 1315 4164 excepto
1338 4093 1456 4163 ejus
1478 4095 1616 4162 viro,
1647 4096 1798 4163 cujus
1822 4095 1972 4150 salu-

395 4202 504 4249 tem
540 4186 746 4247 tantum
775 4206 934 4246 nosse
956 4199 1012 4245 et
1042 4190 1232 4245 audire
1258 4188 1374 4259 ipsa
1400 4187 1677 4243 desiderat
1702 4194 1971 4257 quantum

2068 2998 2217 3078 ctos;
2241 2998 2395 3065 etvita
2426 3009 2570 3065 omni
2588 3007 2713 3077 jure
2738 3005 2995 3062 Anselmo
3011 3001 3306 3058 ascribitur
3332 2998 3644 3070 inpluribus

2068 3117 2198 3159 mss.
2231 3117 2297 3158 ac
2317 3103 2371 3158 in
2402 3101 2465 3157 P.
2497 3098 2780 3170 Theophili
2810 3096 3067 3160 editione,

2515 3191 2756 3247 CENSUBA
2818 3188 3159 3244 Onutoncu.

2539 3280 2773 3336 Censura
2808 3277 3063 3332 orationis
3091 3276 3143 3330 1.

2139 3375 2183 3429 A
2206 3374 2269 3430 P.
2300 3374 2473 3447 Rayn.
2501 3386 2570 3426 ex
2593 3387 2694 3427 ms.
2720 3369 2843 3425 coll.
2892 3369 3048 3424 Vicn.
3107 3344 3363 3438 primum,
3389 3363 3645 3434 evulgata

2068 3476 2172 3532 est,
2204 3481 2304 3522 nec
2323 3481 2443 3521 eam
2468 3464 2522 3519 in
2547 3463 2670 3519 ullis
2697 3462 2812 3519 sive
2835 3461 3052 3516 excusis
3079 3460 3196 3515 sive
3219 3474 3351 3515 mss.
3377 3457 3649 3528 comperi.

2069 3559 2319 3613 Attamen
2374 3556 2443 3611 ab
2467 3554 2708 3611 Anselmi
2756 3554 2896 3626 stylo
2929 3567 3033 3607 non
3061 3551 3246 3615 distat,
3271 3557 3325 3604 et
3366 3561 3647 3620 auctorem

2071 3663 2225 3705 suum
2257 3647 2533 3718 proposito
2559 3654 2615 3702 et
2642 3645 2828 3701 habitu
2855 3641 3132 3715 religionis
3155 3640 3456 3712 distinguit.

2529 3755 2766 3812 Censura
2791 3754 3045 3810 orationis
3093 3753 3148 3807 Ξ.

2141 3869 2260 3941 Ipsa
2286 3870 2339 3925 in
2366 3868 2581 3925 excusis
2608 3868 2774 3923 etiam
2799 3864 3198 3936 antiquioribus
3228 3871 3429 3927 exstat,
3484 3862 3643 3932 quasi

2073 3974 2200 4029 pars
2227 3959 2509 4024 orationis,
2573 3972 2694 4027 qtue
2752 3957 2983 4026 incipit;
3033 3955 3174 4009 Deus
3198 3971 3366 4022 meus,
3392 3953 3461 4006 da
3500 3953 3648 4006 cordi

2072 4064 2220 4114 meo,
2243 4057 2348 4103 etc.
2384 4047 2493 4103 Nos
2521 4061 2641 4101 eam
2665 4046 2736 4101 ab
2782 4044 2873 4099 illa
2892 4060 2998 4100 non
3029 4042 3394 4115 sejunximus,
3448 4040 3552 4095 nisi
3588 4048 3650 4094 ut

2072 4152 2164 4192 eas
2206 4151 2325 4206 qum
2374 4136 2843 4207 compunctionem
2870 4135 3131 4199 excitant,
3162 4132 3265 4187 illis
3283 4132 3649 4201 praen‘iittere-

2076 4241 2196 4280 ntus
2215 4241 2334 4295 qua:
2366 4227 2432 4280 ad
2444 4226 2673 4279 virtutes
2771 4221 3141 4294 impetrandas
3156 4229 3282 4276 sunt
3305 4219 3644 4290 compositae.

395 4300 549 4385 59""
576 4293 630 4385 ᾳ
662 4282 755 4339 ῆιῖί
779 4283 893 4385 iui;
925 4281 1053 4385 (ﬂia
1097 4280 1211 4351 ipse
1245 4277 1435 4334 unicus
1453 4277 1570 4385 eius
1590 4276 1762 4380 frater
1786 4284 1890 4385 cf"
1916 4284 1971 4385 cf
1998 4277 2048 4337 Β
2073 4276 2467 4385 ἐᾶιῖῑῶιξδξὲξ
2567 4276 2741 4370 έΙ-ἰιπί
2769 4276 3199 4377 Meilitationum,
3222 4311 3311 4381 qui
3342 4276 3647 4381 Augustino

398 4377 488 4434 ille
521 4376 713 4431 unicus
758 4372 874 4442 ejus
929 4373 1070 4427 filius
1104 4389 1119 4426 :
1153 4386 1272 4440 qua:
1313 4384 1418 4425 non
1452 4370 1683 4425 obscure
1729 4367 1973 4423 indicant

398 4484 508 4524 non
546 4468 709 4523 aliam
737 4464 903 4520 fuisse
930 4462 991 4519 S.
1013 4462 1254 4518 Anselmi
1281 4475 1560 4526 sororem;
1592 4460 1638 4515 si
1686 4474 1794 4529 qua
1827 4459 1972 4513 enim

398 4560 610 4626 fuisset,
665 4557 949 4613 Anselmus
992 4572 1098 4610 non
1127 4564 1273 4610 esset
1307 4562 1430 4624 post
1479 4551 1733 4609 maritum
1780 4550 1971 4606 unicus

398 4654 491 4725 qui
521 4667 644 4707 cum
670 4657 867 4719 nepote
889 4662 988 4704 suo
1013 4663 1044 4703 a
1072 4647 1304 4701 Riehera
1337 4646 1496 4702 unice
1530 4644 1867 4714 diligeretur.
1914 4640 1972 4694 ιιι

399 4760 563 4801 unum
584 4741 836 4815 prohibet
857 4741 984 4811 quin
1008 4737 1223 4796 credam
1239 4738 1308 4794 ab
1325 4735 1589 4793 Anselmo
1608 4735 1840 4803 scriptas
1853 4743 1974 4786 esse

400 4836 532 4892 istas
557 4831 950 4888 meditationes.

469 4923 702 4992 Quidam
721 4935 818 4976 eas
840 4919 898 4975 S.
926 4918 1230 4992 Augustino
1264 4915 1607 4987 ascripsere;
1652 4921 1709 4969 et
1751 4910 1970 4981 quidem

401 5020 456 5074 in
491 5015 674 5073 libello
710 5014 787 5071 De
834 5013 939 5069 vita
983 5013 1188 5068 eremit.
1225 5013 1294 5066 ad
1335 5023 1599 5073 sororem,
1649 5021 1698 5061 e.
1751 5003 1843 5071 47,
1904 5001 1974 5057 ad

401 5110 567 5168 ﬁnem
619 5120 733 5165 tres
784 5106 905 5162 istae
939 5120 1009 5160 ex
1048 5105 1258 5174 integro
1307 5101 1581 5172 leguntur.
1636 5096 1832 5152 Verum
1876 5110 1977 5152 nec

402 5203 560 5259 istius
594 5199 757 5257 libelli
783 5197 1114 5269 Augustinus
1141 5202 1330 5249 auctor
1358 5199 1464 5258 est,
1489 5190 1585 5247 sed
1609 5187 1805 5257 aliquis
1845 5201 1974 5242 san-

402 5304 491 5349 cto
511 5294 803 5350 Benedicto
826 5298 879 5348 et
916 5296 1107 5346 sancto
1134 5283 1631 5357 Gregoriojunior;
1663 5281 1808 5337 illius
1829 5279 1974 5336 enim

409 5385 657 5441 meminit
704 5386 759 5440 in
788 5399 839 5439 e.
886 5381 954 5437 14
977 5388 1035 5437 et
1083 5378 1173 5443 l9,
1201 5387 1256 5434 et
1280 5377 1436 5432 istius
1490 5375 1545 5431 in
1580 5389 1629 5430 c.
1674 5372 1975 5443 46.Adjice

405 5475 547 5547 quod
573 5475 623 5527 in
653 5474 799 5529 nullo
820 5488 888 5528 ex
913 5468 1309 5540 antiquioribus
1331 5467 1506 5524 sancti
1530 5463 1812 5539 Augustini
1840 5479 1971 5522 mss.

408 5567 461 5624 id
481 5565 658 5634 operis
685 5566 1012 5633 descriptum
1045 5562 1367 5633 reperiatur.

2074 4405 2211 4461 falso
2273 4405 2548 4473 tribuitur,
2597 4411 2851 4461 constant
2903 4417 2970 4458 ex
3035 4402 3140 4459 ista
3186 4402 3469 4463 oratione,
3524 4413 3647 4467 quae

2075 4506 2255 4550 tamen
2284 4495 2337 4550 in
2375 4511 2477 4550 ms.
2514 4505 2570 4549 et
2618 4495 2670 4548 in
2696 4491 2948 4547 omnibus
2991 4492 3210 4547 excusis
3267 4490 3326 4545 S.
3380 4488 3645 4544 Anselmo

2074 4586 2384 4642 ascribitur.
2413 4583 2546 4639 Vide
2573 4580 2716 4641 infra
2754 4581 3027 4652 judicium
3074 4581 3235 4637 istius
3262 4580 3426 4636 libelli
3473 4577 3644 4634 Medi-

2076 4677 2360 4730 tationem.

2390 4766 2627 4822 Censura
2648 4764 2905 4820 orationis
2927 4765 2983 4831 5,
3018 4762 3073 4830 4,
3104 4762 3155 4827 5,
3191 4761 3245 4827 6,
3271 4762 3327 4817 7.

2142 4879 2288 4936 Inter
2311 4881 2370 4936 S.
2411 4877 2649 4934 Anselmi
2688 4876 2970 4932 orationes
3019 4874 3101 4929 ha:
3134 4873 3389 4946 leguntur
3422 4873 3477 4927 in
3505 4886 3639 4925 mss.

2074 4987 2195 5041 qua:
2226 4971 2279 5026 in
2313 4970 2478 5026 variis
2506 4967 2832 5026 lectionibus
2880 4965 3189 5021 notavimus
3222 4981 3236 5018 :
3269 4962 3466 5035 quibus
3502 4959 3642 5014 adde

2076 5078 2179 5118 ms.
2210 5062 2271 5117 Ι).
2293 5061 2466 5132 Bigot,
2493 5068 2551 5116 et
2578 5074 2680 5115 ms.
2704 5057 2830 5113 coll.
2847 5055 3027 5123 Vicn.,
3045 5071 3111 5112 ex
3144 5070 3252 5126 quo
3272 5068 3366 5109 eas
3391 5052 3450 5107 P.
3467 5052 3641 5120 Rayn.

2075 5156 2283 5226 primus
2312 5153 2501 5211 edidit.
2534 5151 2731 5220 Quinta
2757 5158 2861 5207 est.
2890 5166 2939 5207 c.
2970 5149 3041 5206 54
3064 5147 3276 5221 praefati
3318 5146 3441 5200 libri
3475 5144 3643 5199 Medio

2081 5247 2369 5302 talionum.

2561 5333 2796 5391 Censura
2819 5330 3068 5389 orationis
3104 5329 3157 5384 8.

2147 5455 2203 5508 In
2242 5468 2342 5509 ms.
2371 5449 2618 5509 bihlioth.
2651 5448 2710 5504 S.
2750 5443 2963 5501 Martini
2984 5441 3215 5498 Tornac.
3252 5438 3500 5509 leguntur
3526 5434 3642 5506 plu-

2079 5564 2164 5605 res
2199 5545 2254 5603 S.
2283 5544 2523 5602 Anselmi
2550 5537 2981 5607 lamentationes,
3012 5535 3114 5592 hoc
3135 5541 3222 5591 est
3246 5529 3646 5590 meditationes.
