3882 6050
240 146 316 199 55
1322 137 1640 194 CENSURA
1680 133 1962 205 OPERUM
2005 131 2062 186 S.
2104 127 2432 184 ANSEIMI.
3439 130 3504 185 δι

246 261 392 312 inter
423 270 560 327 quas
590 255 703 309 haec
725 253 975 318 habetur,
1017 265 1177 321 quam
1207 250 1273 306 ad
1304 267 1400 306 nos
1457 251 1824 311 transmissam
1854 257 1904 316 Λ
1933 261 2050 303 esse
2076 245 2244 314 probe
2263 244 2413 298 novit
2456 242 2700 313 quisquis
2749 243 2801 296 in
2841 243 2957 314 ejus
2991 241 3225 299 lectione
3267 251 3511 300 versatus

244 347 593 420 protulimus.

317 438 509 495 Oratio
530 437 565 492 9
594 437 780 492 eadem
803 445 887 491 est
912 451 976 490 ac
1004 435 1059 500 2,
1085 434 1236 505 cujus
1268 435 1388 490 vide
1420 444 1734 498 censuram}

734 526 971 584 Censura
994 526 1246 580 orationis
1272 525 1360 580 10.

320 620 448 675 “me
481 617 719 674 confecit
757 625 992 685 quatuor
1025 614 1206 684 priora
1261 614 1488 684 capitula
1521 614 1729 682 praefati
1770 613 1832 669 li-

243 711 374 766 belli
399 707 832 764 Meditationum.
861 705 1114 760 Attamen
1139 719 1328 760 omnes
1347 705 1510 758 etiam
1560 704 1831 773 antiquio-

247 816 338 854 res
370 797 772 853 Meditationum
791 794 849 850 S.
867 794 1106 850 Anselmi
1130 795 1394 851 editiones
1411 794 1580 865 ipsam
1609 793 1830 859 habent;

246 906 351 946 nec
383 904 487 945 nou
517 905 616 943 ms.
646 887 856 944 Thuan.
881 885 986 941 267
1015 894 1067 941 et
1094 903 1195 941 ms.
1229 887 1418 957 colleg.
1458 887 1655 942 Vienn.

717 973 949 1030 Censura
1005 975 1263 1029 orationis
1289 976 1375 1029 11.

325 1071 467 1124 inter
490 1068 545 1124 8.
582 1067 825 1122 Anselmi
848 1067 1122 1120 orationes
1150 1066 1344 1136 legitur
1373 1066 1487 1121 [nec
1511 1066 1562 1120 in
1593 1065 1835 1136 pluribus

249 1175 381 1213 mss.
421 1159 472 1211 in
495 1158 689 1226 quibus
727 1158 971 1212 diversos
998 1157 1159 1211 habet
1191 1156 1393 1221 titulos,
1421 1165 1480 1210 ut
1509 1157 1690 1211 videre
1711 1156 1836 1211 licet

249 1248 304 1300 in
337 1246 501 1300 variis
518 1245 855 1299 lectionibus.
887 1244 942 1298 lu
973 1259 1074 1299 ms.
1107 1245 1169 1298 Ι).
1190 1243 1342 1314 Bigot
1370 1245 1483 1299 lucc
1512 1247 1688 1299 oratio
1714 1245 1835 1300 aliis

249 1338 466 1392 duabus
495 1337 774 1406 conjuncta
810 1345 916 1390 est.
955 1337 1088 1390 Eam
1128 1352 1196 1392 ex
1239 1352 1339 1391 ms.
1385 1336 1562 1392 Vatic.
1601 1337 1662 1391 P.
1692 1337 1834 1407 Raya

233 1432 430 1489 naldus
445 1429 650 1499 primus
679 1427 946 1498 publicam
977 1429 1124 1483 fecit.

609 1519 841 1573 Censura
863 1519 1179 1573 Orationum
1232 1519 1300 1573 i2
1321 1529 1368 1574 et
1392 1520 1477 1574 15.

1934 347 2036 393 est.
2061 337 2212 403 Quod
2233 345 2412 390 autem
2445 336 2560 390 haec
2603 335 2743 389 inter
2793 334 3017 390 Joannis
3055 335 3266 392 abbatis
3320 334 3510 390 Fisca-

1935 429 2118 484 ncnsis
2147 428 2232 497 pia
2281 427 2610 482 collectanea
2666 427 2971 496 reperiatur
3019 427 3071 482 in
3124 425 3508 504 Metensims.,

1933 519 2062 590 quid
2096 532 2429 588 consequens
2465 527 2568 585 est,
2637 517 2739 572 nisi
2795 517 3044 574 abbatem
3095 517 3260 582 hunc,
3314 517 3405 587 qui
3446 532 3509 572 ea

1935 609 2110 663 adhuc
2131 616 2294 662 aetate
2318 608 2535 678 vigebat
2572 623 2678 677 qua
2707 624 2735 662 a
2765 609 2821 664 8.
2857 609 3114 664 Anselmo
3139 609 3354 680 plurimi
3395 609 3511 679 pias

1932 715 2070 770 quas
2124 709 2534 770 composuerat,
2578 700 2853 756 orationes
2913 701 3299 771 deposcebant,
3343 702 3413 756 ab
3445 717 3511 756 eo

1935 793 2092 847 istam
2159 792 2429 862 accepisse
2477 800 2532 846 et
2571 801 2846 861 acceptam
2877 792 3256 862 ascripsisse?
3274 791 3332 848 ιιι
3369 792 3508 850 infra

1934 897 2122 937 sumus
2146 881 2586 936 demonstraturi.

2009 969 2242 1025 Censura
2271 973 2565 1025 orationum
2587 971 2678 1037 30,
2710 972 2798 1039 51,
2829 972 2919 1040 32,
2947 974 3040 1040 33,
3063 972 3152 1038 54,
3186 973 3255 1029 55
3277 983 3324 1028 et
3350 973 3438 1028 56.

2005 1061 2116 1117 llas
2163 1078 2350 1118 omnes
2389 1062 2446 1116 Ρ.
2503 1064 2779 1134 l‘taynand.
2842 1077 2909 1118 ex
2939 1080 3042 1120 ms.
3097 1066 3255 1122 Vien.
3304 1067 3512 1135 primus

1921 1150 2394 1220 cdidit;tricesima
2419 1155 2576 1208 tertia
2601 1155 2798 1225 legitur
2844 1156 3008 1210 etiam
3043 1157 3096 1211 in
3125 1172 3228 1212 ms.
3260 1159 3323 1212 D.
3357 1159 3515 1229 Bigot

1935 1243 2036 1298 sub
2088 1244 2188 1299 boc
2212 1245 2368 1300 titulo
2399 1263 2413 1299 :
2446 1245 2630 1300 Oratio
2674 1245 2998 1315 apologetica
3041 1248 3208 1301 sancti
3256 1248 3517 1314 Anselmi;

1938 1335 2210 1392 tricesima
2258 1348 2452 1406 quarta
2504 1352 2632 1393 vero
2695 1345 2873 1392 exstat
2929 1337 2980 1392 in
3018 1353 3118 1393 ms.
3153 1339 3342 1394 Tbuan
3370 1351 3424 1396 et
3455 1343 3511 1396 in

1935 1444 2038 1486 ms.
2062 1429 2244 1496 Becc.,
2280 1439 2336 1485 ut
2362 1432 2414 1486 in
2450 1431 2614 1486 variis
2637 1431 2958 1487 lectionibus
2989 1431 3367 1489 indicavimus.

2172 1520 2405 1574 Censura
2435 1521 2731 1574 orationum
2759 1520 2847 1585 57,
2880 1521 2969 1586 58,
2992 1522 3062 1576 59
3096 1532 3143 1576 et
3189 1521 3279 1577 40.

326 1611 387 1664 Ρ.
414 1611 655 1679 Tlteoph.
706 1627 773 1667 ex
824 1626 924 1665 ms.
963 1611 1157 1665 Vienn.
1213 1611 1419 1680 primus
1459 1625 1553 1666 eas
1598 1610 1740 1667 inter
1771 1611 1828 1666 8.
1865 1595 1909 1652 Β
2006 1607 2081 1662 Ex
2114 1623 2216 1664 ms.
2247 1609 2675 1666 Corbeiensil60
2699 1609 2813 1665 illas
2829 1611 3028 1680 publici
3047 1609 3188 1680 juris
3213 1612 3436 1668 fecimus
3462 1622 3515 1666 ct

247 1703 494 1759 Anselmi
516 1702 748 1773 alloquia
769 1703 1058 1758 recensuit.

719 1792 954 1846 Censura
997 1791 1251 1845 orationis
1280 1791 1366 1846 14.

325 1883 516 1936 Exstat
546 1882 660 1936 lucc
696 1882 749 1934 in
775 1881 1023 1936 omnibus
1049 1880 1282 1943 excusis,
1305 1888 1362 1934 et
1385 1881 1436 1935 in
1461 1895 1562 1935 ms.
1591 1879 1654 1934 D.
1682 1879 1835 1951 Bigot

252 1988 318 2026 ac
347 1972 398 2025 in
428 1987 527 2026 ms.
557 1970 772 2026 Thuan.
799 1980 852 2025 et
881 1971 931 2024 in
957 1986 1061 2025 ms.
1092 1970 1247 2025 Vien.
1273 1970 1390 2040 Ipsa
1422 1979 1598 2025 tamen
1626 1980 1709 2024 est
1735 1972 1826 2027 e.9

252 2077 400 2132 saepe
429 2061 523 2115 fati
563 2061 724 2116 libelli
757 2060 1191 2128 Meditationum,
1237 2060 1551 2132 cujusinfra
1573 2061 1832 2132 judicium

252 2152 528 2206 dabimus.

711 2241 946 2296 Censura
993 2243 1250 2298 orationis
1278 2242 1363 2296 15.

335 2333 482 2388 Hanc
537 2333 680 2388 inter
737 2333 795 2388 8.
847 2335 1086 2390 Anselmi
1147 2335 1420 2391 orationes
1477 2336 1678 2393 habent
1732 2353 1834 2392 ms.

253 2424 422 2479 Corb.
460 2424 582 2490 160,
610 2440 712 2479 ms.
744 2424 906 2479 Vallis
951 2423 1106 2488 Luc.,
1145 2439 1245 2478 ms.
1294 2424 1622 2481 Son-Germ.
1648 2437 1704 2481 et
1733 2445 1833 2484 ius.

255 2515 398 2569 Coll.
435 2515 608 2579 γεω,
632 2529 696 2568 ex
719 2529 825 2585 quo
850 2530 967 2571 eam
995 2514 1057 2568 P.
1079 2514 1320 2585 'l‘beOph.
1349 2517 1556 2585 primus
1576 2519 1765 2574 edidit.

508 2605 740 2660 Censura
771 2608 1065 2661 orationum
1097 2609 1182 2672 16,
1216 2610 1302 2674 17,
1331 2608 1396 2664 18
1418 2619 1465 2663 et
1497 2609 1583 2664 19.

333 2697 452 2751 Ista:
481 2697 659 2767 capita
687 2697 755 2751 56
784 2708 840 2753 et
869 2699 936 2754 57
963 2701 1206 2768 praulicti
1238 2701 1362 2756 libri
1424 2702 1839 2760 Meditationuln

252 2789 549 2859 complent.
584 2788 698 2858 Ipsa
735 2799 938 2856 tamen,
971 2805 1071 2846 nec
1112 2792 1404 2860 immerito,
1446 2793 1508 2850 P.
1545 2795 1720 2865 Rayn.
1771 2812 1837 2852 ex

255 2897 364 2936 ms.
392 2878 526 2937 Coll.
561 2882 716 2936 Vien.
740 2882 797 2937 8.
822 2884 1062 2940 Anselmi
1089 2885 1338 2956 alloquiis
1359 2890 1657 2944 accensuit.

721 2975 952 3030 Censura
1000 2978 1252 3032 orationis
1286 2979 1376 3034 20.

336 3061 447 3116 llac
476 3064 720 3119 oratione
757 3065 1028 3120 clauditur
1078 3068 1333 3136 praefatus
1360 3069 1499 3125 liber
1538 3070 1841 3129 Meditatio-

256 3169 389 3207 num
417 3172 431 3206 :
465 3154 580 3222 ipsa
609 3164 787 3210 tamen
844 3156 986 3212 inter
1031 3156 1089 3213 S.
1122 3159 1361 3216 Ansclmi
1408 3162 1682 3217 orationes
1712 3161 1844 3234 legi-

258 3254 354 3296 tur
381 3261 487 3299 non
516 3245 688 3301 solum
718 3247 771 3302 in
802 3263 904 3302 ms.
933 3264 1053 3318 qua:
1099 3250 1151 3305 in
1183 3252 1348 3310 variis
1377 3253 1702 3310 lectionibus
1747 3256 1841 3310 de-

258 3338 616 3406 signavimus,
639 3341 732 3395 sed
763 3351 818 3396 et
860 3343 914 3397 in
951 3359 1052 3398 ms.
1100 3343 1157 3400 S.
1190 3344 1470 3414 Germani,
1521 3347 1575 3402 in
1599 3363 1700 3403 ms.
1737 3349 1844 3405 Lo-

259 3444 392 3482 van.
424 3439 476 3485 et
498 3431 550 3485 in
572 3448 671 3487 ms.
707 3431 897 3490 Vienn.
931 3451 999 3491 ex
1027 3451 1135 3508 quo
1162 3437 1224 3492 P.
1254 3439 1426 3510 Rayn.
1459 3453 1580 3496 eam
1618 3439 1678 3496 S.
1733 3443 1844 3497 An-

260 3520 420 3576 selmi
447 3521 694 3592 alloquiis
741 3527 948 3594 primus
973 3527 1242 3598 adiunxit.

648 3611 881 3669 Censura
903 3619 1157 3672 orationis
1183 3618 1246 3674 21
1287 3629 1335 3674 et
1357 3617 1448 3675 22.

339 3701 482 3772 lpsas
511 3719 578 3759 ex
604 3720 705 3759 ms.
733 3704 902 3763 Vatic.
937 3709 1149 3780 accepit
1195 3725 1260 3765 ac
1295 3712 1445 3767 dedit
1473 3712 1536 3768 P.
1588 3713 1844 3787 Raynau-

262 3793 391 3847 dus.
443 3793 808 3864 Reperiuutur
853 3797 1070 3867 quidem
1109 3800 1164 3853 in
1212 3799 1353 3855 libro
1406 3800 1482 3856 De
1530 3805 1844 3860 contritione

259 3883 463 3949 cordis,
491 3899 556 3941 ac
585 3886 637 3939 in
667 3886 806 3944 libro
862 3887 1294 3954 Meditationum,
1337 3907 1388 3947 c.
1445 3894 1532 3948 10.
1561 3895 1632 3950 At
1679 3911 1843 3965 quam

259 3971 404 4025 falso
463 3974 516 4028 bi
574 3973 694 4030 libri
747 3992 943 4034 nomen
992 3981 1275 4050 Augustini
1329 3983 1647 4051 praeferant,
1703 3985 1844 4041 infra

261 4061 777 4122 demonstrabimus.

377 4149 609 4208 Censura
656 4159 954 4214 orationum
984 4162 1075 4228 23,
1106 4162 1196 4228 24,
1229 4164 1320 4228 25,
1355 4165 1448 4230 26,
1478 4166 1546 4219 27
1571 4177 1619 4221 el
1645 4167 1735 4222 28.

339 4236 542 4296 Pneter
573 4259 668 4299 ms.
695 4262 816 4316 quae
843 4249 898 4304 in
928 4252 1094 4307 variis
1143 4255 1465 4311 lectionibus
1510 4267 1692 4312 notata
1718 4268 1844 4313 sunt
1876 4261 1923 4321 D

263 4342 371 4381 ms.
399 4328 558 4397 Lov.,
586 4348 689 4390 ms.
716 4335 973 4395 Bibliotli.
1002 4341 1209 4412 Regia),
1269 4361 1373 4402 ms.
1431 4347 1692 4414 Floriac.,
1745 4365 1844 4405 nec

258 4433 396 4514 ruon—
399 4436 527 4514 mss.
558 4424 805 4484 Vatican.
832 4440 884 4486 et
896 4430 1119 4498 Collegii
1232 4436 1410 4514 Vien.,
1439 4454 1505 4493 ex
1536 4441 1732 4508 quibus
1752 4457 1845 4497 eas

259 4509 327 4564 ιι.
355 4510 597 4584 Theoph.
629 4517 982 4592 deprompsit,
1006 4539 1100 4581 eas
1126 4540 1247 4582 esse
1267 4512 1509 4585 AnSelmi
1545 4541 1847 4600 protestan-

261 4613 376 4660 tur.

730 4700 963 4759 Censura
993 4709 1247 4763 orationis
1295 4709 1389 4765 29.

342 4787 473 4844 Cum
506 4791 641 4848 fides
688 4810 819 4851 mss.
865 4798 1141 4855 codicibus
1176 4801 1384 4872 integra
1413 4805 1591 4860 danda
1618 4806 1710 4870 sit,
1751 4807 1843 4864 ubi

261 4879 413 4933 nulla
440 4882 543 4936 alia
569 4887 1102 4956 suppetitjudicandi
1136 4892 1297 4959 ratio,
1337 4903 1391 4948 et
1447 4895 1581 4949 nihil
1629 4897 1844 4953 aliunde

260 4973 689 5039 repugnat,banc
709 4976 1010 5033 orationem
1036 4980 1164 5034 nulli
1195 4983 1283 5036 alii
1318 4998 1479 5052 quam
1501 4985 1558 5039 8.
1588 4985 1846 5042 Anselmo

255 5057 680 5128 adjudicandam
710 5067 1040 5123 censuimus.
1065 5069 1196 5128 Eam
1217 5073 1360 5128 enim
1385 5075 1437 5128 in
1462 5075 1709 5144 pluribus
1738 5093 1842 5132 non

255 5147 600 5217 ignobilioris
630 5163 771 5210 notae
797 5158 1071 5216 codicibus
1116 5177 1246 5217 mss.
1295 5164 1436 5219 inter
1487 5165 1620 5221 alias
1671 5170 1842 5224 sancti

255 5235 494 5329 bujusee
539 5244 776 5304 doctoris
823 5252 1097 5309 orationes
1141 5255 1468 5327 perlegimus
1504 5277 1518 5312 :
1549 5275 1705 5329 quos,
1758 5262 1844 5317 cui

254 5327 504 5395 libuerit,
535 5337 785 5392 consulat
830 5340 882 5394 in
918 5343 1081 5396 variis
1132 5343 1457 5402 lectionibus
1497 5327 1728 5405 notatos.
1773 5351 1844 5408 lis

255 5419 593 5488 adjiciantur
623 5443 726 5484 ms.
753 5429 894 5484 2024
929 5431 1185 5488 Bibliollt.
1218 5433 1418 5506 Regia},
1473 5447 1529 5491 et
1560 5438 1702 5494 aliud
1740 5457 1838 5493 ms.

252 5509 328 5564 D.
361 5508 536 5582 Bigot.
588 5515 742 5587 Stylo
790 5534 1004 5591 quoque
1030 5521 1282 5592 .Anselmi
1335 5524 1656 5594 descriptam
1703 5529 1840 5583 hanc

1867 2927 1914 2989 Ο

1933 1697 2191 1752 Anselmo
2237 1699 2604 1768 ascripsimus.
2637 1697 2766 1765 Qum
2785 1700 3194 1770 quadragesima
3228 1711 3312 1758 est
3361 1719 3516 1773 repe-

1935 1789 2076 1845 ritur
2097 1788 2260 1843 etiam
2287 1789 2337 1843 in
2365 1803 2466 1844 ms.
2498 1787 2702 1844 Victor.
2732 1789 2830 1843 Kx.
2860 1789 2944 1843 16.

2168 1879 2402 1935 Censura
2445 1881 2740 1935 orationum
2780 1881 2872 1947 41,
2902 1882 2992 1949 42,
3020 1882 3090 1936 45
3112 1893 3160 1936 et
3185 1883 3277 1938 44.

2007 1969 2208 2026 [larum
2232 1972 2404 2039 prima
2434 1971 2485 2025 in
2519 1972 2772 2027 omnibus
2809 1987 2944 2043 pene
2970 1989 3099 2029 mss.
3127 1976 3269 2030 inter
3297 1977 3354 2031 8.
3410 1978 3517 2031 An-

1938 2061 2090 2116 selmi
2111 2063 2389 2119 orationes
2415 2062 2631 2135 legitur.
2662 2064 2796 2120 Vide
2830 2066 3008 2121 varias
3038 2067 3321 2123 lectiones.
3349 2070 3520 2125 Crete-

1939 2168 2028 2207 ras
2063 2167 2191 2207 vero
2239 2169 2346 2207 non
2377 2155 2450 2206 ita
2475 2155 2663 2209 firmus
2703 2155 2959 2210 Ansclmo
3001 2158 3324 2212 asscrucrim
3355 2176 3367 2212 :
3395 2159 3519 2213 licet

1937 2255 2058 2297 eam
2081 2256 2200 2309 quae
2250 2243 2664 2314 quadragesima
2701 2247 2937 2300 secunda
2978 2259 3060 2301 est
3115 2261 3180 2302 ex
3221 2264 3320 2304 ms.
3355 2251 3517 2305 Vien-

1940 2333 2123 2398 nensi,
2147 2341 2201 2388 et
2233 2333 2368 2388 alias
2395 2348 2461 2389 ex
2502 2351 2603 2390 ms.
2637 2336 2812 2392 Vatic.
2844 2337 2905 2392 P.
2951 2336 3278 2409 Raynaudus
3334 2343 3387 2396 in
3436 2343 3519 2396 lu-

1941 2440 2056 2480 cem
2086 2426 2338 2480 ediderit.

2190 2514 2423 2570 Censura
2465 2516 2762 2570 orationum
2791 2516 2882 2584 45,
2913 2518 3006 2585 46,
3029 2519 3098 2573 47
3115 2530 3161 2575 et
3182 2520 3271 2577 48.

2013 2609 2176 2664 Pater
2200 2609 2526 2680 llaynaudus
2556 2609 2653 2664 bas
2680 2619 2912 2678 quatuor
2952 2613 3018 2666 ad
3046 2613 3105 2666 Β.
3143 2614 3203 2669 V.
3247 2615 3520 2670 orationes

1941 2713 2008 2753 ex
2039 2714 2140 2754 ms.
2164 2698 2354 2781 colleg.
2396 2699 2593 2755 Vienn.
2636 2700 2844 2770 primus
2872 2703 3012 2772 typis
3065 2705 3332 2772 expressit
3381 2706 3522 2760 inter

1942 2788 2339 2844 Auselmianas.

2245 2879 2478 2934 Censura
2515 2879 2810 2934 orationum
2861 2880 2955 2947 49,
2979 2880 3048 2936 50
3075 2892 3123 2936 et
3145 2883 3235 2938 5|.

2018 2969 2111 3025 lite
2137 2969 2408 3025 habentur
2443 2985 2548 3026 non
2599 2971 2759 3026 modo
2788 2972 2842 3026 in
2877 2987 2978 3027 ms.
3019 2973 3211 3044 colleg.
3260 2975 3415 3030 Vien.
3468 2985 3523 3030 et

1947 3059 2000 3115 in
2027 3075 2129 3115 ms.
2160 3059 2332 3116 Vatic.
2360 3069 2414 3116 et
2441 3061 2493 3116 in
2532 3061 2641 3117 San
2676 3062 2962 3129 German.,
3009 3065 3103 3118 sed
3133 3074 3186 3120 et
3215 3065 3268 3118 in
3304 3066 3370 3121 iis
3399 3081 3519 3120 om-

1945 3151 2103 3206 nibus
2130 3166 2250 3222 qua:
2275 3151 2472 3217 evolvi,
2524 3161 2583 3208 ut
2615 3153 2666 3207 in
2713 3154 2879 3208 variis
2925 3153 3251 3210 lectionibus
3286 3156 3518 3225 signari.

1947 3244 2102 3300 Unde
2145 3246 2264 3302 illas
2299 3261 2422 3302 esse
2454 3261 2577 3302 reor
2616 3263 2752 3318 quas
2782 3249 3103 3319 prolixiores
3151 3251 3521 3319 composuisse

1945 3354 2004 3394 se
2027 3339 2315 3395 Anselmus
2338 3340 2574 3394 nondum
2593 3341 2758 3396 abbas
2797 3343 2986 3396 scribit
3013 3343 3064 3395 in
3093 3341 3250 3412 epist.
3281 3343 3348 3396 ad
3374 3342 3523 3396 Gon-

1945 3431 2228 3500 dulplium,
2259 3445 2379 3501 quas
2401 3441 2484 3487 est
2509 3432 2580 3488 20
2627 3432 2720 3488 lib.
2774 3447 2811 3487 ι.
2869 3433 3046 3490 Unum
3080 3434 3169 3488 hic
3227 3433 3524 3489 observan-

1945 3520 2071 3575 dum
2092 3529 2193 3585 est,
2218 3523 2360 3590 quod
2391 3521 2442 3576 in
2475 3532 2634 3578 antea
2666 3523 2824 3578 editis
2849 3523 3121 3578 orationes
3159 3523 3228 3580 49
3257 3534 3304 3579 et
3327 3523 3397 3579 50
3429 3525 3525 3579 ab-

1944 3611 2200 3666 breviaue
2263 3613 2418 3682 quasi
2472 3629 2634 3668 unam
2682 3615 2975 3670 conficiunt
3020 3615 3120 3672 sub
3170 3616 3272 3671 hoc
3321 3617 3521 3671 titulo:

1945 3698 2214 3754 Inrocatio
2236 3700 2427 3756 Matris
2463 3701 2692 3772 Virginis
2715 3702 2905 3758 Mariw
2931 3705 3088 3760 simul
3127 3721 3190 3760 ac
3228 3703 3359 3760 Filii
3385 3706 3520 3771 eius,

1945 3797 2000 3844 et
2032 3789 2257 3858 incipit:
2285 3791 2482 3845 Sancta
2511 3802 2559 3846 et
2590 3795 2746 3858 inter,
2779 3803 2883 3849 etc.

1947 3879 2180 3935 Censura
2209 3883 2508 3935 orationum
2551 3883 2641 3946 52,
2669 3882 2759 3947 53,
2794 3885 2883 3950 54,
2916 3885 3006 3950 55,
3033 3885 3121 3952 56,
3143 3885 3236 3951 57,
3269 3886 3336 3940 58
3357 3899 3404 3940 et
3429 3887 3518 3942 59.

2017 3973 2096 4030 Ex
2121 3989 2221 4028 ms.
2250 3974 2411 4028 Vien.
2439 3974 2739 4029 orationem
2786 3975 2877 4041 52,
2936 3976 3071 4030 alias
3125 3991 3255 4030 vero
3298 3993 3362 4031 cx
3417 3993 3520 4032 ms.

1951 4062 2121 4120 Vatic.
2177 4065 2237 4119 P.
2299 4065 2628 4137 Raynaudus
2699 4067 2840 4121 inter
2890 4066 3264 4124 Ansclmianas
3317 4069 3525 4139 primus

1946 4157 2130 4214 edidit.

2397 4250 2631 4305 Censura
2673 4251 2926 4305 orationis
2976 4251 3062 4306 60.

2019 4341 2325 4413 Rbytbmus
2375 4343 2463 4397 hic
2527 4343 2667 4396 inter
2715 4343 2885 4396 sancti
2939 4341 3184 4396 Anselmi
3247 4342 3525 4397 orationes

1949 4432 2175 4487 habetur
2195 4434 2247 4487 in
2271 4448 2374 4487 ms.
2397 4432 2710 4488 Corbeiensi
2746 4433 2912 4488 lGOct
2937 4433 2988 4486 in
3016 4449 3116 4488 ms.
3152 4431 3291 4488 Vict.
3316 4433 3414 4488 Kx.
3434 4434 3523 4499 16,

1947 4537 2012 4576 ex
2043 4522 2407 4591 quibusillum
2437 4523 2598 4591 prmlo
2648 4522 3020 4577 commisimus
3066 4521 3242 4577 sancti
3279 4521 3527 4577 Ansclmi

1947 4612 2280 4667 orationibus
2311 4613 2592 4668 insertum.

2121 4703 2356 4758 Censura
2410 4704 2660 4758 orationis
2692 4703 2761 4758 62
2785 4713 2834 4758 et
2865 4703 3094 4758 aliarum
3141 4705 3213 4759 ad
3235 4704 3343 4762 SS.

2018 4795 2338 4851 Guillelmus
2384 4796 2850 4863 Gemmeticensis,
2906 4796 2998 4850 lib.
3053 4812 3131 4862 γι,
3176 4812 3297 4867 cap.
3359 4798 3423 4862 9,
3456 4797 3528 4852 de

1946 4886 2200 4943 Anselmo
2225 4887 2577 4956 scribitquod
2616 4886 2812 4940 librum
2858 4888 3166 4942 orationum
3196 4888 3263 4941 ad
3303 4900 3523 4943 sanctos

1947 4981 2194 5046 ediderit;
2224 4989 2390 5036 eteas
2423 4994 2544 5035 esse
2582 4979 2822 5034 Anselmi
2845 4995 2950 5034 non
2989 4990 3072 5034 est
3102 4979 3240 5034 unde
3276 4978 3399 5052 quis
3428 4981 3526 5040 du-

1945 5072 2099 5138 bitet,
2132 5073 2231 5128 nisi
2255 5089 2472 5130 omnem
2513 5087 2614 5126 ms.
2652 5072 2926 5127 codicibus
2951 5072 3109 5128 fidem
3136 5077 3440 5146 aslmcgavit.
3469 5077 3524 5131 In

1947 5165 2215 5234 aliquibus
2237 5167 2452 5236 quidem
2479 5165 2655 5220 oratio
2677 5164 2770 5233 64,
2800 5185 2922 5240 quae
2953 5171 3121 5226 estad
3149 5178 3391 5224 sanctum
3412 5167 3526 5220 An.-

1945 5256 2162 5324 dream;
2187 5266 2240 5312 et
2265 5256 2538 5324 orati068,
2571 5277 2689 5331 qua:
2709 5271 2791 5317 est
2820 5262 2884 5315 ad
2908 5271 3152 5317 sanctum
3178 5258 3549 5324 Laurentium;

1946 5358 1999 5404 ct
2023 5348 2110 5414 71,
2139 5366 2257 5420 qu:c
2285 5361 2366 5406 est
2399 5354 2462 5407 ad
2513 5365 2756 5409 sanctum
2802 5353 3134 5410 Dunstanum
3155 5392 3169 5417 ,
3214 5349 3526 5406 desideran-

1949 5449 2071 5493 tur:
2101 5442 2193 5514 sed
2220 5459 2342 5496 cum
2381 5445 2551 5514 prima
2587 5447 2638 5500 in
2693 5463 2791 5501 ins.
2826 5447 2980 5500 Vicn.
3020 5453 3073 5500 et
3103 5445 3156 5498 in
3207 5459 3308 5498 ms.
3339 5442 3442 5496 'l‘b.
3469 5447 3525 5495 ct

1948 5529 2002 5582 in
2035 5512 2134 5585 mi
2187 5512 2662 5589 Sancti‘Germaui
2694 5535 2922 5604 legatur;
2947 5535 3115 5592 altera
3143 5549 3271 5593 vero
3320 5532 3373 5588 in
3415 5544 3519 5587 ms.
