3882 6050
342 143 413 200 ss
1357 128 1415 186 s.
1454 122 1825 182 assumus
1868 119 2223 178 CANTUAB.
2264 119 2581 178 ARCIIIEP.
3530 125 3621 181 ω

340 250 446 305 Th.
467 255 523 304 et
564 246 618 303 in
642 242 1316 315 ms.Vien.,tertiatandem
1343 241 1397 293 in
1432 254 1532 292 ms.
1554 237 1808 300 Vien.,ea
1830 248 1915 288 sa-
1946 247 1993 305 Α
2022 240 2323 289 orationem
2355 233 2445 298 69,
2474 247 2593 303 quae
2623 232 2769 287 nullo
2801 232 2963 289 dubio
2993 233 3230 289 Anselmi
3282 244 3424 303 sunt,
3455 247 3511 291 et
3542 237 3611 293 in

340 343 413 397 tis
442 341 552 395 sint
573 336 829 393 faciendae
862 335 962 389 hac
992 335 1043 389 in
1073 350 1133 389 re
1153 332 1298 387 tidei.

410 430 814 488 Advertendum
859 436 1101 496 superest
1130 443 1143 480 :
1173 426 1220 477 l.
1250 423 1310 477 ln
1348 436 1449 476 ms.
1500 417 1684 472 codice
1734 414 1917 471 Sancti

339 523 603 593 Amulpbi
631 518 883 575 Metensis
901 531 992 582 ,ex
1007 512 1459 587 suprareeensitis
1478 512 1649 565 sancti
1680 505 1917 564 Anselmi

342 608 1193 670 MeditationibusetOrationibus
1205 605 1463 676 plurimas
1477 605 1729 675 (quarunt
1744 599 1921 671 speci-

343 706 489 759 mina
506 705 566 758 D.
587 700 924 773 Mabillonius
939 706 975 752 t.
990 695 1400 752 lAnalectorum
1414 693 1677 759 exhibuit)
1695 688 1920 761 reperiri

342 798 485 853 inter
509 794 655 847 varia
687 791 902 862 pietatis
934 786 1191 859 epuscula
1219 800 1337 855 quae
1361 785 1597 840 Joannes
1619 783 1784 838 abbas
1811 781 1921 835 Au-

348 896 518 957 gusta:
543 880 891 951 nuncupavit.
918 879 1062 948 Ipsas
1081 885 1381 931 autemnon
1410 875 1553 930 abeo
1573 872 1916 943 compositas,

344 976 440 1031 sed
454 991 520 1030 ex
553 973 668 1042 jam
698 979 808 1025 tum
831 969 1032 1023 editisa
1075 974 1262 1022 sancto
1286 964 1542 1019 Anselmo
1558 961 1919 1017 Meditatioui-

342 1068 441 1121 lms
463 1067 577 1120 sive
605 1062 949 1120 Orationibus
974 1059 1228 1115 collectas
1259 1058 1381 1112 inde
1403 1058 1664 1128 arguitur,
1690 1055 1745 1109 1ο
1773 1052 1915 1123 quod

339 1168 407 1206 ex
436 1152 687 1207 omnibus
711 1149 1032 1205 Orationum
1064 1146 1235 1203 sancti
1262 1144 1789 1200 Anselmicodicibns
1812 1155 1912 1195 ms.

343 1259 481 1313 quos
516 1240 764 1303 viderim,
797 1246 854 1294 et
884 1237 974 1307 qui
1002 1246 1109 1291 tam
1140 1236 1192 1289 in
1229 1233 1509 1305 proloquio
1535 1247 1698 1302 quam
1752 1230 1806 1285 in
1830 1245 1919 1283 va-

343 1335 440 1388 riis
492 1331 812 1387 lectionibus
862 1329 1204 1391 denotamur,
1247 1323 1427 1379 nullus
1473 1322 1659 1392 sitqui
1692 1320 1917 1375 istarum

342 1437 561 1491 precum
591 1419 782 1477 saltem
822 1433 983 1488 quam
1007 1416 1267 1488 plurimas
1296 1423 1485 1471 sancto
1510 1411 1770 1468 Anselmo
1810 1423 1916 1464 non

343 1514 604 1569 ascribat.
635 1510 748 1578 Qua
792 1523 976 1580 quaeso
1008 1507 1280 1577 aequitatis
1324 1506 1477 1560 lance
1506 1512 1585 1558 tot
1621 1517 1724 1558 ms.
1756 1500 1917 1556 fidem

2020 326 2216 393 quibus
2254 324 2672 379 homuncionem
2716 335 2771 379 et
2796 325 3185 380 homunculum
3228 325 3343 397 ipse
3373 340 3431 381 se
3460 343 3612 382 nun-

2020 424 2202 484 cupat.

2092 506 2148 561 ln
2180 507 2414 579 alloquio
2446 507 2532 573 12,
2570 507 2714 578 quod
2761 507 2814 562 in
2864 514 3047 561 nostra
3085 506 3189 560 hac
3220 506 3464 562 editione
3511 516 3602 563 est

2020 598 2326 663 meditatio,
2356 598 2423 653 18
2465 638 2481 665 ,
2529 608 2718 653 auctor
2766 597 2967 652 indicat
3019 610 3078 652 se
3112 598 3344 668 pastoris
3397 598 3609 655 habere

2018 687 2254 743 oﬂicium
2281 690 2435 759 cujus
2456 704 2622 745 onere
2680 707 2898 762 pressus
2953 689 3357 761 ingemisccbat.
3392 690 3458 744 Et
3484 692 3605 746 hare

2020 781 2235 850 quidem
2260 781 2520 836 Anselmo
2555 782 2722 851 priori
2761 782 3040 852 aptissime
3073 782 3417 849 conveniunt,
3445 779 3606 848 cujus

2021 876 2121 928 sub
2148 872 2477 943 praelationis
2507 873 2664 928 istius
2686 876 2924 944 pondere
2949 873 3181 943 suspiria
3226 872 3601 944 lacrymasque

2020 965 2279 1020 describit
2305 964 2607 1019 Eadmerus
2632 964 2692 1037 (Ι.
2728 965 2850 1019 tDe
2892 964 3007 1018 Vita
3038 962 3273 1035 S.Ans.)
3317 962 3470 1029 Cum,
3507 965 3600 1018 in-

2020 1055 2166 1125 quit,
2194 1070 2288 1124 pro
2315 1056 2508 1108 antissa
2538 1065 2705 1109 status
2731 1055 2815 1108 sui
2842 1054 3227 1124 tranquillitate
3265 1053 3603 1107 vehementis-

2019 1146 2148 1198 sime
2171 1146 2336 1214 ﬂeret,
2369 1144 2432 1197 ob
2484 1161 2638 1199 onere
2668 1144 3015 1214 pra'lntt'onis,
3044 1143 3183 1214 quod
3205 1142 3303 1196 sibi
3333 1142 3604 1212 fatebatur

2018 1234 2370 1305 importabile,
2402 1245 2455 1288 ut
2480 1235 2699 1290 relevari
2727 1245 3034 1300 mereretur,
3064 1249 3377 1303 magnOpere
3419 1230 3604 1302 (Mau-

2022 1324 2227 1395 rilium)
2261 1326 2569 1395 nrcltiepisc.
2609 1324 2853 1379 Rat/tom.
2904 1325 3052 1394 carpit
3086 1339 3291 1393 rogare.
3347 1321 3460 1391 Ipsi
3480 1338 3600 1376 vero

2023 1412 2313 1469 Maurilius
2339 1414 2586 1485 pra’cepit
2617 1424 2672 1468 ut
2693 1413 3050 1485 pra'fationem
3088 1429 3245 1483 quam
3271 1410 3488 1465 habebat
3510 1427 3601 1466 re-

2018 1505 2226 1559 tineret.

341 1603 573 1658 clevabit
594 1602 786 1657 unicus
811 1600 977 1657 codex
1016 1613 1117 1655 ms.
1149 1598 1237 1654 cui
1261 1596 1407 1652 trulla
1456 1595 1561 1650 alia
1588 1593 1914 1666 suffragatur
1941 1592 1988 1653 Β
2086 1593 2328 1665 Denique
2367 1592 2511 1664 quod
2560 1593 2789 1665 gratiam
2826 1592 2944 1648 loca
2974 1591 3266 1647 commissa
3309 1589 3600 1644 ordinandi

347 1691 523 1748 ratio?

415 1782 470 1836 2.
494 1780 644 1848 Quod
670 1796 737 1835 ex
752 1779 921 1835 sancti
948 1776 1185 1833 Anselmi
1216 1775 1474 1848 epistolis,
1504 1789 1639 1845 quas
1662 1774 1714 1828 in
1741 1773 1916 1845 prima

343 1871 751 1926 Meditatiouum
780 1883 1010 1924 censura
1042 1867 1400 1923 indicavimus
1420 1907 1434 1931 ,
1456 1873 1513 1920 et
1539 1882 1606 1920 ex
1636 1864 1917 1934 ipsiusmct

351 1963 601 2017 liadtneri
624 1962 930 2016 testimonio
956 1960 1015 2031 (Ι.
1045 1975 1062 2013 ι
1091 1958 1166 2013 De
1195 1957 1278 2013 Vit
1306 1957 1364 2012 S.
1419 1956 1671 2021 Amelmi,
1696 1955 1801 2011 col.
1826 1952 1915 2025 56)

340 2059 552 2107 constet
579 2051 851 2106 orationes
863 2049 931 2104 ab
957 2049 1211 2104 Anselmo
1234 2047 1361 2102 dum
1378 2048 1554 2102 adlmc
1582 2046 1730 2118 prior
1750 2052 1915 2109 esset,

342 2142 446 2196 hoc
482 2151 566 2196 est
598 2150 723 2195 ante
768 2156 895 2194 ann.
939 2139 1097 2204 1078,
1143 2139 1338 2204 editas,
1365 2150 1422 2193 et
1470 2154 1500 2192 a
1547 2136 1791 2208 pluribus
1821 2150 1916 2189 cx-

341 2230 595 2300 scriptas.
624 2229 777 2285 Unde
805 2243 913 2284 non
950 2228 1138 2283 leviter
1192 2226 1477 2295 conjiciam
1535 2227 1707 2295 ipsum
1755 2224 1915 2278 etiam

339 2322 601 2379 Joannem
624 2321 1005 2377 Fiscanensem
1028 2318 1284 2376 Anselmo
1306 2316 1560 2372 Beccensi
1599 2312 1915 2368 viciniorem

345 2411 467 2466 illas
488 2411 556 2465 ab
583 2426 648 2466 eo
674 2410 971 2479 accepisse.

416 2502 471 2556 5.
501 2501 654 2568 Quod
679 2501 822 2555 inter
848 2513 943 2554 eas
969 2498 1073 2553 illae
1101 2497 1301 2567 passim
1344 2496 1624 2566 descripta:
1672 2494 1919 2566 legantur

345 2606 485 2662 quas
504 2590 759 2645 Anselmo
797 2597 1047 2645 asserunt
1088 2589 1330 2659 ipsmrnet
1373 2586 1610 2641 Ansclmi
1651 2586 1912 2656 episwlie,

343 2680 598 2735 videlicet
628 2686 740 2737 tres
785 2678 1062 2734 orationes
1100 2679 1167 2733 ad
1213 2687 1455 2733 sanctam
1500 2675 1741 2741 Mariam,
1780 2691 1916 2747 quas

342 2754 459 2838 ipse
487 2782 613 2825 suas
640 2766 773 2823 facit
794 2768 847 2823 in
883 2767 1108 2837 epistola
1136 2767 1204 2821 ad
1231 2766 1629 2836 Gondulphum,
1683 2782 1804 2838 qua:
1831 2776 1918 2824 est

340 2858 411 2913 20
435 2858 529 2913 lib.
555 2875 614 2925 tt,
661 2867 718 2914 et
758 2858 1034 2914 meditatio
1061 2900 1077 2924 ,
1115 2856 1289 2912 Terret
1327 2874 1430 2925 me,
1476 2865 1580 2913 etc.
1613 2857 1773 2929 (Vide
1797 2876 1916 2914 ceu.

2018 1692 2213 1739 auctor
2242 1684 2551 1739 orationum
2584 1682 2846 1753 postulet,
2888 1680 3151 1737 Joannem
3180 1679 3559 1735 Fiscaneusem
3580 1719 3598 1744 ,

2016 1774 2109 1843 qni
2130 1774 2236 1828 duo
2266 1773 2490 1844 regebat
2533 1774 2895 1837 monasteria,
2948 1772 3138 1841 utquid
3182 1768 3402 1840 arguit?
3440 1770 3600 1839 quasi

2019 1875 2148 1916 vero
2180 1860 2362 1931 plures
2378 1860 2640 1916 ecclesias
2672 1874 2860 1930 regere
2886 1861 3139 1915 credatur
3163 1859 3417 1914 sacerdos
3446 1862 3603 1928 quis-

2017 1955 2140 2024 quis
2184 1955 2236 2009 in
2261 1953 2367 2008 line
2396 1954 2642 2008 brevium
2695 1953 3006 2008 litaniarum
3047 1952 3245 2009 recitat
3294 1952 3602 2007 orationem

2017 2042 2072 2096 in
2130 2056 2236 2109 qua
2275 2041 2392 2097 haec
2419 2042 2583 2097 verba
2632 2041 2748 2097 loca
2813 2044 2963 2097 nobis
3014 2042 3288 2098 commissa
3343 2054 3606 2110 expressa

2018 2134 2292 2204 leguntur.

2090 2223 2193 2280 Uni
2212 2226 2372 2295 igitur
2386 2216 2644 2281 Ansclmo
2679 2224 3058 2279 Cantuarieusi
3082 2221 3207 2290 jure
3232 2222 3427 2278 merito
3456 2223 3600 2280 istas

2017 2317 2295 2371 orationes
2325 2316 2679 2379 asseruimus,
2709 2329 2844 2384 quas
2884 2320 2989 2368 neu
3023 2313 3367 2368 Fiscanensis
3390 2315 3551 2368 modo
3582 2356 3603 2383 ,

2017 2405 2111 2458 sed
2143 2413 2197 2457 et
2225 2405 2506 2459 Durandus
2527 2402 2806 2459 Cassi-Dei
2851 2402 3017 2458 abbas
3040 2403 3107 2458 ab
3138 2418 3281 2458 anno
3337 2403 3477 2460 l068
3527 2407 3603 2460 ad

2018 2510 2217 2548 annum
2240 2494 2376 2550 1078
2399 2503 2452 2549 et
2467 2495 2649 2565 plures
2686 2494 2774 2547 alii
2826 2493 2995 2554 multo
3023 2494 3245 2564 pietatis
3281 2496 3462 2552 studio
3501 2511 3605 2552 ex-

2018 2595 2279 2653 ceperunt
2305 2593 2359 2639 et
2387 2583 2735 2654 collegerunt.

2084 2664 2488 2731 Adrertendum
2514 2675 2550 2728 2
2579 2690 2643 2730 ex
2690 2674 3033 2731 orationibus
3076 2690 3196 2746 qua:
3227 2677 3375 2735 nullo
3425 2680 3595 2736 dubio

2017 2766 2430 2833 suntAnselmi,
2472 2766 2726 2821 videlicet
2751 2780 2818 2821 ex
2863 2774 3005 2822 orat.
3033 2768 3100 2821 ad
3131 2768 3188 2823 S.
3238 2768 3479 2837 Petrum,
3525 2772 3601 2826 ad

2019 2857 2076 2912 S.
2103 2858 2347 2922 Paulum,
2371 2858 2439 2913 ad
2462 2857 2520 2913 S.
2547 2857 2850 2922 Nicolaum,
2882 2859 2948 2912 ad
2975 2857 3036 2913 S.
3067 2859 3445 2927 Benedictum,
3476 2860 3599 2931 plu-

341 2964 521 3003 surarn
550 2948 1103 3020 Meditationiaﬁkum
1125 2946 1249 3003 aliis
1263 2948 1329 3003 de
1368 2946 1544 3003 cordis
1567 2924 1913 3015 contritione,
1942 2924 1989 2985 (ἶ
2020 2948 2155 3002 rima
2183 2957 2436 3017 excerpta
2464 2962 2586 3004 esse
2610 2964 2675 3004 ex
2707 2949 2907 3019 quibus
2934 2965 3126 3020 magna
3159 2966 3225 3007 ex
3255 2959 3411 3021 parte
3431 2924 3590 3006 reoru-

343 3037 410 3093 de
438 3037 634 3107 quibus
659 3037 948 3095 Durandus
975 3037 1141 3093 abbas
1166 3034 1438 3092 Casus-Dei
1458 3037 1507 3091 ei
1544 3036 1843 3107 gratulatur
1862 3037 1914 3096 in

341 3126 581 3204 ejusdem
608 3127 729 3183 libri
765 3126 992 3198 epistola
1028 3126 1117 3181 61.
1172 3125 1250 3181 Ex
1287 3125 1484 3195 quibus
1533 3126 1836 3191 conficitur,
1860 3128 1916 3181 1ο

343 3218 583 3274 codicem
616 3219 757 3272 hunc
792 3216 1086 3273 bletensem
1132 3231 1239 3272 non
1283 3231 1403 3272 esse
1437 3217 1765 3286 descriptum
1813 3218 1913 3272 nisi

344 3318 626 3378 postquam
657 3317 876 3363 sanctus
903 3307 1191 3362 Anselmus
1224 3322 1352 3363 suas
1397 3306 1771 3363 Meditationes
1795 3309 1912 3363 sive

345 3397 630 3454 Orationes
664 3398 833 3451 edidit
860 3414 877 3464 ;
907 3396 967 3450 2°
991 3396 1253 3451 Joannem
1282 3396 1425 3451 hunc
1441 3396 1690 3451 abbatem
1734 3396 1915 3465 plures

343 3492 411 3546 ab
431 3489 687 3544 Anselmo
706 3489 1029 3559 compositas
1055 3489 1330 3544 orationes
1354 3488 1728 3558 exscripsisse,
1742 3499 1797 3543 et
1816 3505 1913 3544 ex-

346 3582 578 3652 scriptas
609 3582 874 3638 direxisse
899 3582 966 3659 ad
995 3581 1320 3652 Augustam.
1352 3580 1410 3636 5°
1432 3579 1660 3635 lstarum
1690 3582 1916 3651 proinde

344 3672 710 3741 precationum
742 3673 886 3727 hunc
913 3688 1018 3728 non
1052 3681 1350 3739 auctorem,
1372 3671 1468 3728 sed
1487 3672 1633 3741 pium
1655 3672 1917 3728 duntaxat

341 3763 683 3818 collectorem
704 3763 1029 3818 habendum.

412 3854 582 3909 Porro
613 3853 745 3919 nihil
774 3862 1034 3925 repugnat
1082 3862 1231 3910 certo
1280 3853 1407 3910 huic
1430 3852 1540 3922 juri
1586 3855 1729 3925 quod
1783 3855 1915 3910 istas

342 3957 531 4013 preces
559 3951 751 3999 sancto
778 3944 1034 3999 Anselmo
1054 3944 1352 4013 adjudicat.
1406 3943 1559 4010 Quod
1589 3944 1734 3997 enim
1772 3958 1913 4011 pra:-

342 4031 487 4089 fatus
515 4033 768 4089 Metensis
790 4034 956 4088 codex
985 4034 1204 4104 optimze
1255 4043 1397 4088 noue
1452 4032 1689 4102 scriptus
1720 4032 1794 4086 sit
1848 4033 1916 4088 ad

345 4124 612 4179 undecimi
639 4125 818 4179 saeculi
845 4126 1024 4189 finem,
1056 4134 1107 4180 et
1136 4125 1277 4195 quod
1306 4123 1544 4180 Joannes
1572 4121 1916 4180 Fiscanensis

342 4213 452 4267 vita
474 4215 701 4269 cesserit
728 4229 871 4270 anno
902 4217 1051 4280 1078,
1085 4231 1245 4285 quem
1280 4226 1461 4269 tamen
1514 4214 1910 4269 monasterium
1945 4254 1990 4309 Β

345 4311 550 4366 rexisse
584 4325 752 4379 usque
779 4314 844 4367 ad
869 4329 1069 4367 annum
1098 4312 1234 4367 1082
1262 4320 1455 4365 auctor
1486 4307 1753 4363 Neustria:
1803 4309 1911 4364 Pite

342 4400 509 4457 refert
534 4417 602 4458 ex
628 4402 886 4459 Orderico
910 4403 1039 4469 Vit.,
1087 4403 1124 4457 l.
1151 4419 1225 4467 tv,
1250 4402 1317 4455 ad
1356 4415 1483 4454 ann.
1517 4399 1673 4461 1072.
1708 4409 1763 4455 et
1786 4401 1822 4454 l.
1849 4417 1911 4467 ιι,

340 4492 408 4546 ad
439 4508 567 4548 ann.
601 4494 758 4560 1107,
796 4509 902 4548 non
952 4495 1111 4549 modo
1143 4492 1275 4547 nihil
1311 4490 1556 4554 obstant,
1584 4491 1679 4543 sed
1731 4490 1916 4547 favent

341 4581 653 4652 plurimum.
693 4583 846 4648 Nam,
892 4595 950 4638 ut
986 4598 1144 4654 supra
1184 4584 1297 4652 jam
1354 4583 1505 4654 tetigi
1554 4623 1570 4650 ,
1626 4581 1914 4638 Anselmns

341 4673 469 4726 dum
514 4671 669 4729 Becci
727 4674 876 4744 prior
912 4682 1073 4740 erat,
1112 4673 1292 4742 plures
1326 4675 1601 4729 orationes
1627 4671 1914 4742 scripsisse

341 4769 492 4816 certo
513 4762 704 4828 scitur,
724 4771 783 4817 et
805 4762 874 4817 ab
901 4778 1029 4817 ann.
1058 4763 1193 4818 1065
1224 4764 1333 4827 hoc
1354 4778 1575 4819 munere
1598 4763 1912 4834 perfunctus

353 4851 421 4906 ad
452 4866 543 4906 an.
571 4852 728 4921 1078,
759 4868 867 4924 quo
892 4855 945 4907 in
975 4854 1223 4911 abbatem
1253 4865 1561 4925 assumptus
1587 4866 1686 4911 est.

412 4941 611 4996 Earum
642 4952 832 4999 auctor
856 4944 1270 5000 homuncionem
1305 4945 1520 5014 quidem
1556 4959 1614 5020 se
1658 4945 1806 4999 dicit.
1842 4943 1914 4999 At

341 5052 464 5091 eum
487 5051 593 5092 non
625 5037 692 5093 de
717 5038 959 5107 corporis
987 5037 1146 5102 mole,
1177 5039 1270 5092 sed
1321 5052 1389 5092 ex
1419 5036 1602 5091 animo
1632 5036 1699 5090 de
1728 5050 1787 5091 se
1812 5035 1913 5089 hu-

344 5127 543 5183 tniliter
575 5127 858 5183 sentientis
897 5127 999 5182 ista
1035 5126 1245 5194 prolata
1276 5122 1410 5191 sint,
1432 5124 1694 5181 Joannem
1745 5126 1908 5190 hunc,

342 5220 433 5289 qui
474 5234 543 5274 ex
573 5219 817 5289 corporis
856 5217 1150 5289 exiguitate
1196 5216 1561 5271 Joannellinus
1610 5214 1907 5277 dicebatur,

342 5308 476 5363 nihil
517 5306 745 5377 juvant;
792 5307 887 5363 sed
933 5305 1244 5361 Anselmum
1284 5314 1472 5376 aperte
1519 5306 1776 5377 produnt,
1822 5305 1910 5360 cui

343 5398 598 5468 frequens
626 5407 747 5454 erat
774 5398 994 5468 hujusce
1025 5398 1175 5453 vocis
1201 5399 1564 5454 homuncionis
1595 5405 1651 5456 et
1688 5398 1911 5451 homun-

342 5491 446 5544 culi
475 5504 634 5558 usus,
670 5499 728 5545 ut
754 5499 899 5559 patet
938 5490 1133 5563 legenti
1173 5491 1387 5548 tertiam
1419 5489 1826 5547 meditationem
1855 5496 1911 5543 et

2017 3039 2335 3108 positi'sunt
2356 3039 2494 3094 liber
2522 3038 2598 3094 De
2626 3040 2939 3094 contritione
2985 3041 3182 3108 cordis,
3218 3052 3271 3096 et
3299 3042 3437 3097 liber
3478 3042 3594 3097 Me-

2018 3129 2365 3195 ditationum,
2393 3130 2561 3200 quiin
2589 3139 2625 3185 t.
2656 3128 2727 3183 ιχ
2750 3129 2984 3200 Operum
3024 3130 3086 3186 S.
3120 3132 3257 3201 Aug.
3291 3131 3592 3199 habentur,

2020 3235 2076 3276 ct
2140 3222 2206 3276 de
2251 3220 2451 3291 quibus
2511 3231 2796 3290 propterea
2826 3222 2953 3290 quid
3005 3222 3346 3277 sentiendum
3411 3222 3480 3277 sit
3509 3221 3595 3277 in-

2018 3311 2101 3366 fra
2127 3313 2632 3385 pronuntiabilnus;
2686 3314 2740 3367 5.
2772 3314 3071 3367 orationem
3111 3312 3180 3368 69
3212 3314 3391 3369 minus
3437 3322 3585 3368 recte

2022 3402 2339 3471 inscriptam
2377 3417 2498 3457 esse
2539 3403 2606 3456 ad
2638 3412 2882 3457 sanctum
2933 3392 3241 3466 Martinam,
3272 3418 3395 3458 cum
3429 3405 3496 3459 ad
3532 3403 3589 3458 S.

2021 3491 2297 3546 Nirolaum
2353 3506 2474 3545 eam
2523 3506 2583 3547 se
2614 3489 2809 3546 fecisse
2842 3492 2955 3560 ipse
2982 3491 3272 3547 Anselmus
3302 3493 3510 3547 scribat
3540 3494 3593 3548 in

2017 3583 2177 3652 epist.
2214 3582 2279 3635 ad
2310 3580 2636 3647 Baldricum,
2668 3596 2788 3652 quae
2817 3591 2900 3637 est
2923 3581 2982 3635 5|
3015 3582 3107 3636 lib.
3143 3598 3205 3649 ιι,
3237 3583 3406 3653 inqua
3429 3584 3593 3638 etiam

2017 3675 2350 3730 indicatcam
2374 3673 2533 3743 paulo
2563 3681 2852 3743 antequam
2867 3674 2928 3729 tn
2977 3673 3220 3744 Angiiam
3272 3674 3384 3743 ipse
3413 3682 3594 3729 trans-

2019 3766 2266 3833 fretaret,
2317 3781 2439 3823 esse
2511 3766 2891 3836 compositam,
2956 3764 3205 3818 videlicet
3262 3765 3408 3819 circa
3453 3765 3593 3819 idem

2018 3866 2228 3928 tempus
2280 3872 2392 3927 quo
2425 3857 2619 3910 librutn
2666 3855 2741 3908 De
2788 3854 3166 3908 lncarnatione
3205 3852 3359 3908 Verbi
3409 3865 3594 3917 contra

2018 3946 2349 4000 Roscelittum
2379 3946 2748 4000 inchoaverat.
2798 3943 2987 3997 Exstat
3036 3944 3152 4000 haec
3191 3946 3367 4001 oratio
3419 3948 3593 4002 sancti

2018 4034 2220 4090 Nicolai
2251 4036 2469 4090 nomine
2490 4034 2747 4104 inscripta
2773 4033 2824 4088 in
2850 4050 2951 4089 ms.
2988 4038 3305 4093 monasterii
3342 4038 3409 4094 de
3443 4037 3591 4092 Lira.

2267 4124 2516 4181 Crassum
2564 4121 2815 4178 Psalterii
2852 4125 3015 4181 beatis
3079 4125 3332 4198 Virginis.

2087 4214 2219 4269 Illud
2241 4215 2304 4271 D.
2334 4215 2596 4271 Picardus
2654 4216 2865 4287 primus
2907 4217 2960 4271 in
3012 4216 3187 4273 lucem
3235 4220 3404 4284 misit,
3447 4219 3593 4274 haud

2017 4306 2177 4361 dubie
2205 4320 2271 4360 ex
2311 4305 2491 4375 aliquo
2528 4321 2630 4361 ms.
2682 4307 2825 4376 quod
2876 4307 3049 4363 sancti
3098 4308 3342 4364 Anselmi
3392 4324 3591 4365 nomen

2015 4401 2252 4469 praefert.
2307 4400 2367 4455 Ρ.
2426 4401 2600 4472 Rayn.
2646 4401 2850 4456 nullum
2890 4402 3144 4459 habuisse
3200 4403 3344 4461 illius
3399 4406 3584 4476 operis

2015 4492 2259 4546 codicem
2299 4507 2400 4549 ms.
2434 4493 2654 4546 fatetur.
2710 4495 2818 4565 Ego
2861 4495 3075 4565 quidem
3143 4496 3306 4551 incidi
3358 4498 3588 4562 induos,

2014 4583 2267 4639 videlicet
2324 4601 2492 4639 unmn
2556 4584 2925 4654 Victorinum,
2992 4597 3048 4641 et
3090 4586 3318 4641 alterum
3378 4586 3592 4641 Floria-

2013 4689 2249 4739 ceusem,
2317 4676 2369 4729 in
2426 4678 2621 4746 quibus
2668 4677 2890 4747 hujusce
2937 4677 3185 4734 Psalterii
3242 4676 3451 4732 initium
3499 4692 3591 4732 us-

2012 4779 2118 4834 que
2176 4764 2243 4819 atl
2286 4764 2703 4837 Completorium
2754 4769 3042 4823 habetur:
3094 4768 3189 4823 sel
3245 4768 3300 4822 in
3360 4778 3589 4836 utroque

2012 4862 2208 4908 caetera
2231 4855 2647 4922 desiderantur,
2694 4866 2749 4912 et
2802 4857 2856 4911 in
2886 4865 3084 4913 neutro
3136 4856 3338 4928 legitur
3388 4870 3586 4911 nomen

2014 4946 2270 5001 auctoris.
2331 4946 2771 5002 Ocenrritetiam
2818 4948 2952 5003 mihi
3004 4948 3056 5002 in
3085 4958 3283 5003 nostra:
3334 4948 3581 5003 bibliotb.

2020 5037 2208 5092 codice
2240 5052 2341 5091 ms.
2370 5037 2476 5093 545
2505 5038 2830 5093 Psalterium
2858 5039 2918 5093 Β.
2953 5040 3013 5095 V.
3064 5052 3117 5095 et
3140 5040 3287 5097 aliud
3343 5038 3583 5095 etiamin

2012 5139 2116 5178 ms.
2147 5124 2360 5179 Bibliot.
2394 5124 2599 5195 Regius;
2626 5125 2718 5180 sed
2737 5122 2842 5177 duo
2856 5120 3204 5197 luerprorsus
3227 5127 3333 5182 alia
3354 5136 3480 5182 sunt
3510 5126 3581 5180 ab

2012 5230 2078 5271 eo
2099 5217 2240 5286 quod
2257 5216 2343 5271 hic
2363 5217 2566 5272 editum
2587 5225 2694 5285 est,
2722 5219 2855 5275 etab
2868 5233 2934 5273 eo
2954 5220 3095 5289 quod
3123 5220 3182 5274 S.
3210 5218 3583 5274 Bonarentura

2011 5308 2334 5378 composuit.

2210 5394 2461 5453 Jcntcwu
2503 5414 2643 5455 unm
2691 5399 2767 5455 De
2816 5399 3126 5453 contritione
3183 5398 3375 5453 cordis.

2082 5487 2250 5545 Primi
2280 5491 2476 5561 capitis
2523 5491 2709 5547 ultima
2761 5506 2903 5560 pars,
2934 5506 3056 5547 cum
3109 5491 3346 5547 secundo
3382 5488 3574 5561 capite,
