3882 6050
237 159 309 211 57
1329 147 1656 204 CENSURA
1699 146 1982 204 OI'ERUM
2019 145 2079 206 S.
2121 146 2442 204 ANSELML
3439 149 3506 204 58

241 277 361 324 tota
397 266 462 320 ad
483 265 708 319 verbum
734 271 948 332 sumpta
990 269 1072 316 est
1103 277 1168 314 ex
1204 270 1474 330 postrema
1531 267 1682 330 parte
1715 277 1824 314 mc-
1855 267 1904 326 Α
1931 265 2182 320 Juotcwn
2211 281 2313 318 un.
2353 261 2776 326 Medizationum,
2809 277 2894 324 oc:
2939 277 3100 316 INTER
3127 262 3184 318 S.
3221 265 3516 325 Aucusrist
3595 341 3599 344 .

241 359 527 415 (litationis
555 357 613 422 2,
641 371 804 426 quam
922 354 1214 409 Anselmus
1250 368 1393 408 anno
1427 352 1564 408 1099
1609 353 1831 423 scripsit

241 453 312 506 de
339 451 574 504 humana
609 445 1002 514 redemptione.

321 559 490 613 Tertii
517 555 712 626 capitis
747 569 873 624 pars
911 552 1199 622 posterior,
1251 549 1476 617 Qualem
1523 566 1606 603 me
1637 549 1829 618 fecisti,

243 661 383 716 etc.,
414 659 470 703 et
497 647 646 717 prior
674 661 804 715 pars
859 645 1056 713 capitis
1077 644 1132 711 4,
1167 657 1338 712 usque
1391 642 1460 698 ad
1489 642 1606 698 haec
1639 643 1828 708 verba,

243 745 445 799 Anima
480 759 592 796 mea
616 750 734 794 ante
749 739 949 800 omnia,
980 745 1109 800 etc.,
1141 737 1408 803 decerpta:
1435 745 1560 788 sunt
1590 750 1659 787 ex
1707 749 1832 789 san-

245 837 324 892 cti
353 833 592 890 Anselmi
614 832 862 886 oratione
891 829 956 883 ad
985 829 1044 883 S.
1074 826 1272 882 Joann.
1301 827 1458 895 Bapt.
1493 826 1678 880 Altera
1705 841 1833 895 pars

247 925 628 995 istiusCapitis
649 924 840 989 Leuat
888 932 1061 976 autem
1107 920 1238 984 lucc,
1295 928 1427 986 etc.,
1491 929 1830 986 transumpta

249 1025 344 1071 est
369 1031 432 1069 ex
457 1015 700 1070 oratione
736 1012 769 1065 4
801 1012 868 1065 ad
898 1010 1089 1072 Deum,
1133 1021 1250 1076 qua:
1275 1007 1462 1076 incipit
1495 1025 1508 1060 :
1543 1006 1830 1070 Altissime,

250 1117 362 1163 etc.
397 1106 592 1162 Ultima
627 1104 842 1158 tandem
872 1117 1001 1172 pars
1047 1099 1112 1154 ab
1136 1099 1224 1154 his
1246 1098 1450 1161 verbis,
1483 1095 1655 1161 Quam
1705 1095 1834 1148 tole-

251 1195 494 1260 rabilius,
526 1204 656 1259 etc.,
703 1201 759 1248 et
795 1191 1008 1246 initium
1066 1188 1260 1258 capitis
1327 1187 1608 1256 sequentis
1667 1199 1837 1253 usque

249 1290 324 1342 ad
351 1289 452 1341 ista
469 1284 618 1351 Noli,
639 1283 876 1347 Domine,
902 1288 1035 1346 etc.,
1063 1277 1320 1334 translata
1348 1286 1474 1332 sunt
1503 1291 1566 1330 ex
1597 1275 1835 1330 secunda

251 1378 672 1444 indubitataque
721 1374 780 1428 S.
818 1371 1058 1428 Anselmi
1119 1369 1471 1426 meditatione
1521 1367 1678 1436 cujus
1731 1365 1838 1421 ini-

251 1469 390 1522 tium
413 1474 496 1522 est
522 1505 538 1532 ,
568 1465 742 1519 Terret
769 1479 870 1530 me,
899 1471 1007 1518 etc.

327 1581 539 1636 Abistis
561 1588 736 1634 autem
759 1578 938 1633 verbis
965 1595 978 1630 :
1008 1575 1157 1641 Noli,
1183 1573 1422 1640 Domine,
1446 1583 1580 1637 etc.,
1605 1573 1670 1626 ad
1697 1573 1833 1638 haec,
1871 1600 1912 1658 Β

253 1675 428 1728 Parce
453 1672 724 1742 peecatriei
749 1671 938 1724 animae
976 1685 1122 1733 ntere,
1176 1677 1308 1732 etc.,
1362 1667 1678 1736 deprompta
1711 1675 1840 1719 sunt

249 1781 320 1821 cx
355 1765 541 1818 ultima
568 1771 719 1832 parte
749 1761 922 1815 tertiae
973 1758 1334 1814 meditationis
1380 1757 1550 1812 sancti
1573 1756 1835 1820 Anselmi,

247 1869 378 1923 quae
403 1863 488 1907 est
506 1851 804 1921 deploratio
834 1850 974 1904 male
1003 1851 1214 1904 amissae
1247 1847 1591 1916 virginitatis.

331 1945 412 1998 Ab
441 1943 524 1998 his
550 1942 722 2012 quinti
750 1941 944 2011 capitis
995 1940 1173 1995 verbis
1200 1979 1215 2004 ,
1253 1938 1350 1992 Iteu
1385 1938 1404 1991 !
1433 1939 1590 1990 miser
1617 1955 1836 2004 semper,

250 2046 392 2098 etc.,
426 2049 594 2104 usque
621 2035 688 2086 ad
711 2033 834 2094 ista,
885 2047 1180 2101 perrersum
1233 2031 1410 2096 etiam,
1443 2040 1574 2092 etc.,
1602 2030 1842 2084 emendi-

253 2135 378 2178 cnta
405 2133 550 2189 sunt,
577 2123 792 2176 inverso
815 2121 938 2175 licet
965 2119 1154 2174 ordine
1181 2134 1249 2174 ex
1281 2118 1594 2173 S.Anselmi
1635 2121 1840 2174 oratio-

256 2231 330 2268 ne
358 2214 512 2268 tertia
539 2214 604 2266 ad
631 2213 822 2267 Deum.
847 2212 925 2265 Ab
952 2211 1066 2265 istis
1095 2221 1272 2264 autem
1293 2249 1308 2274 ,
1335 2225 1628 2278 perversum
1660 2211 1839 2274 etiam,

257 2319 392 2368 etc.,
422 2319 591 2374 usque
651 2303 716 2356 ad
749 2303 851 2355 ista
876 2303 920 2354 υ
949 2309 1178 2369 peccata,
1225 2309 1331 2354 etc.
1355 2339 1368 2361 ,
1413 2309 1666 2368 excerpta
1694 2309 1839 2366 sunt,

263 2409 474 2452 n‘mtato
499 2407 680 2452 tamen
702 2396 911 2460 ordine,
942 2411 1008 2451 ex
1027 2395 1268 2449 oratione
1282 2394 1347 2448 ad
1372 2392 1429 2448 S.
1458 2393 1653 2448 Bcned.
1682 2407 1840 2462 quam

257 2506 384 2545 esse
409 2489 578 2544 sancti
603 2488 841 2544 Anselmi
863 2495 1094 2544 constat.

331 2601 418 2654 Ab
449 2599 512 2652 iis
537 2613 696 2669 porro
717 2599 894 2654 verbis
919 2598 962 2652 Ο
990 2605 1224 2668 peccata,
1271 2605 1404 2664 etc.,
1433 2596 1694 2668 usquead
1728 2597 1842 2652 lucc

257 2688 478 2742 Exaudi
530 2706 684 2760 ergo,
744 2697 872 2754 etc.,
924 2704 1042 2759 qua:
1094 2697 1220 2744 sunt
1267 2689 1480 2743 initium
1534 2689 1725 2758 capitis
1753 2688 1841 2752 10,

255 2788 481 2849 sumpta
525 2787 654 2832 sunt
703 2795 768 2833 ex
815 2780 1057 2836 oratione
1121 2780 1186 2833 ad
1245 2789 1492 2834 sanctum
1544 2777 1840 2842 Nicolaum,

256 2885 424 2939 quam
455 2870 566 2939 ipse
590 2869 874 2925 Anselmus
905 2885 962 2925 se
989 2871 1180 2926 fecisse
1211 2869 1447 2926 declarat
1477 2871 1528 2925 in
1557 2871 1712 2939 epist.
1748 2872 1840 2936 51,

257 2960 295 3012 l.
340 2975 399 3012 ll.
431 2960 512 3013 Ah
543 2958 644 3023 his,
687 2957 896 3014 Exaudi
925 2977 1068 3031 ergo,
1119 2971 1248 3025 etc.,
1306 2962 1370 3016 ad
1417 2961 1518 3016 ista
1548 2961 1653 3016 Sed
1706 2963 1841 3018 unde

259 3049 404 3102 Deus
439 3059 753 3114 nteu3,etc.,
805 3059 1046 3106 extracta
1095 3045 1297 3119 pariter
1347 3061 1471 3105 sunt
1497 3065 1561 3104 cx
1621 3051 1842 3122 prml‘ata

257 3149 406 3194 orat.
433 3140 502 3194 ad
524 3138 580 3192 S.
603 3139 720 3195 Nic.

333 3247 416 3301 Ab
447 3249 566 3304 istis
611 3249 716 3304 Sed
753 3248 887 3301 unde
939 3248 1098 3316 Deus,
1157 3257 1284 3314 etc.,
1311 3249 1375 3304 ad
1425 3249 1536 3304 huic
1563 3249 1840 3316 Memento,

259 3348 370 3394 etc.
392 3381 407 3406 ,
433 3348 554 3393 sunt
584 3353 650 3392 ex
689 3339 846 3393 tertia
870 3339 1040 3394 sancti
1066 3339 1302 3394 AllSL‘ittti
1333 3339 1701 3409 meditatione,
1727 3356 1844 3410 quae

258 3439 348 3486 est
387 3431 454 3486 dc
483 3431 787 3501 virginitate
818 3431 957 3485 male
991 3431 1209 3486 amissa.
1357 3421 1360 3424 ’

336 3544 418 3596 Ab
456 3542 542 3599 bis
585 3541 864 3608 Memento,
903 3551 1034 3607 etc.,
1059 3542 1128 3598 ad
1153 3541 1298 3598 ista:
1334 3543 1473 3598 Deus
1495 3560 1660 3609 meus,
1713 3544 1846 3614 infte

259 3651 422 3704 pono,
447 3643 576 3698 etc.,
607 3633 830 3688 deducta
863 3641 985 3688 sunt
1005 3647 1069 3686 ex
1093 3633 1198 3688 line
1223 3634 1484 3690 orationis
1503 3635 1568 3690 ad
1599 3645 1842 3692 sanctum

263 3725 570 3791 Nicolaum,
594 3733 728 3780 etex
757 3723 1103 3779 meditatione
1133 3725 1200 3780 de
1237 3724 1374 3780 male
1399 3725 1600 3782 amissa
1625 3727 1844 3798 virgini-

266 3826 398 3872 late.

339 3931 446 3985 Ista
473 3930 666 4000 capitis
711 3929 908 3994 ultimi,
942 3928 1166 3984 Peccare
1186 3943 1260 3985 est
1294 3930 1460 3985 Deum
1508 3931 1844 3996 inhonorare,

260 4033 402 4086 etc.,
441 4029 662 4076 suntex
693 4019 1152 4086 meditatione“,
1193 4037 1356 4091 quam
1409 4031 1627 4078 sanctus
1655 4023 1846 4077 Ansel-

263 4127 394 4166 mus
417 4111 662 4182 Lugduni
685 4111 1006 4182 composuit,
1050 4121 1104 4166 et
1149 4127 1216 4168 ex
1273 4115 1516 4185 pluribus
1567 4113 1685 4169 aliis
1731 4113 1846 4185 ejus

263 4199 524 4270 capitulis
549 4219 564 4254 :

345 4312 470 4370 Haec
497 4314 734 4383 ejusdem
783 4317 998 4388 capitis,
1031 4319 1130 4372 heu
1172 4333 1251 4372 me
1274 4318 1292 4370 !
1321 4317 1548 4387 peccavi,
1599 4324 1726 4380 etc.,
1781 4315 1850 4370 ad

269 4405 376 4458 ista
410 4419 426 4457 :
454 4404 593 4460 Deus
623 4405 876 4462 Dominus
919 4409 1090 4477 cujus,
1122 4395 1228 4463 etc.
1249 4450 1262 4474 ,
1315 4408 1585 4476 exscripta
1633 4413 1758 4461 sunt
1787 4419 1852 4460 cx

269 4497 512 4551 secunda
565 4498 738 4552 sancti
795 4499 1031 4554 Anselmi
1082 4497 1449 4554 meditatione.
1492 4497 1616 4552 llaec
1675 4505 1850 4550 tamen

267 4587 440 4641 verba
473 4603 486 4638 :
525 4586 612 4642 Va:
633 4587 768 4642 male
789 4589 980 4659 agenti,
1038 4598 1170 4656 etc.,
1230 4597 1564 4657 transumpta
1611 4595 1737 4642 sunt
1786 4602 1849 4640 ex

269 4678 522 4732 oratione
559 4681 626 4732 ad
649 4688 891 4734 sanctum
924 4679 1145 4734 Paulum
1174 4694 1238 4733 ex
1289 4694 1392 4749 qua
1418 4679 1579 4734 etiam
1603 4678 1852 4746 decerpta

269 4776 406 4822 sunt
431 4767 530 4822 ista
553 4765 694 4822 Deus
749 4769 900 4838 cujus
949 4769 1174 4837 bonitas,
1229 4779 1356 4835 etc.,
1407 4783 1580 4840 usque
1625 4767 1692 4822 ad
1741 4769 1855 4824 haec

269 4854 406 4911 Scio
424 4857 630 4926 quidem
655 4867 702 4911 et
731 4857 920 4927 fateor,
945 4869 1051 4914 etc.

345 4965 428 5020 Ex
465 4967 547 5022 his
576 4979 762 5024 autem
789 4971 1039 5026 omnibus
1075 4971 1132 5025 lit
1159 4971 1377 5027 evidens
1405 4969 1600 5025 librum
1637 4970 1711 5026 De
1733 4989 1856 5026 con-

269 5056 488 5110 tritione
509 5057 703 5124 cordis,
744 5057 897 5128 cujus
931 5068 1114 5116 auctor
1135 5061 1370 5116 incertus
1399 5059 1500 5116 fuit
1529 5061 1660 5131 ipsis
1683 5063 1855 5117 sancti

267 5147 564 5216 Augustini
583 5151 920 5218 censoribus,
949 5150 1114 5208 fuisse
1171 5153 1526 5223 compositum
1581 5152 1648 5207 ab
1677 5153 1857 5222 aliquo

267 5239 602 5306 recentiore,
629 5241 720 5310 qui
769 5243 944 5298 sancti
972 5243 1252 5315 Augustini
1291 5254 1346 5299 et
1391 5245 1566 5300 sancti
1618 5245 1856 5300 Anselmi

267 5333 580 5389 sententias
602 5349 720 5404 qua:
751 5334 925 5406 magis
948 5335 1016 5390 ad
1035 5336 1216 5392 cordis
1236 5335 1610 5391 contritionem
1641 5351 1858 5392 movere

263 5432 505 5495 possunt
532 5425 927 5481 studiosissime
973 5425 1207 5496 collegit,
1259 5435 1314 5482 et
1371 5441 1436 5484 ex
1470 5427 1600 5496 ipsis
1662 5427 1855 5484 librum

266 5516 424 5569 hunc
455 5516 734 5586 aptissime
764 5517 1124 5574 concinnavit.

2389 358 2570 412 Orsua
2611 367 3044 407 (:tneunren'rcn.

1919 497 1926 503 .
2004 450 2122 502 Duo
2147 443 2686 501 Meditatiunutulibri
2711 453 2918 498 exstant
2946 445 2998 498 in
3029 454 3160 500 tom.
3187 445 3258 500 1X
3283 445 3516 517 Operam

1935 537 2108 592 sancti
2137 535 2423 603 Augustini
2461 551 2474 587 :
2508 549 2644 588 unus
2701 536 2841 588 inter
2893 534 3010 602 ejus
3037 535 3235 605 Opera,
3277 538 3414 593 alter
3463 540 3518 593 in
3553 567 3558 572 -

1937 628 2249 698 Appendice
2277 627 2453 680 editus
2475 634 2578 680 est.
2609 625 2682 679 De
2705 627 2940 682 secundo
2965 628 3048 682 cui
3077 628 3212 682 nihil
3239 645 3360 682 cum
3409 630 3521 682 An-

1917 717 2086 796 selmi
2117 717 2548 773 Mcditationibus
2573 733 2855 774 commune
2895 727 3002 786 est,
3065 721 3198 775 nihil
3269 722 3360 776 hic
3409 731 3518 776 sta-

1937 797 2156 874 tuimus,
2189 808 2280 862 sed
2313 809 2376 863 de
2399 809 2574 877 primo
2603 808 2732 878 quid
2764 809 3104 864 sentiendum
3156 813 3227 866 sit
3281 819 3338 864 ut
3391 827 3520 866 cou-

1936 900 2205 963 cludatur,
2237 898 2342 952 duo
2363 897 2733 966 praemittenda
2755 909 2902 953 sunt.

2007 987 2057 1040 1.
2095 985 2262 1040 Totus
2285 987 2396 1040 fere
2449 985 2536 1040 hic
2591 985 2725 1042 liber
2763 986 2956 1056 legitur
2981 989 3033 1043 in
3073 991 3242 1044 sancti
3283 990 3518 1046 Anselmi

1937 1075 2370 1130 llcditaliouilnis
2406 1084 2459 1131 et
2487 1073 2854 1131 Orationibus.
2892 1077 3133 1144 Quatuor
3169 1080 3310 1134 enim
3340 1081 3518 1150 priora

1939 1166 2158 1236 hujusce
2187 1167 2308 1220 libri
2336 1166 2566 1236 capitula
2611 1165 2903 1222 coniiciunt
2943 1170 3242 1225 orationem
3277 1171 3364 1236 10,
3397 1187 3519 1240 qua:

1939 1257 2148 1326 incipit,
2177 1259 2394 1311 Dom-ine
2425 1259 2583 1322 Deus,
2615 1257 2684 1312 da
2708 1259 2854 1312 cordi
2871 1299 2884 1324 ,
2915 1269 3046 1326 etc.,
3073 1275 3241 1330 usque
3275 1261 3340 1314 ad
3371 1261 3516 1316 lucc.

1927 1348 2112 1416 Quam
2143 1365 2380 1419 magnas,
2411 1349 2647 1414 Domine,
2677 1359 2784 1405 etc.
2811 1351 3056 1416 Quatuor
3083 1363 3261 1406 autem
3294 1367 3520 1422 sequen-

1943 1439 2014 1494 tia
2044 1439 2278 1507 eapitula
2304 1439 2368 1494 de
2397 1440 2560 1494 verbo
2581 1440 2646 1494 ad
2687 1440 2906 1494 verbum
2941 1442 3239 1497 redduntur
3286 1442 3341 1498 in
3393 1459 3519 1498 ora-

1943 1526 2088 1580 tione
2105 1525 2160 1592 2,
2201 1541 2320 1594 quin
2351 1527 2538 1595 incipit
2569 1544 2582 1580 :
2615 1526 2808 1582 lurore
2842 1539 2911 1584 te.

2055 1626 2183 1686 aput
2214 1632 2412 1671 nonum
2451 1617 2608 1672 istius
2629 1618 2793 1672 libelli
2821 1619 3006 1688 implet
3037 1618 3096 1675 S.
3127 1621 3366 1676 Anselmi
3397 1638 3522 1678 ora-

1942 1705 2142 1763 tionem
2177 1707 2262 1772 14,
2286 1706 2408 1761 Jam
2441 1725 2472 1762 ο
2499 1709 2660 1762 divini
2681 1725 2850 1774 amor,
2877 1718 2984 1764 etc.

2011 1799 2142 1869 Cap.
2176 1801 2240 1854 tt)
2267 1809 2351 1854 est
2401 1800 2514 1870 ipsa
2547 1801 2868 1867 oratio'ﬂl,
2921 1801 3066 1867 Scio,
3117 1802 3354 1868 Domine,
3413 1813 3519 1860 etc.

1941 1889 2156 1944 initium
2176 1891 2367 1960 capitis
2390 1891 2456 1948 l8
2485 1892 2709 1947 inchoat
2728 1893 3134 1949 meditationem
3161 1895 3246 1960 18,
3299 1895 3517 1950 omissis

1943 1980 2146 2050 aliquot
2173 1981 2416 2036 versibus
2438 1997 2558 2050 qua:
2589 1983 2711 2037 huic
2741 1983 3164 2050 prazmittuntur.

2012 2071 2202 2138 Capita
2230 2072 2298 2126 22
2323 2081 2378 2126 et
2425 2071 2495 2126 25
2513 2071 2740 2142 plurima
2767 2055 2968 2128 habent
3022 2090 3141 2142 qua:
3194 2074 3443 2145 leguntur
3469 2077 3522 2130 in

1945 2159 1972 2231 §
2001 2161 2052 2224 5,
2082 2160 2114 2214 6
2143 2170 2194 2214 et
2227 2160 2256 2212 7
2287 2161 2649 2218 Mcditationis
2677 2163 2768 2230 14,
2799 2178 2918 2232 quae
2953 2171 3006 2216 et
3053 2163 3394 2218 Enchiritiion
3443 2166 3525 2218 di-

1943 2251 2105 2305 citur.

2015 2341 2148 2410 Cap.
2172 2339 2240 2396 29
2279 2350 2334 2395 et
2371 2339 2439 2394 50
2461 2341 2809 2397 continentur
2841 2343 2890 2398 in
2926 2343 2954 2414 §
2983 2345 3004 2397 1
3037 2344 3274 2414 praefatae
3301 2345 3525 2400 Medita—

1947 2431 2108 2485 tiouis
2139 2430 2222 2484 M.

2016 2522 2189 2592 Caput
2213 2522 2282 2576 51
2304 2529 2385 2576 est
2407 2523 2577 2578 oratie
2603 2523 2811 2596 integra
2848 2541 3012 2596 quam
3067 2526 3310 2596 quintam
3339 2541 3524 2582 nume-

1947 2613 2206 2670 ravimus.

2019 2706 2189 2774 Caput
2214 2705 2284 2760 55
2304 2706 2522 2762 coniicit
2547 2706 2846 2764 orationem
2885 2709 2970 2766 l7.

2021 2796 2192 2868 Caput
2213 2796 2282 2852 '56
2308 2799 2398 2852 dat
2423 2799 2721 2854 orationem
2752 2800 2838 2856 16.

2020 2890 2192 2958 Caput
2216 2889 2282 2942 57
2315 2889 2548 2960 complet
2571 2891 2637 2946 l8
2659 2899 2712 2946 et
2745 2892 2811 2946 19
2840 2893 3139 2949 orationes.

2019 2981 2190 3052 Caput
2215 2981 2284 3037 59
2321 2981 2530 3052 aliquas
2588 2982 2752 3036 habet
2810 2985 3106 3040 sententias
3157 2999 3276 3056 qua:
3325 2996 3448 3042 sunt
3472 2990 3524 3044 in

1948 3074 2192 3148 oratione
2221 3072 2534 3142 62,:iliquas
2573 3089 2691 3142 quae
2717 3085 3012 3130 occurrunt
3043 3077 3096 3130 in
3124 3080 3324 3133 medit-
3343 3079 3397 3146 5,
3423 3082 3523 3135 ali-

1945 3179 2082 3233 quas
2111 3179 2230 3233 quae
2251 3163 2498 3234 leguntur
2547 3165 2598 3219 in
2649 3174 2786 3220 orat.
2817 3165 2874 3233 2,
2903 3165 3112 3238 aliquas
3138 3168 3302 3224 etiam
3333 3185 3448 3241 qua:
3473 3172 3524 3227 in

1945 3271 1994 3310 c.
2031 3257 2050 3310 ι
2089 3254 2344 3326 Proslogii
2375 3255 2738 3324 reperiuntur.

2015 3345 2258 3416 Denique
2285 3347 2533 3417 caput“
2576 3357 2632 3404 et
2675 3348 2772 3404 ult.
2806 3348 3070 3421 integram
3125 3352 3344 3411 conficit
3399 3371 3526 3412 ora-

1949 3439 2150 3494 tionem
2178 3439 2266 3492 20.

2017 3529 2096 3582 Ex
2125 3527 2210 3582 his
2239 3528 2356 3584 lucc
2389 3528 2584 3584 clarius
2624 3537 2709 3584 cst
2765 3539 2858 3586 aut
2891 3531 3022 3588 istas
3066 3534 3442 3591 meditationes
3471 3545 3526 3592 et

1945 3619 2220 3676 orationes
2247 3633 2312 3672 ex
2343 3617 2563 3686 praelato
2629 3617 2767 3676 libro
2815 3635 2936 3676 esse
2965 3621 3287 3693 descriptas,
3319 3635 3411 3679 aut
3457 3626 3524 3680 li-

1946 3709 2101 3761 brum
2127 3708 2270 3762 hunc
2293 3721 2358 3762 ex
2387 3707 2505 3762 istis
2531 3708 2764 3762 maxime
2789 3711 3124 3768 orationibus
3171 3728 3264 3768 seu
3295 3715 3523 3770 medita-

1950 3797 2187 3852 tionibus
2211 3814 2318 3852 non
2343 3796 2409 3852 ab
2431 3798 2682 3852 Anselmo
2708 3799 2802 3854 sed
2829 3800 2936 3856 alio
2952 3800 3166 3871 juniore
3201 3802 3364 3860 fuisse
3379 3821 3526 3861 com-

1947 3888 2197 3956 positum.
2227 3887 2416 3942 Utrum
2449 3902 2632 3940 verum
2685 3885 2758 3940 sit
2784 3897 2839 3942 ut
2873 3891 3222 3961 intelligatur,
3248 3895 3476 3950 adverto
3508 3913 3522 3948 :

1949 3981 2004 4034 1ο
2034 3977 2346 4049 Proslogion
2369 3987 2424 4034 et
2446 3979 2579 4036 alias
2604 3981 2792 4037 saltem
2823 3995 2890 4035 ex
2922 3982 3004 4036 his
3039 3982 3374 4038 orationibus
3409 4001 3526 4054 qua:

1948 4073 2137 4126 eadem
2165 4071 2364 4126 habent
2393 4086 2458 4124 ae
2493 4073 2594 4128 iste
2623 4071 2796 4138 liber,
2847 4072 3144 4127 indubitata
3185 4087 3304 4128 esse
3352 4078 3525 4130 sancti

1949 4162 2182 4216 Anselmi
2209 4162 2486 4231 opuscula.
2519 4163 2668 4219 Unde
2687 4175 3100 4220 consectaneum
3153 4164 3324 4236 magis
3345 4175 3430 4222 est
3459 4182 3526 4222 ex

1879 4264 1926 4322 υ
1952 4253 2122 4306 sancti
2153 4252 2392 4308 Anselmi
2417 4253 2755 4310 orationibus
2799 4255 2991 4310 librum
3021 4255 3166 4312 hunc
3211 4271 3332 4312 esse
3375 4266 3524 4312 trau-

1955 4354 2224 4413 sumptum
2277 4359 2440 4414 quam
2484 4359 2548 4398 ex
2579 4360 2644 4400 eo
2669 4346 2886 4412 libello,
2943 4347 3095 4416 cujus
3124 4335 3314 4404 auctor
3353 4350 3529 4404 nullus

1955 4445 2082 4490 ante
2106 4432 2414 4490 Ansehnum
2442 4447 2590 4491 certo
2621 4436 2811 4503 Scitur,
2839 4445 2892 4490 et
2933 4438 3024 4505 qui
3057 4452 3160 4491 non
3189 4439 3291 4493 n'si
3323 4439 3374 4491 in
3394 4453 3526 4492 mss.

1955 4525 2344 4582 recentioribus
2365 4527 2574 4597 legitur,
2609 4527 2740 4582 istas
2767 4527 3040 4582 orationes
3061 4528 3230 4583 fuisse
3255 4529 3322 4584 ab
3343 4529 3530 4586 Ansel-

1956 4631 2043 4671 mo
2070 4615 2386 4685 descriptas.
2437 4616 2546 4670 Nec
2597 4616 2740 4672 enim
2787 4617 2834 4672 is
2891 4625 3010 4672 erat
3059 4619 3232 4674 sancti
3291 4619 3528 4675 Anselmi

1957 4707 2190 4762 animus.

2026 4797 2263 4852 Adverto
2286 4796 2345 4850 2ο
2378 4797 2574 4853 librum
2603 4799 2748 4854 hunc
2769 4799 3174 4856 Meditationum
3229 4801 3363 4858 nihil
3385 4803 3527 4859 aliud

1957 4903 2075 4944 ezse
2099 4903 2256 4956 quam
2290 4897 2544 4944 centones
2571 4904 2956 4960 nonnunquam
3005 4891 3184 4947 minus
3203 4901 3328 4962 apte
3377 4907 3530 4948 assu-

1960 4987 2060 5032 tos.
2091 4977 2146 5031 In
2187 4977 2522 5034 orationibus
2578 4994 2708 5034 vero
2750 4980 2922 5034 sancti
2948 4980 3186 5036 Anselmi
3253 4983 3532 5038 sententiae

1959 5069 2238 5124 sententiis
2269 5078 2323 5124 et
2349 5079 2530 5139 partes
2551 5070 2788 5140 partibus
2833 5071 3008 5141 magis
3026 5071 3317 5128 cohaerent.
3343 5071 3532 5128 Potius

1959 5159 2142 5228 itaque
2182 5158 2269 5214 ille
2317 5174 2384 5216 ex
2434 5161 2552 5216 istis
2573 5201 2590 5228 ,
2620 5175 2780 5231 quam
2807 5161 2922 5218 ista:
2957 5177 3024 5218 ex
3047 5163 3138 5220 illo
3159 5203 3174 5230 ,
3205 5163 3530 5233 compositus

1958 5257 2060 5303 est.

2169 5337 2418 5392 Juntcwu
2469 5352 2606 5394 unm
2636 5355 2724 5404 QUI
2777 5341 3028 5398 Manuale
3083 5357 3321 5400 DICI'I'UR.

2033 5425 2185 5482 lluuc
2213 5426 2408 5484 librum
2437 5443 2542 5482 non
2569 5443 2690 5484 esse
2715 5431 2998 5504 Augustini
3035 5439 3246 5510 constat
3286 5449 3300 5486 :
3349 5431 3403 5487 1ο
3463 5448 3532 5488 ex

1961 5533 2026 5573 eo
2074 5519 2216 5592 quod
2261 5520 2316 5574 in
2383 5521 2776 5592 antiquioribus
2819 5537 2920 5577 ms.
2971 5536 3076 5576 non
3117 5520 3346 5594 legatur,
3377 5523 3434 5576 2ο
3465 5537 3532 5580 θ).
