3882 6054
391 130 460 184 59
1395 122 1452 178 S.
1494 116 1862 178 ANSELMUS
1892 114 2245 174 CANTUAR.
2289 111 2610 170 ARClllEP.
3595 115 3672 173 40

392 239 563 309 ipsius
585 235 823 308 prologo,
877 235 966 290 ubi
1025 245 1218 290 auctor
1261 232 1519 304 praefatur
1565 248 1622 288 se
1649 247 1716 288 ex
1764 231 1977 302 elegan-
2007 233 2054 292 Α
2085 227 2246 282 niam.
2286 226 2515 297 tEquius
2557 235 2736 280 tamen
2785 224 3086 280 censuerim
3137 224 3189 279 id
3239 225 3420 296 aperis
3450 242 3556 284 nec
3605 230 3677 284 ab

394 329 623 384 tioribus
649 327 807 383 dictis
834 326 934 382 SS.
965 326 1184 380 Patrum
1229 323 1472 378 Manuale
1514 324 1614 378 lioc
1644 322 1922 394 collegisse
1952 363 1968 389 ,

385 422 449 474 '3-
476 434 544 474 ex
570 433 637 474 eo
661 417 803 488 quod
833 433 926 472 sex
961 417 1149 471 ultima
1178 414 1398 483 hujusce
1425 414 1546 469 libri
1576 413 1812 484 capitula
1844 429 1965 468 vcr-

390 507 559 564 batim
586 507 756 562 sancti
782 505 1019 561 Anselmi
1053 502 1330 573 Proslogio
1356 510 1693 571 transumpta
1733 501 1860 556 sint.

461 597 545 653 An
565 611 696 653 vero
723 597 812 653 hic
861 595 998 652 liber
1025 595 1097 650 sit
1146 593 1387 650 Anselmi
1413 607 1520 648 non
1542 601 1628 648 est
1656 593 1800 647 unde
1838 590 1969 648 deli-

2075 319 2398 390 Augustiuo,
2429 333 2527 372 nec
2558 318 2626 373 ab
2649 315 2901 371 Anselmo
2950 316 3236 385 prodiisse,
3268 319 3361 373 sed
3387 322 3453 374 ab
3479 320 3676 390 aliquo

2078 407 2209 478 ipsis
2246 406 2565 469 recentiore,
2597 406 2688 475 qui
2716 419 2779 459 ex
2835 405 3063 461 diversis
3097 415 3151 460 et
3183 407 3420 462 maxime
3455 408 3514 462 8.
3549 410 3668 463 An-

2077 497 2277 568 gustiui
2299 506 2354 554 et
2378 497 2549 552 sancti
2583 495 2821 552 Anselmi
2841 495 3130 553 sententiis
3154 506 3211 552 et
3231 497 3484 568 capitulis
3513 500 3673 556 hunc

2077 588 2276 644 librum
2350 589 2768 644 cousarcinavit.

1469 739 2006 832 CENSURA
2069 736 2570 830 OPERUM

1148 907 1361 977 QUAE
1409 906 1492 961 ΙΝ
1547 906 2141 964 APPENDICE
2206 908 2502 964 EDITA
2567 909 2844 967 SUNT.

886 1044 1130 1099 CENSURA
1177 1040 1494 1095 Elttcidart'i.

463 1140 683 1199 Oxonire
712 1137 768 1194 in
800 1152 904 1193 ms.
933 1137 1040 1189 2‘23
1071 1134 1200 1190 bibl.
1231 1133 1588 1187 Mertonensis
1613 1130 1749 1186 liber
1769 1131 1870 1186 iste
1897 1130 1976 1186 sic

393 1234 684 1300 inscriptus
737 1230 976 1300 legitur:
1023 1226 1176 1280 Liber
1239 1227 1326 1296 qui
1372 1235 1584 1278 vocatur
1639 1220 1976 1275 Elucidarius

391 1330 458 1384 B.
491 1325 744 1381 Anselmi.
773 1322 1112 1391 Cantabrigre
1134 1320 1187 1374 in
1217 1334 1319 1373 nis.
1368 1317 1471 1372 125
1521 1315 1715 1386 colleg.
1748 1313 1973 1380 Bcned.,

394 1413 1037 1473 EtucidariumAnselmi.
1081 1411 1137 1464 in
1182 1409 1426 1480 pluribus
1451 1407 1572 1463 aliis
1595 1423 1722 1462 mss.
1772 1415 1971 1474 exstat,

393 1510 488 1564 sed
519 1509 636 1564 sine
688 1504 904 1560 nomine
951 1500 1210 1556 auctoris.
1242 1498 1300 1554 lu
1355 1513 1458 1553 ms.
1486 1496 1762 1565 cujusdam
1795 1495 1981 1550 biblio-

392 1602 564 1654 thecae
585 1595 892 1666 Anglicanre
916 1599 1096 1648 exstat
1124 1590 1287 1645 etiam
1309 1590 1411 1644 hoc
1427 1603 1561 1658 opus
1584 1586 1794 1644 Gallice
1841 1586 1979 1642 scri-

394 1697 565 1758 ptum,
597 1693 656 1740 ut
688 1694 838 1741 certo
866 1683 996 1738 mihi
1027 1682 1095 1737 ab
1134 1680 1332 1748 amico,
1383 1694 1494 1750 prae
1531 1676 1684 1747 cujus
1733 1677 1980 1733 manibus

394 1787 533 1842 erat,
560 1775 927 1833 renuntiatum
967 1783 1071 1829 est.
1961 1763 1965 1768 ’

467 1867 620 1922 Hunc
650 1867 846 1921 librum
877 1863 1116 1920 Anselmi
1162 1862 1380 1918 nomine
1410 1860 1723 1931 insignitum
1774 1858 1979 1928 Espen-

395 1975 540 2014 casus
576 1958 725 2030 prelo
745 1959 956 2028 primus
981 1956 1253 2012 commisit
1275 1954 1498 2009 Parisiis
1523 1968 1612 2008 an.
1643 1952 1804 2015 1560,
1841 1951 1982 2006 unde

399 2061 581 2121 postea
604 2051 747 2105 inter
771 2048 943 2104 sancti
981 2047 1222 2103 Anselmi
1255 2046 1430 2117 Opera
1483 2060 1742 2102 excusum
1777 2043 1982 2098 estCo-

395 2142 553 2196 loniae
580 2156 669 2194 an.
721 2139 875 2194 1573.
904 2137 1346 2207 Quandoquidem
1390 2150 1518 2191 vero
1548 2135 1599 2189 in
1641 2149 1706 2190 eo
1753 2133 1980 2204 plurima

398 2232 799 2301 vana,inepta,
842 2239 897 2285 et
966 2226 1399 2283 sanetiAnselmi
1445 2225 1703 2280 doctrina:
1757 2225 1982 2278 adversa

392 2321 890 2393 deprehenduntur,
924 2320 1200 2389 indignum
1225 2331 1453 2388 prorsus
1482 2315 1624 2384 quod
1659 2315 1802 2368 illius
1837 2312 1980 2384 Ope-

395 2416 546 2471 ribus
573 2415 1042 2478 adnumerarctur,
1074 2411 1378 2480 judicatum
1422 2417 1526 2463 est.
1560 2407 1689 2474 Qure
1738 2407 1881 2462 enim
1918 2405 1984 2461 de

396 2506 542 2561 luctu
569 2504 763 2569 Adam,
810 2502 942 2557 Abel
975 2501 1180 2564 occiso,
1225 2500 1478 2555 dicuntur
1531 2499 1583 2552 in
1636 2497 1672 2551 Ι.
1707 2514 1742 2562 ι,
1768 2513 1817 2552 e.
1843 2497 1912 2552 15
1930 2506 1986 2552 et

395 2596 463 2649 de
487 2592 760 2648 miraculis
802 2591 892 2660 qui
957 2590 1184 2646 Domino
1209 2596 1467 2644 nascente
1515 2588 1806 2658 contigisse
1857 2597 1984 2640 nar-

398 2692 590 2738 rantur
623 2684 677 2737 in
733 2681 856 2738 eod.
886 2681 948 2747 l.,
979 2696 1030 2736 c.
1067 2680 1156 2746 i9,
1191 2689 1288 2735 nec
1315 2678 1582 2748 tbeologo,
1624 2693 1723 2732 nec
1745 2690 1876 2732 sano
1896 2691 1984 2730 ca-

395 2776 509 2844 pite
535 2775 695 2845 digna
747 2782 872 2830 sunt
904 2791 918 2828 :
948 2774 1016 2828 Et
1040 2787 1162 2828 cum
1212 2772 1492 2827 arbitrium
1538 2771 1790 2826 delinitur
1811 2769 1871 2841 tl.
1897 2785 1980 2836 ut,

2085 1043 2218 1098 nihil
2250 1043 2521 1114 loquitur;
2557 1047 2613 1099 4°
2642 1055 2694 1100 et
2718 1050 2948 1102 maxime
2985 1063 3099 1119 pra:
3141 1049 3338 1106 labidis
3358 1061 3411 1108 et
3440 1055 3668 1124 puerili-

2080 1132 2182 1189 bus
2203 1135 2360 1205 nugis
2381 1135 2578 1205 quibus
2604 1135 2850 1208 dialogus
2880 1138 2982 1194 iste
3003 1140 3248 1209 oppletus
3269 1151 3375 1196 est.

2281 1225 2528 1282 Causam
2571 1242 2711 1281 LIBRI
2754 1228 2832 1282 De
2859 1230 3244 1286 mensuratione
3287 1233 3478 1288 crucis.

2150 1314 2206 1368 in
2236 1316 2486 1385 omnibus
2507 1317 2746 1386 quidem,
2773 1317 2940 1372 etiam
2977 1320 3395 1389 antiquioribus,
3447 1327 3668 1380 excusis

2082 1408 2140 1463 8.
2161 1408 2399 1464 Anselmi
2425 1406 2690 1479 Operibus
2739 1409 2875 1470 liber
2915 1411 3018 1466 iste
3068 1413 3284 1482 legi'ur.
3315 1413 3514 1469 Verum
3538 1431 3664 1470 cum

2081 1501 2135 1556 in
2165 1499 2324 1555 nullis
2351 1500 2652 1571 reperiatur
2691 1515 2824 1558 mss.
2873 1510 2930 1557 et
2979 1511 3171 1558 auctor
3205 1503 3258 1558 in
3311 1519 3432 1574 cap.
3465 1505 3500 1559 5
3533 1505 3663 1560 Ber-

2081 1592 2306 1647 nardum
2340 1591 2492 1657 citet,
2535 1590 2712 1660 palam
2734 1600 2818 1647 est
2860 1607 2984 1648 eum
3039 1607 3161 1651 esse
3193 1594 3447 1651 Anselmo
3481 1606 3666 1665 postc-

2083 1683 2304 1752 riorcm,
2331 1683 2422 1754 qui
2446 1698 2590 1738 anno
2620 1683 2757 1739 1109
2806 1684 3136 1751 decesserat,
3182 1696 3472 1756 antequam
3527 1687 3664 1742 Ber-

2086 1775 2291 1828 nardus
2341 1772 2428 1827 vel
2475 1772 2798 1827 monachum
2850 1772 3128 1830 induisset.
3182 1773 3336 1842 Quod
3380 1776 3544 1830 etiam
3597 1776 3666 1830 de

2083 1864 2278 1920 merito
2303 1879 2370 1918 ex
2400 1864 2666 1934 condigno
2715 1861 2954 1932 loquitur
2983 1863 3037 1919 in
3085 1880 3135 1921 c.
3185 1865 3237 1932 1,
3288 1862 3491 1920 iudicat
3559 1867 3666 1920 hoc

2083 1969 2218 2025 opus
2247 1969 2350 2010 non
2378 1953 2641 2024 prodiisse
2662 1963 2790 2010 ante
2815 1953 3068 2009 saeculum
3103 1953 3372 2011 decimum
3423 1956 3664 2010 tertium.

2191 2047 2434 2104 CENSUBA
2463 2062 2604 2103 LIBRI
2635 2046 2711 2101 De
2734 2047 3064 2116 conceptione
3101 2047 3265 2102 beata:
3302 2047 3555 2118 Virginis.

2155 2137 2390 2208 Hujusce
2415 2137 2754 2194 tractationis
2782 2137 3087 2208 fragmenta
3137 2152 3261 2194 cum
3315 2139 3417 2194 hac
3450 2139 3668 2208 epigra-

2084 2226 2209 2296 phe,
2258 2225 2338 2280 De
2373 2235 2622 2296 conceptu
2670 2226 2914 2296 virginali
2969 2227 3192 2295 passivo,
3236 2226 3442 2294 primus
3495 2226 3670 2281 edidit

2084 2314 2146 2370 P.
2169 2316 2518 2388 Raynaudus,
2552 2319 2643 2388 qui
2667 2325 2811 2374 totus
2835 2317 3115 2374 contendit
3137 2319 3342 2374 huncce
3366 2327 3667 2375 tractatum

2084 2423 2114 2462 a
2143 2409 2202 2463 8.
2231 2407 2486 2463 Anseimo
2503 2423 2624 2465 esse
2647 2409 3025 2479 compositum.
3073 2409 3332 2480 Equidem
3374 2410 3493 2480 ipse
3537 2411 3655 2466 scio

2084 2499 2137 2554 in
2163 2513 2263 2554 ms.
2287 2498 2388 2555 271
2417 2499 2547 2556 bibl.
2591 2500 2822 2557 Merion.
2871 2501 2924 2556 in
2967 2501 3178 2570 Anglia,
3197 2509 3321 2557 ante
3372 2510 3668 2557 tractatum

2087 2590 2161 2646 De
2182 2590 2484 2646 excellentia
2519 2592 2584 2646 B.
2631 2591 2819 2647 Maria:
2844 2592 2986 2650 hunc
3033 2593 3138 2665 legi
3180 2595 3260 2650 sic
3291 2594 3610 2666 inscriptum
3650 2612 3664 2647 :

2085 2681 2360 2738 Anselmus
2383 2683 2447 2738 de
2492 2683 2824 2754 conceptione
2869 2683 2934 2737 Β.
2977 2684 3166 2740 Μαι-ἕω
3192 2693 3293 2740 :et
3331 2685 3386 2740 in
3437 2700 3540 2740 ms.
3596 2687 3670 2740 2‘2

2082 2775 2214 2832 bibl.
2240 2777 2448 2832 Lincol.
2482 2776 2624 2832 inter
2654 2776 2759 2831 alia
2821 2776 2880 2832 8.
2931 2777 3168 2835 Anselmi
3219 2794 3382 2849 opera
3409 2779 3538 2836 illud
3567 2781 3667 2836 ha—

397 2881 444 2919 e.
475 2865 529 2936 ’5)
563 2884 581 2917 ι
628 2865 849 2921 libertas
902 2863 1133 2936 eligendi
1182 2864 1382 2919 bonum
1433 2863 1518 2917 vel
1573 2861 1799 2926 malum.
1836 2880 1854 2913 θ
1911 2861 1979 2916 ab
2006 2863 2050 2922 C
2083 2869 2196 2924 heri
2221 2867 2296 2923 De
2325 2867 2669 2938 Conceptione
2712 2867 2778 2923 Β.
2816 2868 3062 2941 Virginis.
3113 2871 3451 2940 Cantabrigze
3477 2872 3531 2927 in
3560 2889 3664 2928 ms.

395 2956 632 3012 Anselmi
656 2956 899 3012 doctrina
946 2955 1217 3012 receditur
1244 2971 1258 3009 :
1285 2954 1441 3025 cujus
1487 2955 1649 3010 etiam
1701 2954 1980 3009 sententia:

396 3059 660 3122 repugnat
689 3049 831 3119 quod
861 3048 898 3104 l.
926 3065 986 3117 il,
1033 3063 1084 3107 c.
1132 3048 1222 3112 15,
1257 3047 1325 3103 de
1371 3047 1592 3102 seminis
1639 3045 1979 3101 immunditia

397 3141 800 3213 pronuntiatur.
831 3141 1032 3198 Deinde
1069 3146 1292 3194 sanctus
1343 3135 1629 3192 Anselmus
1660 3137 1714 3190 in
1760 3135 1982 3206 prologo

405 3234 473 3286 ad
508 3232 778 3302 diaIOgum
807 3230 884 3285 De
915 3231 1126 3305 veritate
1158 3230 1271 3301 ipse
1295 3237 1528 3300 quatuor
1557 3243 1587 3282 a
1631 3241 1689 3283 se
1717 3227 1982 3296 composi-

401 3323 738 3393 tosdialogos
758 3323 1002 3380 scribens
1038 3331 1094 3378 et
1130 3335 1484 3385 enumerans,
1520 3319 1681 3389 hujus
1728 3333 1834 3372 non
1865 3332 1981 3372 nie-

399 3415 576 3470 minit.
617 3414 727 3471 Nec
749 3415 872 3484 quis
897 3415 1041 3469 dicat
1069 3429 1132 3468 ea
1175 3422 1333 3468 aetate
1362 3412 1630 3482 dialogum
1674 3411 1816 3466 hunc
1852 3425 1982 3465 non-

401 3505 530 3560 dum
561 3506 630 3560 ab
675 3519 741 3559 eo
784 3504 989 3559 editum
1039 3503 1232 3569 fuisse;
1268 3518 1392 3558 nam
1441 3517 1505 3557 ex
1537 3500 1825 3556 Elucidarii
1852 3515 1984 3570 prae-

401 3596 606 3654 fatione
641 3597 809 3668 liquet
841 3598 1014 3668 ipsum
1039 3596 1106 3651 ab
1131 3595 1313 3666 aliquo
1339 3595 1430 3666 qui
1461 3595 1514 3649 in
1562 3594 1761 3650 scholis
1807 3594 1984 3649 adhuc

406 3698 609 3760 ageret,
637 3697 689 3745 et
715 3688 949 3743 nonduin
970 3697 1116 3743 esset
1140 3687 1415 3758 prmlatus,
1440 3699 1560 3741 esse
1588 3684 1939 3753 compositum
1965 3695 1980 3736 :

398 3777 654 3832 Anselmo
673 3786 854 3830 autem
887 3775 1170 3832 Beccensis
1197 3774 1429 3830 coenohii
1455 3773 1692 3842 regimen
1729 3771 1842 3842 jam
1869 3780 1982 3826 tum

400 3867 668 3938 obtigerat
688 3881 810 3921 cum
842 3865 908 3921 ad
943 3881 1072 3921 suos
1093 3865 1334 3936 dialogos
1360 3863 1640 3936 prologum
1673 3861 1907 3931 scripsit.

473 3959 716 4014 Honorio
734 3957 1210 4030 Augustodunensi
1249 3957 1300 4011 id
1331 3955 1512 4025 Oper-is
1559 3954 1813 4021 ascripsit
1859 3951 1981 4006 Tri-

403 4050 638 4106 themius
663 4050 697 4104 l.
731 4051 806 4104 De
835 4049 981 4104 Eccl.
1011 4048 1204 4118 script.
1235 4046 1522 4102 Guillelmo
1570 4043 1982 4100 Convenlriensi

401 4142 728 4204 Carmelitae,
758 4141 849 4209 qui
883 4141 1018 4194 vixit
1052 4141 1198 4195 circa
1231 4154 1321 4193 an.
1375 4137 1534 4205 i560,
1564 4136 1626 4191 P.
1653 4135 1982 4207 TlieOpliilus

2084 2959 2186 3016 538
2222 2960 2411 3032 colleg.
2441 2959 2498 3016 S.
2524 2960 2800 3017 Benediel.
2829 2971 2946 3032 post
2972 2962 3226 3018 Eadmeri
3261 2964 3437 3034 Opera
3459 2966 3670 3035 pariter

2083 3051 2321 3107 occurrit
2351 3059 2613 3107 tractatus
2633 3051 2710 3106 De
2738 3053 3070 3123 conceptione
3104 3052 3163 3109 S.
3194 3054 3402 3111 Mariae.
3457 3055 3564 3112 Sed
3613 3067 3669 3112 et

2082 3145 2137 3197 in
2190 3158 2292 3198 ms.
2347 3141 2588 3198 Cluniae.
2647 3142 2884 3214 legitur:
2919 3143 3196 3200 Tractatus
3232 3145 3301 3199 Β.
3342 3146 3575 3202 Anselmi
3603 3149 3668 3201 de

2083 3231 2410 3301 conceptione
2436 3231 2500 3286 Β.
2536 3230 2723 3288 Maria:
2760 3230 2906 3302 Virg.
2967 3233 3035 3288 Et
3086 3233 3140 3288 in
3200 3250 3300 3289 ms.
3331 3234 3495 3290 Corb.
3525 3235 3668 3290 inter

2083 3321 2253 3376 sancti
2283 3321 2522 3376 Anselmi
2550 3319 2725 3391 Opera
2755 3322 2844 3378 hic
2868 3323 3032 3378 etiam
3086 3331 3349 3379 tractatus
3375 3327 3665 3395 reperitur,

2085 3412 2161 3466 De
2182 3413 2510 3482 conceptione
2540 3411 2603 3467 Β.
2656 3412 2802 3484 Virg.
2855 3413 3043 3469 Maria:
3087 3429 3155 3469 ex
3209 3416 3405 3486 quibus
3457 3418 3667 3473 duobus

2084 3517 2187 3557 ms.
2214 3502 2423 3557 huncce
2446 3508 2739 3557 tractatum
2799 3502 3069 3574 integrum
3122 3505 3410 3561 edidimus.
3439 3506 3557 3561 Non
3587 3517 3667 3563 ta-

2084 3607 2206 3648 men
2231 3593 2370 3648 intcr
2389 3594 2561 3649 sancti
2594 3593 2836 3649 Anselmi
2878 3593 3054 3666 Opera
3104 3597 3539 3667 quandoquidem
3570 3581 3666 3654 ho-

2085 3699 2204 3738 rum
2237 3698 2365 3738 mss.
2396 3698 2518 3753 quae
2548 3684 2802 3753 pauciora
2845 3694 2990 3750 sunt,
3045 3694 3100 3740 et
3133 3685 3268 3741 alios
3298 3701 3460 3756 quam
3491 3688 3664 3742 sancti

2083 3771 2321 3826 Anselmi
2377 3779 2637 3827 tractatus
2677 3773 2976 3839 continent,
3029 3774 3188 3829 iidem
3245 3775 3462 3844 penitus
3509 3776 3666 3830 abro-

2084 3862 2332 3934 gantalia
2360 3863 2640 3918 innumera
2670 3861 2905 3933 Operum
2945 3863 3004 3920 8.
3029 3864 3267 3920 Anselmi
3300 3879 3433 3920 mss.
3461 3879 3586 3935 quae
3612 3865 3663 3918 in

2085 3955 2275 4024 Regia,
2309 3953 2606 4019 Victorina,
2639 3953 2893 4021 Thuana,
2949 3963 3006 4010 et
3060 3955 3306 4025 pluribus
3331 3955 3451 4010 aliis
3479 3955 3667 4011 biblio-

2087 4030 2259 4099 thecis
2301 4044 2353 4098 in
2383 4043 2577 4112 Gallia,
2617 4043 2669 4098 in
2697 4044 2887 4116 Anglia
2915 4053 2972 4100 et
2995 4045 3049 4101 in
3073 4045 3253 4114 Belgio
3288 4053 3663 4101 asservantur.

2085 4135 2145 4190 lu
2181 4135 2265 4192 his
2303 4135 2446 4190 enim
2489 4136 2741 4191 omnibus
2769 4152 2838 4192 ne
2872 4135 3231 4208 fragmentum
3275 4136 3494 4206 quidem
3538 4135 3667 4190 ista-

403 4231 460 4284 in
484 4230 756 4286 Eromatis
797 4229 1166 4299 adjudicavit:
1218 4229 1374 4299 cujus
1424 4237 1601 4283 tamen
1658 4229 1984 4284 sententiam
2017 4220 2063 4275 Ῑ)
2089 4243 2208 4284 rum
2238 4228 2622 4283 tractationum
2650 4229 2889 4299 reperire
2938 4237 3042 4284 est.
3093 4229 3201 4285 Sed
3246 4243 3347 4284 nec
3390 4227 3505 4284 scio
3549 4227 3668 4296 quis

405 4318 466 4374 P.
496 4318 680 4374 Labbe
729 4317 973 4374 conlutat
1009 4333 1074 4373 ex
1103 4334 1204 4372 ms.
1229 4317 1415 4373 codice
1443 4316 1568 4372 coll.
1610 4315 1868 4382 Clarom.,
1892 4317 1982 4386 qui

405 4409 631 4481 hujusce
667 4407 973 4466 Carmelita:
991 4417 1206 4464 aetatem
1229 4415 1465 4477 superat.
1505 4405 1692 4461 Neutri
1727 4419 1827 4477 ego
1859 4405 1986 4462 illud

405 4517 543 4572 opus
571 4515 837 4568 asseram,
869 4505 963 4557 sed
989 4502 1204 4556 cuidam
1253 4499 1428 4556 sancti
1476 4497 1715 4554 Anselmi
1747 4497 1986 4554 studioso

406 4594 499 4664 qui
527 4608 592 4649 ex
619 4595 786 4663 ipsius
825 4596 1060 4650 maxime
1115 4595 1400 4652 sententiis
1441 4593 1584 4649 hanc
1639 4592 1984 4661 Christianae,

406 4693 466 4738 ut
487 4683 579 4747 ait,
613 4683 892 4754 theologia:
916 4698 1180 4739 summam
1208 4684 1573 4739 concinnavit.

627 4774 870 4830 Cessent
898 4789 1108 4830 DIALOGI
1138 4775 1218 4830 De
1266 4773 1521 4829 Passione
1543 4773 1773 4827 Domini.

477 4865 668 4921 Exstat
701 4866 1045 4938 bicdialogus
1101 4867 1154 4920 in
1204 4881 1307 4920 ins.
1353 4865 1609 4921 5190101.
1643 4865 1852 4919 'l‘buan.
1887 4864 1989 4919 sub

406 4958 511 5014 hoc
535 4958 690 5014 titulo
715 4976 728 5012 :
764 4958 1013 5016 Planctus
1033 4958 1195 5013 beata:
1235 4957 1426 5013 Mariae
1456 4956 1522 5012 V.
1571 4957 1640 5010 ad
1667 4956 1988 5022 Ansef'mum,

407 5051 472 5103 de
505 5049 747 5119 passione
773 5046 986 5102 Christi.
1015 5049 1208 5103 Exstat
1237 5048 1362 5103 etin
1391 5046 1642 5102 omnibus
1684 5047 1860 5101 editis.
1894 5045 1988 5099 Ni-

409 5143 702 5198 hilominus
757 5151 936 5196 tamen
975 5141 1118 5206 hunc
1173 5157 1278 5195 non
1312 5155 1434 5195 esse
1476 5138 1535 5194 S.
1581 5137 1818 5193 Anselmi
1859 5136 1989 5192 mihi

411 5242 645 5301 constat,
678 5235 739 5289 1ο
766 5247 831 5288 ex
870 5231 1111 5302 prologo,
1165 5233 1256 5287 ubi
1311 5231 1426 5285 inec
1469 5228 1721 5300 leguntur
1752 5244 1767 5282 :
1796 5226 1991 5282 Beatus

411 5428 550 5482 quos
571 5429 599 5467 a
626 5431 682 5470 se
709 5417 1038 5487 compositos
1067 5413 1355 5470 Anselmus
1377 5413 1492 5482 ipse
1519 5421 1763 5468 recenset
1781 5410 1832 5464 in
1856 5425 1992 5480 prae—

415 5503 617 5562 iatione
645 5508 712 5562 ad
735 5510 860 5564 dial.
890 5511 965 5566 De
990 5510 1234 5576 veritate;
1266 5508 1324 5561 3°
1351 5505 1476 5575 quia
1506 5503 1572 5561 de
1593 5519 1658 5560 eo
1695 5504 1992 5560 Eadmerus

2090 4328 2353 4375 tractatus
2383 4319 2469 4374 ille
2495 4321 2588 4386 sit,
2617 4334 2775 4390 quem
2825 4329 2935 4375 tres
2990 4320 3269 4392 Anglicani
3319 4320 3406 4376 isti
3455 4321 3671 4376 codices

2090 4410 2432 4466 inscribunt:
2465 4411 2543 4466 Ile
2593 4412 2924 4481 conceptione
2967 4410 3034 4465 Β.
3091 4410 3360 4481 Virginis;
3416 4410 3504 4466 hic
3524 4411 3669 4465 enim

2091 4500 2278 4555 titulus
2306 4500 2444 4557 libro
2485 4501 2560 4556 De
2582 4511 2832 4571 conceptu
2864 4501 3108 4573 virginali
3143 4502 3212 4558 ab
3242 4501 3671 4571 exscriptoribus

2091 4593 2289 4663 prmligi
2321 4593 2517 4664 potuit.

2162 4683 2384 4754 Insuper
2409 4693 2595 4740 sancto
2633 4683 2887 4740 Anselmo
2913 4685 3058 4740 hunc
3087 4684 3284 4740 librum
3309 4684 3447 4740 falso
3468 4685 3668 4741 ascribi

2093 4783 2202 4830 tota
2233 4774 2402 4843 ipsius
2424 4774 2669 4829 doctrina
2700 4776 2984 4842 reclamat,
3011 4783 3069 4830 ut
3101 4777 3254 4830 novit
3282 4776 3529 4846 quisquis
3555 4775 3672 4844 ejus

2092 4864 2285 4919 librum
2317 4881 2354 4918 ll
2387 4865 2495 4919 Cur
2521 4867 2660 4921 Deus
2684 4867 2870 4932 homo,
2926 4876 2979 4922 el
3023 4868 3256 4922 maxime
3304 4883 3353 4924 c.
3387 4867 3453 4923 16
3497 4877 3554 4921 et
3580 4867 3670 4933 17,

2091 4953 2218 5026 legit
2244 4964 2302 5009 ut
2333 4956 2674 5027 intelligeret.
2707 4957 2766 5010 P.
2805 4957 3135 5028 Raynaudus
3177 4958 3231 5011 in
3296 4971 3393 5012 sua
3445 4954 3674 5022 hujusce

2094 5045 2256 5102 libelli
2287 5046 2512 5118 Syntaxi
2541 5048 2651 5102 vult
2679 5048 2990 5103 Anselmum
3040 5048 3259 5116 eoloci,
3302 5046 3445 5103 sicut
3464 5046 3675 5101 etalios
3761 5067 3766 5074 ·

2092 5136 2195 5190 PP.
2227 5137 2466 5192 locutum
2503 5137 2568 5193 de
2616 5139 2789 5208 prima
2828 5140 3175 5209 conceptione
3205 5154 3325 5210 qua:
3369 5139 3421 5192 in
3455 5137 3675 5207 paterni

2044 5292 2047 5294 _
2093 5227 2315 5282 seminis
2367 5229 2712 5298 susceptione
2773 5230 3042 5297 consistit,
3092 5240 3148 5284 et
3201 5230 3346 5284 unde
3376 5227 3677 5283 incurritur

410 5320 864 5391 Anselmus,etc.;
893 5323 952 5378 2°
975 5323 1099 5393 quia
1115 5322 1160 5376 is
1188 5336 1295 5376 non
1313 5327 1483 5376 estex
1510 5328 1742 5388 quatuor
1764 5317 1992 5386 dialogis
2045 5327 2052 5336 '

2094 5318 2328 5373 debitum
2360 5319 2710 5374 contrahendi
2763 5330 3040 5390 peccatum
3079 5317 3330 5389 originis.
3354 5316 3557 5372 Verum
3589 5315 3677 5370 his

2095 5419 2240 5465 totus
2263 5411 2580 5465 adversatur
2617 5411 2906 5466 Anselmns
2954 5409 3135 5464 citatis
3165 5407 3401 5462 maxime
3431 5406 3484 5459 in
3520 5403 3678 5468 locis,

2095 5504 2184 5559 ubi
2211 5504 2401 5575 prohat
2426 5503 2628 5560 nullam
2659 5519 2779 5581 esse
2805 5504 2856 5558 in
2882 5502 3090 5576 semine
3119 5497 3518 5558 innuunditiam
3557 5509 3678 5566 qua:
