3882 6050
256 247 317 302 ιι
904 227 917 267 ⁸

1332 228 1650 287 estV-suas
1686 221 1968 282 OPERUM
2011 221 2067 274 s.
2111 177 2430 275 ANSELMI.
3429 211 3499 265 ις

254 357 599 418 mundatione
623 359 824 424 egeat;
883 359 937 404 et
992 347 1081 402 tibi
1133 361 1230 400 sno
1273 343 1466 398 Bosoni
1519 342 1850 396 demonstrat
1879 344 1922 397 Α
1956 333 2263 387 festivitatis
2307 329 2645 384 institutione
2690 335 2782 381 aut
2832 326 3120 381 abolitione
3165 340 3231 380 eo
3279 333 3523 394 tempore

253 464 476 509 necesse
504 446 673 500 fuisse
701 445 868 498 Deum
924 439 1195 495 hominem
1240 435 1354 490 ficri
1389 441 1450 486 nt
1489 433 1645 484 beata
1676 429 1840 496 Virgo

1943 424 2177 493 scripsit,
2216 438 2337 476 cum
2372 431 2548 475 tamen
2597 419 2817 488 hujusce
2845 418 3020 472 :etatis
3063 425 3213 487 gesta
3259 423 3336 470 tot
3377 413 3522 469 Scri-

254 505 625 597 rnuudaretur,
655 533 981 600 ipsamquea
1010 527 1214 598 Spiritu
1240 532 1429 579 sancto
1449 537 1544 591 per
1569 519 1842 575 Christum
1913 523 2092 580 plores
2118 513 2273 568 nobis
2301 510 2640 565 tradiderint.
2683 509 2924 578 Denique
2954 509 3044 577 qui
3077 507 3180 562 dici
3211 514 3387 576 potest
3416 505 3528 576 pri-

253 645 373 686 esse
402 622 1038 692 mundatam.0pponunt
1067 618 1154 672 alii
1184 625 1425 670 sanctum
1447 611 1758 667 Anselmum
1790 609 1844 663 in

256 718 688 782 coartationibus
721 714 835 770 suis
865 713 918 766 in
941 709 1112 766 sancti
1167 706 1322 762 Pauli
1360 705 1632 775 Epistolas
1654 704 1844 758 eadem

257 814 490 869 sensisse
529 824 652 878 quae
717 805 769 861 in
829 805 934 858 isto
981 803 1120 856 libro
1151 800 1388 855 deducit.
1435 797 1492 851 In
1540 796 1644 850 ista
1690 794 1838 848 enim

262 901 499 972 Apostoli
569 898 770 963 verba,
846 896 910 948 de
971 903 1180 963 peccato
1253 888 1518 943 damnauit
1580 895 1848 956 peccatum

263 989 696 1062 (Rom.vm),sic
720 989 796 1041 ait
824 1004 836 1039 :
865 984 1042 1038 Maria
1066 998 1132 1036 ea:
1155 981 1320 1034 Adam
1343 989 1550 1032 mortua
1580 978 1682 1031 nisi
1711 976 1846 1030 divi-

269 1083 405 1134 nitus
433 1087 672 1146 exenipta
692 1075 895 1144 fuisset,
942 1080 1086 1136 etc.;
1141 1078 1196 1124 et
1243 1068 1390 1122 ista:
1426 1066 1618 1120 Omnes
1657 1064 1848 1117 mortui

262 1181 375 1225 sunt
406 1166 490 1239 (II
516 1166 638 1219 Cor.
683 1166 756 1234 ι’),
789 1165 868 1219 sic
908 1160 1194 1230 explanat:
1229 1157 1418 1212 Omnes
1453 1157 1631 1225 itaque
1657 1163 1848 1208 mortui

277 1269 392 1314 sunt
437 1259 490 1311 in
514 1257 765 1326 peccatis,
818 1253 1024 1307 nemine
1083 1265 1298 1319 prorsus
1351 1257 1594 1317 excepto,
1641 1246 1849 1314 dempta

263 1351 432 1404 Matre
461 1349 578 1414 Dei,
635 1348 741 1402 sive
788 1342 1173 1415 originalibus,
1229 1341 1333 1394 sive
1373 1341 1530 1394 etiam
1580 1335 1848 1392 voluntate

260 1441 474 1495 additis.

331 1531 413 1586 Ad
442 1529 570 1601 quid
601 1529 751 1585 lucc?
778 1543 882 1584 non
899 1527 1040 1582 enim
1069 1527 1202 1580 istas
1229 1523 1606 1579 enarrationes
1633 1520 1850 1589 scripsit

263 1622 568 1685 Anselmus,
595 1623 688 1676 sed
720 1620 974 1674 Ilervaeus
1040 1614 1462 1687 Burgidolensis,
1494 1621 1552 1666 ut
1573 1611 1673 1682 ipsi
1726 1609 1847 1664 Bel-

1947 605 2054 660 scis
2083 604 2414 674 temporibus
2459 601 2704 657 instituta
2731 600 3015 665 festivitas,
3041 599 3367 670 praevalente
3397 612 3523 652 con-

1949 705 2030 750 tra
2079 695 2399 750 cbaritatem
2447 693 2768 762 simplicium
2797 692 3122 747 auctoritate
3167 690 3532 757 quorumdam

1948 787 2038 856 qui
2085 786 2452 842 ecclesiastica
2505 785 2766 854 dignitate
2813 783 3267 853 prmeminebant,
3327 781 3529 837 abolita

1947 893 2067 934 esse
2105 879 2219 948 ipsa
2264 886 2424 932 (etate
2462 876 2726 942 Anselmi,
2759 877 2848 946 qui
2899 885 3018 944 post
3045 875 3280 944 priorem
3310 890 3466 929 suum
3499 886 3532 926 e

1949 972 2168 1028 civitate
2191 970 2535 1038 Lugilunensi
2568 969 2680 1040 (ubi
2712 970 2780 1022 ab
2805 983 2870 1023 eo
2893 967 3139 1022 instituta
3167 966 3361 1038 fertur)
3390 966 3531 1021 redi-

1951 1069 2062 1114 tum
2087 1061 2179 1114 vix
2204 1061 2388 1114 decem
2418 1074 2590 1114 annos
2624 1057 2962 1127 impleverit?

2021 1149 2136 1204 Non
2164 1165 2293 1216 ergo
2334 1149 2598 1211 Anselmi,
2636 1148 2728 1203 sed
2759 1147 3016 1202 Bernardi
3047 1156 3177 1202 actas
3223 1149 3337 1202 haec
3384 1147 3526 1201 tulit.

1953 1241 2026 1295 Ea
2059 1241 2325 1310 siquidem
2367 1248 2704 1310 tempestate,
2751 1238 3000 1294 videlicet
3025 1238 3173 1293 circa
3212 1254 3342 1293 ann.
3371 1238 3531 1300 1140,

1950 1331 2326 1402 Lugdunensis
2340 1331 2580 1386 Ecclesia
2606 1330 2853 1385 festivam
2887 1329 3127 1384 recolere
3162 1328 3332 1382 voluit
3359 1329 3534 1383 beatae

1952 1420 2189 1490 Virginis
2211 1420 2640 1490 conceptionem.
2667 1418 2819 1486 Quod
2842 1433 2963 1473 cum
2986 1427 3204 1473 sanctus
3225 1417 3534 1473 Bernartius

1951 1519 2006 1564 et
2029 1509 2211 1579 plures
2238 1510 2328 1564 alii
2355 1513 2533 1565 minus
2560 1524 2712 1579 mque
2743 1509 2968 1575 ferrent,
3008 1523 3203 1580 graves
3241 1508 3365 1563 inde
3401 1523 3533 1563 con-

1954 1600 2231 1656 troversiae
2248 1610 2408 1656 motae
2419 1610 2566 1667 sunt,
2585 1601 2648 1655 iis
2670 1599 3144 1665 contendentibus,
3161 1601 3209 1653 l.
3226 1599 3368 1669 quod
3391 1598 3536 1653 nulla

263 1713 520 1767 lat-minus
565 1722 617 1766 et
645 1709 825 1766 Labbe
854 1710 906 1764 in
935 1708 973 1764 1.
1007 1707 1079 1762 De
1109 1707 1302 1776 script.
1356 1704 1491 1760 eccl.
1538 1704 1848 1765 observant,
1879 1676 1928 1736 Β
1956 1699 2099 1747 esset
2125 1692 2266 1747 hanc
2290 1691 2698 1762 conceptionem
2727 1690 3038 1761 specialiter
3072 1688 3341 1744 recolendi
3365 1689 3534 1753 ratio;

264 1814 319 1858 et
344 1802 501 1858 nobis
522 1809 737 1858 constat
773 1818 841 1856 ex
864 1800 1050 1854 codice
1080 1813 1180 1854 ms.
1202 1797 1293 1868 qui
1326 1810 1490 1866 penes
1527 1809 1625 1849 nos
1663 1802 1765 1860 est,
1799 1801 1855 1846 et

265 1909 329 1949 ex
361 1891 516 1960 cujus
547 1893 711 1945 etiam
745 1889 850 1946 fide
875 1899 1025 1945 certo
1087 1888 1258 1957 liquet
1290 1887 1390 1940 bas
1426 1885 1716 1950 clausulas,
1753 1884 1853 1938 nisi

264 1984 511 2038 divinitus
552 1991 788 2050 exempta
836 1981 1038 2049 fuisset,
1077 1988 1133 2032 et
1159 1979 1367 2046 dempta
1391 1975 1564 2029 Matre
1585 1974 1702 2041 Dei,
1733 1987 1854 2030 esse

267 2075 335 2129 ab
373 2075 481 2131 alio
511 2076 746 2130 insertas
793 2082 851 2126 ut
899 2072 1080 2126 Estius
1129 2070 1307 2124 fuerat
1331 2068 1443 2138 jam
1477 2066 1850 2122 subodoratus.

271 2164 399 2220 Ilico
430 2165 575 2221 enim
609 2164 660 2217 in
687 2178 791 2217 ms.
825 2162 1043 2215 minime
1073 2159 1346 2228 leguntur.

343 2254 463 2310 Non
488 2264 572 2310 est
589 2269 718 2324 ergo
737 2253 879 2307 unde
903 2250 1225 2306 concilietur
1254 2261 1436 2303 secum
1451 2260 1697 2316 pugnans
1729 2260 1856 2300 san-

271 2351 338 2406 cti
360 2349 610 2406 Anselmi
641 2348 906 2414 doctrina,
938 2348 982 2402 si
1015 2347 1152 2402 liber
1177 2345 1280 2399 iste
1323 2341 1393 2396 ab
1445 2355 1512 2396 eo
1543 2339 1614 2395 sit
1644 2338 1852 2405 editus;

272 2445 411 2500 unde
432 2443 607 2514 magis
647 2457 770 2498 eum
798 2441 1052 2497 Anselmo
1077 2439 1327 2510 supponi,
1352 2451 1515 2507 quam
1539 2433 1855 2490 Anselmum

269 2536 370 2592 sibi
411 2550 517 2590 non
553 2543 802 2590 constare
821 2549 928 2588 non
973 2532 1155 2601 inique
1181 2529 1505 2585 censuerim.
1534 2527 1647 2582 Hoc
1667 2527 1857 2581 eodem

271 2627 578 2699 argumenti
628 2641 826 2695 genere
870 2625 1107 2697 Angelus
1154 2623 1356 2690 Rocca,
1405 2621 1854 2692 Augustinianus,

273 2736 394 2776 cum
417 2723 596 2776 sancti
627 2723 1018 2776 Bonaventuraz
1047 2718 1224 2789 Opera
1277 2717 1463 2771 Romae
1489 2715 1679 2770 excudi
1704 2729 1859 2768 cura-

275 2819 377 2878 ret,
402 2826 711 2868 sermonem
739 2811 1035 2867 secundum
1063 2811 1130 2865 de
1150 2810 1306 2865 beata
1337 2806 1531 2872 Maria,
1558 2806 1648 2876 qui
1671 2805 1858 2860 eadem

276 2906 496 2975 exponit
528 2919 593 2960 ac
628 2905 729 2960 iste
756 2904 891 2961 liber
914 2945 928 2970 ,
960 2904 1026 2958 ad
1059 2901 1356 2972 marginem
1391 2899 1458 2970 (t.
1487 2897 1578 2964 III,
1604 2898 1660 2951 in
1689 2912 1850 2951 serm.

279 2999 339 3051 de
358 2997 581 3063 sanctis,
605 3012 658 3067 p.
687 2996 790 3052 389
819 2995 957 3052 edit.
1018 2993 1222 3064 Rom.),
1256 2990 1535 3048 concludit
1576 2989 1720 3043 hunc
1747 3001 1862 3076 ser-
1888 3013 1935 3076 ο

282 3099 495 3140 monem
526 3084 585 3140 S.
617 3084 1009 3141 Bonaventura:
1037 3097 1144 3137 non
1169 3093 1311 3148 esse,
1366 3095 1486 3133 cum
1531 3079 1640 3147 ipse
1680 3074 1860 3129 multis

283 3176 400 3232 aliis
437 3179 494 3231 in
538 3177 666 3231 locis
702 3176 997 3246 Opinionem
1028 3174 1082 3227 in
1128 3171 1166 3225 ι.
1233 3186 1296 3226 ιιι
1354 3169 1502 3226 Sent.
1554 3168 1864 3238 aﬁirmatant

281 3271 493 3324 omnino
528 3280 576 3324 et
613 3278 910 3323 constanter
936 3265 1204 3335 defendat.

351 3360 622 3416 Baronius
639 3359 756 3429 ipse
784 3358 837 3412 in
867 3356 1013 3412 notis
1037 3356 1105 3411 ad
1134 3350 1416 3426 Martyrol.
1440 3352 1693 3408 observat
1715 3351 1864 3421 quod

284 3469 349 3509 an
382 3460 644 3508 tractatus
679 3450 758 3505 De
792 3463 1016 3518 concep.
1060 3446 1123 3502 Β.
1160 3445 1224 3500 V.
1275 3445 1346 3500 sit
1395 3442 1636 3498 Anselmi
1673 3441 1868 3496 merito

285 3545 498 3600 ducitur
530 3544 586 3599 in
616 3540 1079 3606 controversiam,
1130 3552 1253 3594 cum
1305 3535 1476 3590 multa
1528 3535 1868 3602 habeatquae

287 3636 458 3691 eidem
479 3634 689 3689 auctori
714 3639 1033 3704 repugnent,
1051 3638 1114 3685 ut
1134 3636 1285 3682 notat
1330 3625 1488 3680 Joan.
1521 3623 1866 3678 Turrecrem.

289 3729 340 3784 in
369 3736 528 3783 tract.
552 3728 628 3782 De
649 3731 895 3795 concept.
913 3725 976 3780 Β.
999 3721 1091 3789 γη
1119 3728 1274 3791 parte
1301 3733 1396 3784 xu,
1419 3731 1469 3772 c.
1497 3713 1552 3769 5.
1569 3713 1683 3769 Hoc
1703 3711 1870 3783 ipsius

288 3821 507 3876 Baconii
536 3818 823 3888 judicium.

355 3913 474 3983 Ipse
496 3924 715 3981 quoque
738 3916 1022 3974 tractatus,
1059 3905 1146 3960 hic
1187 3917 1298 3959 suae
1350 3896 1648 3969 integritati
1675 3909 1740 3950 ac
1769 3909 1871 3964 pu-

293 4001 435 4055 ritati
460 4001 577 4071 jam
608 3998 870 4062 redditus,
895 4011 956 4051 se
985 4011 1090 4051 non
1119 3993 1223 4047 nisi
1270 3997 1395 4061 post
1447 3985 1688 4042 Anselmi
1739 3992 1874 4038 tem-

291 4109 421 4163 pora
445 4092 652 4148 editum
702 4096 1055 4162 protestatur.
1105 4084 1318 4140 Etenim
1349 4082 1417 4137 ab
1439 4080 1556 4150 ipso
1609 4074 1876 4134 sermonis

292 4185 518 4240 exordio
551 4183 882 4246 declaratur,
908 4181 959 4235 I.
994 4181 1136 4249 quod
1180 4174 1436 4231 multisin
1456 4173 1592 4227 locis
1608 4170 1723 4240 jam
1758 4177 1871 4222 tum

294 4275 485 4328 festiva
543 4283 663 4328 erat
711 4273 1027 4328 solemnitas
1105 4265 1489 4336 Conceptionis
1518 4262 1577 4315 Β.
1649 4259 1872 4322 Mariae;

291 4366 346 4420 2.
379 4365 524 4434 quod
554 4364 751 4434 priscis
805 4360 1136 4431 temporibus
1193 4353 1544 4425 frequentiori
1607 4347 1875 4406 usncele-

296 4458 570 4523 braretur,
594 4459 720 4512 dum
746 4469 880 4526 pura
909 4451 1230 4522 simplicitas
1250 4447 1483 4518 vigebat;
1507 4445 1560 4498 5.
1589 4443 1730 4512 quod
1759 4455 1876 4511 per-

297 4554 534 4624 spicacia
595 4560 651 4606 et
687 4549 1017 4606 examinatio
1065 4546 1446 4601 modernorum
1500 4537 1873 4608 quorumdam,

299 4641 668 4713 quismculari
732 4648 788 4694 et
841 4637 1209 4693 ecclesiastica
1264 4631 1609 4694 auctoritate,
1665 4624 1880 4692 divitia-

302 4749 529 4805 rumque
559 4732 885 4788 abundantia
941 4727 1386 4799 prateminebant,
1446 4723 1587 4776 hanc
1624 4717 1882 4775 solemni-

306 4836 468 4881 tatem
501 4824 658 4894 quasi
699 4823 908 4877 ratione
936 4805 1217 4876 vacantem
1269 4818 1335 4872 de
1380 4813 1558 4869 medio
1605 4809 1883 4868 sustulerit

301 4926 357 4972 et
381 4915 654 4987 redegerit
703 4915 756 4968 in
788 4913 1015 4968 nihilum
1041 4927 1055 4976 ;
1109 4909 1164 4964 4.
1227 4905 1372 4977 quod
1401 4902 1645 4958 cbaritas
1677 4898 1882 4967 simpli-

302 5010 444 5065 cium
476 5011 543 5064 de
571 5014 740 5061 tanta:
769 5003 1079 5060 festivitatis
1132 4999 1427 5056 abolitione
1477 5003 1586 5048 tum
1622 4997 1878 5062 gemeret.

370 5106 440 5160 At
469 5105 577 5159 ista
623 5117 748 5158 cum
777 5098 1018 5155 Anselmi
1041 5104 1202 5150 relate
1227 5103 1376 5148 stare
1404 5093 1703 5157 nequeunt;
1744 5081 1885 5137 sicut

309 5214 406 5255 nec
431 5205 803 5254 commentum
833 5193 964 5249 illud
990 5206 1098 5260 quo
1137 5190 1237 5244 ista
1281 5184 1546 5242 festivitas
1585 5179 1782 5235 dicitur
1817 5176 1885 5231 ab

304 5291 565 5346 Anselmo
597 5287 849 5343 instituta
886 5284 1012 5338 dum
1051 5278 1296 5351 Lugduni
1343 5279 1670 5330 moraretur.
1707 5268 1885 5334 Quane

305 5381 601 5452 doquidem
633 5380 697 5432 de
725 5377 793 5430 iis
817 5375 976 5446 plane
1001 5372 1150 5428 siluit
1176 5367 1494 5428 Eadmerus,
1524 5361 1617 5452 qui
1654 5357 1886 5427 singula,

307 5449 415 5529 vel—
439 5469 828 5532 minutissima,
873 5480 995 5536 qua:
1039 5458 1284 5532 Lugduni
1324 5457 1392 5512 ab
1439 5449 1693 5507 Anselmo
1739 5455 1888 5536 gesta

309 5574 459 5631 sunt,
489 5535 902 5619 accuratissime
945 5552 1202 5610 describit
1248 5559 1356 5603 tam
1407 5542 1640 5599 inlibris
1668 5540 1745 5631 de
1770 5535 1889 5606 ejus

315 5627 624 5725 I’ita'quam
653 5653 706 5706 in
734 5649 969 5706 Historia
1001 5655 1283 5699 novorum.
1325 5635 1433 5692 Nec
1463 5632 1600 5689 ullus
1637 5629 1702 5686 de
1733 5627 1888 5684 istius

635 5741 910 5800 Ρηιιοι..
956 5729 1228 5796 CLVIII.

1954 1782 2014 1836 2.
2042 1783 2186 1853 quod
2219 1783 2264 1838 si
2293 1791 2419 1838 ante
2444 1782 2645 1838 Christi
2673 1790 2888 1852 partum
2911 1781 2971 1835 Β.
3006 1781 3166 1851 Virgo
3193 1781 3536 1846 decessisset,

1955 1872 2236 1945 originalis
2282 1872 2491 1944 peccati
2539 1881 2740 1928 sortem
2787 1887 2890 1926 non
2938 1871 3222 1936 evasisset,
3267 1880 3325 1924 ut
3371 1869 3541 1924 refert

1956 1967 2070 2036 ipse
2093 1974 2286 2021 auctor
2317 1965 2541 2035 hujusce
2569 1963 2710 2019 libri.
2744 1963 2841 2018 His
2866 1971 3046 2018 autem
3076 1962 3404 2017 subindicari
3429 1977 3540 2032 prie

1954 2057 2168 2112 caeteris
2209 2071 2274 2111 ac
2310 2055 2560 2125 redargui
2591 2055 2806 2109 videtur
2835 2052 3008 2108 Potho
3047 2052 3379 2107 Prumiensis
3400 2092 3415 2117 ,
3445 2053 3541 2120 qui

1957 2163 2100 2201 anno
2147 2147 2278 2200 1151
2328 2148 2380 2200 in
2419 2147 2513 2200 lib.
2547 2161 2605 2200 ιιι
2651 2145 2724 2200 De
2769 2154 2912 2200 statu
2952 2145 3144 2199 domus
3186 2143 3280 2197 Dei
3331 2144 3393 2212 (t.
3423 2142 3539 2206 XII.

1956 2246 2099 2305 part.
2131 2251 2170 2300 ι,
2198 2235 2336 2290 Bibl.
2363 2233 2529 2301 PP.),
2561 2235 2661 2289 sub
2685 2235 2868 2296 finem,
2895 2235 2970 2286 ait
2990 2232 3224 2286 maxime
3243 2231 3540 2286 absurdum

1956 2326 2130 2380 videri
2158 2325 2301 2395 quod
2327 2323 2525 2379 festum
2548 2323 2932 2393 Conceptionis
2951 2334 3152 2380 sanctae
3175 2326 3356 2381 Mariae
3379 2324 3545 2379 fuerit

1959 2417 2026 2472 de
2052 2430 2192 2471 novo
2226 2415 2531 2480 inductum,
2557 2429 2660 2470 nec
2696 2423 2874 2471 tamen
2903 2431 2964 2471 se
2993 2416 3261 2472 devotioni
3303 2396 3541 2472 fidelium

1960 2510 2246 2578 derogare,
2270 2508 2318 2564 si
2353 2507 2512 2578 hujus
2537 2506 2849 2562 festivitatis
2879 2508 3142 2564 rationem
3181 2519 3404 2577 quaerat.
3436 2508 3539 2564 Ubi

1959 2601 2132 2656 Potho
2161 2614 2382 2656 sensum
2411 2614 2476 2654 ac
2512 2599 2678 2655 verba
2722 2598 2928 2668 profert
2964 2599 3139 2655 sancti
3176 2599 3437 2654 Bernardi
3487 2600 3542 2652 in

1959 2693 2120 2765 epist.
2155 2692 2256 2748 174
2281 2693 2348 2747 ad
2377 2691 2669 2747 canonicos
2693 2689 3102 2762 Lugdunenses.

2029 2783 2438 2838 Advertendum
2461 2796 2682 2852 quoque
2711 2790 2795 2836 est
2821 2782 2964 2852 quod
2991 2782 3046 2836 in
3073 2796 3138 2837 ea
3165 2780 3392 2850 epistola
3419 2795 3545 2836 san-

1961 2880 2080 2927 ctus
2129 2872 2444 2927 Bernardus
2493 2871 2638 2927 dicat
2683 2885 2742 2926 se
2777 2868 2890 2939 jam
2930 2879 3224 2942 antequam
3251 2885 3370 2926 eam
3411 2870 3547 2924 scri-

1962 2963 2139 3030 beret,
2179 2963 2325 3018 hunc
2350 2962 2534 3034 (verba
2565 2962 2684 3032 ejus
2719 2961 2866 3032 sunt)
2896 2975 3138 3016 errorem
3163 2960 3303 3031 apud
3335 2960 3546 3030 aliquos

1964 3055 2328 3125 comperisse;
2392 3053 2488 3110 sed
2539 3052 2930 3109 dissimulando
2987 3052 3294 3122 pepercisse
3343 3051 3547 3120 simpli-

1965 3145 2109 3201 cium
2137 3145 2430 3210 devotioni,
2453 3159 2612 3214 quem
2633 3141 2886 3212 iniquiori
2910 3141 3092 3196 animo
3116 3141 3238 3196 tulit
3259 3139 3311 3194 in
3333 3141 3548 3209 sapien-

1966 3237 2113 3293 tibus
2137 3236 2271 3295 viris
2299 3245 2353 3291 et
2382 3236 2434 3290 in
2474 3233 2670 3306 insigni
2719 3231 2982 3289 Ecclesia.
3012 3231 3092 3286 Ex
3119 3230 3314 3302 quibus
3347 3230 3406 3284 fit
3433 3246 3549 3284 ma-

1967 3329 2250 3394 nifestum,
2284 3328 2336 3382 1.
2369 3325 2472 3381 hoc
2500 3325 2672 3381 sancti
2700 3323 2961 3379 Bernardi
3002 3333 3275 3392 tempore,
3305 3320 3394 3390 qui
3427 3331 3552 3390 post

1967 3423 2279 3479 Anselmum
2306 3418 2505 3485 floruit,
2544 3419 2752 3487 aliquos
2777 3417 3044 3472 duntaxat
3070 3412 3450 3484 simpliciores,
3483 3413 3552 3466 de

1969 3515 2166 3583 quibus
2197 3514 2250 3567 in
2275 3511 2502 3582 praefato
2529 3517 2758 3564 tractatu
2786 3507 2994 3563 dictum
3034 3514 3137 3570 est,
3172 3508 3343 3560 beata:
3370 3502 3552 3558 Mariae

1969 3606 2382 3677 conceptionem
2417 3603 2581 3658 fuisse
2608 3608 2929 3665 veneratos;
2962 3597 3018 3651 2.
3044 3612 3144 3653 nec
3171 3595 3297 3650 dum
3338 3595 3553 3664 publice

1970 3713 2036 3754 ac
2078 3683 2392 3753 solemniter
2440 3692 2509 3747 ab
2558 3690 2817 3747 Ecclesiis
2873 3688 3034 3744 recoli
3090 3687 3337 3753 solitam;
3387 3686 3444 3740 3.
3497 3694 3555 3740 et

1969 3788 2197 3860 proinde
2225 3786 2367 3839 hanc
2411 3783 2760 3838 festivitatem
2790 3780 2860 3834 ab
2896 3779 3138 3834 Ecclesia
3182 3777 3551 3848 Lugdunensi,

1973 3895 2081 3934 non
2107 3891 2173 3931 ex
2199 3873 2440 3930 Anselmi
2465 3873 2734 3936 instituto,
2762 3885 2862 3925 nec
2884 3869 3002 3938 ejus
3026 3877 3188 3924 aetate
3216 3868 3384 3922 fuisse
3409 3865 3553 3920 cele-

1973 3971 2208 4033 bratam,
2236 3982 2358 4023 cum
2385 3973 2608 4020 sanctus
2624 3961 2928 4017 Bernardus
2950 3961 3090 4014 illius
3115 3959 3371 4014 Ecclesia:
3393 3974 3555 4012 cano-

1975 4062 2126 4116 nicos
2146 4058 2304 4128 hujus
2321 4055 2649 4112 celebritatis
2673 4051 3010 4122 redarguerit
3035 4051 3218 4105 statim
3247 4056 3410 4118 atque
3430 4063 3551 4103 eam

1976 4149 2352 4221 deprehendit.
2383 4145 2786 4217 Superstitione,
2821 4143 3014 4212 inquit,
3054 4142 3400 4212 deprehensa,
3443 4149 3552 4195 etc.

1977 4243 2111 4297 Eam
2161 4249 2339 4295 autem
2371 4253 2476 4291 non
2516 4236 2820 4307 ignorasset
2861 4234 2907 4287 si
2945 4231 3014 4286 ab
3041 4231 3281 4286 Anselmi
3316 4241 3558 4302 tempore

1904 4351 1956 4412 ι)
1982 4339 2126 4388 esset
2152 4329 2396 4385 instituta
2430 4330 2482 4382 in
2505 4341 2568 4381 ea
2601 4326 2860 4387 Ecclesia,
2890 4322 3046 4393 cujus
3077 4324 3222 4392 ipse,
3258 4331 3319 4377 ut
3349 4322 3421 4376 ibi
3450 4322 3556 4386 ait,

1978 4423 2286 4495 specialiter
2309 4429 2429 4475 erat
2457 4419 2617 4474 filius.
2650 4417 2784 4472 Cum
2816 4429 2945 4483 ergo
2975 4415 3089 4467 haec
3125 4428 3247 4482 qua:
3276 4413 3328 4464 in
3357 4427 3422 4466 eo
3450 4420 3560 4464 tra-

1978 4524 2128 4574 ctatu
2157 4515 2226 4568 de
2268 4509 2582 4567 festivitatis
2612 4508 2754 4562 illius
2785 4503 3125 4558 institutione
3171 4510 3226 4554 et
3267 4499 3560 4556 abolitione

1980 4611 2182 4679 scripta
2211 4606 2461 4676 legimus,
2497 4601 2671 4656 sancti
2693 4599 2930 4654 Anselmi
2969 4593 3303 4664 temporibus
3339 4592 3562 4645 minime

1980 4710 2296 4770 congruant,
2324 4702 2583 4752 tractatus
2605 4695 2694 4750 hic
2723 4707 2828 4747 non
2853 4691 2921 4746 ab
2945 4687 3218 4752 Anselmo,
3250 4685 3344 4741 sed
3364 4684 3432 4739 ab
3454 4683 3562 4738 alio

1983 4795 2285 4851 recentiore
2313 4790 2650 4862 compositus
2672 4795 2777 4842 est.

2487 4924 2731 4979 Crassum
2774 4933 3045 4976 cris'roue

2089 5033 2204 5074 srvi:
2243 5031 2500 5071 SERMONIS
2536 5015 2614 5068 De
2643 5010 2974 5079 conceptione
3003 5012 3166 5060 beata:
3204 5003 3454 5074 Virginis.

2055 5153 2216 5208 Pater
2255 5149 2579 5219 Raynaudus
2615 5157 2922 5200 sermonem
2959 5141 3102 5196 hunc
3132 5155 3199 5194 ex
3238 5152 3340 5192 ms.
3364 5151 3554 5190 mona-

1987 5244 2138 5299 sterii
2181 5242 2366 5297 Sancti
2418 5235 2742 5308 Ragneberti
2786 5233 3032 5288 Jurensis
3056 5229 3222 5285 edidit
3261 5229 3340 5281 sic
3364 5228 3564 5281 inscri-

1986 5345 2137 5405 ptum
2169 5351 2183 5387 :
2216 5330 2452 5402 Epistola
2489 5328 2653 5384 sancti
2683 5325 2914 5381 Anselmi
2945 5323 3009 5376 de
3028 5319 3359 5388 conceptione
3396 5318 3560 5372 beata:

1988 5429 2198 5484 Marica.

2065 5519 2337 5574 Anselmus
2374 5511 2768 5571 Cantuariensis
2808 5505 3225 5576 archiepiscopus
3275 5510 3324 5556 et
3371 5499 3597 5570 Angloo‘

1994 5635 2107 5672 rum
2163 5625 2344 5687 pastor
2397 5608 2706 5681 coepiscopis
2767 5606 2876 5658 suis
2919 5611 2963 5656 et
3001 5597 3238 5654 omnibus
3272 5593 3338 5648 Β.
3379 5592 3568 5646 Maria!

3292 5686 3333 5743 2
