3882 6054
489 85 518 105 ἢ

252 180 322 234 is
1271 173 1324 226 s.
1367 168 1735 225 ANSELMUS
1773 167 2124 224 CANTUAR.
2165 168 2479 223 ARCIIIEP.
2886 152 2889 165 ‘
3445 165 3516 219 tt

252 287 499 360 mysteria
526 285 829 351 colentibus,
858 282 1075 338 salutem
1118 294 1162 336 et
1201 293 1500 352 perpetuam
1534 284 1586 333 in
1617 280 1828 334 Christo
1863 285 1904 341 Α
1938 281 2273 351 migraverit.
2322 280 2556 333 maxime
2602 279 2670 331 ad
2701 275 3033 345 exploranda
3076 275 3348 330 Danorum
3388 292 3518 332 cono

256 377 688 435 benedictionem.

326 469 527 525 Verum
556 468 797 522 fictiliam
822 480 941 521 esse
972 466 1110 520 hanc
1135 462 1417 533 epistolam
1458 461 1686 517 suadent
1713 460 1833 531 plu-

256 560 417 624 rima,
452 561 504 613 1.
535 558 811 628 inscriptio
845 558 959 612 haec
982 570 1085 609 non
1132 562 1218 608 est
1259 552 1529 618 Anselmi;
1571 567 1836 622 nusquam

259 654 404 708 enim
451 652 504 707 in
554 648 795 719 epistolis
830 647 945 715 ipse
972 659 1032 699 se
1074 642 1366 713 Anglorum
1398 649 1665 711 pastorem
1702 657 1838 695 nun-

260 750 447 814 cupat,
478 755 585 811 quo
612 737 750 792 forte
782 750 887 788 non
918 734 1091 788 levem
1133 733 1236 787 sibi
1290 731 1544 786 invidiam
1593 730 1832 794 fecisset;

262 832 319 889 2.
351 838 575 887 sanctus
619 825 907 881 Anselmus
935 823 1284 893 coepiscopos
1316 838 1421 877 non
1475 821 1663 875 fuisset
1707 820 1840 874 allo-

264 935 420 979 cutus
450 923 534 977 his
557 918 735 974 verbis
761 935 775 971 :
811 916 1145 970 Dilectissimi
1175 915 1384 984 fratres,
1409 911 1618 965 dilectio
1647 920 1839 974 vestra,

268 1016 469 1084 absque
517 1011 621 1064 ulla
649 1006 925 1078 dignitatis
955 1022 1019 1061 ac
1061 1016 1297 1075 paterna:
1341 1000 1659 1057 reverentiae
1692 1008 1840 1064 nota,

273 1117 433 1172 quam
480 1101 532 1154 in
563 1098 775 1153 caeteris
803 1108 1018 1165 semper
1058 1092 1333 1156 adhibuit;
1373 1092 1426 1145 3.
1460 1087 1701 1159 epistola:
1737 1103 1843 1141 non

270 1193 592 1249 clauduntur
638 1189 725 1243 his
759 1187 983 1241 vocibus
1022 1202 1036 1238 :
1076 1193 1357 1253 prastante
1396 1181 1620 1234 Domino
1667 1189 1844 1232 nostra

269 1288 398 1341 Iesu
438 1282 647 1337 Christo
686 1277 827 1332 Filio
862 1278 977 1347 ejus
1002 1276 1135 1345 ,qui
1182 1290 1299 1326 cum
1344 1271 1507 1325 Patre
1553 1282 1598 1324 et
1647 1266 1849 1337 Spiritu

274 1386 455 1431 sancto
479 1374 597 1430 virit
636 1380 685 1425 et
713 1378 894 1439 regnat
935 1367 1076 1421 Deus
1104 1382 1195 1435 per
1223 1362 1433 1432 inﬁnita
1456 1361 1650 1417 swcula
1683 1375 1848 1415 sacu-

274 1468 467 1521 lorum.
502 1461 774 1523 Amen;4.
806 1459 984 1515 nullus
1004 1473 1072 1514 ex
1103 1456 1346 1512 historiae
1368 1453 1679 1526 Anglicanat
1709 1452 1851 1507 scri-

276 1558 521 1629 ptoribus
545 1553 716 1607 refert
761 1567 791 1605 a
830 1549 1115 1605 Guillelmo
1141 1547 1511 1616 Conquestore
1542 1544 1593 1598 in
1625 1542 1851 1597 Daniam

1938 374 2058 427 silia
2091 373 2179 442 qui
2205 372 2366 441 paulo
2394 381 2517 440 post
2543 372 2595 424 in
2621 369 2868 440 Angliam
2897 368 3169 438 irrupere.

2009 463 2143 530 Quis
2172 478 2304 534 ergo
2338 465 2440 518 iste
2465 462 2680 517 Elsinus
2699 474 2793 516 seu
2826 458 3107 531 Egelsinus
3152 466 3268 520 est,
3312 458 3400 514 cui
3452 474 3518 513 ex

1938 557 2014 611 Da
2024 556 2109 610 nia
2136 556 2379 610 redeunti
2400 563 2547 608 tanta
2570 551 2806 608 revelata
2823 562 2952 606 sunt
2965 550 3222 620 mysteria
3238 551 3264 603 ἲ
3283 549 3521 606 Dixerim

1942 647 2090 701 hunc
2120 660 2221 700 nec
2248 644 2674 708 Ramesiensem,
2706 657 2808 698 nee
2835 641 3306 707 Cantuariensem,
3333 658 3429 697 sex
3455 658 3520 697 ex

1942 745 2175 805 utroque
2218 734 2509 789 conficlum
2541 734 2633 803 qui
2671 733 2806 787 etin
2854 732 3079 787 Daniam
3116 729 3524 798 transfretarct,

1943 842 2051 897 quo
2094 826 2227 880 abiit
2255 825 2695 889 Cantuariensis;
2727 832 2781 878 et
2826 823 2916 892 qui
2959 821 3313 876 Ramesiense
3340 837 3526 879 coeno-

1943 918 2090 972 bium
2119 925 2349 986 regeret,
2392 930 2463 970 ne
2489 913 2641 969 exsul
2681 921 2775 967 aut
2834 911 3092 982 profugus
3131 912 3428 966 etiamnum
3472 912 3526 965 in

1944 1010 2115 1064 Dania
2164 1012 2520 1094 crederetur:
2557 1007 2637 1061 sic
2684 1006 2860 1076 seipsa
2906 1004 3144 1059 concidit
3188 1003 3331 1059 male
3378 1011 3526 1058 texta

1948 1111 2210 1153 narratio.

2022 1189 2076 1243 6.
2109 1188 2323 1243 Elsinus
2361 1186 2463 1241 iste
2507 1184 2787 1256 naufragio
2816 1183 3092 1253 proximus
3127 1183 3263 1237 adeo
3300 1196 3533 1252 scrupu-

1951 1279 2066 1335 lose
2107 1279 2330 1349 inquirit
2360 1294 2464 1332 non
2499 1278 2675 1331 solum
2721 1278 2786 1331 de
2828 1276 2936 1339 die,
2974 1275 3071 1332 sed
3114 1284 3173 1331 et
3215 1274 3533 1331 festivitatis

1951 1371 2155 1438 ofﬁcio,
2200 1380 2257 1425 ut
2288 1380 2405 1425 arte
2438 1370 2735 1438 composita
2785 1369 2899 1424 haec
2940 1369 3181 1424 narratio
3211 1368 3372 1425 facile
3407 1383 3535 1424 cre-

1952 1463 2134 1519 datur.

2026 1555 2080 1609 7.
2104 1553 2254 1610 Adeo
2289 1553 2441 1609 varie
2463 1550 2731 1621 descripta
2760 1560 2841 1606 est
2876 1551 2992 1606 haec
3016 1549 3266 1621 epistola,
3295 1558 3355 1605 ut
3382 1566 3540 1605 men-

277 1618 497 1704 inissum
526 1644 788 1709 Elsinum,
814 1641 905 1711 qui
938 1649 1115 1695 utrum
1144 1638 1357 1704 classis,
1388 1644 1448 1689 ut
1473 1634 1615 1688 fama
1632 1641 1771 1700 erat,
1800 1633 1854 1687 in

1975 1644 2113 1699 iacio
2158 1645 2212 1699 in
2256 1645 2466 1698 incerto
2508 1618 2786 1697 ﬂuctuanti
2835 1657 2994 1713 quam
3024 1618 3237 1697 veritati
3275 1658 3398 1713 quae
3427 1643 3534 1697 sibi

277 1739 525 1807 Angliam
553 1736 834 1806 dirigenda
865 1740 1171 1802 pararetur,
1214 1727 1483 1799 sagaciter
1524 1723 1852 1795 exploraret.

277 1830 391 1883 imo
438 1827 654 1881 tradunt
695 1838 886 1880 omnes
934 1820 1309 1884 Guillelmum,
1361 1817 1543 1871 statim
1594 1823 1756 1885 atque
1801 1815 1855 1869 in

289 1919 483 1988 tngliae
515 1931 695 1988 regem
723 1924 967 1970 sacratus
992 1921 1097 1979 est,
1125 1912 1177 1965 in
1200 1908 1647 1965 Nortbmanniam
1676 1916 1856 1962 trans-

280 2010 529 2073 fretasse,
569 2017 625 2061 et
653 2007 929 2076 aliquanto
965 2012 1085 2074 post
1127 2003 1396 2056 Danorum
1425 1999 1856 2071 potentissimam

281 2100 509 2155 classem
542 2099 596 2152 in
622 2097 869 2167 Angliam
910 2096 1194 2163 irrupisse.
1222 2094 1354 2149 Cum
1390 2092 1588 2162 quibus
1614 2090 1860 2160 profecto

280 2189 421 2244 male
462 2187 697 2243 conteret
736 2186 907 2256 prima
956 2185 1112 2239 istius
1148 2182 1388 2252 epistolae
1430 2182 1546 2236 sive
1590 2179 1861 2236 sermonis

281 2278 546 2335 narratio.
578 2275 635 2331 Si
666 2275 809 2330 enim
842 2272 1057 2328 Elsiuus
1097 2279 1344 2342 paratam
1391 2268 1619 2324 classem
1659 2283 1860 2322 renun-

283 2370 477 2425 tiasset
513 2366 801 2422 Guillelmo
821 2405 836 2430 ,
866 2364 949 2418 vel
981 2364 1094 2432 ipse
1122 2377 1190 2417 ex
1221 2359 1412 2431 Anglia
1459 2374 1565 2413 non
1603 2357 1857 2423 exiisset,

283 2462 371 2517 vel
402 2460 594 2515 saltem
624 2457 759 2514 Dani
789 2470 910 2511 eam
938 2470 1002 2509 eo
1046 2454 1314 2523 imparato
1354 2466 1461 2509 non
1510 2451 1858 2505 invasissent.

282 2553 343 2608 ὃ.
385 2552 622 2617 Elsiuus,
653 2548 875 2617 Anglice
918 2543 1201 2614 Aiegelsin,
1240 2557 1346 2597 non
1389 2541 1490 2596 fuit
1532 2541 1586 2595 in
1613 2541 1861 2595 abbatem

283 2644 689 2697 Ramesiensem
734 2636 938 2692 electus
966 2634 1070 2689 nisi
1103 2649 1193 2688 an.
1237 2632 1394 2696 1080,
1437 2639 1496 2685 ut
1540 2629 1771 2685 habetur
1807 2628 1863 2683 in

286 2733 538 2801 Registro
582 2728 649 2783 de
699 2726 953 2798 Ramsey,
1003 2724 1098 2779 fol.
1140 2723 1266 2781 218.
1320 2721 1522 2777 Fabula
1573 2720 1736 2789 igitur
1779 2728 1866 2774 est

286 2820 516 2875 cwuobii
546 2816 914 2872 Ramesiensis
934 2816 1185 2870 abbatem
1214 2812 1458 2868 Elsiuum
1480 2827 1510 2865 a
1535 2809 1863 2865 Cuillelmol

286 2909 608 2965 accersitum
653 2907 1029 2976 directumque
1082 2904 1253 2959 fuisse
1296 2903 1349 2957 in
1401 2903 1626 2957 Daniam
1679 2902 1863 2956 statim

288 3007 450 3071 atque
472 2998 716 3070 Angliam
739 3013 849 3053 sua:
863 2996 1047 3051 ditioni
1064 2993 1313 3063 subjecit,
1332 2993 1435 3049 hoc
1455 3003 1538 3048 est
1555 3008 1695 3047 anno
1708 2992 1866 3047 1066.

359 3092 579 3157 Elsinus
608 3092 696 3146 hic
722 3091 775 3144 in
796 3089 1025 3145 ecclesia
1052 3087 1241 3143 Sancti
1272 3086 1556 3156 Augustini
1579 3084 1871 3154 aliquando

294 3184 557 3237 resedisse
586 3181 784 3236 dicitur
828 3180 883 3234 in
933 3180 1105 3234 altera
1150 3177 1484 3233 narratione.
1542 3176 1609 3231 Et
1652 3175 1869 3246 quidem

290 3271 606 3329 Guillelmus
642 3269 822 3324 Torne
852 3269 905 3322 in
928 3267 1213 3323 Cbronicis
1246 3267 1498 3322 abbatem
1541 3264 1728 3320 Sancti
1761 3264 1871 3318 Au-

291 3363 490 3434 gustini
511 3361 769 3416 Cantuar.
794 3359 861 3414 ad
883 3374 1009 3413 ann.
1041 3358 1179 3413 1059
1208 3358 1349 3411 inter
1373 3371 1468 3411 eos
1490 3353 1712 3409 abbates
1736 3353 1874 3409 bene

294 3462 543 3511 recenset
575 3451 925 3523 Egelsinum;
954 3458 1011 3505 et
1055 3450 1123 3504 de
1165 3463 1231 3503 eo
1275 3449 1417 3502 inter
1445 3454 1640 3500 caetera
1682 3443 1874 3500 scribit

294 3544 460 3614 quod,
493 3545 611 3615 ipso
644 3551 699 3597 et
744 3541 1004 3609 Stigando
1044 3538 1453 3610 archiepiscopo
1493 3535 1872 3593 Cantuariensi

295 3635 543 3700 ducibus,
590 3634 820 3704 populus
849 3632 1165 3688 Cantiorum
1207 3646 1351 3686 anno
1399 3629 1539 3684 1066
1588 3627 1873 3684 Guillelmo

295 3732 689 3788 occurrerunt;
723 3732 779 3778 et
805 3722 952 3793 quod
975 3731 1131 3792 pacto
1171 3721 1315 3776 inter
1342 3735 1436 3777 eos
1472 3719 1674 3775 findere
1708 3717 1873 3774 abbas

305 3817 406 3871 iste
438 3814 490 3869 in
536 3813 760 3883 Daniam
793 3812 1150 3884 navigaverit,
1198 3812 1292 3867 sed
1336 3810 1594 3882 profugus
1628 3818 1689 3866 ut
1735 3809 1872 3864 Iram

296 3905 568 3961 Guillelmi
609 3904 925 3971 declinaret,
947 3917 1065 3958 «non
1090 3912 1148 3957 ut
1175 3900 1293 3972 ejus
1329 3904 1537 3973 legatus
1561 3909 1655 3957 aut
1687 3899 1875 3968 explo-

298 4006 466 4063 rator,
493 4007 554 4052 ut
580 3996 734 4065 tingit
761 3995 963 4051 fabula.
990 3994 1229 4062 Denique
1254 3992 1398 4063 quod
1429 4007 1536 4047 non
1568 3990 1743 4046 solum
1765 4006 1871 4046 non

296 4086 458 4142 fuerit
506 4085 574 4140 ad
624 4086 908 4141 ecclesiam
959 4083 1364 4138 Ramesiensem
1416 4091 1724 4153 promotus,
1778 4082 1874 4138 sed

295 4178 439 4247 quod
469 4191 733 4246 nusquam
759 4191 825 4231 ex
853 4190 918 4231 eo
950 4184 1190 4245 tempore
1210 4175 1571 4244 comparuerit
1594 4174 1873 4246 Egelsinus

296 4269 422 4334 iste,
471 4268 607 4322 adeo
657 4275 717 4321 ut
764 4267 816 4321 in
863 4264 981 4336 ejus
1026 4264 1205 4321 locum
1253 4280 1348 4320 rex
1392 4265 1555 4321 alium
1601 4265 1874 4321 suffecerit

296 4362 516 4417 nomine
566 4358 941 4426 Scotlantlum,
976 4358 1129 4428 cujus
1176 4360 1434 4423 instantia
1481 4375 1510 4413 a
1565 4374 1690 4431 rege
1724 4375 1875 4415 man-

296 4458 481 4511 datum
511 4463 596 4510 est
622 4469 685 4511 ea
714 4456 893 4511 omnia
926 4456 1064 4510 bona
1093 4454 1342 4512 coenobio
1377 4453 1561 4509 Sancti
1590 4453 1875 4524 Augustini

298 4546 534 4611 restitui,
560 4562 680 4614 quae
709 4548 880 4602 abbas
900 4547 1003 4601 iste
1028 4546 1337 4617 Egelsinus,
1366 4561 1526 4615 quem
1560 4561 1651 4601 rex
1683 4546 1795 4614 ipse
1821 4545 1874 4598 in

296 4652 396 4691 suo
423 4636 690 4704 rescripto
725 4646 885 4691 vocat
926 4636 1247 4707 fugitivum,
1289 4636 1374 4691 vel
1413 4643 1759 4692 concesserat
1794 4634 1877 4689 vel

297 4727 467 4796 abripi
499 4728 839 4796 permiserat.
866 4727 981 4783 Non
1012 4741 1142 4798 ergo
1165 4729 1211 4782 is
1236 4728 1452 4784 Elsinus
1470 4738 1554 4785 est
1572 4730 1662 4798 qui
1694 4745 1725 4783 a
1752 4742 1878 4797 rege

295 4819 348 4871 in
378 4817 602 4872 Daniam
641 4818 838 4874 missus
866 4828 974 4883 est,
1002 4828 1059 4873 et
1086 4820 1176 4889 qui
1215 4834 1273 4874 re
1302 4836 1424 4875 cum
1462 4822 1627 4876 Danis
1650 4821 1789 4877 facta
1820 4822 1875 4874 in

295 4905 545 4974 Angliam
595 4907 845 4962 redeunti
892 4908 1033 4963 facta
1065 4909 1135 4963 sit
1181 4909 1404 4979 praefata
1453 4911 1727 4967 revelatio.
1770 4911 1879 4965 Nec

298 4999 443 5054 enim
476 5000 523 5054 is
574 4999 675 5053 fuit
717 5015 953 5069 unquam
1002 5001 1370 5058 Ramesiensis
1416 5004 1647 5060 coenobii
1696 5004 1875 5072 Pater,

299 5105 400 5146 nec
447 5093 514 5147 ad
551 5092 732 5148 Danos
779 5093 1052 5161 transivit,
1099 5094 1199 5150 nisi
1250 5094 1538 5166 profugus;
1586 5098 1726 5152 unde
1781 5112 1879 5152 nec

300 5182 512 5250 uspiam
547 5199 796 5241 reversus
818 5195 919 5241 est.

372 5271 478 5328 Sed
505 5290 605 5332 nec
640 5276 807 5332 abbas
836 5276 1203 5332 Ramesiensis
1230 5278 1297 5332 ad
1326 5278 1378 5333 id
1411 5280 1654 5335 muneris
1678 5294 1708 5334 a
1752 5295 1880 5352 rege

302 5362 463 5432 deligi
504 5366 699 5433 potuit,
744 5382 865 5423 cum
916 5366 1131 5424 Elsinus
1180 5369 1267 5423 hic
1316 5370 1566 5425 abbatem
1621 5385 1725 5427 non
1775 5373 1879 5429 nisi

310 5468 451 5511 anno
482 5453 621 5511 1080
650 5457 720 5512 sit
745 5457 967 5524 electus,
1001 5467 1056 5516 et
1086 5461 1420 5531 nusquamin
1450 5461 1674 5518 Daniam
1707 5472 1883 5521 trans-

1957 1745 2189 1802 constat,
2236 1736 2456 1806 propior
2487 1734 2579 1789 sit.
2610 1734 2668 1787 in
2698 1750 2758 1789 ea
2790 1748 2952 1803 quam
2974 1732 3143 1788 edidit
3168 1733 3327 1787 Pater
3350 1728 3571 1804 Yepez“

1959 1828 2011 1883 in
2059 1827 2352 1897 appendice
2381 1834 2513 1881 tom.
2556 1824 2647 1880 γη
2675 1824 2874 1880 Chron.
2906 1824 3024 1877 ord.
3065 1822 3124 1878 S.
3168 1822 3393 1891 Bened.,
3424 1823 3542 1879 edi-

1960 1916 2103 1970 citur
2131 1914 2273 1984 quod
2323 1922 2543 1970 sanctus
2590 1912 2840 1968 Nicotaus
2884 1912 2954 1967 sit
3002 1912 3261 1967 infulatus
3304 1914 3392 1977 hic
3441 1913 3540 1982 qui

1959 2004 2145 2061 Elsino
2174 2003 2510 2076 naufraganti
2550 2004 2838 2069 succurrit,
2871 2016 2971 2057 nec
2997 2002 3101 2057 nisi
3126 2018 3233 2057 una
3272 2002 3543 2073 apparitio

1961 2092 2013 2145 in
2056 2107 2118 2146 ea
2147 2102 2422 2145 narratur.
2455 2091 2510 2144 ln
2552 2106 2615 2145 ea
2659 2106 2779 2158 quae
2825 2091 2910 2145 hic
2936 2091 3085 2145 edita
3124 2101 3239 2158 est,
3271 2091 3391 2146 duae
3420 2091 3547 2147 alite

1960 2184 2148 2238 eodem
2179 2182 2318 2253 slyio
2347 2181 2572 2251 adjectae
2617 2190 2745 2237 sunt
2792 2183 3147 2237 narrationes.
3192 2182 3282 2235 Illa
3317 2182 3542 2237 tandem

1963 2287 2124 2341 quam
2150 2287 2216 2325 ex
2244 2288 2344 2326 ms.
2368 2270 2634 2327 Gemmet.
2665 2268 2863 2340 subieci
2895 2287 2961 2326 eo
2993 2272 3180 2327 titulo:
3213 2271 3546 2326 Mirandum

1963 2364 2026 2417 de
2054 2364 2384 2432 conceptione
2425 2363 2487 2416 Β.
2534 2362 2749 2431 Μανία),
2791 2364 2983 2432 partim
3018 2363 3306 2435 rhythmis,
3338 2363 3546 2433 partim

1964 2454 2142 2510 soluta
2172 2453 2417 2508 oratione
2454 2453 2753 2522 composita
2789 2462 2902 2521 est,
2935 2463 2990 2508 et
3024 2454 3236 2509 unicam
3276 2454 3550 2510 duntaxat

1965 2540 2360 2612 apparitionem
2390 2541 2659 2597 enuntiat.
2704 2542 2944 2612 Denique
2984 2543 3367 2599 revelationem
3400 2544 3549 2599 hanc

1968 2632 2170 2687 factam
2200 2631 2385 2687 abbati
2411 2632 2465 2687 in
2495 2631 2775 2704 naufragio
2797 2633 3093 2689 constituto
3118 2634 3402 2689 Durandus
3426 2634 3549 2702 ipse

1969 2721 2300 2778 Mimatensis
2339 2722 2622 2792 episcopus
2646 2723 2853 2794 (1296),
2889 2724 2923 2778 l.
2957 2739 3029 2779 vn
3074 2724 3153 2779 De
3187 2724 3350 2779 divin.
3382 2724 3548 2794 ofﬂa,

1966 2814 2234 2871 concludit
2256 2829 2361 2871 non
2376 2802 2502 2871 esse
2524 2815 2893 2872 authenticam
2921 2831 3022 2872 nec
3049 2817 3470 2886 approbandam.

2045 2908 2101 2963 8.
2129 2906 2245 2963 Non
2268 2907 2439 2978 magis
2463 2907 2576 2962 veri
2598 2908 2833 2977 speciem
2861 2906 3021 2963 habet
3050 2908 3192 2976 quoi
3216 2908 3285 2962 de
3312 2907 3551 2976 quodam

1975 2997 2206 3053 diacono
2251 2996 2540 3066 Hungaria‘.
2579 2998 2721 3068 regis
2764 3011 3021 3068 germano
3062 3007 3335 3053 narratur.
3393 2996 3555 3052 Hunc

1972 3086 2160 3145 volunt
2176 3082 2354 3155 (Wtou
2394 3085 2430 3140 l.
2464 3102 2503 3141 ιι
2552 3086 2708 3157 Ligni
2727 3088 2867 3152 vita)
2881 3102 3004 3144 esse
3029 3087 3381 3152 Fridericum,
3412 3102 3556 3157 qua-

1974 3178 2337 3251 dragesimum
2380 3179 2592 3233 tertium
2629 3179 2989 3247 Aquileiensis
3023 3180 3279 3235 Ecclesiae
3316 3180 3557 3250 patriar-

1973 3272 2156 3335 cham,
2192 3284 2354 3339 quem
2373 3267 2554 3325 Caroli
2598 3268 2749 3325 Calvi
2777 3269 2946 3327 tilium
2974 3277 3031 3325 et
3064 3272 3390 3326 monachum
3424 3270 3557 3325 Ful-

1974 3363 2195 3421 densetn
2241 3360 2474 3431 fingunt,
2519 3360 2713 3419 deinde
2758 3361 2827 3417 ab
2868 3376 2935 3417 eo
2979 3361 3034 3416 in
3080 3362 3558 3431 archiepiscopum

1974 3463 2252 3524 assumpto
2278 3453 2581 3509 institutam
2604 3453 2775 3510 fuisse
2793 3454 2934 3510 hanc
2960 3452 3329 3511 festivitatem.
3365 3453 3563 3525 Ugbel-

1977 3543 2060 3601 lus
2097 3546 2151 3599 in
2204 3552 2335 3598 tom.
2372 3543 2410 3599 V
2440 3542 2608 3599 Italiae
2641 3543 2846 3609 Sacraa,
2888 3559 3008 3613 quae
3034 3543 3221 3599 Romae
3256 3545 3400 3599 edita
3442 3553 3558 3611 est,

1974 3636 2119 3692 hanc
2157 3635 2395 3694 fabulam
2440 3635 2615 3706 rejicit
2655 3635 2994 3693 et‘coafutat
3029 3652 3097 3692 ex
3144 3652 3212 3692 eo
3255 3638 3399 3707 quod
3453 3639 3560 3695 iste

1974 3727 2419 3799 archiepiscoltus
2441 3727 2583 3781 inter
2607 3725 2784 3782 Caroli
2810 3726 2947 3782 filios
2976 3742 3085 3784 non
3123 3738 3471 3784 recensentur
3500 3732 3559 3786 in

1974 3819 2264 3875 stemmate
2300 3818 2710 3889 Carolingorum
2749 3836 2762 3872 :
2804 3833 2979 3889 neque
3015 3819 3072 3874 in
3111 3820 3386 3890 epitaphio
3411 3823 3562 3891 quo.l

1974 3908 2091 3978 ejus
2127 3907 2376 3978 sepulcro
2406 3908 2637 3963 incisum
2662 3917 2766 3973 est,
2797 3906 2903 3963 ulla
2935 3909 2999 3967 de
3024 3908 3092 3964 iis
3117 3907 3384 3965 habeatur
3406 3924 3564 3964 men-

1976 4001 2078 4067 tio;
2109 4015 2211 4056 nec
2236 4000 2303 4055 de
2322 4014 2389 4055 eo
2416 3998 2837 4068 Christophorus
2863 3999 3150 4058 Brovverus
3199 4000 3362 4056 ullam
3406 4017 3563 4056 men-

1977 4093 2176 4148 tionem
2201 4090 2365 4149 habet
2391 4090 2443 4146 in
2470 4090 2609 4147 libro
2637 4090 3034 4160 Antiquitatum
3077 4091 3420 4149 Fuldensium
3466 4094 3563 4147 ubi

1975 4185 2041 4240 de
2062 4184 2395 4255 praestantia,
2419 4182 2664 4240 doctrina
2690 4191 2745 4240 et
2773 4183 2973 4253 pietate
2998 4182 3294 4239 illustrium
3322 4181 3565 4237 Fulden-

1906 4275 2115 4351 Dsium
2167 4275 2556 4330 monachorum
2609 4275 2812 4331 diserte
2874 4276 3005 4344 agit.
3074 4274 3318 4345 Denique
3379 4275 3565 4330 nullus

1976 4367 2145 4422 scitur
2169 4366 2532 4437 Aquileiensis
2564 4367 2874 4437 patriarcha
2900 4367 3067 4424 fuisse
3088 4368 3234 4438 regis
3272 4368 3565 4439 [iungaris

1978 4472 2287 4525 germanus.
2339 4456 2452 4515 Nec
2491 4459 2559 4513 de
2602 4456 2900 4514 festivitate
2928 4472 3117 4513 recens
3160 4458 3380 4513 inducta
3425 4456 3566 4515 Ber—

1978 4550 2203 4614 nartius,
2234 4549 2404 4605 Potho
2430 4558 2486 4606 et
2505 4549 2593 4607 alii
2622 4550 2768 4605 circa
2799 4565 3000 4605 annum
3028 4548 3164 4605 1140
3191 4549 3399 4603 causali
3422 4546 3569 4605 fuis-

1978 4651 2119 4707 sent,
2147 4640 2193 4696 si
2224 4640 2280 4694 in
2306 4640 2469 4696 Italiae
2498 4639 2627 4696 sede
2647 4638 2995 4709 patriarcbali
3029 4640 3098 4694 ab
3120 4654 3265 4694 anno
3292 4638 3418 4701 884,
3447 4651 3564 4706 quo

1979 4730 2080 4787 iste
2108 4729 2465 4798 Aquileiensis
2490 4730 2928 4800 archiepiscopus
2947 4730 3153 4787 electus
3172 4738 3277 4797 est,
3297 4731 3379 4785 vel
3398 4729 3568 4799 paulo

1978 4830 2120 4890 post,
2156 4836 2277 4876 cum
2309 4822 2518 4879 octavis
2543 4821 2734 4879 fuisset
2751 4820 3041 4877 celebrata.

2050 4911 2103 4966 9.
2150 4910 2559 4982 lmpoenitentite
2602 4909 2779 4977 ﬁnali,
2827 4925 2947 4980 qua)
2991 4910 3124 4965 illud
3168 4918 3448 4979 peccatum
3474 4917 3570 4965 est

1979 5001 2123 5070 quod
2166 5016 2343 5071 neque
2390 5001 2443 5056 in
2490 5000 2675 5055 futuro
2719 5000 2915 5055 saeculo
2957 5000 3285 5067 remittetur,
3333 4998 3565 5054 nimium

1985 5094 2133 5149 favet
2161 5094 2316 5149 tertia
2344 5093 2570 5163 hujusce
2594 5092 2836 5163 epistolas
2876 5093 3148 5159 narratio;
3186 5100 3240 5147 et
3269 5089 3573 5159 Scriptura:

1988 5184 2187 5239 dicenti
2225 5184 2367 5253 quod
2422 5182 2512 5237 ubi
2576 5183 2740 5238 arbor
2795 5183 3079 5248 ceciderit,
3146 5182 3222 5237 ibi
3284 5180 3568 5243 manebit;

1983 5273 2344 5343 Ecclesiaeque
2385 5272 2658 5345 proﬁtenti
2706 5276 2851 5347 quod
2911 5276 2964 5331 in
3013 5274 3225 5331 inferno
3276 5271 3420 5329 nulla
3478 5280 3572 5327 est

1986 5368 2320 5437 redemptio,
2363 5367 2527 5433 nimis
2595 5378 2860 5439 repugnat
2910 5377 2977 5423 ut.
3012 5367 3172 5425 fidem
3229 5372 3524 5422 mereatur.

2056 5461 2141 5515 10.
2172 5459 2297 5517 Haec
2322 5461 2463 5525 ratio
2486 5461 2628 5531 quod
2653 5461 2774 5518 ideo
2802 5460 2986 5518 extolli
3011 5460 3206 5518 debeat
3238 5458 3297 5516 Β.
3330 5456 3399 5513 Μ.
3425 5470 3568 5512 con-
