3882 6050
333 267 404 326 45
1417 252 1738 314 censum
1780 242 2060 305 oreuun
2095 243 2154 298 s.
2197 241 2508 297 ANSELML
3522 236 3592 291 to

337 381 537 451 ceptio,
568 377 709 434 sicut
735 385 788 432 et
809 375 924 444 ejus
951 374 1225 438 nativitas,
1258 369 1382 439 quia
1411 368 1512 421 nisi
1550 365 1638 420 illa
1667 361 1918 430 concipe-
1949 366 1994 418 Α
2089 357 2166 412 De
2207 352 2424 408 homilia
2477 359 2655 406 autem
2701 351 2752 404 in
2787 349 2936 412 illud,
2991 347 3208 402 Dccebal
3259 347 3418 410 enim,
3457 357 3592 416 etc.,

338 443 510 536 reiur,
552 483 660 523 non
711 443 1049 528 nasceretur,
1081 477 1108 516 a
1155 460 1216 515 S.
1267 455 1542 512 Bernardo
1580 443 1814 508 refertur
1857 463 1923 504 ac

341 561 610 618 refellitur
643 557 817 627 (epist.
855 555 1014 624 ﬁt):
1046 551 1188 622 quod
1221 555 1538 618 argumento
1575 554 1660 600 est
1687 541 1920 598 fabulam

340 655 480 708 hanc
505 665 568 704 ea
599 657 758 703 aetate
784 647 952 700 fuisse
978 645 1285 699 confictam.

413 743 502 795 11.
533 741 740 794 Auctor
779 739 830 792 in
857 751 952 792 eos
979 735 1070 804 qui
1097 735 1239 788 lianc
1271 729 1616 785 festivitatem
1649 723 1922 780 celebrare

343 833 685 896 abnuebant,
729 837 984 898 tanquam
1013 827 1067 880 in
1095 825 1320 878 insanos
1351 829 1407 876 et
1445 821 1750 874 insensatos
1775 816 1924 870 inve-

347 925 514 978 hitur.
551 921 702 988 Quod
745 934 906 989 quam
930 918 998 972 ab
1019 914 1258 970 Anselmi
1288 910 1550 968 modestia
1575 923 1637 962 ac
1667 920 1920 962 mansuc-

345 1017 530 1069 tudine
558 1013 794 1067 alienum
835 1010 930 1076 sit,
979 1007 1130 1063 novit
1173 1003 1418 1075 quisquis
1446 1000 1564 1071 ejus
1601 999 1799 1068 scripta
1838 995 1922 1051 vel

345 1124 408 1163 eu
419 1109 546 1162 rsim
579 1105 797 1161 evolvit.

413 1201 571 1256 Circa
612 1196 932 1252 miraculum
981 1194 1047 1248 de
1081 1191 1438 1262 conceptione
1474 1187 1532 1242 S.
1571 1185 1750 1240 Marize
1777 1184 1922 1254 quod

341 1308 404 1346 ex
435 1306 536 1344 ms.
563 1287 830 1344 Gemmet.
852 1283 1010 1350 (λάε),
1033 1284 1174 1339 idem
1202 1289 1420 1337 ceuseto
1440 1277 1582 1350 quod
1603 1277 1669 1332 de
1695 1273 1920 1346 epistola

341 1381 698 1452 praecedente.

413 1473 512 1527 His
543 1484 718 1530 autem
745 1469 800 1524 in
829 1467 1079 1524 omnibus
1109 1467 1162 1522 id
1187 1479 1354 1520 unum
1397 1463 1479 1534 egi
1513 1471 1572 1516 ut
1612 1462 1773 1516 hasce
1814 1468 1920 1514 tra-

344 1565 611 1619 ctationes
653 1577 759 1616 non
802 1573 922 1615 esse
953 1559 1126 1614 sancti
1169 1555 1410 1612 Auselmi
1457 1554 1916 1614 demonstrarent,

343 1653 588 1722 nihilque
609 1653 678 1706 ad
705 1649 1088 1718 Conceptionis
1127 1647 1482 1704 festivitatem
1513 1661 1577 1699 ac
1603 1643 1920 1714 mysterium

2025 447 2152 518 quid
2201 444 2528 502 censendum
2581 443 2652 496 sit
2691 441 2802 495 dixi
2859 443 2911 494 in
2963 439 3188 494 aliarum
3246 437 3592 496 homiliarum

2025 553 2279 592 censura.

2343 629 2588 684 CENSURA
2619 640 2836 682 nuonun
2867 641 3264 682 MIRACULORUM.

2093 723 2148 776 In
2181 736 2282 774 ms.
2321 719 2820 774 San-Germanensi
2855 716 2957 772 608
2981 719 3086 772 duo
3117 719 3230 772 haec
3258 717 3520 772 miracula
3561 731 3590 768 a

2023 820 2211 866 sancto
2255 811 2512 864 Anselmo
2553 809 2694 864 edita
2725 810 2992 863 dicuntur.
3027 808 3180 864 Unde
3209 823 3276 862 ne
3301 809 3429 878 quid
3452 807 3594 878 0pc-

2025 917 2142 956 rum
2171 917 2292 970 qua:
2322 899 2420 970 ipsi
2449 900 2815 966 aseribuntur,
2859 900 2912 954 in
2955 899 3058 954 hoc
3083 897 3353 954 volumine
3380 899 3593 954 deside-

2021 999 2254 1054 raretur,
2283 1003 2368 1056 ea,
2397 989 2740 1059 quantumvis
2761 988 3003 1043 fabulosa
3032 995 3088 1042 et
3111 987 3256 1042 nulla
3283 989 3386 1042 fide
3409 988 3590 1056 digna,

2022 1081 2338 1150 adjecimus.
2367 1081 2618 1152 Ejusdem
2649 1081 2872 1150 generis
2891 1081 3004 1135 haec
3041 1088 3166 1134 sunt
3195 1079 3348 1150 cujus
3373 1087 3427 1134 et
3455 1094 3594 1148 prte-

2020 1171 2116 1228 fati
2149 1181 2410 1228 tractatus
2427 1170 3276 1240 Deconceptione,etiniraculum
3305 1170 3590 1226 abbatissae

2021 1277 2139 1332 quae
2165 1261 2365 1332 angelis
2397 1261 2870 1316 obstetricantibus
2900 1269 3108 1330 partum
3135 1261 3322 1315 edidit.

2234 1354 2482 1410 CENSURA
2519 1368 2660 1408 ueni
2699 1351 2776 1405 De
2812 1361 3140 1406 sacramento
3179 1352 3388 1406 altaris.

2094 1445 2150 1499 lu
2189 1461 2291 1500 ms.
2328 1445 2717 1500 Cambronensi
2751 1444 2838 1498 hic
2863 1443 3002 1498 liber
3047 1453 3225 1500 exstat
3269 1447 3349 1500 sic
3390 1445 3586 1501 inscri-

2021 1546 2181 1606 ptus:
2219 1535 2413 1605 Incipit
2440 1535 2569 1588 liber
2593 1534 2790 1588 domini
2809 1533 3038 1588 Anselmi
3069 1535 3132 1588 de
3153 1546 3476 1589 sacramento
3507 1536 3592 1589 al-

2021 1629 2169 1682 taris.
2229 1627 2340 1682 Sub
2389 1627 2576 1682 eodem
2635 1625 2788 1680 titulo
2843 1625 3038 1694 legitur
3093 1625 3146 1678 in
3210 1641 3310 1679 ms.
3344 1625 3590 1680 Atrebat.

345 1701 585 1722 ------—1—-
611 1701 677 1706 ——
715 1701 1083 1718 η--ητνην-κ-
1661 1701 1680 1714 .

345 1743 520 1813 διιίεί9
563 1743 632 1796 de
671 1741 868 1810 quibus
897 1754 1112 1809 semper
1137 1738 1190 1792 id
1231 1737 1456 1794 sentiam
1501 1735 1644 1806 quod
1672 1733 1922 1791 Ecclesia:
1951 1701 1998 1760 Β
2026 1715 2466 1786 Quandoquidem
2487 1729 2614 1769 vero
2634 1728 2699 1769 eo
2729 1714 2782 1767 in
2805 1728 2966 1782 opere
2995 1712 3172 1782 aliqua
3201 1713 3593 1784 redarguuntur

339 1833 544 1905 judicio
568 1832 759 1886 stabit.

471 1945 720 2000 CENSUBA
759 1955 1023 1998 rassmms
1068 1949 1368 1996 sanctorum
1393 1935 1661 2008 Guigneri,
1685 1943 1792 1992 etc.

417 2040 481 2092 D.
511 2037 748 2092 Joannes
781 2035 1044 2090 Picardus
1089 2033 1231 2086 hanc
1270 2031 1577 2094 historiam,
1611 2029 1654 2082 si
1695 2027 1925 2083 historia

349 2127 576 2181 dicenda
622 2134 724 2189 est,
789 2137 854 2178 ex
911 2139 1014 2178 ms.
1063 2121 1312 2177 bibliotb.
1379 2119 1668 2172 Victorius:
1718 2118 1926 2186 primus

351 2217 538 2280 edidit,
569 2223 623 2270 et
649 2223 840 2269 sancto
861 2213 1118 2268 Anselmo
1141 2209 1411 2278 ascripsit.
1435 2207 1608 2275 ipsam
1636 2216 1815 2260 tamen
1840 2207 1926 2259 vix

353 2306 1242 2378 Anselmodignamjudicavimus,
1292 2301 1419 2370 quia
1467 2301 1520 2353 in
1565 2313 1630 2352 ea
1677 2299 1929 2369 leguntur

351 2401 518 2456 multa
551 2416 672 2470 qua:
705 2414 836 2454 vero
875 2398 1100 2452 minime
1146 2394 1340 2449 similia
1375 2391 1611 2446 seusatis
1636 2391 1749 2446 visa
1781 2398 1925 2453 sunt,

354 2505 408 2548 ct
455 2507 578 2562 quae
629 2491 798 2544 risum
849 2489 1020 2560 magis
1063 2495 1318 2541 excutere
1369 2498 1532 2552 quam
1563 2482 1628 2536 ad
1675 2481 1928 2550 pietatem

353 2601 568 2640 morere
596 2591 822 2653 possunt

710 2696 954 2752 Cessent
988 2691 1178 2764 iudicii
1205 2691 1269 2744 de
1291 2687 1590 2743 stabilitate.

422 2809 568 2865 Nihil
607 2817 798 2864 sancto
847 2803 1102 2860 Anselmo
1141 2801 1416 2871 indignum
1447 2796 1638 2860 habet;
1688 2809 1786 2849 nec
1823 2793 1933 2848 dis—

353 2913 514 2958 sonat
541 2901 610 2956 ab
635 2901 702 2956 iis
727 2914 848 2969 qua:
871 2905 1094 2952 sanctus
1123 2893 1410 2948 Anselmus
1440 2887 1682 2944 Lanzoni
1713 2885 1932 2956 scripsit

355 2996 410 3048 in
441 2991 670 3063 epistola
698 3005 818 3060 quae
847 3000 931 3043 cSt
952 2987 1022 3042 29
1053 2986 1176 3041 libri
1213 3000 1252 3039 ι.

465 3083 712 3140 Crassum
738 3078 1125 3150 Disputationis
1152 3073 1329 3130 Judaei
1367 3087 1481 3126 cum
1507 3069 1823 3124 Christiano.

433 3171 823 3243 Disputationis
880 3170 1036 3224 istius
1096 3177 1372 3222 auctorem
1440 3171 1496 3217 et
1557 3167 1930 3231 argumentum

360 3275 543 3332 aperte
567 3264 770 3318 indicat
797 3259 1026 3330 cpistola
1048 3272 1164 3328 qua:
1188 3257 1308 3310 loco
1335 3251 1536 3324 prologi
1571 3249 1929 3322 praemittitur.

361 3353 634 3410 Hactenus
664 3353 862 3407 inedita
895 3351 1104 3414 fuerat,
1140 3348 1240 3403 etsi
1275 3347 1326 3402 in
1366 3343 1610 3414 pluribus
1647 3356 1746 3394 ms.
1783 3354 1937 3408 repe-

361 3444 526 3506 ritur,
577 3441 828 3498 videlicet
877 3440 932 3494 in
985 3454 1086 3494 ms.
1139 3435 1266 3492 bibl.
1317 3434 1534 3498 Elnon.,
1585 3429 1715 3486 bibl.
1765 3429 1934 3498 Longi

361 3534 567 3600 Pontis,
593 3533 722 3588 bibl.
749 3532 992 3588 ecclesia-3
1014 3528 1226 3584 cathed.
1244 3527 1498 3588 Tornac.,
1521 3533 1576 3578 et
1596 3521 1724 3576 bibl.
1751 3519 1935 3576 Sancti

361 3626 668 3690 Lamberti;
702 3633 898 3694 printer
928 3639 1030 3678 ms.
1059 3621 1192 3678 bibl.
1227 3619 1286 3676 S.
1320 3617 1546 3688 Remigii
1583 3616 1764 3678 Rem.,
1803 3611 1932 3678 bibl.

365 3713 504 3769 Vict.
554 3724 610 3769 et
657 3714 788 3768 bibl.
841 3709 1396 3774 San—Germanensis;
1439 3721 1504 3761 ex
1549 3705 1745 3776 quibus
1789 3703 1934 3758 illam

357 3803 494 3874 juris
515 3803 714 3874 publici
741 3803 988 3860 fecimus.

906 3913 1151 3970 CENSURA
1187 3910 1402 3968 Annali.

436 4007 908 4078 Dialogum'bunc,
935 4008 1026 4077 qui
1059 4021 1090 4060 a
1119 4002 1424 4074 quingentis
1449 3999 1602 4056 annis
1626 4006 1684 4054 et
1707 3995 1938 4067 amplius

367 4099 422 4152 in
474 4099 923 4154 bibliothecarum
969 4097 1186 4154 scriniis
1238 4095 1557 4156 delituerat,
1611 4105 1642 4146 e
1686 4088 1938 4144 Laetiensi

365 4190 596 4246 feliciter
617 4189 1068 4260 deprompsimus.
1093 4190 1138 4242 Δ
1163 4187 1400 4256 Ruperto
1438 4182 1730 4240 Tuitiensis
1756 4193 1939 4236 emno-

365 4282 438 4336 hii
471 4281 664 4336 abbate
689 4281 960 4335 Annulum
983 4281 1126 4334 hunc
1147 4294 1266 4334 esse
1289 4277 1667 4346 compositum,
1690 4281 1745 4328 et
1769 4271 1940 4326 tribus

2025 1821 2144 1874 quae
2173 1805 2398 1874 legimus
2434 1805 2484 1857 in
2527 1803 2677 1857 libris
2723 1803 2798 1856 De
2836 1801 3032 1855 divinis
3059 1799 3244 1857 ofﬁciis
3271 1842 3285 1866 ,
3313 1817 3451 1870 quos
3481 1801 3592 1856 Ru-

2025 1905 2210 1964 pertus
2239 1894 2532 1948 Tuitiensis
2557 1907 2697 1947 anno
2727 1893 2856 1947 1111
2892 1893 3128 1962 scripsit,
3159 1891 3443 1948 Anselmus
3467 1907 3593 1946 vero

2026 1989 2276 2044 humanis
2305 1998 2590 2058 exemptus
2619 1988 2690 2042 sit
2719 2003 2862 2042 anno
2897 1988 3058 2052 1109,
3104 1987 3270 2056 liquet
3306 1987 3434 2042 illud
3460 2001 3594 2056 opus

2027 2083 2096 2137 ab
2121 2081 2376 2136 Anselmo
2405 2095 2512 2135 non
2541 2081 2826 2150 prodiisse.
2850 2079 3000 2147 Quod
3032 2087 3086 2134 et
3117 2081 3170 2133 in
3199 2080 3424 2148 Ruperti
3447 2081 3592 2148 Apo—

2027 2173 2164 2242 logia
2189 2173 2358 2228 fusius
2379 2172 2618 2240 exposui.
2649 2171 2800 2224 Hunc
2823 2171 3003 2240 itaque
3027 2169 3217 2224 librum
3241 2185 3338 2224 suo
3363 2171 3594 2238 auctori,

2029 2263 2312 2318 Guillelmo
2341 2263 2526 2317 Sancti
2574 2261 2894 2316 Theoderici
2916 2301 2930 2325 ,
2965 2260 3118 2327 cujus
3147 2276 3342 2316 nomen
3377 2262 3598 2333 przefert

2029 2353 2083 2408 in
2112 2367 2216 2407 ms.
2246 2351 2634 2421 Longi-Pontis
2669 2359 2722 2404 et
2749 2350 2800 2404 in
2833 2349 2982 2414 aliis,
3022 2349 3382 2414 dimittentes,
3419 2351 3593 2420 ipsum

2029 2443 2120 2500 hic
2139 2443 2509 2498 excedendum
2533 2439 2752 2494 minime
2775 2439 3104 2506 censuimus,
3133 2454 3254 2492 cum
3287 2439 3428 2494 inter
3448 2440 3594 2494 Guil-

2031 2533 2176 2588 lelmi
2218 2532 2430 2588 abbatis
2471 2530 2528 2586 S.
2575 2529 2896 2586 Theoderici
2948 2529 3121 2599 Opera
3163 2531 3216 2586 in
3263 2531 3596 2588 Bibliotheca

2031 2625 2376 2682 Cisterciensi
2405 2623 2581 2680 editus
2601 2623 2884 2678 habeatur.

2031 2721 2278 2778 Csnsunx
2315 2734 2458 2774 ueni
2495 2719 2573 2774 De
2593 2718 2832 2772 membris
2860 2725 2910 2772 et
2947 2717 3148 2771 actibus
3179 2715 3284 2772 Deo
3313 2715 3596 2772 attributis.

2105 2811 2206 2866 Hic
2233 2807 2364 2866 liber
2393 2809 2446 2862 in
2480 2815 2609 2862 tom.
2639 2805 2707 2861 Ν
2737 2821 2958 2876 operum
2987 2805 3046 2862 S.
3093 2806 3374 2876 Augustini
3409 2807 3602 2862 inscri-

2034 2911 2160 2974 ptus
2185 2903 2402 2974 legitur,
2437 2899 2515 2956 De
2543 2899 2762 2954 essentia
2787 2897 3129 2964 Divinitatis;
3169 2907 3224 2952 et
3259 2899 3314 2954 in
3351 2908 3476 2954 tom.
3505 2898 3598 2956 IX.

2037 2995 2268 3065 Operum
2301 2991 2360 3048 S.
2387 2987 2696 3061 llieronytni
2724 2997 2808 3042 est
2826 2987 3052 3058 epistola
3085 2988 3168 3054 15,
3206 2988 3279 3042 De
3307 2989 3372 3044 iis
3397 3005 3511 3060 qua:
3538 2989 3602 3042 de

2035 3087 2144 3142 Deo
2177 3088 2232 3140 in
2263 3085 2554 3154 Scripturis
2581 3083 2776 3136 sanctis
2811 3081 3202 3136 attribuuntur:
3237 3093 3413 3138 exstat
3435 3085 3601 3140 etiam

2034 3178 2176 3230 inter
2205 3175 2264 3232 S.
2295 3174 2688 3230 Bonaventurze
2709 3169 2986 3240 opuscula.
3017 3168 3190 3235 Unde,
3220 3170 3344 3226 licet
3375 3173 3426 3228 in
3455 3172 3600 3242 prio-

2037 3268 2184 3324 ribus
2221 3265 2378 3320 editis
2409 3263 2582 3318 sancti
2607 3261 2844 3318 Auselmi
2875 3261 3129 3332 operibus
3153 3261 3438 3326 habeatur,
3479 3277 3602 3318 cum

2035 3359 2090 3412 in
2118 3357 2266 3412 nullo
2295 3371 2397 3410 ms.
2421 3353 2541 3410 cod.
2573 3352 2812 3408 Anselmi
2843 3365 3036 3406 nomen
3063 3350 3326 3420 obtineat,
3353 3351 3500 3406 illum
3524 3352 3604 3406 di-

2035 3449 2300 3505 misimus.

2233 3541 2478 3596 Csnsunx
2515 3551 2782 3592 Lienonun
2813 3535 2888 3589 De
2917 3532 3140 3605 imagine
3169 3533 3371 3586 mundi.

2109 3635 2220 3690 Hoc
2241 3648 2378 3702 opus
2397 3638 2573 3686 exstat
2601 3630 2652 3682 in
2677 3644 2780 3682 ms.
2799 3627 2864 3682 14
2885 3625 3014 3681 bihl.
3045 3624 3253 3694 collegii
3281 3623 3601 3688 Ovialensis,

2037 3729 2116 3784 sic
2141 3726 2457 3795 inscriptum
2487 3744 2500 3776 :
2535 3721 2786 3792 Epilogus
2813 3734 3016 3788 mappa:
3046 3717 3226 3770 mundi
3253 3733 3344 3786 per
3369 3715 3607 3768 eumdem

2041 3815 2282 3886 (Petrum
2311 3815 2376 3868 de
2397 3811 2605 3866 Alliaco
2631 3803 3130 3872 Cameracensem).
3153 3803 3208 3858 lu
3234 3817 3333 3858 ms.
3359 3801 3424 3858 12
3448 3801 3610 3856 colle-

2037 3907 2107 3978 gii
2136 3903 2390 3972 Corporis
2416 3899 2652 3963 Christi,
2695 3898 2836 3952 inter
2867 3894 3104 3964 llugonis
3146 3893 3340 3962 Opera,
3377 3891 3450 3945 De
3477 3892 3610 3944 ima-

2038 3999 2152 4069 gine
2179 3994 2357 4050 mundi
2388 3990 2504 4044 libri
2533 3989 2657 4042 duo.
2698 3987 2753 4040 ln
2781 4002 2880 4038 ms.
2914 3985 2944 4036 7
2971 3983 3159 4052 colleg.
3201 3981 3410 4036 Sanctae
3431 3980 3610 4034 Trini-

2039 4091 2206 4146 tatis:
2247 4085 2401 4140 Liber
2435 4079 2648 4135 IIenrici
2687 4077 3055 4145 IIuntingdon,
3085 4073 3172 4144 qui
3204 4073 3395 4126 dicitur
3424 4071 3608 4142 Imago

2041 4180 2158 4236 Dei.
2184 4178 2242 4232 lu
2265 4191 2368 4230 ms.
2393 4174 2495 4227 567
2526 4170 2734 4241 collegii
2763 4167 2819 4222 S.
2853 4165 3128 4220 Benedicti
3158 4184 3168 4218 :
3214 4164 3397 4233 Imago
3428 4163 3608 4216 mutuli

2041 4272 2324 4338 composita
2349 4283 2440 4336 per
2469 4264 2539 4318 II.
2572 4263 2898 4318 canonicum.
2931 4258 3128 4312 Ibid.in
3155 4272 3254 4312 ms.
3283 4255 3352 4310 5'2
3381 4273 3394 4308 ι
3427 4255 3609 4322 Imago

369 4374 522 4428 libris
543 4375 698 4443 quasi
731 4373 950 4428 totidem
994 4373 1222 4442 gemmis
1257 4371 1568 4426 distinctum
1613 4367 1680 4421 ah
1713 4366 1939 4433 ipsomet
1969 4371 2014 4424 ι)
2041 4362 2218 4416 mundi
2247 4375 2363 4414 cum
2391 4355 2606 4426 prologo
2639 4353 2862 4406 doctoris
2889 4349 3166 4402 clarissimi
3196 4345 3424 4399 Anselmi
3458 4361 3612 4412 super

368 4462 628 4517 discimus
675 4463 730 4516 in
762 4462 878 4532 ejus
905 4461 1128 4530 prologo
1158 4461 1224 4514 ad
1265 4460 1431 4513 libros
1460 4457 1534 4510 De
1565 4455 1942 4526 gloriﬁcatione

369 4548 428 4603 S.
447 4549 715 4604 Trinitatis
737 4561 783 4604 et
803 4552 1126 4619 processione
1150 4549 1374 4619 Spiritus
1397 4547 1585 4610 sancti,
1610 4545 1698 4598 ubi
1721 4559 1778 4598 se
1801 4544 1942 4596 hunc

369 4639 664 4703 Anuulum,
693 4617 975 4709 expetente
1024 4617 1242 4693 Cunoiie
1277 4637 1544 4708 quondam
1580 4635 1774 4688 abbate
1806 4633 1946 4702 Syn-

372 4729 713 4798 gebernensi,
745 4736 858 4782 tum
907 4727 1284 4798 Ratisponensi
1329 4727 1600 4794 episcopo,
1637 4731 1755 4791 post
1793 4735 1940 4774 com-

375 4819 548 4886 pletos
578 4819 836 4873 tredecim
883 4819 1092 4873 libellos
1147 4817 1218 4870 De
1264 4817 1432 4886 gloria
1461 4813 1588 4866 Filii
1619 4811 1862 4878 hominis,
1891 4818 1945 4863 et

373 4917 500 4962 ante
530 4920 810 4980 susceptos
838 4909 1003 4964 libros
1033 4909 1108 4962 De
1145 4907 1544 4978 glori/icatione,
1577 4913 1680 4958 etc.
1713 4901 1839 4973 (hoc
1862 4909 1946 4954 est

377 4996 520 5051 circa
561 5014 650 5052 an.
699 4998 857 5068 “27)
903 4997 1286 5066 conscripsisse
1326 5011 1383 5050 se
1425 4993 1696 5063 praefatur.
1743 4993 1816 5046 De
1860 4992 1944 5046 his

375 5087 528 5156 plura
559 5089 786 5144 disserui
817 5089 868 5142 in
891 5089 1145 5158 Apologia
1175 5103 1272 5156 pro
1297 5087 1554 5156 liuperto.

466 5210 710 5266 Csascnx
747 5225 954 5264 LIBELL!
993 5225 1077 5264 cm
1121 5225 1347 5263 TITULUS
1379 5225 1390 5260 :
1429 5205 1680 5272 Qaa’dam
1712 5204 1850 5256 dicta

1012 5279 1183 5344 utilia,
1213 5289 1316 5332 etc.

447 5369 524 5423 Ea
551 5367 609 5422 P.
643 5369 812 5439 Rayn.
844 5384 906 5423 ex
933 5384 1063 5423 mss.
1089 5367 1219 5422 bibl.
1251 5367 1428 5421 Vatic.
1461 5365 1665 5434 primus
1695 5363 1748 5416 in
1773 5359 1944 5414 lucem

379 5461 563 5516 misit:
596 5470 650 5516 et
675 5462 786 5515 lucc
809 5461 1022 5529 quidem
1061 5459 1372 5514 Anselmum
1416 5458 1646 5526 sapiunt.
1683 5451 1942 5508 Nonnulla

380 5567 448 5608 c-x
495 5567 596 5606 ms.
630 5551 946 5606 Corbeiensi
1001 5551 1084 5606 his
1133 5549 1528 5620 subjunximus,
1571 5561 1688 5615 quae
1734 5559 1834 5598 nec
1879 5542 1946 5597 ab

379 5643 632 5700 Anselmo
663 5643 834 5698 aliena
862 5651 1004 5698 sunt.

2045 4453 2232 4505 librum
2264 4448 2414 4516 cujus
2457 4454 2640 4498 auctor
2672 4451 2746 4494 est
2778 4439 2932 4506 Creg.
2985 4437 3350 4504 IIuntingdon.
3397 4436 3450 4486 ln
3507 4451 3608 4488 ms.

2045 4545 2150 4598 9.80
2179 4540 2433 4596 Biblioth.
2467 4534 2647 4604 Regia:
2675 4547 2688 4584 :
2717 4530 2911 4598 Incipit
2943 4526 3187 4596 prologus
3219 4527 3352 4577 beati
3379 4525 3612 4579 Anselmi

2045 4633 2268 4706 episcopi
2301 4645 2455 4698 super
2497 4627 2688 4678 librant
2727 4621 2815 4692 qui
2845 4620 3077 4672 dicitur:
3110 4616 3293 4686 Imago
3323 4618 3524 4670 mundi.
3557 4616 3610 4668 lu

2046 4739 2150 4778 ms.
2184 4721 2286 4776 512
2315 4727 2514 4772 nostrae
2561 4713 2809 4768 hihliotb.
2841 4707 3236 4763 Sun-German.
3271 4715 3449 4760 exstat
3479 4707 3614 4758 liber

2047 4811 2389 4867 intitulatus:
2442 4803 2722 4874 Speculum
2768 4799 2842 4853 rel
2885 4798 3067 4866 Imago
3117 4799 3318 4863 mundi,
3365 4797 3532 4851 editus
3581 4813 3612 4848 (ι

2046 4907 2208 4975 fratre
2249 4899 2521 4956 Vincentio
2559 4893 2756 4948 ordinis
2789 4889 2883 4944 Fr.
2920 4890 3135 4954 I’ra'd.;
3169 4890 3260 4942 sed
3293 4889 3335 4943 is
3373 4889 3508 4941 alius
3531 4899 3614 4940 est

2049 4996 2114 5048 ab
2142 5009 2205 5048 co
2251 4991 2340 5061 qui
2395 4990 2534 5042 inter
2584 4986 2642 5038 S.
2691 4980 2926 5036 Auselmi
2959 4979 3131 5049 Opera
3173 4979 3272 5032 fuit
3318 4980 3512 5032 editus.
3555 4977 3610 5030 In

2047 5086 2288 5156 ejusdem
2343 5081 2472 5136 bibl.
2505 5095 2605 5131 ms.
2639 5076 2740 5130 51⁵5
2767 5073 2902 5127 alius
2931 5072 3067 5126 liber
3097 5071 3292 5141 legitur
3318 5085 3382 5124 eo
3415 5069 3568 5122 titulo
3595 5087 3608 5122 :

2049 5179 2322 5246 Speculum
2357 5173 2430 5227 vel
2471 5172 2640 5238 imago
2679 5167 2877 5231 mundi,
2921 5165 3066 5220 nullo
3097 5161 3330 5216 auctoris
3357 5159 3606 5224 nomine;

2049 5270 2142 5324 sed
2173 5284 2270 5322 nec
2299 5267 2343 5319 is
2371 5274 2452 5318 est
2481 5263 2615 5315 idem
2651 5275 2770 5313 cum
2801 5259 2936 5311 aliis.

2125 5361 2178 5412 lu
2224 5356 2472 5412 omnibus
2513 5367 2670 5414 vero,
2727 5353 2887 5403 etiam
2937 5344 3346 5413 antiquioribus,
3401 5343 3613 5397 excusis

2050 5451 2222 5508 sancti
2251 5447 2484 5501 Auselmi
2515 5444 2778 5513 Opcribus
2803 5447 3015 5492 exstant
3041 5438 3094 5490 hi
3126 5437 3230 5490 duo
3253 5435 3398 5490 libri.

2119 5543 2368 5596 Attamen
2399 5539 2465 5592 ab
2503 5538 2604 5590 islo
2651 5533 2920 5588 volumine
2952 5531 3096 5600 ipsos
3135 5528 3483 5590 exclusimus,
3517 5539 3616 5579 nec

2051 5631 2262 5700 quidem
2293 5630 2342 5682 in
2371 5626 2672 5696 Appendice
2697 5624 2774 5676 eis
2799 5621 3036 5676 dedimus
3059 5619 3254 5685 locum,
3285 5627 3466 5686 utpote
3481 5627 3616 5684 quos
