  <div class='ocr_page' id='page_1' title='image "/cluster/home/n/w/nwhite01/storage/ocr_20150623/158/hvd.32044054760160/029.png"; bbox 0 0 3882 6054; ppageno 0'>
   <div class='ocr_carea' id='block_1_1' title="bbox 250 234 3516 320">
    <p class='ocr_par' dir='ltr' id='par_1_1' title="bbox 250 234 3516 320">
     <span class='ocr_line' id='line_1_1' title="bbox 250 234 3516 320; baseline -0.006 -11"><span class='ocrx_word' id='word_1_1' title='bbox 250 264 320 320; x_wconf 78' lang='grc'><strong>47</strong></span> <span class='ocrx_word' id='word_1_2' title='bbox 989 281 1003 304; x_wconf 62' lang='grc' dir='ltr'><strong>κ</strong></span> <span class='ocrx_word' id='word_1_3' title='bbox 1333 248 1388 302; x_wconf 89' lang='grc'><strong>8.</strong></span> <span class='ocrx_word' id='word_1_4' title='bbox 1424 242 1721 300; x_wconf 66' lang='lat' dir='ltr'><strong>ANSELMI</strong></span> <span class='ocrx_word' id='word_1_5' title='bbox 1762 240 2107 298; x_wconf 75' lang='lat' dir='ltr'><strong>CANTUAR.</strong></span> <span class='ocrx_word' id='word_1_6' title='bbox 2147 238 2459 294; x_wconf 79' lang='lat' dir='ltr'><strong>ARCHIEP.</strong></span> <span class='ocrx_word' id='word_1_7' title='bbox 3441 234 3516 290; x_wconf 67' lang='lat'><strong>48</strong></span> 
     </span>
    </p>
   </div>
   <div class='ocr_carea' id='block_1_2' title="bbox 251 324 3522 411">
    <p class='ocr_par' dir='ltr' id='par_1_2' title="bbox 251 324 3522 411">
     <span class='ocr_line' id='line_1_2' title="bbox 251 324 3522 411; baseline -0.008 -1"><span class='ocrx_word' id='word_1_8' title='bbox 251 351 492 411; x_wconf 80' lang='lat' dir='ltr'><strong>Anselmi</strong></span> <span class='ocrx_word' id='word_1_9' title='bbox 517 363 637 406; x_wconf 90' lang='lat' dir='ltr'><strong>esse</strong></span> <span class='ocrx_word' id='word_1_10' title='bbox 677 361 784 403; x_wconf 92' lang='lat' dir='ltr'><strong>non</strong></span> <span class='ocrx_word' id='word_1_11' title='bbox 825 355 1056 409; x_wconf 82' lang='lat' dir='ltr'><strong>constat,</strong></span> <span class='ocrx_word' id='word_1_12' title='bbox 1094 351 1145 396; x_wconf 87' lang='lat' dir='ltr'><strong>et</strong></span> <span class='ocrx_word' id='word_1_13' title='bbox 1199 354 1332 409; x_wconf 85' lang='lat' dir='ltr'><strong>quos</strong></span> <span class='ocrx_word' id='word_1_14' title='bbox 1373 337 1520 402; x_wconf 81' lang='lat' dir='ltr'><strong>alibi,</strong></span> <span class='ocrx_word' id='word_1_15' title='bbox 1555 336 1822 400; x_wconf 77' lang='lat' dir='ltr'><strong>videlicet,</strong></span> <span class='ocrx_word' id='word_1_16' title='bbox 1857 339 1902 394; x_wconf 83' lang='grc' dir='ltr'><strong>Α</strong></span> <span class='ocrx_word' id='word_1_17' title='bbox 1929 334 2142 389; x_wconf 86' lang='lat' dir='ltr'><strong>easdem</strong></span> <span class='ocrx_word' id='word_1_18' title='bbox 2186 335 2234 387; x_wconf 86' lang='lat' dir='ltr'><strong>in</strong></span> <span class='ocrx_word' id='word_1_19' title='bbox 2282 334 2386 387; x_wconf 84' lang='lat' dir='ltr'><strong>isto</strong></span> <span class='ocrx_word' id='word_1_20' title='bbox 2437 327 2859 385; x_wconf 88' lang='lat' dir='ltr'><strong>Similitudinum</strong></span> <span class='ocrx_word' id='word_1_21' title='bbox 2884 325 3022 382; x_wconf 91' lang='lat' dir='ltr'><strong>libro</strong></span> <span class='ocrx_word' id='word_1_22' title='bbox 3060 324 3220 380; x_wconf 88' lang='lat' dir='ltr'><strong>simul</strong></span> <span class='ocrx_word' id='word_1_23' title='bbox 3251 325 3522 384; x_wconf 79' lang='lat' dir='ltr'><strong>collectas</strong></span> 
     </span>
    </p>
   </div>
   <div class='ocr_carea' id='block_1_3' title="bbox 253 428 1825 510">
    <p class='ocr_par' dir='ltr' id='par_1_3' title="bbox 253 428 1825 510">
     <span class='ocr_line' id='line_1_3' title="bbox 253 428 1825 510; baseline -0.012 -10"><span class='ocrx_word' id='word_1_24' title='bbox 253 447 395 500; x_wconf 91' lang='lat' dir='ltr'><strong>inter</strong></span> <span class='ocrx_word' id='word_1_25' title='bbox 414 442 632 500; x_wconf 83' lang='lat' dir='ltr'><strong>llonorii</strong></span> <span class='ocrx_word' id='word_1_26' title='bbox 660 435 1160 510; x_wconf 85' lang='lat' dir='ltr'><strong>Angustodunensis</strong></span> <span class='ocrx_word' id='word_1_27' title='bbox 1182 434 1353 503; x_wconf 82' lang='lat' dir='ltr'><strong>Opera</strong></span> <span class='ocrx_word' id='word_1_28' title='bbox 1381 443 1668 500; x_wconf 88' lang='lat' dir='ltr'><strong>expressos</strong></span> <span class='ocrx_word' id='word_1_29' title='bbox 1697 428 1825 498; x_wconf 82' lang='lat' dir='ltr'><strong>legi-</strong></span> 
     </span>
    </p>
   </div>
   <div class='ocr_carea' id='block_1_4' title="bbox 254 525 1240 593">
    <p class='ocr_par' dir='ltr' id='par_1_4' title="bbox 254 525 1240 593">
     <span class='ocr_line' id='line_1_4' title="bbox 254 525 1240 593; baseline -0.016 0"><span class='ocrx_word' id='word_1_30' title='bbox 254 553 374 593; x_wconf 88' lang='lat' dir='ltr'><strong>mus</strong></span> <span class='ocrx_word' id='word_1_31' title='bbox 398 537 451 590; x_wconf 93' lang='lat' dir='ltr'><strong>in</strong></span> <span class='ocrx_word' id='word_1_32' title='bbox 478 544 609 589; x_wconf 92' lang='lat' dir='ltr'><strong>tom.</strong></span> <span class='ocrx_word' id='word_1_33' title='bbox 640 532 734 588; x_wconf 84' lang='lat' dir='ltr'><strong>XII</strong></span> <span class='ocrx_word' id='word_1_34' title='bbox 759 529 1100 586; x_wconf 51' lang='lat' dir='ltr'><strong>Bibliotheca»</strong></span> <span class='ocrx_word' id='word_1_35' title='bbox 1137 525 1240 580; x_wconf 80' lang='lat' dir='ltr'><strong>PP.</strong></span> 
     </span>
    </p>
   </div>
   <div class='ocr_carea' id='block_1_5' title="bbox 357 611 1718 683">
    <p class='ocr_par' dir='ltr' id='par_1_5' title="bbox 357 611 1718 683">
     <span class='ocr_line' id='line_1_5' title="bbox 357 611 1718 683; baseline -0.014 0"><span class='ocrx_word' id='word_1_36' title='bbox 357 629 605 683; x_wconf 77' lang='lat' dir='ltr'><strong>CENSUBA</strong></span> <span class='ocrx_word' id='word_1_37' title='bbox 632 639 773 678; x_wconf 79' lang='lat' dir='ltr'><strong>Ltuut</strong></span> <span class='ocrx_word' id='word_1_38' title='bbox 806 621 883 676; x_wconf 88' lang='lat' dir='ltr'><strong>De</strong></span> <span class='ocrx_word' id='word_1_39' title='bbox 911 617 1224 673; x_wconf 73' lang='lat' dir='ltr'><strong>beatitudine</strong></span> <span class='ocrx_word' id='word_1_40' title='bbox 1246 613 1464 668; x_wconf 69' lang='lat' dir='ltr'><strong>caelestis</strong></span> <span class='ocrx_word' id='word_1_41' title='bbox 1499 611 1718 665; x_wconf 74' lang='lat' dir='ltr'><strong>Patrim.</strong></span> 
     </span>
    </p>
   </div>
   <div class='ocr_carea' id='block_1_6' title="bbox 320 701 1827 774">
    <p class='ocr_par' dir='ltr' id='par_1_6' title="bbox 320 701 1827 774">
     <span class='ocr_line' id='line_1_6' title="bbox 320 701 1827 774; baseline -0.013 0"><span class='ocrx_word' id='word_1_42' title='bbox 320 719 376 773; x_wconf 91' lang='lat' dir='ltr'><strong>In</strong></span> <span class='ocrx_word' id='word_1_43' title='bbox 416 734 516 773; x_wconf 90' lang='lat' dir='ltr'><strong>ms.</strong></span> <span class='ocrx_word' id='word_1_44' title='bbox 558 715 807 771; x_wconf 87' lang='lat' dir='ltr'><strong>biblioth.</strong></span> <span class='ocrx_word' id='word_1_45' title='bbox 859 707 1156 766; x_wconf 66' lang='lat' dir='ltr'><strong>Claraivall.</strong></span> <span class='ocrx_word' id='word_1_46' title='bbox 1207 705 1262 760; x_wconf 98' lang='grc'><strong>8.</strong></span> <span class='ocrx_word' id='word_1_47' title='bbox 1311 703 1593 774; x_wconf 86' lang='lat' dir='ltr'><strong>Ebrulphi,</strong></span> <span class='ocrx_word' id='word_1_48' title='bbox 1658 701 1827 771; x_wconf 82' lang='lat' dir='ltr'><strong>Longi</strong></span> 
     </span>
    </p>
   </div>
   <div class='ocr_carea' id='block_1_7' title="bbox 250 792 1828 863">
    <p class='ocr_par' dir='ltr' id='par_1_7' title="bbox 250 792 1828 863">
     <span class='ocr_line' id='line_1_7' title="bbox 250 792 1828 863; baseline -0.013 1"><span class='ocrx_word' id='word_1_49' title='bbox 250 809 436 863; x_wconf 80' lang='lat' dir='ltr'><strong>Pontis</strong></span> <span class='ocrx_word' id='word_1_50' title='bbox 469 815 522 860; x_wconf 91' lang='lat' dir='ltr'><strong>et</strong></span> <span class='ocrx_word' id='word_1_51' title='bbox 549 805 608 860; x_wconf 90' lang='grc'><strong>8.</strong></span> <span class='ocrx_word' id='word_1_52' title='bbox 651 801 865 856; x_wconf 84' lang='lat' dir='ltr'><strong>Martini</strong></span> <span class='ocrx_word' id='word_1_53' title='bbox 902 799 1133 854; x_wconf 88' lang='lat' dir='ltr'><strong>Tornac.</strong></span> <span class='ocrx_word' id='word_1_54' title='bbox 1169 796 1297 851; x_wconf 91' lang='lat' dir='ltr'><strong>huic</strong></span> <span class='ocrx_word' id='word_1_55' title='bbox 1338 794 1476 850; x_wconf 92' lang='lat' dir='ltr'><strong>libro</strong></span> <span class='ocrx_word' id='word_1_56' title='bbox 1513 792 1687 848; x_wconf 80' lang='lat' dir='ltr'><strong>sancti</strong></span> <span class='ocrx_word' id='word_1_57' title='bbox 1715 793 1828 845; x_wconf 82' lang='lat' dir='ltr'><strong>An-</strong></span> 
     </span>
    </p>
   </div>
   <div class='ocr_carea' id='block_1_8' title="bbox 249 881 1827 961">
    <p class='ocr_par' dir='ltr' id='par_1_8' title="bbox 249 881 1827 961">
     <span class='ocr_line' id='line_1_8' title="bbox 249 881 1827 961; baseline -0.011 -8"><span class='ocrx_word' id='word_1_58' title='bbox 249 897 404 952; x_wconf 91' lang='lat' dir='ltr'><strong>selmi</strong></span> <span class='ocrx_word' id='word_1_59' title='bbox 430 909 623 951; x_wconf 89' lang='lat' dir='ltr'><strong>nomen</strong></span> <span class='ocrx_word' id='word_1_60' title='bbox 654 891 934 961; x_wconf 71' lang='lat' dir='ltr'><strong>przelixum</strong></span> <span class='ocrx_word' id='word_1_61' title='bbox 972 897 1075 942; x_wconf 89' lang='lat' dir='ltr'><strong>est.</strong></span> <span class='ocrx_word' id='word_1_62' title='bbox 1108 886 1308 941; x_wconf 79' lang='lat' dir='ltr'><strong>Verum</strong></span> <span class='ocrx_word' id='word_1_63' title='bbox 1349 885 1401 938; x_wconf 93' lang='lat' dir='ltr'><strong>in</strong></span> <span class='ocrx_word' id='word_1_64' title='bbox 1437 899 1539 938; x_wconf 91' lang='lat' dir='ltr'><strong>ms.</strong></span> <span class='ocrx_word' id='word_1_65' title='bbox 1570 881 1730 937; x_wconf 83' lang='lat' dir='ltr'><strong>Corb.</strong></span> <span class='ocrx_word' id='word_1_66' title='bbox 1764 881 1827 936; x_wconf 87' lang='lat' dir='ltr'><strong>E.</strong></span> 
     </span>
    </p>
   </div>
   <div class='ocr_carea' id='block_1_9' title="bbox 252 975 1830 1043">
    <p class='ocr_par' dir='ltr' id='par_1_9' title="bbox 252 975 1830 1043">
     <span class='ocr_line' id='line_1_9' title="bbox 252 975 1830 1043; baseline -0.008 -2"><span class='ocrx_word' id='word_1_67' title='bbox 252 990 317 1041; x_wconf 68' lang='grc' dir='ltr'><strong>Η)</strong></span> <span class='ocrx_word' id='word_1_68' title='bbox 343 986 468 1043; x_wconf 90' lang='lat' dir='ltr'><strong>etin</strong></span> <span class='ocrx_word' id='word_1_69' title='bbox 498 1000 600 1039; x_wconf 92' lang='lat' dir='ltr'><strong>ms.</strong></span> <span class='ocrx_word' id='word_1_70' title='bbox 626 983 750 1037; x_wconf 91' lang='lat' dir='ltr'><strong>Bec.</strong></span> <span class='ocrx_word' id='word_1_71' title='bbox 771 980 1039 1036; x_wconf 87' lang='lat' dir='ltr'><strong>Eadmero</strong></span> <span class='ocrx_word' id='word_1_72' title='bbox 1066 977 1377 1041; x_wconf 90' lang='lat' dir='ltr'><strong>ascribitur,</strong></span> <span class='ocrx_word' id='word_1_73' title='bbox 1402 975 1633 1030; x_wconf 92' lang='lat' dir='ltr'><strong>etsimul</strong></span> <span class='ocrx_word' id='word_1_74' title='bbox 1651 983 1830 1028; x_wconf 78' lang='lat' dir='ltr'><strong>exstat</strong></span> 
     </span>
    </p>
   </div>
   <div class='ocr_carea' id='block_1_10' title="bbox 259 1067 1830 1150">
    <p class='ocr_par' dir='ltr' id='par_1_10' title="bbox 259 1067 1830 1150">
     <span class='ocr_line' id='line_1_10' title="bbox 259 1067 1830 1150; baseline -0.007 -19"><span class='ocrx_word' id='word_1_75' title='bbox 259 1081 376 1150; x_wconf 85' lang='lat' dir='ltr'><strong>cjus</strong></span> <span class='ocrx_word' id='word_1_76' title='bbox 405 1078 470 1132; x_wconf 89' lang='lat' dir='ltr'><strong>ad</strong></span> <span class='ocrx_word' id='word_1_77' title='bbox 498 1075 842 1131; x_wconf 88' lang='lat' dir='ltr'><strong>Guillelmum</strong></span> <span class='ocrx_word' id='word_1_78' title='bbox 890 1071 1216 1126; x_wconf 89' lang='lat' dir='ltr'><strong>monachum</strong></span> <span class='ocrx_word' id='word_1_79' title='bbox 1245 1069 1471 1139; x_wconf 85' lang='lat' dir='ltr'><strong>epistola</strong></span> <span class='ocrx_word' id='word_1_80' title='bbox 1520 1083 1640 1138; x_wconf 68' lang='lat' dir='ltr'><strong>qua:</strong></span> <span class='ocrx_word' id='word_1_81' title='bbox 1669 1067 1830 1122; x_wconf 88' lang='lat' dir='ltr'><strong>simul</strong></span> 
     </span>
    </p>
   </div>
   <div class='ocr_carea' id='block_1_11' title="bbox 253 1159 1831 1239">
    <p class='ocr_par' dir='ltr' id='par_1_11' title="bbox 253 1159 1831 1239">
     <span class='ocr_line' id='line_1_11' title="bbox 253 1159 1831 1239; baseline -0.008 -15"><span class='ocrx_word' id='word_1_82' title='bbox 253 1187 374 1224; x_wconf 82' lang='lat' dir='ltr'><strong>cum</strong></span> <span class='ocrx_word' id='word_1_83' title='bbox 410 1168 631 1239; x_wconf 81' lang='lat' dir='ltr'><strong>prologo</strong></span> <span class='ocrx_word' id='word_1_84' title='bbox 666 1173 888 1221; x_wconf 87' lang='lat' dir='ltr'><strong>enarrat</strong></span> <span class='ocrx_word' id='word_1_85' title='bbox 925 1163 1265 1218; x_wconf 88' lang='lat' dir='ltr'><strong>describendi</strong></span> <span class='ocrx_word' id='word_1_86' title='bbox 1294 1161 1516 1232; x_wconf 86' lang='lat' dir='ltr'><strong>hujusce</strong></span> <span class='ocrx_word' id='word_1_87' title='bbox 1553 1159 1716 1214; x_wconf 87' lang='lat' dir='ltr'><strong>libelli</strong></span> <span class='ocrx_word' id='word_1_88' title='bbox 1747 1173 1831 1212; x_wconf 88' lang='lat' dir='ltr'><strong>ra-</strong></span> 
     </span>
    </p>
   </div>
   <div class='ocr_carea' id='block_1_12' title="bbox 250 1251 1828 1325">
    <p class='ocr_par' dir='ltr' id='par_1_12' title="bbox 250 1251 1828 1325">
     <span class='ocr_line' id='line_1_12' title="bbox 250 1251 1828 1325; baseline -0.008 -11"><span class='ocrx_word' id='word_1_89' title='bbox 250 1262 474 1324; x_wconf 90' lang='lat' dir='ltr'><strong>tionem,</strong></span> <span class='ocrx_word' id='word_1_90' title='bbox 505 1269 560 1314; x_wconf 89' lang='lat' dir='ltr'><strong>et</strong></span> <span class='ocrx_word' id='word_1_91' title='bbox 584 1260 908 1312; x_wconf 78' lang='lat' dir='ltr'><strong>Ladmerum</strong></span> <span class='ocrx_word' id='word_1_92' title='bbox 939 1256 1056 1325; x_wconf 88' lang='lat' dir='ltr'><strong>ejus</strong></span> <span class='ocrx_word' id='word_1_93' title='bbox 1086 1263 1364 1308; x_wconf 88' lang='lat' dir='ltr'><strong>auctorem</strong></span> <span class='ocrx_word' id='word_1_94' title='bbox 1407 1260 1591 1321; x_wconf 85' lang='lat' dir='ltr'><strong>aperte</strong></span> <span class='ocrx_word' id='word_1_95' title='bbox 1620 1251 1828 1304; x_wconf 60' lang='lat' dir='ltr'><strong>denun-</strong></span> 
     </span>
    </p>
   </div>
   <div class='ocr_carea' id='block_1_13' title="bbox 251 1340 1832 1414">
    <p class='ocr_par' dir='ltr' id='par_1_13' title="bbox 251 1340 1832 1414">
     <span class='ocr_line' id='line_1_13' title="bbox 251 1340 1832 1414; baseline -0.005 -12"><span class='ocrx_word' id='word_1_96' title='bbox 251 1351 368 1403; x_wconf 91' lang='lat' dir='ltr'><strong>tiat.</strong></span> <span class='ocrx_word' id='word_1_97' title='bbox 400 1349 560 1404; x_wconf 87' lang='lat' dir='ltr'><strong>Plura</strong></span> <span class='ocrx_word' id='word_1_98' title='bbox 591 1348 755 1403; x_wconf 88' lang='lat' dir='ltr'><strong>etiam</strong></span> <span class='ocrx_word' id='word_1_99' title='bbox 787 1361 853 1400; x_wconf 91' lang='lat' dir='ltr'><strong>ex</strong></span> <span class='ocrx_word' id='word_1_100' title='bbox 897 1359 961 1399; x_wconf 91' lang='lat' dir='ltr'><strong>eo</strong></span> <span class='ocrx_word' id='word_1_101' title='bbox 987 1343 1336 1414; x_wconf 80' lang='lat' dir='ltr'><strong>proferuntur</strong></span> <span class='ocrx_word' id='word_1_102' title='bbox 1370 1341 1424 1396; x_wconf 90' lang='lat' dir='ltr'><strong>in</strong></span> <span class='ocrx_word' id='word_1_103' title='bbox 1472 1341 1508 1394; x_wconf 89' lang='grc' dir='ltr'>Ι.</span> <span class='ocrx_word' id='word_1_104' title='bbox 1537 1341 1613 1396; x_wconf 87' lang='lat' dir='ltr'><strong>De</strong></span> <span class='ocrx_word' id='word_1_105' title='bbox 1642 1340 1832 1395; x_wconf 88' lang='lat' dir='ltr'><strong>simili-</strong></span> 
     </span>
    </p>
   </div>
   <div class='ocr_carea' id='block_1_14' title="bbox 252 1432 1837 1498">
    <p class='ocr_par' dir='ltr' id='par_1_14' title="bbox 252 1432 1837 1498">
     <span class='ocr_line' id='line_1_14' title="bbox 252 1432 1837 1498; baseline -0.008 0"><span class='ocrx_word' id='word_1_106' title='bbox 252 1443 526 1498; x_wconf 88' lang='lat' dir='ltr'><strong>tudinibus</strong></span> <span class='ocrx_word' id='word_1_107' title='bbox 576 1456 606 1494; x_wconf 89' lang='lat' dir='ltr'><strong>a</strong></span> <span class='ocrx_word' id='word_1_108' title='bbox 642 1455 693 1494; x_wconf 93' lang='lat' dir='ltr'><strong>c.</strong></span> <span class='ocrx_word' id='word_1_109' title='bbox 738 1438 807 1491; x_wconf 69' lang='lat'><strong>47</strong></span> <span class='ocrx_word' id='word_1_110' title='bbox 855 1437 920 1492; x_wconf 91' lang='lat' dir='ltr'><strong>ad</strong></span> <span class='ocrx_word' id='word_1_111' title='bbox 960 1452 1010 1492; x_wconf 92' lang='lat' dir='ltr'><strong>c.</strong></span> <span class='ocrx_word' id='word_1_112' title='bbox 1037 1437 1124 1490; x_wconf 89' lang='lat'><strong>71.</strong></span> <span class='ocrx_word' id='word_1_113' title='bbox 1156 1434 1362 1491; x_wconf 89' lang='lat' dir='ltr'><strong>Nomen</strong></span> <span class='ocrx_word' id='word_1_114' title='bbox 1395 1442 1574 1489; x_wconf 91' lang='lat' dir='ltr'><strong>autem</strong></span> <span class='ocrx_word' id='word_1_115' title='bbox 1629 1433 1686 1487; x_wconf 92' lang='grc'><strong>8.</strong></span> <span class='ocrx_word' id='word_1_116' title='bbox 1722 1432 1837 1486; x_wconf 86' lang='lat' dir='ltr'><strong>An-</strong></span> 
     </span>
    </p>
   </div>
   <div class='ocr_carea' id='block_1_15' title="bbox 251 1525 1831 1596">
    <p class='ocr_par' dir='ltr' id='par_1_15' title="bbox 251 1525 1831 1596">
     <span class='ocr_line' id='line_1_15' title="bbox 251 1525 1831 1596; baseline -0.006 -9"><span class='ocrx_word' id='word_1_117' title='bbox 251 1533 405 1589; x_wconf 83' lang='lat' dir='ltr'><strong>sclmi</strong></span> <span class='ocrx_word' id='word_1_118' title='bbox 439 1547 544 1587; x_wconf 90' lang='lat' dir='ltr'><strong>non</strong></span> <span class='ocrx_word' id='word_1_119' title='bbox 577 1530 850 1586; x_wconf 90' lang='lat' dir='ltr'><strong>immerito</strong></span> <span class='ocrx_word' id='word_1_120' title='bbox 880 1527 1099 1596; x_wconf 74' lang='lat' dir='ltr'><strong>praefert</strong></span> <span class='ocrx_word' id='word_1_121' title='bbox 1139 1527 1190 1580; x_wconf 90' lang='lat' dir='ltr'><strong>in</strong></span> <span class='ocrx_word' id='word_1_122' title='bbox 1238 1525 1484 1596; x_wconf 87' lang='lat' dir='ltr'><strong>pluribus</strong></span> <span class='ocrx_word' id='word_1_123' title='bbox 1535 1539 1666 1580; x_wconf 88' lang='lat' dir='ltr'><strong>mss.</strong></span> <span class='ocrx_word' id='word_1_124' title='bbox 1708 1538 1831 1578; x_wconf 93' lang='lat' dir='ltr'><strong>cum</strong></span> 
     </span>
    </p>
   </div>
   <div class='ocr_carea' id='block_1_16' title="bbox 250 1615 1828 1693">
    <p class='ocr_par' dir='ltr' id='par_1_16' title="bbox 250 1615 1828 1693">
     <span class='ocr_line' id='line_1_16' title="bbox 250 1615 1828 1693; baseline -0.008 -13"><span class='ocrx_word' id='word_1_125' title='bbox 250 1639 433 1680; x_wconf 87' lang='lat' dir='ltr'><strong>sermo</strong></span> <span class='ocrx_word' id='word_1_126' title='bbox 460 1625 529 1679; x_wconf 91' lang='lat' dir='ltr'><strong>sit</strong></span> <span class='ocrx_word' id='word_1_127' title='bbox 554 1638 714 1693; x_wconf 86' lang='lat' dir='ltr'><strong>quem</strong></span> <span class='ocrx_word' id='word_1_128' title='bbox 746 1630 969 1677; x_wconf 88' lang='lat' dir='ltr'><strong>sanctus</strong></span> <span class='ocrx_word' id='word_1_129' title='bbox 1019 1617 1305 1673; x_wconf 85' lang='lat' dir='ltr'><strong>Anselmus</strong></span> <span class='ocrx_word' id='word_1_130' title='bbox 1333 1616 1576 1672; x_wconf 85' lang='lat' dir='ltr'><strong>Cluniaci</strong></span> <span class='ocrx_word' id='word_1_131' title='bbox 1621 1615 1828 1680; x_wconf 81' lang='lat' dir='ltr'><strong>habuit,</strong></span> 
     </span>
    </p>
   </div>
   <div class='ocr_carea' id='block_1_17' title="bbox 1928 417 3518 496">
    <p class='ocr_par' dir='ltr' id='par_1_17' title="bbox 1928 417 3518 496">
     <span class='ocr_line' id='line_1_17' title="bbox 1928 417 3518 496; baseline -0.004 -18"><span class='ocrx_word' id='word_1_132' title='bbox 1928 426 2172 496; x_wconf 85' lang='lat' dir='ltr'><strong>legimus.</strong></span> <span class='ocrx_word' id='word_1_133' title='bbox 2205 423 2378 490; x_wconf 85' lang='lat' dir='ltr'><strong>Quod,</strong></span> <span class='ocrx_word' id='word_1_134' title='bbox 2411 423 2552 478; x_wconf 88' lang='lat' dir='ltr'><strong>sicut</strong></span> <span class='ocrx_word' id='word_1_135' title='bbox 2576 430 2634 475; x_wconf 90' lang='lat' dir='ltr'><strong>et</strong></span> <span class='ocrx_word' id='word_1_136' title='bbox 2663 428 2808 475; x_wconf 90' lang='lat' dir='ltr'><strong>totus</strong></span> <span class='ocrx_word' id='word_1_137' title='bbox 2842 418 3000 473; x_wconf 90' lang='lat' dir='ltr'><strong>istius</strong></span> <span class='ocrx_word' id='word_1_138' title='bbox 3044 417 3170 472; x_wconf 88' lang='lat' dir='ltr'><strong>libri</strong></span> <span class='ocrx_word' id='word_1_139' title='bbox 3199 426 3518 483; x_wconf 75' lang='lat' dir='ltr'><strong>contextus,</strong></span> 
     </span>
    </p>
   </div>
   <div class='ocr_carea' id='block_1_18' title="bbox 1926 508 3514 584">
    <p class='ocr_par' dir='ltr' id='par_1_18' title="bbox 1926 508 3514 584">
     <span class='ocr_line' id='line_1_18' title="bbox 1926 508 3514 584; baseline -0.004 -14"><span class='ocrx_word' id='word_1_140' title='bbox 1926 524 2077 571; x_wconf 85' lang='lat' dir='ltr'><strong>certo</strong></span> <span class='ocrx_word' id='word_1_141' title='bbox 2106 515 2235 568; x_wconf 76' lang='lat' dir='ltr'><strong>mihi</strong></span> <span class='ocrx_word' id='word_1_142' title='bbox 2263 521 2579 584; x_wconf 88' lang='lat' dir='ltr'><strong>argumento</strong></span> <span class='ocrx_word' id='word_1_143' title='bbox 2613 519 2690 566; x_wconf 88' lang='lat' dir='ltr'><strong>est</strong></span> <span class='ocrx_word' id='word_1_144' title='bbox 2721 511 2894 581; x_wconf 89' lang='lat' dir='ltr'><strong>ipsum</strong></span> <span class='ocrx_word' id='word_1_145' title='bbox 2936 510 3005 564; x_wconf 87' lang='lat' dir='ltr'><strong>ab</strong></span> <span class='ocrx_word' id='word_1_146' title='bbox 3029 509 3216 563; x_wconf 83' lang='lat' dir='ltr'><strong>eodem</strong></span> <span class='ocrx_word' id='word_1_147' title='bbox 3247 508 3514 563; x_wconf 84' lang='lat' dir='ltr'><strong>Eadmero</strong></span> 
     </span>
    </p>
   </div>
   <div class='ocr_carea' id='block_1_19' title="bbox 1928 600 3514 676">
    <p class='ocr_par' dir='ltr' id='par_1_19' title="bbox 1928 600 3514 676">
     <span class='ocr_line' id='line_1_19' title="bbox 1928 600 3514 676; baseline -0.007 -11"><span class='ocrx_word' id='word_1_148' title='bbox 1928 623 2049 665; x_wconf 89' lang='lat' dir='ltr'><strong>esse</strong></span> <span class='ocrx_word' id='word_1_149' title='bbox 2084 607 2442 676; x_wconf 90' lang='lat' dir='ltr'><strong>compositum</strong></span> <span class='ocrx_word' id='word_1_150' title='bbox 2478 621 2543 660; x_wconf 91' lang='lat' dir='ltr'><strong>ex</strong></span> <span class='ocrx_word' id='word_1_151' title='bbox 2579 605 2648 660; x_wconf 92' lang='lat' dir='ltr'><strong>iis</strong></span> <span class='ocrx_word' id='word_1_152' title='bbox 2671 619 2807 672; x_wconf 87' lang='lat' dir='ltr'><strong>quas</strong></span> <span class='ocrx_word' id='word_1_153' title='bbox 2830 602 2993 657; x_wconf 89' lang='lat' dir='ltr'><strong>simul</strong></span> <span class='ocrx_word' id='word_1_154' title='bbox 3040 601 3280 672; x_wconf 76' lang='lat' dir='ltr'><strong>collegit,</strong></span> <span class='ocrx_word' id='word_1_155' title='bbox 3314 600 3371 656; x_wconf 91' lang='lat' dir='ltr'><strong>S.</strong></span> <span class='ocrx_word' id='word_1_156' title='bbox 3397 602 3514 654; x_wconf 81' lang='lat' dir='ltr'><strong>An-</strong></span> 
     </span>
    </p>
   </div>
   <div class='ocr_carea' id='block_1_20' title="bbox 1928 694 3512 758">
    <p class='ocr_par' dir='ltr' id='par_1_20' title="bbox 1928 694 3512 758">
     <span class='ocr_line' id='line_1_20' title="bbox 1928 694 3512 758; baseline -0.006 -3"><span class='ocrx_word' id='word_1_157' title='bbox 1928 700 2079 756; x_wconf 90' lang='lat' dir='ltr'><strong>selmi</strong></span> <span class='ocrx_word' id='word_1_158' title='bbox 2132 715 2238 754; x_wconf 92' lang='lat' dir='ltr'><strong>nou</strong></span> <span class='ocrx_word' id='word_1_159' title='bbox 2281 696 2726 753; x_wconf 82' lang='lat' dir='ltr'><strong>similitudinibus</strong></span> <span class='ocrx_word' id='word_1_160' title='bbox 2761 696 2923 750; x_wconf 91' lang='lat' dir='ltr'><strong>modo</strong></span> <span class='ocrx_word' id='word_1_161' title='bbox 2975 695 3068 749; x_wconf 90' lang='lat' dir='ltr'><strong>sed</strong></span> <span class='ocrx_word' id='word_1_162' title='bbox 3112 704 3167 749; x_wconf 91' lang='lat' dir='ltr'><strong>et</strong></span> <span class='ocrx_word' id='word_1_163' title='bbox 3207 694 3512 758; x_wconf 71' lang='lat' dir='ltr'><strong>sententiis,</strong></span> 
     </span>
    </p>
   </div>
   <div class='ocr_carea' id='block_1_21' title="bbox 1929 782 3516 850">
    <p class='ocr_par' dir='ltr' id='par_1_21' title="bbox 1929 782 3516 850">
     <span class='ocr_line' id='line_1_21' title="bbox 1929 782 3516 850; baseline -0.006 -6"><span class='ocrx_word' id='word_1_164' title='bbox 1929 791 2162 845; x_wconf 85' lang='lat' dir='ltr'><strong>maxime</strong></span> <span class='ocrx_word' id='word_1_165' title='bbox 2183 790 2250 844; x_wconf 91' lang='lat' dir='ltr'><strong>de</strong></span> <span class='ocrx_word' id='word_1_166' title='bbox 2277 787 2572 850; x_wconf 87' lang='lat' dir='ltr'><strong>voluntate,</strong></span> <span class='ocrx_word' id='word_1_167' title='bbox 2609 786 2677 840; x_wconf 90' lang='lat' dir='ltr'><strong>de</strong></span> <span class='ocrx_word' id='word_1_168' title='bbox 2713 785 3022 840; x_wconf 90' lang='lat' dir='ltr'><strong>humilitate</strong></span> <span class='ocrx_word' id='word_1_169' title='bbox 3060 797 3126 839; x_wconf 90' lang='lat' dir='ltr'><strong>ac</strong></span> <span class='ocrx_word' id='word_1_170' title='bbox 3163 783 3229 837; x_wconf 89' lang='lat' dir='ltr'><strong>de</strong></span> <span class='ocrx_word' id='word_1_171' title='bbox 3275 782 3516 837; x_wconf 82' lang='lat' dir='ltr'><strong>beatitu-</strong></span> 
     </span>
    </p>
   </div>
   <div class='ocr_carea' id='block_1_22' title="bbox 1929 873 3515 942">
    <p class='ocr_par' dir='ltr' id='par_1_22' title="bbox 1929 873 3515 942">
     <span class='ocr_line' id='line_1_22' title="bbox 1929 873 3515 942; baseline -0.005 -8"><span class='ocrx_word' id='word_1_172' title='bbox 1929 879 2054 934; x_wconf 89' lang='lat' dir='ltr'><strong>dine</strong></span> <span class='ocrx_word' id='word_1_173' title='bbox 2077 887 2133 933; x_wconf 89' lang='lat' dir='ltr'><strong>et</strong></span> <span class='ocrx_word' id='word_1_174' title='bbox 2155 877 2396 931; x_wconf 90' lang='lat' dir='ltr'><strong>miseria.</strong></span> <span class='ocrx_word' id='word_1_175' title='bbox 2423 874 2575 931; x_wconf 90' lang='lat' dir='ltr'><strong>Unde</strong></span> <span class='ocrx_word' id='word_1_176' title='bbox 2621 889 2726 928; x_wconf 88' lang='lat' dir='ltr'><strong>una</strong></span> <span class='ocrx_word' id='word_1_177' title='bbox 2760 873 2902 928; x_wconf 91' lang='lat' dir='ltr'><strong>illius</strong></span> <span class='ocrx_word' id='word_1_178' title='bbox 2945 888 3072 942; x_wconf 90' lang='lat' dir='ltr'><strong>pars</strong></span> <span class='ocrx_word' id='word_1_179' title='bbox 3125 887 3515 940; x_wconf 88' lang='lat' dir='ltr'><strong>nonnunquam</strong></span> 
     </span>
    </p>
   </div>
   <div class='ocr_carea' id='block_1_23' title="bbox 1931 963 3515 1040">
    <p class='ocr_par' dir='ltr' id='par_1_23' title="bbox 1931 963 3515 1040">
     <span class='ocr_line' id='line_1_23' title="bbox 1931 963 3515 1040; baseline -0.005 -14"><span class='ocrx_word' id='word_1_180' title='bbox 1931 971 2184 1040; x_wconf 85' lang='lat' dir='ltr'><strong>inscripta</strong></span> <span class='ocrx_word' id='word_1_181' title='bbox 2204 971 2471 1040; x_wconf 88' lang='lat' dir='ltr'><strong>reperitur</strong></span> <span class='ocrx_word' id='word_1_182' title='bbox 2496 986 2509 1022; x_wconf 89' lang='lat'><strong>:</strong></span> <span class='ocrx_word' id='word_1_183' title='bbox 2538 967 2688 1021; x_wconf 86' lang='lat' dir='ltr'><strong>Liber</strong></span> <span class='ocrx_word' id='word_1_184' title='bbox 2713 967 2777 1020; x_wconf 90' lang='lat' dir='ltr'><strong>de</strong></span> <span class='ocrx_word' id='word_1_185' title='bbox 2800 965 2996 1034; x_wconf 82' lang='lat' dir='ltr'><strong>triplici</strong></span> <span class='ocrx_word' id='word_1_186' title='bbox 3023 963 3321 1028; x_wconf 77' lang='lat' dir='ltr'><strong>voluntate;</strong></span> <span class='ocrx_word' id='word_1_187' title='bbox 3344 964 3515 1018; x_wconf 83' lang='lat' dir='ltr'><strong>altera</strong></span> 
     </span>
    </p>
   </div>
   <div class='ocr_carea' id='block_1_24' title="bbox 1931 1055 3517 1126">
    <p class='ocr_par' dir='ltr' id='par_1_24' title="bbox 1931 1055 3517 1126">
     <span class='ocr_line' id='line_1_24' title="bbox 1931 1055 3517 1126; baseline -0.004 -13"><span class='ocrx_word' id='word_1_188' title='bbox 1931 1061 2006 1115; x_wconf 87' lang='lat' dir='ltr'><strong>De</strong></span> <span class='ocrx_word' id='word_1_189' title='bbox 2033 1070 2203 1115; x_wconf 86' lang='lat' dir='ltr'><strong>monte</strong></span> <span class='ocrx_word' id='word_1_190' title='bbox 2223 1059 2534 1114; x_wconf 77' lang='lat' dir='ltr'><strong>humilitatis</strong></span> <span class='ocrx_word' id='word_1_191' title='bbox 2558 1075 2576 1122; x_wconf 82' lang='lat'><strong>,°</strong></span> <span class='ocrx_word' id='word_1_192' title='bbox 2603 1067 2658 1113; x_wconf 89' lang='lat' dir='ltr'><strong>et</strong></span> <span class='ocrx_word' id='word_1_193' title='bbox 2684 1057 2865 1122; x_wconf 87' lang='lat' dir='ltr'><strong>tertia,</strong></span> <span class='ocrx_word' id='word_1_194' title='bbox 2895 1056 2960 1110; x_wconf 88' lang='lat' dir='ltr'><strong>de</strong></span> <span class='ocrx_word' id='word_1_195' title='bbox 2980 1055 3370 1126; x_wconf 81' lang='lat' dir='ltr'><strong>quatuordecim</strong></span> <span class='ocrx_word' id='word_1_196' title='bbox 3393 1055 3517 1108; x_wconf 86' lang='lat' dir='ltr'><strong>bea-</strong></span> 
     </span>
    </p>
   </div>
   <div class='ocr_carea' id='block_1_25' title="bbox 1931 1148 2857 1205">
    <p class='ocr_par' dir='ltr' id='par_1_25' title="bbox 1931 1148 2857 1205">
     <span class='ocr_line' id='line_1_25' title="bbox 1931 1148 2857 1205; baseline -0.003 -2"><span class='ocrx_word' id='word_1_197' title='bbox 1931 1151 2244 1205; x_wconf 87' lang='lat' dir='ltr'><strong>titudinibus</strong></span> <span class='ocrx_word' id='word_1_198' title='bbox 2282 1161 2329 1205; x_wconf 86' lang='lat' dir='ltr'><strong>et</strong></span> <span class='ocrx_word' id='word_1_199' title='bbox 2369 1151 2583 1204; x_wconf 84' lang='lat' dir='ltr'><strong>totidem</strong></span> <span class='ocrx_word' id='word_1_200' title='bbox 2611 1148 2857 1202; x_wconf 72' lang='lat' dir='ltr'><strong>miseriis.</strong></span> 
     </span>
    </p>
   </div>
   <div class='ocr_carea' id='block_1_26' title="bbox 2018 1245 3426 1320">
    <p class='ocr_par' dir='ltr' id='par_1_26' title="bbox 2018 1245 3426 1320">
     <span class='ocr_line' id='line_1_26' title="bbox 2018 1245 3426 1320; baseline -0.006 -12"><span class='ocrx_word' id='word_1_201' title='bbox 2018 1252 2265 1308; x_wconf 69' lang='lat' dir='ltr'><strong>Ceusom</strong></span> <span class='ocrx_word' id='word_1_202' title='bbox 2300 1267 2440 1307; x_wconf 77' lang='lat' dir='ltr'><strong>unm</strong></span> <span class='ocrx_word' id='word_1_203' title='bbox 2477 1251 2555 1304; x_wconf 90' lang='lat' dir='ltr'><strong>De</strong></span> <span class='ocrx_word' id='word_1_204' title='bbox 2579 1248 2885 1304; x_wconf 75' lang='lat' dir='ltr'><strong>excellentia</strong></span> <span class='ocrx_word' id='word_1_205' title='bbox 2905 1248 3148 1320; x_wconf 77' lang='lat' dir='ltr'><strong>gloriosa:</strong></span> <span class='ocrx_word' id='word_1_206' title='bbox 3174 1245 3426 1317; x_wconf 85' lang='lat' dir='ltr'><strong>Virginis.</strong></span> 
     </span>
    </p>
   </div>
   <div class='ocr_carea' id='block_1_27' title="bbox 2000 1346 3514 1420">
    <p class='ocr_par' dir='ltr' id='par_1_27' title="bbox 2000 1346 3514 1420">
     <span class='ocr_line' id='line_1_27' title="bbox 2000 1346 3514 1420; baseline -0.004 -14"><span class='ocrx_word' id='word_1_207' title='bbox 2000 1352 2058 1406; x_wconf 82' lang='lat' dir='ltr'><strong>in</strong></span> <span class='ocrx_word' id='word_1_208' title='bbox 2096 1353 2330 1407; x_wconf 87' lang='lat' dir='ltr'><strong>editione</strong></span> <span class='ocrx_word' id='word_1_209' title='bbox 2370 1349 2823 1420; x_wconf 84' lang='lat' dir='ltr'><strong>Nurembergensi</strong></span> <span class='ocrx_word' id='word_1_210' title='bbox 2853 1363 2958 1402; x_wconf 91' lang='lat' dir='ltr'><strong>non</strong></span> <span class='ocrx_word' id='word_1_211' title='bbox 2991 1355 3170 1403; x_wconf 82' lang='lat' dir='ltr'><strong>exstat</strong></span> <span class='ocrx_word' id='word_1_212' title='bbox 3216 1347 3304 1401; x_wconf 90' lang='lat' dir='ltr'><strong>hic</strong></span> <span class='ocrx_word' id='word_1_213' title='bbox 3334 1346 3514 1410; x_wconf 87' lang='lat' dir='ltr'><strong>liber;</strong></span> 
     </span>
    </p>
   </div>
   <div class='ocr_carea' id='block_1_28' title="bbox 1933 1440 3517 1510">
    <p class='ocr_par' dir='ltr' id='par_1_28' title="bbox 1933 1440 3517 1510">
     <span class='ocr_line' id='line_1_28' title="bbox 1933 1440 3517 1510; baseline -0.004 -10"><span class='ocrx_word' id='word_1_214' title='bbox 1933 1447 1986 1500; x_wconf 92' lang='lat' dir='ltr'><strong>in</strong></span> <span class='ocrx_word' id='word_1_215' title='bbox 2015 1446 2135 1500; x_wconf 87' lang='lat' dir='ltr'><strong>aliis</strong></span> <span class='ocrx_word' id='word_1_216' title='bbox 2166 1454 2370 1509; x_wconf 90' lang='lat' dir='ltr'><strong>tamen,</strong></span> <span class='ocrx_word' id='word_1_217' title='bbox 2409 1443 2573 1499; x_wconf 87' lang='lat' dir='ltr'><strong>etiam</strong></span> <span class='ocrx_word' id='word_1_218' title='bbox 2605 1442 2877 1505; x_wconf 86' lang='lat' dir='ltr'><strong>Gothicis,</strong></span> <span class='ocrx_word' id='word_1_219' title='bbox 2911 1440 3106 1510; x_wconf 75' lang='lat' dir='ltr'><strong>legitur</strong></span> <span class='ocrx_word' id='word_1_220' title='bbox 3141 1440 3286 1493; x_wconf 91' lang='lat' dir='ltr'><strong>inter</strong></span> <span class='ocrx_word' id='word_1_221' title='bbox 3338 1440 3517 1494; x_wconf 89' lang='lat' dir='ltr'><strong>sancti</strong></span> 
     </span>
    </p>
   </div>
   <div class='ocr_carea' id='block_1_29' title="bbox 1932 1528 3518 1605">
    <p class='ocr_par' dir='ltr' id='par_1_29' title="bbox 1932 1528 3518 1605">
     <span class='ocr_line' id='line_1_29' title="bbox 1932 1528 3518 1605; baseline -0.004 -16"><span class='ocrx_word' id='word_1_222' title='bbox 1932 1535 2169 1590; x_wconf 86' lang='lat' dir='ltr'><strong>Anselmi</strong></span> <span class='ocrx_word' id='word_1_223' title='bbox 2192 1534 2364 1605; x_wconf 88' lang='lat' dir='ltr'><strong>Opera</strong></span> <span class='ocrx_word' id='word_1_224' title='bbox 2393 1550 2407 1587; x_wconf 89' lang='lat'><strong>:</strong></span> <span class='ocrx_word' id='word_1_225' title='bbox 2432 1533 2577 1588; x_wconf 89' lang='lat' dir='ltr'><strong>hunc</strong></span> <span class='ocrx_word' id='word_1_226' title='bbox 2600 1547 2728 1586; x_wconf 87' lang='lat' dir='ltr'><strong>vero</strong></span> <span class='ocrx_word' id='word_1_227' title='bbox 2749 1547 2814 1588; x_wconf 84' lang='lat' dir='ltr'><strong>ex</strong></span> <span class='ocrx_word' id='word_1_228' title='bbox 2837 1546 2920 1585; x_wconf 90' lang='lat' dir='ltr'><strong>ms</strong></span> <span class='ocrx_word' id='word_1_229' title='bbox 2942 1530 3100 1584; x_wconf 82' lang='lat' dir='ltr'><strong>Becc.</strong></span> <span class='ocrx_word' id='word_1_230' title='bbox 3130 1528 3261 1583; x_wconf 86' lang='lat' dir='ltr'><strong>E10</strong></span> <span class='ocrx_word' id='word_1_231' title='bbox 3283 1528 3518 1583; x_wconf 84' lang='lat' dir='ltr'><strong>Eadme-</strong></span> 
     </span>
    </p>
   </div>
   <div class='ocr_carea' id='block_1_30' title="bbox 1936 1622 3244 1696">
    <p class='ocr_par' dir='ltr' id='par_1_30' title="bbox 1936 1622 3244 1696">
     <span class='ocr_line' id='line_1_30' title="bbox 1936 1622 3244 1696; baseline -0.005 -15"><span class='ocrx_word' id='word_1_232' title='bbox 1936 1643 1997 1683; x_wconf 90' lang='lat' dir='ltr'><strong>ro</strong></span> <span class='ocrx_word' id='word_1_233' title='bbox 2027 1627 2386 1692; x_wconf 89' lang='lat' dir='ltr'><strong>restituimus,</strong></span> <span class='ocrx_word' id='word_1_234' title='bbox 2423 1625 2576 1696; x_wconf 86' lang='lat' dir='ltr'><strong>cujus</strong></span> <span class='ocrx_word' id='word_1_235' title='bbox 2605 1623 2744 1695; x_wconf 76' lang='lat' dir='ltr'><strong>style</strong></span> <span class='ocrx_word' id='word_1_236' title='bbox 2775 1622 3112 1691; x_wconf 89' lang='lat' dir='ltr'><strong>conscriptus</strong></span> <span class='ocrx_word' id='word_1_237' title='bbox 3140 1629 3244 1676; x_wconf 88' lang='lat' dir='ltr'><strong>est.</strong></span> 
     </span>
    </p>
   </div>
   <div class='ocr_carea' id='block_1_31' title="bbox 261 1706 3480 1787">
    <p class='ocr_par' dir='ltr' id='par_1_31' title="bbox 261 1706 3480 1787">
     <span class='ocr_line' id='line_1_31' title="bbox 261 1706 3480 1787; baseline -0.006 -4"><span class='ocrx_word' id='word_1_238' title='bbox 261 1723 314 1768; x_wconf 71' lang='grc' dir='ltr'><strong>ει</strong></span> <span class='ocrx_word' id='word_1_239' title='bbox 343 1730 502 1783; x_wconf 73' lang='grc' dir='ltr'><strong>(Ιυθηι</strong></span> <span class='ocrx_word' id='word_1_240' title='bbox 554 1712 858 1767; x_wconf 70' lang='grc' dir='ltr'><strong>ίηάίνίάυυδ</strong></span> <span class='ocrx_word' id='word_1_241' title='bbox 905 1709 1020 1779; x_wconf 67' lang='lat' dir='ltr'><strong>eius</strong></span> <span class='ocrx_word' id='word_1_242' title='bbox 1065 1723 1246 1764; x_wconf 70' lang='lat' dir='ltr'><strong>Comes</strong></span> <span class='ocrx_word' id='word_1_243' title='bbox 1271 1709 1570 1764; x_wconf 69' lang='lat' dir='ltr'><strong>Eadmel‘us</strong></span> <span class='ocrx_word' id='word_1_244' title='bbox 1622 1707 1676 1763; x_wconf 71' lang='lat' dir='ltr'><strong>in</strong></span> <span class='ocrx_word' id='word_1_245' title='bbox 1713 1706 1834 1763; x_wconf 66' lang='lat' dir='ltr'><strong>“bri</strong></span> <span class='ocrx_word' id='word_1_246' title='bbox 1869 1707 1911 1768; x_wconf 85' lang='grc' dir='ltr'><strong><em>Β</em></strong></span> <span class='ocrx_word' id='word_1_247' title='bbox 1974 1719 2220 1774; x_wconf 67' lang='grc' dir='ltr'><strong>(ΖεΝευκΑ</strong></span> <span class='ocrx_word' id='word_1_248' title='bbox 2244 1733 2386 1772; x_wconf 75' lang='lat' dir='ltr'><strong>LIBRI</strong></span> <span class='ocrx_word' id='word_1_249' title='bbox 2415 1716 2493 1770; x_wconf 89' lang='lat' dir='ltr'><strong>De</strong></span> <span class='ocrx_word' id='word_1_250' title='bbox 2521 1725 2746 1787; x_wconf 77' lang='lat' dir='ltr'><strong>quatuor</strong></span> <span class='ocrx_word' id='word_1_251' title='bbox 2771 1713 3043 1768; x_wconf 74' lang='lat' dir='ltr'><strong>virtutibus</strong></span> <span class='ocrx_word' id='word_1_252' title='bbox 3083 1714 3246 1767; x_wconf 69' lang='lat' dir='ltr'><strong>beata?</strong></span> <span class='ocrx_word' id='word_1_253' title='bbox 3271 1711 3480 1766; x_wconf 70' lang='grc' dir='ltr'><strong>Μανία».</strong></span> 
     </span>
    </p>
   </div>
   <div class='ocr_carea' id='block_1_32' title="bbox 251 1802 764 1872">
    <p class='ocr_par' dir='ltr' id='par_1_32' title="bbox 251 1802 764 1872">
     <span class='ocr_line' id='line_1_32' title="bbox 251 1802 764 1872; baseline -0.004 -16"><span class='ocrx_word' id='word_1_254' title='bbox 251 1803 424 1858; x_wconf 82' lang='lat' dir='ltr'><strong>forma</strong></span> <span class='ocrx_word' id='word_1_255' title='bbox 457 1802 764 1872; x_wconf 88' lang='lat' dir='ltr'><strong>descripsit.</strong></span> 
     </span>
    </p>
   </div>
   <div class='ocr_carea' id='block_1_33' title="bbox 536 1891 1534 1950">
    <p class='ocr_par' dir='ltr' id='par_1_33' title="bbox 536 1891 1534 1950">
     <span class='ocr_line' id='line_1_33' title="bbox 536 1891 1534 1950; baseline -0.004 -1"><span class='ocrx_word' id='word_1_256' title='bbox 536 1894 783 1950; x_wconf 71' lang='lat' dir='ltr'><strong>CENSUBA</strong></span> <span class='ocrx_word' id='word_1_257' title='bbox 812 1907 950 1947; x_wconf 80' lang='lat' dir='ltr'><strong>Ltum</strong></span> <span class='ocrx_word' id='word_1_258' title='bbox 981 1891 1056 1946; x_wconf 87' lang='lat' dir='ltr'><strong>De</strong></span> <span class='ocrx_word' id='word_1_259' title='bbox 1084 1891 1534 1946; x_wconf 76' lang='lat' dir='ltr'><strong>similitudinibus.</strong></span> 
     </span>
    </p>
   </div>
   <div class='ocr_carea' id='block_1_34' title="bbox 306 1983 1834 2040">
    <p class='ocr_par' dir='ltr' id='par_1_34' title="bbox 306 1983 1834 2040">
     <span class='ocr_line' id='line_1_34' title="bbox 306 1983 1834 2040; baseline -0.003 0"><span class='ocrx_word' id='word_1_260' title='bbox 306 1985 592 2040; x_wconf 77' lang='lat' dir='ltr'><strong>&#39;Liber‘hic</strong></span> <span class='ocrx_word' id='word_1_261' title='bbox 623 1986 675 2038; x_wconf 91' lang='lat' dir='ltr'><strong>in</strong></span> <span class='ocrx_word' id='word_1_262' title='bbox 703 2000 803 2039; x_wconf 91' lang='lat' dir='ltr'><strong>ms.</strong></span> <span class='ocrx_word' id='word_1_263' title='bbox 830 1983 1030 2038; x_wconf 87' lang='lat' dir='ltr'><strong>Lirano</strong></span> <span class='ocrx_word' id='word_1_264' title='bbox 1062 1994 1115 2039; x_wconf 90' lang='lat' dir='ltr'><strong>et</strong></span> <span class='ocrx_word' id='word_1_265' title='bbox 1140 1984 1193 2037; x_wconf 94' lang='lat' dir='ltr'><strong>in</strong></span> <span class='ocrx_word' id='word_1_266' title='bbox 1221 1999 1323 2038; x_wconf 88' lang='lat' dir='ltr'><strong>ms.</strong></span> <span class='ocrx_word' id='word_1_267' title='bbox 1358 1984 1494 2038; x_wconf 80' lang='lat' dir='ltr'><strong>aulae</strong></span> <span class='ocrx_word' id='word_1_268' title='bbox 1516 1983 1834 2038; x_wconf 91' lang='lat' dir='ltr'><strong>Pembroch.</strong></span> 
     </span>
    </p>
   </div>
   <div class='ocr_carea' id='block_1_35' title="bbox 252 2074 1836 2140">
    <p class='ocr_par' dir='ltr' id='par_1_35' title="bbox 252 2074 1836 2140">
     <span class='ocr_line' id='line_1_35' title="bbox 252 2074 1836 2140; baseline 0 -12"><span class='ocrx_word' id='word_1_269' title='bbox 252 2076 567 2130; x_wconf 84' lang='lat' dir='ltr'><strong>inscribitur</strong></span> <span class='ocrx_word' id='word_1_270' title='bbox 593 2089 608 2127; x_wconf 93' lang='lat'>:</span> <span class='ocrx_word' id='word_1_271' title='bbox 640 2075 718 2128; x_wconf 89' lang='lat' dir='ltr'><strong>De</strong></span> <span class='ocrx_word' id='word_1_272' title='bbox 747 2075 980 2127; x_wconf 86' lang='lat' dir='ltr'><strong>moribus</strong></span> <span class='ocrx_word' id='word_1_273' title='bbox 1019 2075 1295 2140; x_wconf 83' lang='lat' dir='ltr'><strong>Immanis;</strong></span> <span class='ocrx_word' id='word_1_274' title='bbox 1337 2074 1479 2130; x_wconf 87' lang='lat' dir='ltr'><strong>inter</strong></span> <span class='ocrx_word' id='word_1_275' title='bbox 1507 2074 1566 2129; x_wconf 94' lang='grc'><strong>8.</strong></span> <span class='ocrx_word' id='word_1_276' title='bbox 1597 2074 1836 2130; x_wconf 82' lang='lat' dir='ltr'><strong>Anselmi</strong></span> 
     </span>
    </p>
   </div>
   <div class='ocr_carea' id='block_1_36' title="bbox 249 2166 1836 2237">
    <p class='ocr_par' dir='ltr' id='par_1_36' title="bbox 249 2166 1836 2237">
     <span class='ocr_line' id='line_1_36' title="bbox 249 2166 1836 2237; baseline -0.001 -17"><span class='ocrx_word' id='word_1_277' title='bbox 249 2183 413 2237; x_wconf 84' lang='lat' dir='ltr'><strong>opera</strong></span> <span class='ocrx_word' id='word_1_278' title='bbox 443 2175 622 2222; x_wconf 78' lang='lat' dir='ltr'><strong>exstat</strong></span> <span class='ocrx_word' id='word_1_279' title='bbox 646 2168 698 2220; x_wconf 91' lang='lat' dir='ltr'><strong>iu</strong></span> <span class='ocrx_word' id='word_1_280' title='bbox 723 2167 974 2220; x_wconf 90' lang='lat' dir='ltr'><strong>omnibus</strong></span> <span class='ocrx_word' id='word_1_281' title='bbox 1000 2167 1216 2221; x_wconf 90' lang='lat' dir='ltr'><strong>excusis</strong></span> <span class='ocrx_word' id='word_1_282' title='bbox 1246 2175 1301 2221; x_wconf 91' lang='lat' dir='ltr'><strong>et</strong></span> <span class='ocrx_word' id='word_1_283' title='bbox 1335 2167 1388 2220; x_wconf 94' lang='lat' dir='ltr'><strong>in</strong></span> <span class='ocrx_word' id='word_1_284' title='bbox 1440 2166 1681 2236; x_wconf 92' lang='lat' dir='ltr'><strong>pluribus</strong></span> <span class='ocrx_word' id='word_1_285' title='bbox 1705 2181 1836 2221; x_wconf 89' lang='lat' dir='ltr'><strong>mss.</strong></span> 
     </span>
    </p>
   </div>
   <div class='ocr_carea' id='block_1_37' title="bbox 257 2256 1843 2322">
    <p class='ocr_par' dir='ltr' id='par_1_37' title="bbox 257 2256 1843 2322">
     <span class='ocr_line' id='line_1_37' title="bbox 257 2256 1843 2322; baseline -0.003 -8"><span class='ocrx_word' id='word_1_286' title='bbox 257 2259 408 2314; x_wconf 90' lang='lat' dir='ltr'><strong>Unde</strong></span> <span class='ocrx_word' id='word_1_287' title='bbox 444 2258 504 2313; x_wconf 91' lang='lat' dir='ltr'><strong>S.</strong></span> <span class='ocrx_word' id='word_1_288' title='bbox 570 2258 826 2322; x_wconf 74' lang='lat' dir='ltr'><strong>Thomas,</strong></span> <span class='ocrx_word' id='word_1_289' title='bbox 877 2256 934 2311; x_wconf 92' lang='lat' dir='ltr'><strong>S.</strong></span> <span class='ocrx_word' id='word_1_290' title='bbox 981 2257 1206 2320; x_wconf 88' lang='lat' dir='ltr'><strong>Bonav.,</strong></span> <span class='ocrx_word' id='word_1_291' title='bbox 1249 2266 1470 2311; x_wconf 88' lang='lat' dir='ltr'><strong>sanctus</strong></span> <span class='ocrx_word' id='word_1_292' title='bbox 1538 2257 1843 2310; x_wconf 85' lang='lat' dir='ltr'><strong>Antoninus</strong></span> 
     </span>
    </p>
   </div>
   <div class='ocr_carea' id='block_1_38' title="bbox 255 2345 1842 2420">
    <p class='ocr_par' dir='ltr' id='par_1_38' title="bbox 255 2345 1842 2420">
     <span class='ocr_line' id='line_1_38' title="bbox 255 2345 1842 2420; baseline -0.003 -16"><span class='ocrx_word' id='word_1_293' title='bbox 255 2359 308 2404; x_wconf 88' lang='lat' dir='ltr'><strong>ct</strong></span> <span class='ocrx_word' id='word_1_294' title='bbox 335 2350 422 2404; x_wconf 89' lang='lat' dir='ltr'><strong>alii</strong></span> <span class='ocrx_word' id='word_1_295' title='bbox 453 2351 626 2420; x_wconf 90' lang='lat' dir='ltr'><strong>ipsum</strong></span> <span class='ocrx_word' id='word_1_296' title='bbox 674 2348 732 2404; x_wconf 89' lang='grc'><strong>8.</strong></span> <span class='ocrx_word' id='word_1_297' title='bbox 767 2347 1023 2402; x_wconf 83' lang='lat' dir='ltr'><strong>Anselmo</strong></span> <span class='ocrx_word' id='word_1_298' title='bbox 1059 2347 1457 2416; x_wconf 88' lang='lat' dir='ltr'><strong>adjudicavere.</strong></span> <span class='ocrx_word' id='word_1_299' title='bbox 1504 2346 1653 2401; x_wconf 88' lang='lat' dir='ltr'><strong>Unus</strong></span> <span class='ocrx_word' id='word_1_300' title='bbox 1683 2345 1842 2400; x_wconf 88' lang='lat' dir='ltr'><strong>Pater</strong></span> 
     </span>
    </p>
   </div>
   <div class='ocr_carea' id='block_1_39' title="bbox 253 2435 1840 2509">
    <p class='ocr_par' dir='ltr' id='par_1_39' title="bbox 253 2435 1840 2509">
     <span class='ocr_line' id='line_1_39' title="bbox 253 2435 1840 2509; baseline -0.003 -15"><span class='ocrx_word' id='word_1_301' title='bbox 253 2440 585 2509; x_wconf 86' lang='lat' dir='ltr'><strong>Theophilus</strong></span> <span class='ocrx_word' id='word_1_302' title='bbox 629 2440 680 2494; x_wconf 89' lang='lat' dir='ltr'><strong>id</strong></span> <span class='ocrx_word' id='word_1_303' title='bbox 698 2453 833 2508; x_wconf 90' lang='lat' dir='ltr'><strong>opus</strong></span> <span class='ocrx_word' id='word_1_304' title='bbox 861 2438 1002 2492; x_wconf 92' lang='lat' dir='ltr'><strong>inter</strong></span> <span class='ocrx_word' id='word_1_305' title='bbox 1034 2439 1200 2490; x_wconf 91' lang='lat' dir='ltr'><strong>notha</strong></span> <span class='ocrx_word' id='word_1_306' title='bbox 1230 2435 1539 2501; x_wconf 87' lang='lat' dir='ltr'><strong>recensuit;</strong></span> <span class='ocrx_word' id='word_1_307' title='bbox 1577 2450 1678 2490; x_wconf 90' lang='lat' dir='ltr'><strong>nec</strong></span> <span class='ocrx_word' id='word_1_308' title='bbox 1701 2435 1840 2503; x_wconf 87' lang='lat' dir='ltr'><strong>inju-</strong></span> 
     </span>
    </p>
   </div>
   <div class='ocr_carea' id='block_1_40' title="bbox 253 2524 1841 2593">
    <p class='ocr_par' dir='ltr' id='par_1_40' title="bbox 253 2524 1841 2593">
     <span class='ocr_line' id='line_1_40' title="bbox 253 2524 1841 2593; baseline -0.002 -11"><span class='ocrx_word' id='word_1_309' title='bbox 253 2529 352 2584; x_wconf 88' lang='lat' dir='ltr'><strong>ria.</strong></span> <span class='ocrx_word' id='word_1_310' title='bbox 385 2527 538 2582; x_wconf 84' lang='lat' dir='ltr'><strong>Hunc</strong></span> <span class='ocrx_word' id='word_1_311' title='bbox 563 2527 704 2581; x_wconf 86' lang='lat' dir='ltr'><strong>enim</strong></span> <span class='ocrx_word' id='word_1_312' title='bbox 735 2526 932 2581; x_wconf 88' lang='lat' dir='ltr'><strong>librum</strong></span> <span class='ocrx_word' id='word_1_313' title='bbox 957 2526 1025 2579; x_wconf 91' lang='lat' dir='ltr'><strong>ab</strong></span> <span class='ocrx_word' id='word_1_314' title='bbox 1052 2524 1308 2580; x_wconf 79' lang='lat' dir='ltr'><strong>Anselmo</strong></span> <span class='ocrx_word' id='word_1_315' title='bbox 1336 2540 1442 2579; x_wconf 92' lang='lat' dir='ltr'><strong>non</strong></span> <span class='ocrx_word' id='word_1_316' title='bbox 1475 2539 1596 2580; x_wconf 89' lang='lat' dir='ltr'><strong>esse</strong></span> <span class='ocrx_word' id='word_1_317' title='bbox 1620 2539 1841 2593; x_wconf 87' lang='lat' dir='ltr'><strong>compo-</strong></span> 
     </span>
    </p>
   </div>
   <div class='ocr_carea' id='block_1_41' title="bbox 254 2613 1838 2684">
    <p class='ocr_par' dir='ltr' id='par_1_41' title="bbox 254 2613 1838 2684">
     <span class='ocr_line' id='line_1_41' title="bbox 254 2613 1838 2684; baseline -0.003 -11"><span class='ocrx_word' id='word_1_318' title='bbox 254 2619 418 2673; x_wconf 89' lang='lat' dir='ltr'><strong>situm</strong></span> <span class='ocrx_word' id='word_1_319' title='bbox 442 2616 803 2683; x_wconf 80' lang='lat' dir='ltr'><strong>convincitur,</strong></span> <span class='ocrx_word' id='word_1_320' title='bbox 844 2615 893 2668; x_wconf 93' lang='lat'><strong>1.</strong></span> <span class='ocrx_word' id='word_1_321' title='bbox 944 2629 1008 2669; x_wconf 88' lang='lat' dir='ltr'><strong>ex</strong></span> <span class='ocrx_word' id='word_1_322' title='bbox 1061 2622 1265 2684; x_wconf 86' lang='lat' dir='ltr'><strong>septem</strong></span> <span class='ocrx_word' id='word_1_323' title='bbox 1303 2613 1550 2684; x_wconf 89' lang='lat' dir='ltr'><strong>capitulis</strong></span> <span class='ocrx_word' id='word_1_324' title='bbox 1582 2613 1838 2679; x_wconf 72' lang='lat'><strong>186-192,</strong></span> 
     </span>
    </p>
   </div>
   <div class='ocr_carea' id='block_1_42' title="bbox 257 2705 1840 2780">
    <p class='ocr_par' dir='ltr' id='par_1_42' title="bbox 257 2705 1840 2780">
     <span class='ocr_line' id='line_1_42' title="bbox 257 2705 1840 2780; baseline -0.003 -16"><span class='ocrx_word' id='word_1_325' title='bbox 257 2723 378 2780; x_wconf 76' lang='lat' dir='ltr'><strong>quze</strong></span> <span class='ocrx_word' id='word_1_326' title='bbox 412 2709 465 2763; x_wconf 93' lang='lat' dir='ltr'><strong>in</strong></span> <span class='ocrx_word' id='word_1_327' title='bbox 497 2716 654 2763; x_wconf 87' lang='lat' dir='ltr'><strong>antea</strong></span> <span class='ocrx_word' id='word_1_328' title='bbox 683 2706 846 2762; x_wconf 90' lang='lat' dir='ltr'><strong>editis</strong></span> <span class='ocrx_word' id='word_1_329' title='bbox 882 2714 1153 2776; x_wconf 89' lang='lat' dir='ltr'><strong>postrema</strong></span> <span class='ocrx_word' id='word_1_330' title='bbox 1194 2714 1350 2771; x_wconf 91' lang='lat' dir='ltr'><strong>sunt;</strong></span> <span class='ocrx_word' id='word_1_331' title='bbox 1385 2706 1478 2760; x_wconf 87' lang='lat' dir='ltr'><strong>sed</strong></span> <span class='ocrx_word' id='word_1_332' title='bbox 1507 2705 1586 2760; x_wconf 89' lang='lat' dir='ltr'><strong>eis</strong></span> <span class='ocrx_word' id='word_1_333' title='bbox 1619 2719 1744 2760; x_wconf 91' lang='lat' dir='ltr'><strong>cum</strong></span> <span class='ocrx_word' id='word_1_334' title='bbox 1773 2721 1840 2760; x_wconf 87' lang='lat' dir='ltr'><strong>ex</strong></span> 
     </span>
    </p>
   </div>
   <div class='ocr_carea' id='block_1_43' title="bbox 259 2795 1842 2868">
    <p class='ocr_par' dir='ltr' id='par_1_43' title="bbox 259 2795 1842 2868">
     <span class='ocr_line' id='line_1_43' title="bbox 259 2795 1842 2868; baseline -0.002 -14"><span class='ocrx_word' id='word_1_335' title='bbox 259 2815 361 2854; x_wconf 88' lang='lat' dir='ltr'><strong>ms.</strong></span> <span class='ocrx_word' id='word_1_336' title='bbox 397 2799 454 2855; x_wconf 88' lang='grc'><strong>8.</strong></span> <span class='ocrx_word' id='word_1_337' title='bbox 493 2797 750 2854; x_wconf 87' lang='lat' dir='ltr'><strong>Germani</strong></span> <span class='ocrx_word' id='word_1_338' title='bbox 776 2806 886 2852; x_wconf 91' lang='lat' dir='ltr'><strong>tum</strong></span> <span class='ocrx_word' id='word_1_339' title='bbox 911 2812 976 2852; x_wconf 83' lang='lat' dir='ltr'><strong>ex</strong></span> <span class='ocrx_word' id='word_1_340' title='bbox 1015 2812 1116 2852; x_wconf 91' lang='lat' dir='ltr'><strong>ms.</strong></span> <span class='ocrx_word' id='word_1_341' title='bbox 1161 2797 1438 2864; x_wconf 87' lang='lat' dir='ltr'><strong>Beccensi,</strong></span> <span class='ocrx_word' id='word_1_342' title='bbox 1473 2797 1578 2853; x_wconf 91' lang='lat' dir='ltr'><strong>duo</strong></span> <span class='ocrx_word' id='word_1_343' title='bbox 1619 2795 1842 2868; x_wconf 83' lang='lat' dir='ltr'><strong>subjun-</strong></span> 
     </span>
    </p>
   </div>
   <div class='ocr_carea' id='block_1_44' title="bbox 255 2888 1842 2960">
    <p class='ocr_par' dir='ltr' id='par_1_44' title="bbox 255 2888 1842 2960">
     <span class='ocr_line' id='line_1_44' title="bbox 255 2888 1842 2960; baseline -0.002 -13"><span class='ocrx_word' id='word_1_344' title='bbox 255 2893 577 2960; x_wconf 83' lang='lat' dir='ltr'><strong>ximusquae</strong></span> <span class='ocrx_word' id='word_1_345' title='bbox 595 2890 658 2944; x_wconf 89' lang='lat' dir='ltr'><strong>in</strong></span> <span class='ocrx_word' id='word_1_346' title='bbox 697 2890 969 2960; x_wconf 90' lang='lat' dir='ltr'><strong>prioribus</strong></span> <span class='ocrx_word' id='word_1_347' title='bbox 999 2890 1212 2945; x_wconf 86' lang='lat' dir='ltr'><strong>excusis</strong></span> <span class='ocrx_word' id='word_1_348' title='bbox 1253 2905 1358 2944; x_wconf 91' lang='lat' dir='ltr'><strong>non</strong></span> <span class='ocrx_word' id='word_1_349' title='bbox 1397 2888 1733 2960; x_wconf 82' lang='lat' dir='ltr'><strong>legebantur.</strong></span> <span class='ocrx_word' id='word_1_350' title='bbox 1784 2889 1842 2944; x_wconf 89' lang='lat' dir='ltr'><strong>In</strong></span> 
     </span>
    </p>
   </div>
   <div class='ocr_carea' id='block_1_45' title="bbox 257 2977 1842 3050">
    <p class='ocr_par' dir='ltr' id='par_1_45' title="bbox 257 2977 1842 3050">
     <span class='ocr_line' id='line_1_45' title="bbox 257 2977 1842 3050; baseline -0.004 -14"><span class='ocrx_word' id='word_1_351' title='bbox 257 2982 324 3037; x_wconf 92' lang='lat' dir='ltr'><strong>iis</strong></span> <span class='ocrx_word' id='word_1_352' title='bbox 348 2989 529 3037; x_wconf 92' lang='lat' dir='ltr'><strong>autem</strong></span> <span class='ocrx_word' id='word_1_353' title='bbox 556 2987 758 3050; x_wconf 89' lang='lat' dir='ltr'><strong>septem</strong></span> <span class='ocrx_word' id='word_1_354' title='bbox 800 2977 1051 3050; x_wconf 87' lang='lat' dir='ltr'><strong>capitulis</strong></span> <span class='ocrx_word' id='word_1_355' title='bbox 1097 2986 1286 3034; x_wconf 89' lang='lat' dir='ltr'><strong>auctor</strong></span> <span class='ocrx_word' id='word_1_356' title='bbox 1316 2977 1382 3034; x_wconf 89' lang='lat' dir='ltr'><strong>de</strong></span> <span class='ocrx_word' id='word_1_357' title='bbox 1403 2977 1462 3033; x_wconf 92' lang='lat' dir='ltr'><strong>S.</strong></span> <span class='ocrx_word' id='word_1_358' title='bbox 1489 2977 1743 3033; x_wconf 85' lang='lat' dir='ltr'><strong>Anselmo</strong></span> <span class='ocrx_word' id='word_1_359' title='bbox 1764 2977 1842 3031; x_wconf 87' lang='lat' dir='ltr'><strong>lo-</strong></span> 
     </span>
    </p>
   </div>
   <div class='ocr_carea' id='block_1_46' title="bbox 2005 1802 3523 1876">
    <p class='ocr_par' dir='ltr' id='par_1_46' title="bbox 2005 1802 3523 1876">
     <span class='ocr_line' id='line_1_46' title="bbox 2005 1802 3523 1876; baseline -0.006 -13"><span class='ocrx_word' id='word_1_360' title='bbox 2005 1810 2160 1864; x_wconf 86' lang='lat' dir='ltr'><strong>Hunc</strong></span> <span class='ocrx_word' id='word_1_361' title='bbox 2198 1808 2394 1862; x_wconf 86' lang='lat' dir='ltr'><strong>librum</strong></span> <span class='ocrx_word' id='word_1_362' title='bbox 2417 1806 2579 1861; x_wconf 89' lang='lat' dir='ltr'><strong>Pater</strong></span> <span class='ocrx_word' id='word_1_363' title='bbox 2620 1805 2951 1876; x_wconf 65' lang='lat' dir='ltr'><strong>liaynaudus</strong></span> <span class='ocrx_word' id='word_1_364' title='bbox 3000 1803 3207 1874; x_wconf 88' lang='lat' dir='ltr'><strong>primus</strong></span> <span class='ocrx_word' id='word_1_365' title='bbox 3251 1802 3423 1857; x_wconf 86' lang='lat' dir='ltr'><strong>edidit</strong></span> <span class='ocrx_word' id='word_1_366' title='bbox 3465 1810 3523 1857; x_wconf 88' lang='lat' dir='ltr'><strong>et</strong></span> 
     </span>
    </p>
   </div>
   <div class='ocr_carea' id='block_1_47' title="bbox 1937 1891 3523 1966">
    <p class='ocr_par' dir='ltr' id='par_1_47' title="bbox 1937 1891 3523 1966">
     <span class='ocr_line' id='line_1_47' title="bbox 1937 1891 3523 1966; baseline -0.004 -12"><span class='ocrx_word' id='word_1_367' title='bbox 1937 1898 1996 1954; x_wconf 92' lang='grc'><strong>8.</strong></span> <span class='ocrx_word' id='word_1_368' title='bbox 2018 1894 3089 1966; x_wconf 80' lang='lat' dir='ltr'><strong>Anselmoadjudicavit.Quandoquidem</strong></span> <span class='ocrx_word' id='word_1_369' title='bbox 3118 1908 3248 1948; x_wconf 85' lang='lat' dir='ltr'><strong>vero</strong></span> <span class='ocrx_word' id='word_1_370' title='bbox 3276 1892 3328 1946; x_wconf 92' lang='lat' dir='ltr'><strong>in</strong></span> <span class='ocrx_word' id='word_1_371' title='bbox 3358 1891 3523 1947; x_wconf 91' lang='lat' dir='ltr'><strong>nullis</strong></span> 
     </span>
    </p>
   </div>
   <div class='ocr_carea' id='block_1_48' title="bbox 1937 1982 3513 2051">
    <p class='ocr_par' dir='ltr' id='par_1_48' title="bbox 1937 1982 3513 2051">
     <span class='ocr_line' id='line_1_48' title="bbox 1937 1982 3513 2051; baseline -0.004 -9"><span class='ocrx_word' id='word_1_372' title='bbox 1937 2002 2069 2043; x_wconf 88' lang='lat' dir='ltr'><strong>mss.</strong></span> <span class='ocrx_word' id='word_1_373' title='bbox 2098 1996 2191 2041; x_wconf 92' lang='lat' dir='ltr'><strong>aut</strong></span> <span class='ocrx_word' id='word_1_374' title='bbox 2219 1995 2376 2041; x_wconf 88' lang='lat' dir='ltr'><strong>antea</strong></span> <span class='ocrx_word' id='word_1_375' title='bbox 2405 1984 2566 2040; x_wconf 90' lang='lat' dir='ltr'><strong>editis</strong></span> <span class='ocrx_word' id='word_1_376' title='bbox 2603 1983 2776 2038; x_wconf 89' lang='lat' dir='ltr'><strong>sancti</strong></span> <span class='ocrx_word' id='word_1_377' title='bbox 2804 1982 3044 2038; x_wconf 82' lang='lat' dir='ltr'><strong>Anselmi</strong></span> <span class='ocrx_word' id='word_1_378' title='bbox 3071 1982 3326 2051; x_wconf 90' lang='lat' dir='ltr'><strong>operibus</strong></span> <span class='ocrx_word' id='word_1_379' title='bbox 3361 1982 3513 2036; x_wconf 90' lang='lat' dir='ltr'><strong>illum</strong></span> 
     </span>
    </p>
   </div>
   <div class='ocr_carea' id='block_1_49' title="bbox 1935 2073 3522 2148">
    <p class='ocr_par' dir='ltr' id='par_1_49' title="bbox 1935 2073 3522 2148">
     <span class='ocr_line' id='line_1_49' title="bbox 1935 2073 3522 2148; baseline -0.004 -13"><span class='ocrx_word' id='word_1_380' title='bbox 1935 2078 2317 2148; x_wconf 89' lang='lat' dir='ltr'><strong>compererim,</strong></span> <span class='ocrx_word' id='word_1_381' title='bbox 2350 2078 2404 2130; x_wconf 91' lang='lat' dir='ltr'><strong>in</strong></span> <span class='ocrx_word' id='word_1_382' title='bbox 2435 2091 2501 2132; x_wconf 92' lang='lat' dir='ltr'><strong>eo</strong></span> <span class='ocrx_word' id='word_1_383' title='bbox 2537 2083 2717 2130; x_wconf 91' lang='lat' dir='ltr'><strong>tamen</strong></span> <span class='ocrx_word' id='word_1_384' title='bbox 2761 2073 2937 2130; x_wconf 90' lang='lat' dir='ltr'><strong>sancti</strong></span> <span class='ocrx_word' id='word_1_385' title='bbox 2965 2073 3203 2128; x_wconf 88' lang='lat' dir='ltr'><strong>Anselmi</strong></span> <span class='ocrx_word' id='word_1_386' title='bbox 3235 2074 3522 2128; x_wconf 69' lang='lat' dir='ltr'><strong>sententia:</strong></span> 
     </span>
    </p>
   </div>
   <div class='ocr_carea' id='block_1_50' title="bbox 1937 2163 3518 2239">
    <p class='ocr_par' dir='ltr' id='par_1_50' title="bbox 1937 2163 3518 2239">
     <span class='ocr_line' id='line_1_50' title="bbox 1937 2163 3518 2239; baseline -0.004 -15"><span class='ocrx_word' id='word_1_387' title='bbox 1937 2167 2436 2239; x_wconf 89' lang='lat' dir='ltr'><strong>deprehendantur,</strong></span> <span class='ocrx_word' id='word_1_388' title='bbox 2472 2165 2710 2220; x_wconf 87' lang='lat' dir='ltr'><strong>maxime</strong></span> <span class='ocrx_word' id='word_1_389' title='bbox 2743 2165 2835 2219; x_wconf 92' lang='lat' dir='ltr'><strong>ubi</strong></span> <span class='ocrx_word' id='word_1_390' title='bbox 2874 2165 2940 2218; x_wconf 90' lang='lat' dir='ltr'><strong>de</strong></span> <span class='ocrx_word' id='word_1_391' title='bbox 2979 2163 3071 2216; x_wconf 88' lang='lat' dir='ltr'><strong>Dei</strong></span> <span class='ocrx_word' id='word_1_392' title='bbox 3109 2164 3350 2233; x_wconf 88' lang='lat' dir='ltr'><strong>potentia</strong></span> <span class='ocrx_word' id='word_1_393' title='bbox 3384 2165 3518 2233; x_wconf 81' lang='lat' dir='ltr'><strong>agit,</strong></span> 
     </span>
    </p>
   </div>
   <div class='ocr_carea' id='block_1_51' title="bbox 1937 2251 3520 2324">
    <p class='ocr_par' dir='ltr' id='par_1_51' title="bbox 1937 2251 3520 2324">
     <span class='ocr_line' id='line_1_51' title="bbox 1937 2251 3520 2324; baseline -0.003 -10"><span class='ocrx_word' id='word_1_394' title='bbox 1937 2260 2074 2315; x_wconf 88' lang='lat' dir='ltr'><strong>adeo</strong></span> <span class='ocrx_word' id='word_1_395' title='bbox 2099 2267 2155 2314; x_wconf 91' lang='lat' dir='ltr'><strong>et</strong></span> <span class='ocrx_word' id='word_1_396' title='bbox 2182 2257 2366 2313; x_wconf 86' lang='lat' dir='ltr'><strong>verbis</strong></span> <span class='ocrx_word' id='word_1_397' title='bbox 2389 2265 2444 2311; x_wconf 89' lang='lat' dir='ltr'><strong>et</strong></span> <span class='ocrx_word' id='word_1_398' title='bbox 2473 2270 2632 2311; x_wconf 90' lang='lat' dir='ltr'><strong>sensu</strong></span> <span class='ocrx_word' id='word_1_399' title='bbox 2663 2255 2803 2310; x_wconf 89' lang='lat' dir='ltr'><strong>libro</strong></span> <span class='ocrx_word' id='word_1_400' title='bbox 2825 2254 3148 2324; x_wconf 73' lang='lat' dir='ltr'><strong>przecedenti</strong></span> <span class='ocrx_word' id='word_1_401' title='bbox 3179 2251 3352 2308; x_wconf 73' lang='lat' dir='ltr'><strong>afﬁnis</strong></span> <span class='ocrx_word' id='word_1_402' title='bbox 3380 2255 3520 2308; x_wconf 91' lang='lat' dir='ltr'><strong>mihi</strong></span> 
     </span>
    </p>
   </div>
   <div class='ocr_carea' id='block_1_52' title="bbox 1938 2344 3520 2415">
    <p class='ocr_par' dir='ltr' id='par_1_52' title="bbox 1938 2344 3520 2415">
     <span class='ocr_line' id='line_1_52' title="bbox 1938 2344 3520 2415; baseline -0.004 -11"><span class='ocrx_word' id='word_1_403' title='bbox 1938 2351 2088 2406; x_wconf 89' lang='lat' dir='ltr'><strong>visus</strong></span> <span class='ocrx_word' id='word_1_404' title='bbox 2111 2357 2218 2414; x_wconf 86' lang='lat' dir='ltr'><strong>est,</strong></span> <span class='ocrx_word' id='word_1_405' title='bbox 2243 2357 2302 2402; x_wconf 92' lang='lat' dir='ltr'><strong>ut</strong></span> <span class='ocrx_word' id='word_1_406' title='bbox 2329 2359 2383 2402; x_wconf 90' lang='lat' dir='ltr'><strong>et</strong></span> <span class='ocrx_word' id='word_1_407' title='bbox 2407 2346 2681 2411; x_wconf 88' lang='lat' dir='ltr'><strong>Eadmeri,</strong></span> <span class='ocrx_word' id='word_1_408' title='bbox 2715 2347 2804 2415; x_wconf 91' lang='lat' dir='ltr'><strong>qui</strong></span> <span class='ocrx_word' id='word_1_409' title='bbox 2834 2344 2892 2400; x_wconf 92' lang='lat' dir='ltr'><strong>S.</strong></span> <span class='ocrx_word' id='word_1_410' title='bbox 2922 2344 3159 2400; x_wconf 84' lang='lat' dir='ltr'><strong>Anselmi</strong></span> <span class='ocrx_word' id='word_1_411' title='bbox 3187 2344 3396 2415; x_wconf 90' lang='lat' dir='ltr'><strong>placitis</strong></span> <span class='ocrx_word' id='word_1_412' title='bbox 3422 2345 3520 2398; x_wconf 82' lang='lat' dir='ltr'><strong>lir-</strong></span> 
     </span>
    </p>
   </div>
   <div class='ocr_carea' id='block_1_53' title="bbox 1939 2436 3520 2511">
    <p class='ocr_par' dir='ltr' id='par_1_53' title="bbox 1939 2436 3520 2511">
     <span class='ocr_line' id='line_1_53' title="bbox 1939 2436 3520 2511; baseline -0.004 -14"><span class='ocrx_word' id='word_1_413' title='bbox 1939 2442 2102 2497; x_wconf 90' lang='lat' dir='ltr'><strong>miter</strong></span> <span class='ocrx_word' id='word_1_414' title='bbox 2131 2448 2551 2511; x_wconf 90' lang='lat' dir='ltr'><strong>constanterque</strong></span> <span class='ocrx_word' id='word_1_415' title='bbox 2580 2438 2829 2505; x_wconf 66' lang='lat' dir='ltr'><strong>adhaesit,</strong></span> <span class='ocrx_word' id='word_1_416' title='bbox 2857 2446 3074 2508; x_wconf 89' lang='lat' dir='ltr'><strong>partum</strong></span> <span class='ocrx_word' id='word_1_417' title='bbox 3103 2451 3222 2492; x_wconf 88' lang='lat' dir='ltr'><strong>esse</strong></span> <span class='ocrx_word' id='word_1_418' title='bbox 3250 2451 3355 2491; x_wconf 91' lang='lat' dir='ltr'><strong>non</strong></span> <span class='ocrx_word' id='word_1_419' title='bbox 3383 2436 3520 2490; x_wconf 84' lang='lat' dir='ltr'><strong>levi-</strong></span> 
     </span>
    </p>
   </div>
   <div class='ocr_carea' id='block_1_54' title="bbox 1941 2527 3522 2602">
    <p class='ocr_par' dir='ltr' id='par_1_54' title="bbox 1941 2527 3522 2602">
     <span class='ocr_line' id='line_1_54' title="bbox 1941 2527 3522 2602; baseline -0.004 -13"><span class='ocrx_word' id='word_1_420' title='bbox 1941 2543 2024 2589; x_wconf 90' lang='lat' dir='ltr'><strong>ter</strong></span> <span class='ocrx_word' id='word_1_421' title='bbox 2050 2532 2339 2602; x_wconf 85' lang='lat' dir='ltr'><strong>conjiciam</strong></span> <span class='ocrx_word' id='word_1_422' title='bbox 2368 2550 2381 2586; x_wconf 87' lang='lat'><strong>:</strong></span> <span class='ocrx_word' id='word_1_423' title='bbox 2422 2531 2590 2602; x_wconf 87' lang='lat' dir='ltr'><strong>ipsius</strong></span> <span class='ocrx_word' id='word_1_424' title='bbox 2621 2539 2800 2585; x_wconf 91' lang='lat' dir='ltr'><strong>tamen</strong></span> <span class='ocrx_word' id='word_1_425' title='bbox 2841 2544 3037 2583; x_wconf 90' lang='lat' dir='ltr'><strong>nomen</strong></span> <span class='ocrx_word' id='word_1_426' title='bbox 3072 2527 3200 2584; x_wconf 88' lang='lat' dir='ltr'><strong>huic</strong></span> <span class='ocrx_word' id='word_1_427' title='bbox 3224 2529 3376 2597; x_wconf 90' lang='lat' dir='ltr'><strong>operi</strong></span> <span class='ocrx_word' id='word_1_428' title='bbox 3415 2527 3522 2583; x_wconf 87' lang='lat' dir='ltr'><strong>hac</strong></span> 
     </span>
    </p>
   </div>
   <div class='ocr_carea' id='block_1_55' title="bbox 1940 2623 3108 2695">
    <p class='ocr_par' dir='ltr' id='par_1_55' title="bbox 1940 2623 3108 2695">
     <span class='ocr_line' id='line_1_55' title="bbox 1940 2623 3108 2695; baseline -0.006 -13"><span class='ocrx_word' id='word_1_429' title='bbox 1940 2641 2046 2682; x_wconf 89' lang='lat' dir='ltr'><strong>una</strong></span> <span class='ocrx_word' id='word_1_430' title='bbox 2081 2626 2292 2681; x_wconf 89' lang='lat' dir='ltr'><strong>ratione</strong></span> <span class='ocrx_word' id='word_1_431' title='bbox 2326 2623 2603 2695; x_wconf 66' lang='lat' dir='ltr'><strong>praeﬁgere</strong></span> <span class='ocrx_word' id='word_1_432' title='bbox 2634 2639 2741 2679; x_wconf 91' lang='lat' dir='ltr'><strong>nou</strong></span> <span class='ocrx_word' id='word_1_433' title='bbox 2773 2638 2936 2679; x_wconf 88' lang='lat' dir='ltr'><strong>ausus</strong></span> <span class='ocrx_word' id='word_1_434' title='bbox 2965 2637 3108 2678; x_wconf 89' lang='lat' dir='ltr'><strong>sum.</strong></span> 
     </span>
    </p>
   </div>
   <div class='ocr_carea' id='block_1_56' title="bbox 2011 2711 3516 2780">
    <p class='ocr_par' dir='ltr' id='par_1_56' title="bbox 2011 2711 3516 2780">
     <span class='ocr_line' id='line_1_56' title="bbox 2011 2711 3516 2780; baseline -0.002 -12"><span class='ocrx_word' id='word_1_435' title='bbox 2011 2715 2067 2768; x_wconf 88' lang='lat' dir='ltr'><strong>lu</strong></span> <span class='ocrx_word' id='word_1_436' title='bbox 2105 2728 2236 2769; x_wconf 90' lang='lat' dir='ltr'><strong>mss.</strong></span> <span class='ocrx_word' id='word_1_437' title='bbox 2269 2713 2397 2768; x_wconf 89' lang='lat' dir='ltr'><strong>bibl.</strong></span> <span class='ocrx_word' id='word_1_438' title='bbox 2421 2712 2674 2767; x_wconf 83' lang='lat' dir='ltr'><strong>Alnensis</strong></span> <span class='ocrx_word' id='word_1_439' title='bbox 2694 2720 2872 2767; x_wconf 80' lang='lat' dir='ltr'><strong>exstat</strong></span> <span class='ocrx_word' id='word_1_440' title='bbox 2896 2720 3156 2766; x_wconf 89' lang='lat' dir='ltr'><strong>tractatus</strong></span> <span class='ocrx_word' id='word_1_441' title='bbox 3185 2711 3478 2780; x_wconf 88' lang='lat' dir='ltr'><strong>inscriptus</strong></span> <span class='ocrx_word' id='word_1_442' title='bbox 3502 2729 3516 2765; x_wconf 91' lang='lat'><strong>:</strong></span> 
     </span>
    </p>
   </div>
   <div class='ocr_carea' id='block_1_57' title="bbox 1941 2801 3522 2874">
    <p class='ocr_par' dir='ltr' id='par_1_57' title="bbox 1941 2801 3522 2874">
     <span class='ocr_line' id='line_1_57' title="bbox 1941 2801 3522 2874; baseline -0.001 -16"><span class='ocrx_word' id='word_1_443' title='bbox 1941 2805 2220 2860; x_wconf 80' lang='lat' dir='ltr'><strong>Anselmus</strong></span> <span class='ocrx_word' id='word_1_444' title='bbox 2261 2805 2326 2860; x_wconf 86' lang='lat' dir='ltr'><strong>de</strong></span> <span class='ocrx_word' id='word_1_445' title='bbox 2369 2804 2566 2874; x_wconf 83' lang='lat' dir='ltr'><strong>duplici</strong></span> <span class='ocrx_word' id='word_1_446' title='bbox 2605 2803 2762 2859; x_wconf 86' lang='lat' dir='ltr'><strong>stola.</strong></span> <span class='ocrx_word' id='word_1_447' title='bbox 2815 2803 2870 2857; x_wconf 85' lang='lat' dir='ltr'><strong>In</strong></span> <span class='ocrx_word' id='word_1_448' title='bbox 2904 2818 2988 2858; x_wconf 89' lang='lat' dir='ltr'><strong>ms</strong></span> <span class='ocrx_word' id='word_1_449' title='bbox 3015 2802 3153 2860; x_wconf 87' lang='lat' dir='ltr'><strong>G.&#39;6</strong></span> <span class='ocrx_word' id='word_1_450' title='bbox 3181 2801 3522 2858; x_wconf 61' lang='lat' dir='ltr'><strong>bibliotheca!</strong></span> 
     </span>
    </p>
   </div>
   <div class='ocr_carea' id='block_1_58' title="bbox 1940 2893 3523 2963">
    <p class='ocr_par' dir='ltr' id='par_1_58' title="bbox 1940 2893 3523 2963">
     <span class='ocr_line' id='line_1_58' title="bbox 1940 2893 3523 2963; baseline -0.003 -13"><span class='ocrx_word' id='word_1_451' title='bbox 1940 2895 2243 2952; x_wconf 72' lang='lat' dir='ltr'><strong>Bodleiante</strong></span> <span class='ocrx_word' id='word_1_452' title='bbox 2270 2896 2414 2950; x_wconf 89' lang='lat' dir='ltr'><strong>inter</strong></span> <span class='ocrx_word' id='word_1_453' title='bbox 2439 2894 2611 2949; x_wconf 90' lang='lat' dir='ltr'><strong>sancti</strong></span> <span class='ocrx_word' id='word_1_454' title='bbox 2644 2893 2887 2949; x_wconf 84' lang='lat' dir='ltr'><strong>Anselmi</strong></span> <span class='ocrx_word' id='word_1_455' title='bbox 2911 2893 3088 2963; x_wconf 87' lang='lat' dir='ltr'><strong>Opera</strong></span> <span class='ocrx_word' id='word_1_456' title='bbox 3116 2893 3351 2948; x_wconf 89' lang='lat' dir='ltr'><strong>occurrit</strong></span> <span class='ocrx_word' id='word_1_457' title='bbox 3382 2893 3523 2947; x_wconf 90' lang='lat' dir='ltr'><strong>liber</strong></span> 
     </span>
    </p>
   </div>
   <div class='ocr_carea' id='block_1_59' title="bbox 1947 2983 3522 3057">
    <p class='ocr_par' dir='ltr' id='par_1_59' title="bbox 1947 2983 3522 3057">
     <span class='ocr_line' id='line_1_59' title="bbox 1947 2983 3522 3057; baseline -0.002 -15"><span class='ocrx_word' id='word_1_458' title='bbox 1947 2987 2021 3042; x_wconf 87' lang='lat' dir='ltr'><strong>De</strong></span> <span class='ocrx_word' id='word_1_459' title='bbox 2049 2987 2185 3043; x_wconf 88' lang='lat' dir='ltr'><strong>stola</strong></span> <span class='ocrx_word' id='word_1_460' title='bbox 2213 2987 2411 3057; x_wconf 87' lang='lat' dir='ltr'><strong>duplici</strong></span> <span class='ocrx_word' id='word_1_461' title='bbox 2435 2996 2550 3057; x_wconf 84' lang='lat' dir='ltr'><strong>post</strong></span> <span class='ocrx_word' id='word_1_462' title='bbox 2582 2985 3031 3040; x_wconf 84' lang='lat' dir='ltr'><strong>resurrectionem.</strong></span> <span class='ocrx_word' id='word_1_463' title='bbox 3060 2983 3229 3053; x_wconf 84' lang='lat' dir='ltr'><strong>Hujus</strong></span> <span class='ocrx_word' id='word_1_464' title='bbox 3259 2984 3439 3054; x_wconf 88' lang='lat' dir='ltr'><strong>operis</strong></span> <span class='ocrx_word' id='word_1_465' title='bbox 3461 2994 3522 3039; x_wconf 87' lang='lat' dir='ltr'><strong>ut</strong></span> 
     </span>
    </p>
   </div>
   <div class='ocr_carea' id='block_1_60' title="bbox 253 3067 3522 3150">
    <p class='ocr_par' dir='ltr' id='par_1_60' title="bbox 253 3067 3522 3150">
     <span class='ocr_line' id='line_1_60' title="bbox 253 3067 3522 3150; baseline -0.004 -8"><span class='ocrx_word' id='word_1_466' title='bbox 253 3073 466 3142; x_wconf 70' lang='lat' dir='ltr'><strong>‘lUilUI‘;</strong></span> <span class='ocrx_word' id='word_1_467' title='bbox 501 3071 644 3127; x_wconf 75' lang='grc' dir='ltr'><strong>ἰηάο</strong></span> <span class='ocrx_word' id='word_1_468' title='bbox 674 3071 981 3127; x_wconf 65' lang='lat' dir='ltr'><strong>necessario</strong></span> <span class='ocrx_word' id='word_1_469' title='bbox 1021 3070 1376 3140; x_wconf 70' lang='grc' dir='ltr'><strong>οοηεθιιυὶιυτ</strong></span> <span class='ocrx_word' id='word_1_470' title='bbox 1399 3084 1522 3126; x_wconf 73' lang='lat' dir='ltr'><strong>eum</strong></span> <span class='ocrx_word' id='word_1_471' title='bbox 1565 3083 1595 3122; x_wconf 68' lang='grc' dir='ltr'><strong>θ</strong></span> <span class='ocrx_word' id='word_1_472' title='bbox 1645 3067 1702 3123; x_wconf 59' lang='lat' dir='ltr'><strong>So</strong></span> <span class='ocrx_word' id='word_1_473' title='bbox 1734 3069 1843 3122; x_wconf 83' lang='grc' dir='ltr'><strong>Αη-</strong></span> <span class='ocrx_word' id='word_1_474' title='bbox 1870 3071 1912 3128; x_wconf 87' lang='lat' dir='ltr'>C</span> <span class='ocrx_word' id='word_1_475' title='bbox 1946 3078 2162 3150; x_wconf 89' lang='lat' dir='ltr'><strong>aliquod</strong></span> <span class='ocrx_word' id='word_1_476' title='bbox 2198 3078 2452 3134; x_wconf 87' lang='lat' dir='ltr'><strong>haberem</strong></span> <span class='ocrx_word' id='word_1_477' title='bbox 2480 3076 2778 3146; x_wconf 81' lang='lat' dir='ltr'><strong>exemplar,</strong></span> <span class='ocrx_word' id='word_1_478' title='bbox 2808 3077 2860 3130; x_wconf 93' lang='lat' dir='ltr'><strong>in</strong></span> <span class='ocrx_word' id='word_1_479' title='bbox 2890 3091 2975 3130; x_wconf 93' lang='lat' dir='ltr'><strong>me</strong></span> <span class='ocrx_word' id='word_1_480' title='bbox 3005 3090 3110 3131; x_wconf 92' lang='lat' dir='ltr'><strong>non</strong></span> <span class='ocrx_word' id='word_1_481' title='bbox 3143 3075 3273 3140; x_wconf 80' lang='lat' dir='ltr'><strong>fuit;</strong></span> <span class='ocrx_word' id='word_1_482' title='bbox 3301 3074 3394 3130; x_wconf 90' lang='lat' dir='ltr'><strong>sed</strong></span> <span class='ocrx_word' id='word_1_483' title='bbox 3421 3088 3522 3130; x_wconf 88' lang='lat' dir='ltr'><strong>nec</strong></span> 
     </span>
    </p>
   </div>
   <div class='ocr_carea' id='block_1_61' title="bbox 254 3157 1835 3230">
    <p class='ocr_par' dir='ltr' id='par_1_61' title="bbox 254 3157 1835 3230">
     <span class='ocr_line' id='line_1_61' title="bbox 254 3157 1835 3230; baseline -0.002 -14"><span class='ocrx_word' id='word_1_484' title='bbox 254 3162 422 3217; x_wconf 90' lang='lat' dir='ltr'><strong>selmo</strong></span> <span class='ocrx_word' id='word_1_485' title='bbox 445 3162 609 3217; x_wconf 91' lang='lat' dir='ltr'><strong>alium</strong></span> <span class='ocrx_word' id='word_1_486' title='bbox 649 3177 788 3217; x_wconf 92' lang='lat' dir='ltr'><strong>esse.</strong></span> <span class='ocrx_word' id='word_1_487' title='bbox 821 3159 932 3215; x_wconf 84' lang='lat' dir='ltr'><strong>Nec</strong></span> <span class='ocrx_word' id='word_1_488' title='bbox 972 3161 1094 3230; x_wconf 90' lang='lat' dir='ltr'><strong>quis</strong></span> <span class='ocrx_word' id='word_1_489' title='bbox 1125 3174 1188 3215; x_wconf 90' lang='lat' dir='ltr'><strong>ea</strong></span> <span class='ocrx_word' id='word_1_490' title='bbox 1229 3160 1372 3214; x_wconf 87' lang='lat' dir='ltr'><strong>dicat</strong></span> <span class='ocrx_word' id='word_1_491' title='bbox 1407 3157 1616 3229; x_wconf 88' lang='lat' dir='ltr'><strong>adjecta</strong></span> <span class='ocrx_word' id='word_1_492' title='bbox 1648 3157 1835 3225; x_wconf 83' lang='lat' dir='ltr'><strong>fuisse,</strong></span> 
     </span>
    </p>
   </div>
   <div class='ocr_carea' id='block_1_62' title="bbox 255 3249 1836 3320">
    <p class='ocr_par' dir='ltr' id='par_1_62' title="bbox 255 3249 1836 3320">
     <span class='ocr_line' id='line_1_62' title="bbox 255 3249 1836 3320; baseline -0.001 -17"><span class='ocrx_word' id='word_1_493' title='bbox 255 3249 396 3303; x_wconf 86' lang='lat' dir='ltr'><strong>sicut</strong></span> <span class='ocrx_word' id='word_1_494' title='bbox 436 3264 624 3304; x_wconf 87' lang='lat' dir='ltr'><strong>revera</strong></span> <span class='ocrx_word' id='word_1_495' title='bbox 664 3250 718 3304; x_wconf 88' lang='lat' dir='ltr'><strong>in</strong></span> <span class='ocrx_word' id='word_1_496' title='bbox 767 3249 1005 3305; x_wconf 91' lang='lat' dir='ltr'><strong>editione</strong></span> <span class='ocrx_word' id='word_1_497' title='bbox 1031 3249 1388 3320; x_wconf 81' lang='lat' dir='ltr'><strong>Nuremherg.</strong></span> <span class='ocrx_word' id='word_1_498' title='bbox 1415 3264 1522 3305; x_wconf 92' lang='lat' dir='ltr'><strong>non</strong></span> <span class='ocrx_word' id='word_1_499' title='bbox 1546 3250 1836 3314; x_wconf 89' lang='lat' dir='ltr'><strong>habentur,</strong></span> 
     </span>
    </p>
   </div>
   <div class='ocr_carea' id='block_1_63' title="bbox 257 3341 1840 3413">
    <p class='ocr_par' dir='ltr' id='par_1_63' title="bbox 257 3341 1840 3413">
     <span class='ocr_line' id='line_1_63' title="bbox 257 3341 1840 3413; baseline 0.001 -19"><span class='ocrx_word' id='word_1_500' title='bbox 257 3341 309 3394; x_wconf 90' lang='lat' dir='ltr'><strong>in</strong></span> <span class='ocrx_word' id='word_1_501' title='bbox 343 3341 595 3397; x_wconf 87' lang='lat' dir='ltr'><strong>omnibus</strong></span> <span class='ocrx_word' id='word_1_502' title='bbox 634 3341 779 3397; x_wconf 89' lang='lat' dir='ltr'><strong>enim</strong></span> <span class='ocrx_word' id='word_1_503' title='bbox 813 3356 944 3397; x_wconf 79' lang='lat' dir='ltr'><strong>mss.</strong></span> <span class='ocrx_word' id='word_1_504' title='bbox 982 3356 1044 3396; x_wconf 88' lang='lat' dir='ltr'><strong>ea</strong></span> <span class='ocrx_word' id='word_1_505' title='bbox 1071 3343 1344 3413; x_wconf 81' lang='lat' dir='ltr'><strong>leguntur,</strong></span> <span class='ocrx_word' id='word_1_506' title='bbox 1379 3350 1434 3396; x_wconf 86' lang='lat' dir='ltr'><strong>et</strong></span> <span class='ocrx_word' id='word_1_507' title='bbox 1481 3357 1646 3395; x_wconf 87' lang='lat' dir='ltr'><strong>unum</strong></span> <span class='ocrx_word' id='word_1_508' title='bbox 1699 3342 1840 3411; x_wconf 86' lang='lat' dir='ltr'><strong>ipso-</strong></span> 
     </span>
    </p>
   </div>
   <div class='ocr_carea' id='block_1_64' title="bbox 257 3431 1836 3487">
    <p class='ocr_par' dir='ltr' id='par_1_64' title="bbox 257 3431 1836 3487">
     <span class='ocr_line' id='line_1_64' title="bbox 257 3431 1836 3487; baseline -0.001 -2"><span class='ocrx_word' id='word_1_509' title='bbox 257 3446 377 3485; x_wconf 88' lang='lat' dir='ltr'><strong>rum</strong></span> <span class='ocrx_word' id='word_1_510' title='bbox 403 3433 506 3486; x_wconf 86' lang='lat' dir='ltr'><strong>sub</strong></span> <span class='ocrx_word' id='word_1_511' title='bbox 527 3431 769 3487; x_wconf 84' lang='lat' dir='ltr'><strong>Anselmi</strong></span> <span class='ocrx_word' id='word_1_512' title='bbox 797 3433 962 3487; x_wconf 87' lang='lat' dir='ltr'><strong>etiam</strong></span> <span class='ocrx_word' id='word_1_513' title='bbox 988 3433 1206 3486; x_wconf 90' lang='lat' dir='ltr'><strong>nomine</strong></span> <span class='ocrx_word' id='word_1_514' title='bbox 1228 3447 1256 3486; x_wconf 91' lang='lat' dir='ltr'><strong>a</strong></span> <span class='ocrx_word' id='word_1_515' title='bbox 1297 3431 1354 3487; x_wconf 93' lang='lat' dir='ltr'><strong>S.</strong></span> <span class='ocrx_word' id='word_1_516' title='bbox 1387 3431 1590 3486; x_wconf 88' lang='lat' dir='ltr'><strong>Bonav.</strong></span> <span class='ocrx_word' id='word_1_517' title='bbox 1615 3431 1836 3486; x_wconf 87' lang='lat' dir='ltr'><strong>citatur.</strong></span> 
     </span>
    </p>
   </div>
   <div class='ocr_carea' id='block_1_65' title="bbox 326 3522 1840 3595">
    <p class='ocr_par' dir='ltr' id='par_1_65' title="bbox 326 3522 1840 3595">
     <span class='ocr_line' id='line_1_65' title="bbox 326 3522 1840 3595; baseline 0.001 -17"><span class='ocrx_word' id='word_1_518' title='bbox 326 3522 463 3579; x_wconf 84' lang='lat' dir='ltr'><strong>lliuc</strong></span> <span class='ocrx_word' id='word_1_519' title='bbox 485 3533 668 3580; x_wconf 92' lang='lat' dir='ltr'><strong>autem</strong></span> <span class='ocrx_word' id='word_1_520' title='bbox 695 3539 850 3580; x_wconf 84' lang='lat' dir='ltr'><strong>error</strong></span> <span class='ocrx_word' id='word_1_521' title='bbox 873 3533 1032 3580; x_wconf 91' lang='lat' dir='ltr'><strong>natus</strong></span> <span class='ocrx_word' id='word_1_522' title='bbox 1055 3533 1138 3580; x_wconf 88' lang='lat' dir='ltr'><strong>est</strong></span> <span class='ocrx_word' id='word_1_523' title='bbox 1168 3527 1312 3595; x_wconf 91' lang='lat' dir='ltr'><strong>quod</strong></span> <span class='ocrx_word' id='word_1_524' title='bbox 1334 3524 1473 3580; x_wconf 91' lang='lat' dir='ltr'><strong>liber</strong></span> <span class='ocrx_word' id='word_1_525' title='bbox 1496 3525 1595 3580; x_wconf 89' lang='lat' dir='ltr'><strong>iste</strong></span> <span class='ocrx_word' id='word_1_526' title='bbox 1623 3539 1840 3595; x_wconf 89' lang='lat' dir='ltr'><strong>compo-</strong></span> 
     </span>
    </p>
   </div>
   <div class='ocr_carea' id='block_1_66' title="bbox 257 3615 1841 3687">
    <p class='ocr_par' dir='ltr' id='par_1_66' title="bbox 257 3615 1841 3687">
     <span class='ocr_line' id='line_1_66' title="bbox 257 3615 1841 3687; baseline -0.001 -15"><span class='ocrx_word' id='word_1_527' title='bbox 257 3617 397 3672; x_wconf 91' lang='lat' dir='ltr'><strong>situs</strong></span> <span class='ocrx_word' id='word_1_528' title='bbox 432 3616 503 3673; x_wconf 89' lang='lat' dir='ltr'><strong>sit</strong></span> <span class='ocrx_word' id='word_1_529' title='bbox 554 3631 622 3671; x_wconf 90' lang='lat' dir='ltr'><strong>ex</strong></span> <span class='ocrx_word' id='word_1_530' title='bbox 673 3616 1120 3672; x_wconf 82' lang='lat' dir='ltr'><strong>similitudinibus</strong></span> <span class='ocrx_word' id='word_1_531' title='bbox 1163 3631 1299 3687; x_wconf 90' lang='lat' dir='ltr'><strong>quas</strong></span> <span class='ocrx_word' id='word_1_532' title='bbox 1351 3615 1413 3672; x_wconf 92' lang='grc'><strong>8.</strong></span> <span class='ocrx_word' id='word_1_533' title='bbox 1463 3616 1750 3672; x_wconf 83' lang='lat' dir='ltr'><strong>Anselmus</strong></span> <span class='ocrx_word' id='word_1_534' title='bbox 1773 3615 1841 3671; x_wconf 90' lang='lat' dir='ltr'><strong>ad</strong></span> 
     </span>
    </p>
   </div>
   <div class='ocr_carea' id='block_1_67' title="bbox 261 3705 1838 3777">
    <p class='ocr_par' dir='ltr' id='par_1_67' title="bbox 261 3705 1838 3777">
     <span class='ocr_line' id='line_1_67' title="bbox 261 3705 1838 3777; baseline 0.001 -17"><span class='ocrx_word' id='word_1_535' title='bbox 261 3721 443 3762; x_wconf 87' lang='lat' dir='ltr'><strong>mores</strong></span> <span class='ocrx_word' id='word_1_536' title='bbox 493 3705 653 3762; x_wconf 78' lang='lat' dir='ltr'><strong>facile</strong></span> <span class='ocrx_word' id='word_1_537' title='bbox 699 3707 1101 3777; x_wconf 88' lang='lat' dir='ltr'><strong>componendos</strong></span> <span class='ocrx_word' id='word_1_538' title='bbox 1139 3707 1397 3763; x_wconf 86' lang='lat' dir='ltr'><strong>adhibere</strong></span> <span class='ocrx_word' id='word_1_539' title='bbox 1446 3715 1838 3763; x_wconf 87' lang='lat' dir='ltr'><strong>consueverat:</strong></span> 
     </span>
    </p>
   </div>
   <div class='ocr_carea' id='block_1_68' title="bbox 259 3799 1840 3870">
    <p class='ocr_par' dir='ltr' id='par_1_68' title="bbox 259 3799 1840 3870">
     <span class='ocr_line' id='line_1_68' title="bbox 259 3799 1840 3870; baseline 0.001 -17"><span class='ocrx_word' id='word_1_540' title='bbox 259 3801 401 3857; x_wconf 89' lang='lat' dir='ltr'><strong>unde</strong></span> <span class='ocrx_word' id='word_1_541' title='bbox 441 3800 591 3856; x_wconf 88' lang='lat' dir='ltr'><strong>&#39;liber</strong></span> <span class='ocrx_word' id='word_1_542' title='bbox 637 3799 1062 3857; x_wconf 90' lang='lat' dir='ltr'><strong>Similitudinum</strong></span> <span class='ocrx_word' id='word_1_543' title='bbox 1111 3800 1354 3857; x_wconf 86' lang='lat' dir='ltr'><strong>Anselmi</strong></span> <span class='ocrx_word' id='word_1_544' title='bbox 1407 3809 1555 3857; x_wconf 86' lang='lat' dir='ltr'><strong>recte</strong></span> <span class='ocrx_word' id='word_1_545' title='bbox 1602 3801 1706 3856; x_wconf 88' lang='lat' dir='ltr'><strong>dici</strong></span> <span class='ocrx_word' id='word_1_546' title='bbox 1749 3815 1840 3870; x_wconf 89' lang='lat' dir='ltr'><strong>po-</strong></span> 
     </span>
    </p>
   </div>
   <div class='ocr_carea' id='block_1_69' title="bbox 257 3889 1840 3959">
    <p class='ocr_par' dir='ltr' id='par_1_69' title="bbox 257 3889 1840 3959">
     <span class='ocr_line' id='line_1_69' title="bbox 257 3889 1840 3959; baseline 0.003 -15"><span class='ocrx_word' id='word_1_547' title='bbox 257 3891 380 3957; x_wconf 88' lang='lat' dir='ltr'><strong>tuit,</strong></span> <span class='ocrx_word' id='word_1_548' title='bbox 430 3889 521 3947; x_wconf 73' lang='lat' dir='ltr'><strong>vel</strong></span> <span class='ocrx_word' id='word_1_549' title='bbox 571 3890 792 3947; x_wconf 87' lang='lat' dir='ltr'><strong>inscribi</strong></span> <span class='ocrx_word' id='word_1_550' title='bbox 847 3889 905 3947; x_wconf 90' lang='lat' dir='ltr'><strong>S.</strong></span> <span class='ocrx_word' id='word_1_551' title='bbox 952 3891 1185 3947; x_wconf 81' lang='lat' dir='ltr'><strong>Anselmi</strong></span> <span class='ocrx_word' id='word_1_552' title='bbox 1217 3890 1625 3948; x_wconf 80' lang='lat' dir='ltr'><strong>Similitudines.</strong></span> <span class='ocrx_word' id='word_1_553' title='bbox 1669 3891 1840 3959; x_wconf 85' lang='lat' dir='ltr'><strong>Quam</strong></span> 
     </span>
    </p>
   </div>
   <div class='ocr_carea' id='block_1_70' title="bbox 260 3982 1841 4055">
    <p class='ocr_par' dir='ltr' id='par_1_70' title="bbox 260 3982 1841 4055">
     <span class='ocr_line' id='line_1_70' title="bbox 260 3982 1841 4055; baseline 0.001 -19"><span class='ocrx_word' id='word_1_554' title='bbox 260 3982 524 4053; x_wconf 88' lang='lat' dir='ltr'><strong>plurimas</strong></span> <span class='ocrx_word' id='word_1_555' title='bbox 559 3985 705 4040; x_wconf 89' lang='lat' dir='ltr'><strong>enim</strong></span> <span class='ocrx_word' id='word_1_556' title='bbox 729 3998 798 4039; x_wconf 89' lang='lat' dir='ltr'><strong>ex</strong></span> <span class='ocrx_word' id='word_1_557' title='bbox 845 3983 912 4040; x_wconf 89' lang='lat' dir='ltr'><strong>iis</strong></span> <span class='ocrx_word' id='word_1_558' title='bbox 940 3985 1138 4055; x_wconf 89' lang='lat' dir='ltr'><strong>quibus</strong></span> <span class='ocrx_word' id='word_1_559' title='bbox 1179 3983 1238 4040; x_wconf 91' lang='grc'><strong>8.</strong></span> <span class='ocrx_word' id='word_1_560' title='bbox 1263 3985 1553 4040; x_wconf 81' lang='lat' dir='ltr'><strong>Anselmus</strong></span> <span class='ocrx_word' id='word_1_561' title='bbox 1579 3999 1710 4040; x_wconf 91' lang='lat' dir='ltr'><strong>usus</strong></span> <span class='ocrx_word' id='word_1_562' title='bbox 1735 3994 1841 4051; x_wconf 85' lang='lat' dir='ltr'><strong>est,</strong></span> 
     </span>
    </p>
   </div>
   <div class='ocr_carea' id='block_1_71' title="bbox 257 4075 1844 4146">
    <p class='ocr_par' dir='ltr' id='par_1_71' title="bbox 257 4075 1844 4146">
     <span class='ocr_line' id='line_1_71' title="bbox 257 4075 1844 4146; baseline 0.001 -17"><span class='ocrx_word' id='word_1_563' title='bbox 257 4076 560 4134; x_wconf 81' lang='lat' dir='ltr'><strong>Eadmerus</strong></span> <span class='ocrx_word' id='word_1_564' title='bbox 588 4075 795 4146; x_wconf 77' lang='lat' dir='ltr'><strong>profert</strong></span> <span class='ocrx_word' id='word_1_565' title='bbox 823 4076 878 4130; x_wconf 92' lang='lat' dir='ltr'><strong>in</strong></span> <span class='ocrx_word' id='word_1_566' title='bbox 904 4075 940 4130; x_wconf 94' lang='lat' dir='ltr'><strong>l.</strong></span> <span class='ocrx_word' id='word_1_567' title='bbox 975 4077 1049 4132; x_wconf 90' lang='lat' dir='ltr'><strong>De</strong></span> <span class='ocrx_word' id='word_1_568' title='bbox 1077 4076 1196 4145; x_wconf 90' lang='lat' dir='ltr'><strong>ejus</strong></span> <span class='ocrx_word' id='word_1_569' title='bbox 1219 4075 1344 4131; x_wconf 70' lang='lat' dir='ltr'><strong>Vita</strong></span> <span class='ocrx_word' id='word_1_570' title='bbox 1372 4093 1385 4130; x_wconf 90' lang='lat'><strong>:</strong></span> <span class='ocrx_word' id='word_1_571' title='bbox 1428 4089 1621 4146; x_wconf 90' lang='lat' dir='ltr'><strong>nempe</strong></span> <span class='ocrx_word' id='word_1_572' title='bbox 1651 4075 1844 4130; x_wconf 89' lang='lat' dir='ltr'><strong>simili-</strong></span> 
     </span>
    </p>
   </div>
   <div class='ocr_carea' id='block_1_72' title="bbox 269 4165 1840 4233">
    <p class='ocr_par' dir='ltr' id='par_1_72' title="bbox 269 4165 1840 4233">
     <span class='ocr_line' id='line_1_72' title="bbox 269 4165 1840 4233; baseline -0.001 -13"><span class='ocrx_word' id='word_1_573' title='bbox 269 4167 512 4222; x_wconf 89' lang='lat' dir='ltr'><strong>tudinem</strong></span> <span class='ocrx_word' id='word_1_574' title='bbox 548 4166 780 4231; x_wconf 89' lang='lat' dir='ltr'><strong>Ursarii,</strong></span> <span class='ocrx_word' id='word_1_575' title='bbox 828 4165 932 4221; x_wconf 89' lang='lat' dir='ltr'><strong>col.</strong></span> <span class='ocrx_word' id='word_1_576' title='bbox 974 4165 1395 4232; x_wconf 67' lang='lat' dir='ltr'><strong>&#39;58;Cera:,’59;</strong></span> <span class='ocrx_word' id='word_1_577' title='bbox 1453 4165 1678 4233; x_wconf 65' lang='lat' dir='ltr'><strong>Plantae,</strong></span> <span class='ocrx_word' id='word_1_578' title='bbox 1729 4165 1840 4231; x_wconf 84' lang='lat'><strong>67;</strong></span> 
     </span>
    </p>
   </div>
   <div class='ocr_carea' id='block_1_73' title="bbox 266 4254 1841 4326">
    <p class='ocr_par' dir='ltr' id='par_1_73' title="bbox 266 4254 1841 4326">
     <span class='ocr_line' id='line_1_73' title="bbox 266 4254 1841 4326; baseline 0 -17"><span class='ocrx_word' id='word_1_579' title='bbox 266 4255 495 4321; x_wconf 78' lang='lat' dir='ltr'><strong>Vivarii,</strong></span> <span class='ocrx_word' id='word_1_580' title='bbox 509 4254 608 4321; x_wconf 86' lang='lat'><strong>76;</strong></span> <span class='ocrx_word' id='word_1_581' title='bbox 634 4255 888 4323; x_wconf 85' lang='lat' dir='ltr'><strong>Bubonis,</strong></span> <span class='ocrx_word' id='word_1_582' title='bbox 907 4254 975 4311; x_wconf 80' lang='lat'><strong>83</strong></span> <span class='ocrx_word' id='word_1_583' title='bbox 990 4272 1004 4322; x_wconf 92' lang='lat'><strong>;</strong></span> <span class='ocrx_word' id='word_1_584' title='bbox 1022 4255 1332 4323; x_wconf 80' lang='lat' dir='ltr'><strong>Molendini,</strong></span> <span class='ocrx_word' id='word_1_585' title='bbox 1350 4255 1448 4322; x_wconf 78' lang='lat'><strong>85;</strong></span> <span class='ocrx_word' id='word_1_586' title='bbox 1482 4254 1724 4326; x_wconf 88' lang='lat' dir='ltr'><strong>Leporis,</strong></span> <span class='ocrx_word' id='word_1_587' title='bbox 1741 4256 1803 4311; x_wconf 86' lang='lat'><strong>91</strong></span> <span class='ocrx_word' id='word_1_588' title='bbox 1825 4272 1841 4320; x_wconf 86' lang='lat'><strong>;</strong></span> 
     </span>
    </p>
   </div>
   <div class='ocr_carea' id='block_1_74' title="bbox 261 4345 1844 4419">
    <p class='ocr_par' dir='ltr' id='par_1_74' title="bbox 261 4345 1844 4419">
     <span class='ocr_line' id='line_1_74' title="bbox 261 4345 1844 4419; baseline -0.001 -15"><span class='ocrx_word' id='word_1_589' title='bbox 261 4347 534 4419; x_wconf 59' lang='lat' dir='ltr'><strong>Avicula,</strong></span> <span class='ocrx_word' id='word_1_590' title='bbox 578 4347 710 4414; x_wconf 75' lang='lat'><strong>92.;</strong></span> <span class='ocrx_word' id='word_1_591' title='bbox 775 4345 966 4404; x_wconf 82' lang='lat' dir='ltr'><strong>Militis</strong></span> <span class='ocrx_word' id='word_1_592' title='bbox 1021 4347 1290 4415; x_wconf 87' lang='lat' dir='ltr'><strong>solidarii,</strong></span> <span class='ocrx_word' id='word_1_593' title='bbox 1364 4348 1464 4403; x_wconf 93' lang='lat' dir='ltr'><strong>col.</strong></span> <span class='ocrx_word' id='word_1_594' title='bbox 1535 4348 1643 4414; x_wconf 67' lang='lat' dir='ltr'><strong>9i;</strong></span> <span class='ocrx_word' id='word_1_595' title='bbox 1711 4364 1844 4416; x_wconf 88' lang='lat' dir='ltr'><strong>quas</strong></span> 
     </span>
    </p>
   </div>
   <div class='ocr_carea' id='block_1_75' title="bbox 1940 3166 3518 3237">
    <p class='ocr_par' dir='ltr' id='par_1_75' title="bbox 1940 3166 3518 3237">
     <span class='ocr_line' id='line_1_75' title="bbox 1940 3166 3518 3237; baseline -0.003 -13"><span class='ocrx_word' id='word_1_596' title='bbox 1940 3171 2009 3225; x_wconf 90' lang='lat' dir='ltr'><strong>ab</strong></span> <span class='ocrx_word' id='word_1_597' title='bbox 2039 3169 2293 3225; x_wconf 88' lang='lat' dir='ltr'><strong>Auselmo</strong></span> <span class='ocrx_word' id='word_1_598' title='bbox 2326 3168 2706 3225; x_wconf 85' lang='lat' dir='ltr'><strong>Cantuariensi</strong></span> <span class='ocrx_word' id='word_1_599' title='bbox 2743 3166 2872 3222; x_wconf 87' lang='lat' dir='ltr'><strong>illud</strong></span> <span class='ocrx_word' id='word_1_600' title='bbox 2903 3167 3262 3237; x_wconf 86' lang='lat' dir='ltr'><strong>compositum</strong></span> <span class='ocrx_word' id='word_1_601' title='bbox 3296 3180 3518 3232; x_wconf 85' lang='lat' dir='ltr'><strong>censeo,</strong></span> 
     </span>
    </p>
   </div>
   <div class='ocr_carea' id='block_1_76' title="bbox 1941 3257 3271 3330">
    <p class='ocr_par' dir='ltr' id='par_1_76' title="bbox 1941 3257 3271 3330">
     <span class='ocr_line' id='line_1_76' title="bbox 1941 3257 3271 3330; baseline -0.004 -15"><span class='ocrx_word' id='word_1_602' title='bbox 1941 3259 2093 3330; x_wconf 88' lang='lat' dir='ltr'><strong>cujus</strong></span> <span class='ocrx_word' id='word_1_603' title='bbox 2118 3260 2417 3316; x_wconf 82' lang='lat' dir='ltr'><strong>Eadmerus</strong></span> <span class='ocrx_word' id='word_1_604' title='bbox 2439 3267 2533 3314; x_wconf 90' lang='lat' dir='ltr'><strong>aut</strong></span> <span class='ocrx_word' id='word_1_605' title='bbox 2553 3259 2692 3314; x_wconf 87' lang='lat' dir='ltr'><strong>alius</strong></span> <span class='ocrx_word' id='word_1_606' title='bbox 2720 3258 2844 3328; x_wconf 88' lang='lat' dir='ltr'><strong>quis</strong></span> <span class='ocrx_word' id='word_1_607' title='bbox 2869 3272 2976 3312; x_wconf 93' lang='lat' dir='ltr'><strong>non</strong></span> <span class='ocrx_word' id='word_1_608' title='bbox 3005 3257 3271 3312; x_wconf 85' lang='lat' dir='ltr'><strong>meminit.</strong></span> 
     </span>
    </p>
   </div>
   <div class='ocr_carea' id='block_1_77' title="bbox 2015 3349 3516 3408">
    <p class='ocr_par' dir='ltr' id='par_1_77' title="bbox 2015 3349 3516 3408">
     <span class='ocr_line' id='line_1_77' title="bbox 2015 3349 3516 3408; baseline -0.003 -2"><span class='ocrx_word' id='word_1_609' title='bbox 2015 3351 2089 3408; x_wconf 90' lang='lat' dir='ltr'><strong>De</strong></span> <span class='ocrx_word' id='word_1_610' title='bbox 2114 3352 2436 3407; x_wconf 80' lang='lat' dir='ltr'><strong>Anticltristo</strong></span> <span class='ocrx_word' id='word_1_611' title='bbox 2458 3352 2589 3406; x_wconf 89' lang='lat' dir='ltr'><strong>liber</strong></span> <span class='ocrx_word' id='word_1_612' title='bbox 2613 3367 2747 3406; x_wconf 84' lang='lat' dir='ltr'><strong>unus</strong></span> <span class='ocrx_word' id='word_1_613' title='bbox 2773 3349 3030 3406; x_wconf 83' lang='lat' dir='ltr'><strong>Anselmo</strong></span> <span class='ocrx_word' id='word_1_614' title='bbox 3056 3349 3310 3404; x_wconf 90' lang='lat' dir='ltr'><strong>tribuitur</strong></span> <span class='ocrx_word' id='word_1_615' title='bbox 3334 3349 3385 3402; x_wconf 90' lang='lat' dir='ltr'><strong>in</strong></span> <span class='ocrx_word' id='word_1_616' title='bbox 3415 3363 3516 3403; x_wconf 89' lang='lat' dir='ltr'><strong>ms.</strong></span> 
     </span>
    </p>
   </div>
   <div class='ocr_carea' id='block_1_78' title="bbox 1942 3439 3520 3510">
    <p class='ocr_par' dir='ltr' id='par_1_78' title="bbox 1942 3439 3520 3510">
     <span class='ocr_line' id='line_1_78' title="bbox 1942 3439 3520 3510; baseline -0.004 -12"><span class='ocrx_word' id='word_1_617' title='bbox 1942 3443 2044 3498; x_wconf 71' lang='lat'><strong>122</strong></span> <span class='ocrx_word' id='word_1_618' title='bbox 2080 3452 2137 3498; x_wconf 88' lang='lat' dir='ltr'><strong>et</strong></span> <span class='ocrx_word' id='word_1_619' title='bbox 2165 3443 2268 3500; x_wconf 70' lang='lat'><strong>134</strong></span> <span class='ocrx_word' id='word_1_620' title='bbox 2297 3442 2429 3499; x_wconf 89' lang='lat' dir='ltr'><strong>bibl.</strong></span> <span class='ocrx_word' id='word_1_621' title='bbox 2475 3441 2600 3498; x_wconf 91' lang='lat' dir='ltr'><strong>coll.</strong></span> <span class='ocrx_word' id='word_1_622' title='bbox 2636 3443 2695 3497; x_wconf 87' lang='lat' dir='ltr'><strong>S.</strong></span> <span class='ocrx_word' id='word_1_623' title='bbox 2741 3441 2942 3497; x_wconf 87' lang='lat' dir='ltr'><strong>Bened.</strong></span> <span class='ocrx_word' id='word_1_624' title='bbox 2973 3439 3344 3510; x_wconf 71' lang='lat' dir='ltr'><strong>Cantabrigm;</strong></span> <span class='ocrx_word' id='word_1_625' title='bbox 3384 3450 3438 3493; x_wconf 89' lang='lat' dir='ltr'><strong>et</strong></span> <span class='ocrx_word' id='word_1_626' title='bbox 3465 3439 3520 3492; x_wconf 90' lang='lat' dir='ltr'><strong>in</strong></span> 
     </span>
    </p>
   </div>
   <div class='ocr_carea' id='block_1_79' title="bbox 1942 3531 3523 3600">
    <p class='ocr_par' dir='ltr' id='par_1_79' title="bbox 1942 3531 3523 3600">
     <span class='ocr_line' id='line_1_79' title="bbox 1942 3531 3523 3600; baseline -0.004 -10"><span class='ocrx_word' id='word_1_627' title='bbox 1942 3550 2044 3590; x_wconf 88' lang='lat' dir='ltr'><strong>ms.</strong></span> <span class='ocrx_word' id='word_1_628' title='bbox 2066 3533 2171 3590; x_wconf 71' lang='lat'><strong>205</strong></span> <span class='ocrx_word' id='word_1_629' title='bbox 2197 3534 2332 3589; x_wconf 68' lang='lat' dir='ltr'><strong>aulm</strong></span> <span class='ocrx_word' id='word_1_630' title='bbox 2353 3534 2670 3590; x_wconf 88' lang='lat' dir='ltr'><strong>Pembroch.</strong></span> <span class='ocrx_word' id='word_1_631' title='bbox 2693 3533 2844 3588; x_wconf 83' lang='lat' dir='ltr'><strong>Hunc</strong></span> <span class='ocrx_word' id='word_1_632' title='bbox 2864 3532 3059 3589; x_wconf 91' lang='lat' dir='ltr'><strong>librum</strong></span> <span class='ocrx_word' id='word_1_633' title='bbox 3083 3531 3310 3600; x_wconf 89' lang='lat' dir='ltr'><strong>conjicio</strong></span> <span class='ocrx_word' id='word_1_634' title='bbox 3329 3545 3523 3586; x_wconf 83' lang='lat' dir='ltr'><strong>excer-</strong></span> 
     </span>
    </p>
   </div>
   <div class='ocr_carea' id='block_1_80' title="bbox 1942 3621 3520 3697">
    <p class='ocr_par' dir='ltr' id='par_1_80' title="bbox 1942 3621 3520 3697">
     <span class='ocr_line' id='line_1_80' title="bbox 1942 3621 3520 3697; baseline -0.002 -18"><span class='ocrx_word' id='word_1_635' title='bbox 1942 3634 2092 3697; x_wconf 88' lang='lat' dir='ltr'><strong>ptum</strong></span> <span class='ocrx_word' id='word_1_636' title='bbox 2138 3641 2204 3681; x_wconf 85' lang='lat' dir='ltr'><strong>ex</strong></span> <span class='ocrx_word' id='word_1_637' title='bbox 2237 3641 2286 3680; x_wconf 93' lang='lat' dir='ltr'><strong>c.</strong></span> <span class='ocrx_word' id='word_1_638' title='bbox 2335 3626 2405 3679; x_wconf 80' lang='lat'><strong>30</strong></span> <span class='ocrx_word' id='word_1_639' title='bbox 2439 3634 2494 3680; x_wconf 92' lang='lat' dir='ltr'><strong>et</strong></span> <span class='ocrx_word' id='word_1_640' title='bbox 2542 3640 2660 3696; x_wconf 91' lang='lat' dir='ltr'><strong>seq.</strong></span> <span class='ocrx_word' id='word_1_641' title='bbox 2708 3624 3027 3691; x_wconf 85' lang='lat' dir='ltr'><strong>Elucidarii,</strong></span> <span class='ocrx_word' id='word_1_642' title='bbox 3072 3623 3217 3694; x_wconf 90' lang='lat' dir='ltr'><strong>quod</strong></span> <span class='ocrx_word' id='word_1_643' title='bbox 3259 3621 3520 3678; x_wconf 83' lang='lat' dir='ltr'><strong>Anselmo</strong></span> 
     </span>
    </p>
   </div>
   <div class='ocr_carea' id='block_1_81' title="bbox 1943 3714 2572 3782">
    <p class='ocr_par' dir='ltr' id='par_1_81' title="bbox 1943 3714 2572 3782">
     <span class='ocr_line' id='line_1_81' title="bbox 1943 3714 2572 3782; baseline -0.003 -12"><span class='ocrx_word' id='word_1_644' title='bbox 1943 3715 2254 3782; x_wconf 89' lang='lat' dir='ltr'><strong>ascribitur,</strong></span> <span class='ocrx_word' id='word_1_645' title='bbox 2287 3715 2388 3770; x_wconf 90' lang='lat' dir='ltr'><strong>etsi</strong></span> <span class='ocrx_word' id='word_1_646' title='bbox 2417 3714 2572 3770; x_wconf 79' lang='lat' dir='ltr'><strong>falso.</strong></span> 
     </span>
    </p>
   </div>
   <div class='ocr_carea' id='block_1_82' title="bbox 2016 3799 3522 3870">
    <p class='ocr_par' dir='ltr' id='par_1_82' title="bbox 2016 3799 3522 3870">
     <span class='ocr_line' id='line_1_82' title="bbox 2016 3799 3522 3870; baseline 0 -15"><span class='ocrx_word' id='word_1_647' title='bbox 2016 3800 2238 3856; x_wconf 89' lang='lat' dir='ltr'><strong>Librum</strong></span> <span class='ocrx_word' id='word_1_648' title='bbox 2266 3801 2429 3856; x_wconf 91' lang='lat' dir='ltr'><strong>etiam</strong></span> <span class='ocrx_word' id='word_1_649' title='bbox 2461 3801 2533 3856; x_wconf 83' lang='lat' dir='ltr'><strong>De</strong></span> <span class='ocrx_word' id='word_1_650' title='bbox 2555 3802 2690 3856; x_wconf 87' lang='lat' dir='ltr'><strong>bona</strong></span> <span class='ocrx_word' id='word_1_651' title='bbox 2713 3799 3050 3870; x_wconf 86' lang='lat' dir='ltr'><strong>occupatione</strong></span> <span class='ocrx_word' id='word_1_652' title='bbox 3069 3799 3324 3856; x_wconf 85' lang='lat' dir='ltr'><strong>Anselmo</strong></span> <span class='ocrx_word' id='word_1_653' title='bbox 3347 3801 3522 3855; x_wconf 70' lang='lat' dir='ltr'><strong>ascri-</strong></span> 
     </span>
    </p>
   </div>
   <div class='ocr_carea' id='block_1_83' title="bbox 1946 3889 3512 3963">
    <p class='ocr_par' dir='ltr' id='par_1_83' title="bbox 1946 3889 3512 3963">
     <span class='ocr_line' id='line_1_83' title="bbox 1946 3889 3512 3963; baseline -0.003 -14"><span class='ocrx_word' id='word_1_654' title='bbox 1946 3894 2081 3949; x_wconf 90' lang='lat' dir='ltr'><strong>bunt</strong></span> <span class='ocrx_word' id='word_1_655' title='bbox 2103 3907 2206 3949; x_wconf 88' lang='lat' dir='ltr'><strong>ms.</strong></span> <span class='ocrx_word' id='word_1_656' title='bbox 2244 3893 2348 3947; x_wconf 72' lang='lat'><strong>154</strong></span> <span class='ocrx_word' id='word_1_657' title='bbox 2382 3891 2595 3962; x_wconf 70' lang='lat' dir='ltr'><strong>praefati</strong></span> <span class='ocrx_word' id='word_1_658' title='bbox 2631 3891 2841 3963; x_wconf 79' lang='lat' dir='ltr'><strong>collegii</strong></span> <span class='ocrx_word' id='word_1_659' title='bbox 2873 3891 2931 3946; x_wconf 90' lang='lat' dir='ltr'><strong>S.</strong></span> <span class='ocrx_word' id='word_1_660' title='bbox 2959 3890 3161 3947; x_wconf 87' lang='lat' dir='ltr'><strong>Bened.</strong></span> <span class='ocrx_word' id='word_1_661' title='bbox 3195 3899 3250 3946; x_wconf 91' lang='lat' dir='ltr'><strong>et</strong></span> <span class='ocrx_word' id='word_1_662' title='bbox 3278 3905 3379 3946; x_wconf 90' lang='lat' dir='ltr'><strong>ms.</strong></span> <span class='ocrx_word' id='word_1_663' title='bbox 3409 3889 3512 3956; x_wconf 87' lang='lat'><strong>16,</strong></span> 
     </span>
    </p>
   </div>
   <div class='ocr_carea' id='block_1_84' title="bbox 1945 3981 3036 4064">
    <p class='ocr_par' dir='ltr' id='par_1_84' title="bbox 1945 3981 3036 4064">
     <span class='ocr_line' id='line_1_84' title="bbox 1945 3981 3036 4064; baseline -0.004 -26"><span class='ocrx_word' id='word_1_664' title='bbox 1945 3983 2078 4039; x_wconf 90' lang='lat' dir='ltr'><strong>bibl.</strong></span> <span class='ocrx_word' id='word_1_665' title='bbox 2114 3982 2329 4054; x_wconf 77' lang='lat' dir='ltr'><strong>collegii</strong></span> <span class='ocrx_word' id='word_1_666' title='bbox 2358 3981 2655 4064; x_wconf 77' lang='lat' dir='ltr'><strong>Magdalen.</strong></span> <span class='ocrx_word' id='word_1_667' title='bbox 2691 3981 3036 4038; x_wconf 86' lang='lat' dir='ltr'><strong>Oxoniensis.</strong></span> 
     </span>
    </p>
   </div>
   <div class='ocr_carea' id='block_1_85' title="bbox 2016 4069 3514 4144">
    <p class='ocr_par' dir='ltr' id='par_1_85' title="bbox 2016 4069 3514 4144">
     <span class='ocr_line' id='line_1_85' title="bbox 2016 4069 3514 4144; baseline -0.003 -15"><span class='ocrx_word' id='word_1_668' title='bbox 2016 4075 2093 4129; x_wconf 87' lang='lat' dir='ltr'><strong>De</strong></span> <span class='ocrx_word' id='word_1_669' title='bbox 2122 4075 2320 4144; x_wconf 83' lang='lat' dir='ltr'><strong>quibus</strong></span> <span class='ocrx_word' id='word_1_670' title='bbox 2344 4088 2475 4129; x_wconf 83' lang='lat' dir='ltr'><strong>vero</strong></span> <span class='ocrx_word' id='word_1_671' title='bbox 2502 4072 2590 4128; x_wconf 93' lang='lat' dir='ltr'><strong>hic</strong></span> <span class='ocrx_word' id='word_1_672' title='bbox 2621 4072 2760 4127; x_wconf 90' lang='lat' dir='ltr'><strong>liber</strong></span> <span class='ocrx_word' id='word_1_673' title='bbox 2789 4080 2917 4143; x_wconf 83' lang='lat' dir='ltr'><strong>agat</strong></span> <span class='ocrx_word' id='word_1_674' title='bbox 2960 4069 3167 4128; x_wconf 89' lang='lat' dir='ltr'><strong>rescire</strong></span> <span class='ocrx_word' id='word_1_675' title='bbox 3205 4084 3311 4125; x_wconf 92' lang='lat' dir='ltr'><strong>non</strong></span> <span class='ocrx_word' id='word_1_676' title='bbox 3344 4071 3514 4139; x_wconf 89' lang='lat' dir='ltr'><strong>potui.</strong></span> 
     </span>
    </p>
   </div>
   <div class='ocr_carea' id='block_1_86' title="bbox 1944 4159 3521 4235">
    <p class='ocr_par' dir='ltr' id='par_1_86' title="bbox 1944 4159 3521 4235">
     <span class='ocr_line' id='line_1_86' title="bbox 1944 4159 3521 4235; baseline -0.004 -16"><span class='ocrx_word' id='word_1_677' title='bbox 1944 4164 2124 4235; x_wconf 86' lang='lat' dir='ltr'><strong>Ipsum</strong></span> <span class='ocrx_word' id='word_1_678' title='bbox 2151 4164 2402 4234; x_wconf 85' lang='lat' dir='ltr'><strong>denique,</strong></span> <span class='ocrx_word' id='word_1_679' title='bbox 2430 4172 2490 4218; x_wconf 91' lang='lat' dir='ltr'><strong>ut</strong></span> <span class='ocrx_word' id='word_1_680' title='bbox 2507 4171 2561 4218; x_wconf 92' lang='lat' dir='ltr'><strong>et</strong></span> <span class='ocrx_word' id='word_1_681' title='bbox 2581 4161 2714 4220; x_wconf 86' lang='lat' dir='ltr'><strong>alios</strong></span> <span class='ocrx_word' id='word_1_682' title='bbox 2735 4162 2827 4232; x_wconf 92' lang='lat' dir='ltr'><strong>qui</strong></span> <span class='ocrx_word' id='word_1_683' title='bbox 2852 4160 3092 4216; x_wconf 82' lang='lat' dir='ltr'><strong>Anselmi</strong></span> <span class='ocrx_word' id='word_1_684' title='bbox 3116 4173 3308 4214; x_wconf 92' lang='lat' dir='ltr'><strong>nomen</strong></span> <span class='ocrx_word' id='word_1_685' title='bbox 3328 4159 3521 4230; x_wconf 71' lang='lat' dir='ltr'><strong>prtul&#39;e-</strong></span> 
     </span>
    </p>
   </div>
   <div class='ocr_carea' id='block_1_87' title="bbox 1946 4247 3496 4323">
    <p class='ocr_par' dir='ltr' id='par_1_87' title="bbox 1946 4247 3496 4323">
     <span class='ocr_line' id='line_1_87' title="bbox 1946 4247 3496 4323; baseline -0.005 -13"><span class='ocrx_word' id='word_1_686' title='bbox 1946 4263 2094 4321; x_wconf 88' lang='lat' dir='ltr'><strong>runt,</strong></span> <span class='ocrx_word' id='word_1_687' title='bbox 2121 4253 2262 4311; x_wconf 79' lang='lat' dir='ltr'><strong>fetus</strong></span> <span class='ocrx_word' id='word_1_688' title='bbox 2294 4262 2444 4310; x_wconf 88' lang='lat' dir='ltr'><strong>tanto</strong></span> <span class='ocrx_word' id='word_1_689' title='bbox 2470 4251 2619 4308; x_wconf 85' lang='lat' dir='ltr'><strong>Patri</strong></span> <span class='ocrx_word' id='word_1_690' title='bbox 2646 4250 2952 4323; x_wconf 89' lang='lat' dir='ltr'><strong>suppositos</strong></span> <span class='ocrx_word' id='word_1_691' title='bbox 2971 4249 3174 4322; x_wconf 90' lang='lat' dir='ltr'><strong>judico,</strong></span> <span class='ocrx_word' id='word_1_692' title='bbox 3199 4247 3396 4317; x_wconf 88' lang='lat' dir='ltr'><strong>quibus</strong></span> <span class='ocrx_word' id='word_1_693' title='bbox 3433 4259 3496 4303; x_wconf 84' lang='lat' dir='ltr'><strong>re</strong></span> 
     </span>
    </p>
   </div>
   <div class='ocr_carea' id='block_1_88' title="bbox 1947 4337 3268 4413">
    <p class='ocr_par' dir='ltr' id='par_1_88' title="bbox 1947 4337 3268 4413">
     <span class='ocr_line' id='line_1_88' title="bbox 1947 4337 3268 4413; baseline -0.008 -11"><span class='ocrx_word' id='word_1_694' title='bbox 1947 4347 2234 4403; x_wconf 88' lang='lat' dir='ltr'><strong>censendis</strong></span> <span class='ocrx_word' id='word_1_695' title='bbox 2262 4359 2368 4401; x_wconf 92' lang='lat' dir='ltr'><strong>non</strong></span> <span class='ocrx_word' id='word_1_696' title='bbox 2394 4358 2606 4413; x_wconf 87' lang='lat' dir='ltr'><strong>aequum</strong></span> <span class='ocrx_word' id='word_1_697' title='bbox 2637 4350 2720 4399; x_wconf 88' lang='lat' dir='ltr'><strong>est</strong></span> <span class='ocrx_word' id='word_1_698' title='bbox 2745 4341 2946 4399; x_wconf 89' lang='lat' dir='ltr'><strong>diutius</strong></span> <span class='ocrx_word' id='word_1_699' title='bbox 2971 4337 3268 4396; x_wconf 89' lang='lat' dir='ltr'><strong>immorari.</strong></span> 
     </span>
    </p>
   </div>
  </div>
