3882 6050
332 259 398 314 19
1343 265 1496 321 νιΤΑ
1527 261 1855 322 AUCTORE
1887 259 2232 316 EADMERO.
2266 290 2336 299 —
2374 257 2501 312 LIB.
2532 258 2575 312 l.
3399 334 3402 337 ν
3516 252 3584 307 50

1091 499 1444 617 VITA
1559 498 2078 614 SANCTI
2195 494 2810 608 ANSELMI

1313 710 1858 806 AUCTORE
1930 707 2503 802 EADMERO

585 885 1094 947 CANTUARIENSI
1132 885 1482 947 MONACHO.
1522 885 1766 942 SANCTI
1800 883 2102 939 ANSELMI
2129 878 2487 938 DISCIPULO
2527 878 2613 934 ΕΤ
2655 878 2908 936 COMITE
2937 879 3306 935 lNDlVIDUO.

1536 409 1928 420 _————

1485 1175 1488 1178 .
1565 1103 2232 1199 PROLOGUS.

389 1259 651 1326 Quoniam
677 1258 874 1314 multas
902 1267 957 1313 et
999 1264 1401 1312 antecessorum
1429 1263 1734 1310 nostrorum
1765 1264 1900 1309 tem-
1926 1257 1973 1313 A
1997 1266 2156 1324 prece
2189 1251 2485 1321 perducere
2516 1256 2601 1316 ut,
2643 1250 2783 1305 sicut
2823 1249 3182 1319 descriptione
3213 1260 3460 1307 notarum
3493 1269 3574 1310 rc-

319 1351 540 1421 poribus
601 1349 848 1404 insolitas
910 1363 1090 1404 rerum
1147 1347 1474 1402 mutationes
1528 1345 1729 1400 nostris
1780 1345 1896 1400 die-

317 1449 418 1502 bus
459 1447 513 1500 in
555 1444 745 1516 Anglia
777 1444 1040 1500 accidisse
1081 1451 1138 1498 et
1174 1441 1438 1499 coaluisse
1475 1439 1854 1511 conspeximus
1879 1479 1896 1505 ,

317 1552 386 1591 ne
427 1537 756 1592 mutationes
795 1535 926 1605 ipsa:
968 1545 1305 1604 posterorum
1355 1531 1634 1587 scientiam
1683 1533 1897 1601 penitus

317 1631 578 1696 laterent,
621 1629 866 1699 quaedam
902 1643 968 1683 ex
1012 1628 1115 1683 illis
1161 1628 1435 1682 succincte
1479 1635 1731 1696 excerpta
1772 1625 1892 1697 [al.,

314 1718 596 1792 excepta],
629 1719 935 1774 litterarum
963 1718 1236 1773 memorize
1263 1717 1598 1772 tradidimus.
1627 1715 1730 1772 Sed
1758 1731 1894 1786 quo-

315 1809 460 1863 niam
487 1824 624 1878 opus
649 1809 824 1878 ipsum
850 1809 903 1862 in
932 1809 1033 1863 hoc
1055 1809 1288 1862 maxime
1313 1815 1576 1870 versatur,
1607 1814 1662 1861 ut
1684 1813 1746 1862 ea
1775 1820 1894 1876 qua:

314 1898 454 1952 inter
483 1913 638 1968 reges
677 1897 969 1966 Anglorum
999 1906 1054 1952 et
1082 1897 1392 1953 Anselmum
1429 1896 1891 1967 archiepiscopum

313 1986 665 2042 Cantuarium
693 1987 834 2042 facta
862 1995 1008 2052 sunt,
1036 1987 1350 2042 inconcussa
1379 1987 1607 2042 veritate
1627 1985 1888 2058 designet,

315 2089 539 2147 quaeque
575 2079 825 2133 onmibus
855 2094 1044 2148 puram
1074 2077 1284 2133 illorum
1312 2078 1591 2133 historiam
1629 2078 1768 2133 scire
1800 2093 1891 2146 vo-

314 2169 550 2224 lentibus
591 2179 718 2223 tunc
748 2169 1003 2237 temporis
1037 2169 1375 2223 innotescere
1406 2175 1726 2235 potuerunt,
1765 2166 1892 2222 licet

312 2262 541 2326 inculto,
576 2262 737 2331 plano
767 2271 945 2316 tamen
989 2276 1237 2317 sermone
1274 2260 1566 2317 describat.
1599 2260 1710 2316 Nec
1755 2262 1890 2317 adeo

310 2352 604 2422 quidquam
632 2353 684 2406 in
706 2368 765 2409 se
789 2353 1091 2417 contineat,
1118 2353 1260 2422 quod
1284 2352 1348 2406 ad
1377 2353 1640 2422 privatam
1664 2367 1888 2408 conver-

310 2443 602 2507 sationem,
632 2443 714 2499 vel
742 2445 808 2497 ad
842 2459 1049 2498 morum
1084 2443 1252 2514 ipsius
1278 2443 1517 2499 Anselmi
1546 2441 1885 2513 qualitatem,

311 2539 408 2585 aut
426 2532 493 2586 ad
517 2531 898 2587 miraculorum
919 2532 1303 2588 exhibitionem
1326 2533 1598 2601 pertinere
1617 2532 1882 2596 videatur,

2001 1360 2119 1398 rum
2149 1344 2401 1413 posteris,
2431 1343 2503 1396 ita
2537 1342 2907 1413 designatione
2935 1343 3238 1414 ignotarum
3269 1355 3571 1418 satagerem

2001 1433 2120 1506 [al.,
2153 1431 2544 1504 satageremus]
2579 1441 2685 1488 tam
2716 1433 2910 1509 futuris
2936 1450 3095 1504 quam
3132 1444 3186 1491 et
3218 1440 3573 1507 praesentibus

1997 1527 2210 1596 aliquod
2238 1526 2395 1582 ollicii
2432 1526 2536 1582 mei
2567 1542 2764 1583 munus
2799 1528 3128 1598 impendere.
3160 1529 3306 1596 Quos
3335 1546 3401 1587 eo
3429 1535 3569 1601 quod

1996 1617 2269 1675 oll'endere
2293 1633 2636 1688 summopere
2665 1619 2920 1674 cavebant
2940 1660 2953 1683 ,
2987 1620 3106 1676 dedi
3137 1635 3356 1692 Operam
3385 1624 3573 1678 volun—

1996 1711 2093 1766 tati
2131 1726 2318 1766 eorum
2359 1725 2457 1780 pro
2502 1725 2661 1781 posse
2705 1725 2910 1767 morem
2959 1726 3168 1782 gerere.
3219 1713 3364 1783 Opus
3412 1714 3572 1784 igitur

1996 1805 2167 1875 ipsum
2220 1804 2286 1858 de
2321 1804 2429 1856 vita
2471 1811 2526 1857 et
2567 1803 2978 1858 conversatione
3022 1803 3261 1858 Anselmi
3299 1804 3567 1874 archiepi-

1994 1895 2138 1965 scopi
2161 1894 2565 1951 Cantuariensis
2588 1893 2877 1960 titulatum,
2905 1893 3102 1959 taliter,
3129 1894 3238 1950 Deo
3259 1892 3568 1963 adjuvante,

1993 1986 2176 2042 curavi
2203 1985 2488 2054 disponere
2507 2027 2522 2051 ,
2553 1993 2611 2038 ut
2640 1985 2889 2054 quamvis
2916 1983 3057 2040 aliud
3093 1999 3227 2054 opus
3256 1986 3396 2055 quod
3423 2001 3566 2056 prte-

1992 2075 2322 2146 signavimus
2351 2091 2418 2129 ex
2450 2073 2639 2143 majori
2675 2082 2828 2143 parte
2854 2073 2921 2129 de
2949 2072 3189 2142 ejusdem
3216 2073 3316 2127 viri
3343 2088 3569 2128 conver-

1990 2167 2199 2220 satione
2233 2165 2522 2230 subsistat;
2555 2166 2629 2220 ita
2663 2173 2840 2220 tamen
2874 2165 2928 2219 in
2955 2177 3052 2219 sua
3086 2163 3310 2219 materia
3342 2164 3566 2235 integrae

1989 2256 2318 2311 narrationis
2347 2256 2574 2311 formam
2611 2256 2940 2324 prmtendat,
2983 2265 3041 2311 ut
3077 2272 3176 2313 nec
3205 2256 3333 2312 illud
3365 2257 3522 2313 istius
3549 2297 3565 2322 ,

1989 2362 2090 2404 nec
2118 2348 2259 2404 istud
2297 2346 2437 2402 illius
2478 2360 2579 2416 pro
2629 2355 2811 2401 mutua
2858 2346 2940 2402 sui
2987 2347 3292 2418 cognitione
3337 2347 3562 2402 multum

1987 2439 2234 2496 videatur
2260 2438 2522 2508 indigere.
2554 2437 2716 2492 Plene
2744 2447 2922 2493 tamen
2961 2447 3112 2495 actus
3146 2439 3262 2510 ejus
3303 2439 3445 2494 scire
3473 2455 3566 2494 vo-

1987 2529 2253 2594 lentibus,
2279 2543 2381 2584 nec
2408 2528 2537 2584 illud
2567 2527 2685 2582 sine
2714 2528 2847 2595 isto,
2875 2543 2975 2584 nec
3002 2529 3146 2585 istud
3186 2531 3305 2586 sine
3331 2528 3422 2585 illo
3451 2529 3564 2584 suf-

311 2620 516 2689 placuit
540 2621 860 2692 quibusdam
896 2621 1251 2678 familiaribus
1280 2622 1415 2679 meis
1443 2635 1530 2677 me
1561 2623 1626 2678 ad
1656 2622 1759 2678 hoc
1786 2637 1882 2679 sua
1915 2639 1959 2694 Β
1985 2619 2146 2678 ﬁcere
2172 2619 2269 2694 [αι.
2300 2619 2474 2692 omit.j
2511 2634 2668 2690 posse
2700 2619 3018 2690 pronuntio.

1409 2770 1772 2863 LIBER
1839 2771 2326 2863 PRIMUS.

1228 2919 1410 2975 ACTA
1467 2919 1527 2977 S.
1566 2920 1865 2978 ANSELMI
1904 2921 2090 2977 ANTE
2129 2919 2634 2977 EPISCOPATUM.

822 3009 1050 3069 CAPUT
1085 3010 1374 3068 PRIMUM.

312 3120 619 3176 S.Ausclmi
648 3133 812 3185 ortus.
843 3125 1038 3188 studia,
1067 3126 1322 3181 discessus
1352 3127 1404 3181 in
1429 3125 1654 3193 Gallias,
1686 3127 1880 3183 delibe-

620 3195 752 3246 ratio
781 3196 846 3247 de
872 3205 1012 3248 statu
1049 3197 1166 3250 vita:
1200 3196 1576 3265 amplectenda.

385 3283 434 3336 1.
477 3283 722 3338 lnstituta
756 3285 879 3340 vitae
913 3295 967 3342 et
1003 3289 1428 3345 conversationis
1469 3289 1706 3346 Anselmi
1743 3290 1886 3346 Can-

313 3374 604 3430 tuariensis
637 3376 1022 3448 archiepiscopi
1067 3378 1366 3433 litterarum
1407 3380 1682 3436 memorize
1717 3381 1885 3437 tradi-

1985 3013 2147 3068 etiam
2178 3013 2431 3083 prodigus
2459 3022 2620 3082 atque
2645 3021 2883 3068 vastator
2907 3027 2937 3067 a
2969 3011 3238 3068 nonnullis
3263 3012 3560 3068 aestimare-

1987 3111 2096 3158 tur.
2125 3102 2510 3173 Ermembcrga
2535 3119 2664 3159 vero
2692 3104 2846 3159 bonis
2868 3102 3059 3158 studiis
3079 3103 3340 3170 serviens,
3369 3104 3561 3157 domus

1985 3211 2172 3252 curam
2204 3198 2339 3253 bene
2371 3213 2586 3268 gerens,
2615 3213 2711 3253 sua
2741 3213 2862 3253 cum
2889 3196 3217 3252 discretione
3244 3195 3562 3266 dispensans

1983 3297 2144 3359 atque
2179 3304 2541 3354 conservans,
2573 3291 2726 3344 bomc
2771 3286 3193 3344 matrisl‘amilias
3231 3286 3405 3343 cilicio
3437 3286 3560 3340 l'un-

1983 3379 2227 3450 gebatur.
2263 3379 2439 3434 Mores
2477 3389 2632 3435 crant
2661 3379 2813 3449 probi
2845 3387 2901 3434 et
2929 3377 3461 3449 irreprehensibiles,
3497 3393 3560 3432 ac

314 3473 504 3527 turus,
554 3466 727 3534 primo
770 3467 1008 3522 omnium
1055 3477 1241 3524 vocata
1289 3469 1343 3523 in
1393 3470 1650 3525 auxilium
1702 3487 1880 3528 meum
1975 3471 2130 3541 juxta
2168 3482 2371 3530 rectam
2403 3476 2888 3531 considerationem
2932 3477 3142 3532 ratione
3173 3477 3408 3531 subnixi.
3437 3477 3562 3531 Haec

312 3571 522 3611 summa
559 3557 653 3612 Dei
690 3557 970 3614 clementia
1005 3566 1060 3615 ct
1093 3561 1402 3630 majestate,
1443 3563 1688 3631 quadam
1733 3563 1936 3679 brevi‘.

312 3647 482 3679 .linnm
527 3647 592 3679 ΑΔ
632 3656 752 3679 ηερε..
795 3657 845 3679 ηρ
887 3650 1126 3679 manu“...
1155 3659 1432 3679 ηοηιηηιηη.
1475 3649 1586 3679 Αἴηη
1663 3663 1718 3679 ..ι
1757 3652 1882 3679 ιιε..-

309 3647 483 3701 dicam
526 3647 592 3702 de
631 3656 753 3702 ortu
793 3657 850 3704 et
887 3650 1128 3705 moribus
1155 3659 1434 3719 parentqu
1473 3649 1588 3720 ejus
1612 3691 1627 3717 ,
1663 3663 1720 3708 ut
1757 3647 1883 3710 hinc

312 3737 482 3792 lector
514 3739 760 3794 advertat
786 3740 851 3794 de
879 3755 986 3810 qua
1020 3741 1198 3796 radice
1224 3741 1484 3810 prodierit
1518 3743 1660 3812 quod
1686 3744 1740 3798 in
1769 3753 1883 3800 stu-

310 3829 416 3885 diis
449 3830 737 3887 nascituraa
764 3831 930 3902 prolis
957 3835 1292 3902 postmodum
1335 3833 1500 3889 fulsit.
1535 3834 1698 3891 Pater
1720 3837 1884 3908 igitur

308 3918 424 3987 ejus
470 3921 866 3991 Gundulphus,
916 3932 1089 3978 mater
1130 3923 1516 3997 Ermemberga
1567 3928 1878 3982 vocabatur.

315 4010 539 4079 Utrique
561 4013 715 4081 juxta
740 4013 920 4068 Saeculi
943 4012 1256 4084 dignitatem
1285 4015 1536 4071 nobiliter
1561 4018 1701 4084 nati,
1730 4019 1882 4075 nobi-

309 4100 431 4155 liter
472 4112 599 4156 sunt
643 4103 697 4158 in
746 4104 821 4174 (l)
857 4104 1094 4174 Augusta
1134 4105 1354 4161 civitate
1392 4111 1715 4164 convcrsati.
1755 4109 1882 4177 Quae

307 4191 498 4246 civitas
523 4192 756 4248 conﬁnis
779 4193 1099 4264 Burgundiae
1123 4203 1177 4252 et
1203 4193 1607 4265 Langobardiae,
1638 4199 1882 4255 Ermem-

1984 3563 2083 3620 fuit
2110 3565 2222 3621 vita
2255 3566 2400 3637 ejus,
2447 3568 2498 3621 in
2529 3567 2629 3622 hac
2664 3569 2789 3622 dum
2819 3569 2953 3622 vixit
2988 3570 3285 3638 permansit
3307 3612 3322 3637 ,
3363 3569 3413 3623 in
3460 3569 3562 3623 hac

1981 3656 2142 3712 ﬁnem
2171 3657 2296 3712 vita:
2320 3658 2500 3712 sortiri
2532 3659 2846 3729 promeruit.
2875 3658 3228 3730 Gundulphus
3257 3674 3385 3715 vero
3413 3659 3558 3714 circa

1982 3749 2123 3804 diem
2161 3751 2338 3806 obitus
2384 3751 2503 3818 sui,
2546 3762 2728 3820 spreto
2765 3752 2962 3808 sacculo
3003 3753 3301 3809 monachus
3346 3753 3517 3808 factus
3543 3794 3557 3816 ,

1981 3839 2277 3894 monachus
2303 3839 2586 3894 defunctus
2615 3850 2716 3895 cst.

2048 3929 2104 3984 2.
2144 3930 2217 3984 At
2249 3931 2536 3987 Anselmus
2564 3933 2706 3987 ﬁlius
2733 3935 2923 3988 horum
2947 3974 2962 3999 ,
2995 3950 3116 3990 cum
3147 3949 3280 4003 puer
3306 3934 3559 4004 parvulus

1981 4031 2163 4090 esset,
2196 4023 2455 4078 maternis
2480 4063 2494 4090 ,
2525 4034 2686 4093 prout
2717 4035 2850 4080 tetas
2890 4041 2983 4080 sua
3022 4027 3350 4096 patiebatur,
3392 4026 3557 4081 collo-

1941 4135 1943 4137 ί
1979 4115 2120 4184 quiis
2159 4115 2385 4171 libenter
2418 4117 2657 4172 animum
2694 4117 3020 4174 intendebat.
3059 4120 3126 4174 Et
3166 4121 3346 4174 audito
3391 4137 3558 4175 unum

1981 4203 2148 4257 Deum
2180 4221 2392 4260 sursum
2419 4206 2472 4260 in
2503 4207 2641 4263 cwlo
2667 4222 2806 4275 esse,
2837 4210 3017 4264 omnia
3047 4219 3347 4281 regentem,
3375 4212 3557 4266 omnia

307 4275 522 4347 bergam
563 4282 614 4335 in
652 4297 712 4337 se
752 4283 946 4348 edidit;
987 4285 1365 4354 Gundulphum
1406 4287 1459 4342 in
1502 4288 1874 4361 Langobardia
1903 4301 1948 4364 ο
1979 4294 2346 4351 continentem
2370 4338 2383 4360 ,
2419 4299 2720 4370 suSpicatus
2761 4309 2844 4355 cst
2879 4301 2994 4370 (2),
3036 4275 3219 4372 utpote
3250 4319 3385 4371 puer
3418 4303 3558 4358 inter

309 4378 522 4436 natum,
560 4372 732 4426 civem
777 4374 858 4428 sui
896 4389 961 4428 ex
1005 4377 1210 4431 advena
1243 4376 1390 4432 fecit.
1438 4379 1721 4448 Conjuncti
1750 4391 1873 4436 sunt

307 4457 419 4529 lege
449 4461 745 4533 conjugali,
774 4465 932 4520 ambo
961 4466 1161 4522 divitiis
1196 4483 1300 4522 non
1327 4468 1611 4538 ignobiles,
1642 4470 1735 4526 sed
1761 4489 1876 4528 mo-

306 4551 452 4607 ribus
479 4569 545 4608 ex
577 4557 804 4624 quadam
841 4568 991 4627 parte
1018 4560 1327 4617 dissimiles.
1356 4562 1704 4634 Gtmdulphus
1730 4567 1871 4620 enim

303 4642 548 4699 saeculari
587 4647 799 4703 deditus
831 4649 988 4718 vitaz,
1033 4667 1139 4706 non
1177 4653 1312 4707 adeo
1342 4667 1527 4708 curam
1570 4655 1682 4709 suis
1714 4657 1874 4712 rebus

305 4739 636 4810 impendere,
666 4741 760 4796 sed
798 4742 979 4798 habita
1002 4743 1314 4814 frequenter
1347 4747 1414 4800 ab
1445 4760 1502 4800 re
1527 4746 1870 4814 distribuere,

306 4830 566 4888 intantum
591 4841 648 4887 ut
671 4849 777 4889 non
803 4836 961 4890 modo
986 4837 1163 4908 largus
1184 4847 1345 4910 atque
1366 4838 1660 4906 beneﬁcus,
1686 4855 1871 4897 verum

1983 4394 2192 4439 montes
2233 4386 2505 4451 nutritus,
2553 4389 2746 4442 cmlum
2794 4390 3064 4444 montibus
3111 4391 3459 4457 incumbere,
3503 4392 3555 4446 in

1978 4488 2083 4542 quo
2122 4484 2176 4529 et
2211 4477 2386 4530 aulam
2424 4477 2516 4532 Dei
2559 4494 2705 4543 esse,
2755 4495 2982 4550 eamque
3025 4497 3122 4551 per
3166 4491 3379 4537 montes
3419 4483 3562 4537 adiri

1975 4579 2151 4635 posse.
2185 4566 2424 4638 Cumque
2450 4569 2551 4623 hoc
2583 4571 2779 4642 sacpius
2817 4573 2996 4626 animo
3029 4573 3288 4639 volveret,
3330 4575 3550 4645 contigit

1977 4666 2035 4711 ut
2060 4658 2292 4729 quadam
2320 4667 2476 4716 nocte
2497 4676 2594 4730 per
2618 4662 2792 4718 visum
2822 4664 3030 4719 videret
3051 4680 3108 4720 se
3138 4666 3334 4720 debere
3355 4667 3554 4721 tnontis

1975 4761 2232 4803 cacumen
2280 4753 2611 4818 ascendere,
2655 4763 2708 4809 et
2747 4756 2814 4810 ad
2843 4756 3019 4810 aulam
3059 4757 3236 4828 magni
3275 4758 3415 4827 regis
3460 4758 3552 4811 Dei

1975 4854 2288 4909 properare.
2349 4840 2544 4897 Verum
2609 4846 2921 4915 priusquam
2996 4856 3232 4902 montem
3299 4847 3554 4917 cwpissct

1513 4953 1922 5013 llENSCllENIl
1959 4959 2170 5018 Nom
2208 4963 2336 5037 (2ο).

371 5061 447 5129 (1)
487 5062 582 5117 Est
606 5062 720 5118 haec
747 5079 855 5134 [ton
893 5066 1128 5134 Augusta
1157 5065 1527 5132 Taurinorum,
1565 5078 1625 5124 ut
1660 5070 1870 5126 intelle-

298 5131 443 5210 xisse
464 5134 710 5202 arguitur
738 5131 1313 5210 Iltomas'ynionatus,
1338 5139 1433 5210 sed
1453 5139 1688 5210 Augusta
1719 5139 1867 5196 Prte-

300 5202 458 5279 ιονὸιξΡ
492 5204 806 5279 metropolis
833 5205 960 5279 olim
990 5203 1346 5279 Salassiorum
1375 5208 1512 5262 facta
1537 5202 1604 5264 ab
1626 5210 1868 5279 Angusto

301 5272 1014 5348 conditore,_vulgo_Aoste,
1056 5292 1135 5348 ac_
1156 5275 1378 5348 ducatus
1417 5289 1579 5348 caput
1627 5272 1738 5333 sul;
1769 5281 1866 5335 ho-

300 5339 488 5394 dierno
518 5339 865 5398 Pedemontio
894 5360 909 5397 :
940 5345 1092 5398 limes
1122 5345 1286 5400 Italiae
1313 5339 1511 5401 dicitur
1542 5365 1571 5404 a
1603 5349 1786 5405 Solino
1814 5362 1870 5406 et

300 5407 538 5476 Capella,
593 5414 669 5488 uti
721 5415 809 5488 hic
849 5413 1169 5488 Burgundite
1217 5423 1271 5488 et
1315 5416 1720 5488 Longobardim.
1773 5421 1869 5476 Est

301 5488 479 5556 autem
524 5482 863 5556 episcoptﬂis,
912 5482 1266 5553 in'provincia
1312 5482 1523 5556 Alpium
1555 5489 1862 5555 Graiarum,

300 5549 401 5602 snb
447 5549 725 5620 metropoli
755 5549 1182 5620 Tarentasiensi;
1218 5556 1330 5609 hmc
1365 5549 1490 5611 vero
1518 5574 1620 5612 una
1659 5575 1723 5613 cx
1769 5549 1863 5616 seu

301 5619 688 5691 metropolibus
733 5622 1048 5694 Burgundize
1090 5624 1228 5694 apud
1269 5623 1585 5683 Gervasium
1627 5629 1864 5692 Tislebe~

1977 5077 2209 5132 riensem
2254 5079 2306 5131 in
2355 5078 2714 5145 descriptione
2742 5075 3036 5130 Galliarum
3066 5075 3208 5130 edita
3255 5074 3550 5145 apud_An-

1976 5147 2158 5202 dream
2184 5149 2252 5202 du
2277 5148 2490 5203 Chesne
2532 5143 2676 5201 tomo
2713 5147 2727 5200 I
2761 5147 3087 5214 scriptorum
3112 5145 3359 5199 Historia:
3384 5143 3552 5196 Fran-

1974 5232 2161 5273 corum
2199 5235 2251 5286 p.
2283 5217 2374 5283 22,
2426 5226 2478 5272 et
2510 5219 2611 5271 hac
2653 5217 2859 5270 ratione
2894 5215 3055 5286 Italus
3101 5214 3547 5286 habeturl‘tnscl-

1976 5304 2094 5341 mus
2127 5283 2266 5358 apud
2313 5287 2629 5342 Ortlericum
2678 5286 2904 5340 Vitaletn
2959 5285 3014 5358 1.Δ
3038 5283 3284 5358 _tv_llist.
3333 5283 3542 5339 Eccles.

1975 5359 2041 5412 ad
2067 5355 2341 5420 an.‘1072,
2369 5359 2438 5410 ibi
2480 5368 2636 5411 natus
2667 5358 2808 5411 circa
2843 5372 2968 5409 ann.
2996 5355 3156 5408 1055.

2045 5428 2120 5497 (2)
2161 5427 2380 5484 Scilicet
2428 5427 2665 5497 Augusta
2709 5426 3063 5494 undequaque
3104 5423 3376 5503 montibus
3421 5426 3540 5480 cin-

1971 5498 2134 5568 gitur.

2045 5568 2144 5638 (2‘)
2171 5567 2304 5623 Acta
2333 5565 2433 5622 SS.
2467 5565 2731 5632 Bolland.,
2765 5563 2963 5636 Aprilis
2991 5572 3027 5619 ι.
3063 5562 3125 5632 11,
3162 5565 3248 5621 die
3268 5565 3357 5621 21.
