3882 6054
316 264 377 319 5:
1369 260 1427 315 s.
1461 258 1757 316 ANSELMI
1801 255 2149 313 caurum.
2181 254 2492 311 ARCIIIEP.
3437 227 3445 235 ’
3510 265 3582 319 53

316 378 640 439 ascendere,
686 373 820 429 vidit
850 374 903 429 in
937 374 1157 445 planitie
1188 388 1291 443 qua
1318 373 1575 442 pergebat
1605 371 1668 425 ad
1704 373 1890 441 pedem
1922 376 1964 430 Α
1997 367 2129 422 chus
2169 367 2283 421 fieri
2316 376 2552 436 cuperet.
2593 367 2838 422 Studium
2880 383 3094 439 quoque
3136 368 3446 425 litterarum
3470 416 3484 434 ,
3532 376 3585 429 in

315 467 518 523 montis
554 466 835 531 nmlieres,
872 481 991 535 quae
1034 465 1173 535 regis
1201 475 1356 519 erant
1394 463 1602 517 ancillae
1632 503 1647 527 ,
1682 472 1893 531 segetes

314 567 542 622 metere,
578 558 671 613 sed
700 558 802 613 hoc
831 556 989 611 nimis
1021 554 1348 626 negligenter
1376 554 1642 608 faciebam
1671 562 1725 608 et
1753 554 1891 609 desi-

314 650 482 704 diose.
512 647 752 715 Quarum
778 661 912 717 puer
937 645 1196 700 desidiam
1228 645 1416 700 dolens
1443 660 1507 699 ac
1539 646 1889 716 redarguens,

310 741 592 812 proposuit
626 742 807 794 animo
836 754 893 794 se
918 738 1056 807 apud
1091 738 1368 793 dominum
1415 750 1593 808 regem
1626 737 1770 807 ipsas
1797 751 1891 792 ac-

312 841 648 887 cusaturum.
682 830 885 886 Dehinc
911 839 1095 885 monte
1119 839 1455 897 transcenso,
1484 829 1683 900 regiam
1713 828 1888 883 aulam

312 924 478 979 subit.
508 923 789 979 Dominum
820 939 941 977 cum
969 922 1084 978 solo
1109 938 1207 978 suo
1232 923 1471 993 dapifero
1502 923 1724 978 invenit.
1756 922 1889 977 Nam

311 1014 570 1068 familiam
595 1029 769 1080 suam,
791 1024 851 1069 ut
871 1013 974 1068 sibi
998 1014 1302 1078 videbatur,
1326 1014 1577 1084 quoniam
1602 1000 1892 1071 autumnus

266 1084 281 1171 ί
311 1114 451 1172 erat,
480 1106 547 1161 ad
577 1106 906 1177 colligendas
937 1120 1141 1161 messes
1172 1107 1412 1162 miserat.
1450 1106 1760 1176 Ingrediens
1791 1108 1891 1162 ita-

258 1185 271 1269 ᾖ
309 1212 414 1267 que
435 1212 588 1266 puer,
616 1213 647 1252 a
674 1197 893 1253 domino
920 1206 1163 1253 vocatur.
1187 1197 1428 1263 Accedit,
1451 1205 1611 1267 atque
1635 1199 1701 1253 ad
1731 1200 1893 1268 pedes

308 1288 426 1360 ejus
453 1290 626 1346 sedet.
656 1289 1026 1360 lnterrogatur
1046 1289 1283 1359 jucunda
1310 1289 1626 1345 affabilitate
1652 1294 1772 1361 quis
1798 1291 1890 1357 sit,

307 1382 396 1436 vel
426 1382 567 1437 unde
590 1382 787 1451 quidve
813 1382 962 1438 velit.
993 1381 1303 1452 Respondet
1329 1382 1415 1437 ille
1444 1384 1510 1437 ad
1543 1385 1888 1454 interrogata,

302 1471 458 1541 juxta
487 1474 629 1543 quod
662 1487 777 1530 rem
806 1488 925 1530 esse
950 1474 1174 1530 sciebat.
1207 1474 1358 1529 Tunc
1384 1474 1449 1529 ad
1484 1474 1767 1544 imperium
1799 1476 1891 1531 do-

308 1567 440 1621 mini
479 1567 635 1636 panis
678 1568 727 1622 ei
764 1567 1121 1624 nitidissimus
1162 1582 1260 1638 per
1300 1566 1603 1638 dapiferum
1645 1567 1889 1633 affertur,

309 1673 482 1729 eoque
510 1673 693 1714 coram
717 1659 834 1729 ipso
859 1659 1118 1716 reficitur.
1145 1660 1299 1715 Mane
1322 1660 1487 1732 igitur
1508 1676 1627 1714 cum
1654 1660 1781 1730 quid
1806 1660 1890 1713 vi-

1995 470 2103 525 quo
2140 470 2199 510 se
2243 470 2568 526 magnopere
2604 455 2815 512 solebat
2860 472 3148 524 exercere,
3198 462 3401 515 sensim
3435 472 3588 532 post-

1993 559 2212 615 ponere,
2247 544 2659 613 acjuvenilibus
2687 544 2828 600 ludis
2853 549 3017 615 cmpit
3041 563 3261 618 operam
3294 551 3447 607 dare.
3481 556 3589 610 Ve-

1993 645 2296 691 rumtamen
2332 636 2422 706 pia
2468 636 2684 691 dilectio
2721 645 2777 692 et
2818 637 3047 709 diligens
3097 640 3300 709 pietas,
3350 658 3486 712 quas
3529 647 3585 701 in

1992 737 2220 785 matrem
2243 744 2395 785 suam
2424 729 2680 796 habebat,
2703 731 2946 785 nonnihil
2970 747 3093 786 eum
3121 734 3189 787 ab
3213 735 3330 791 istis
3360 740 3586 793 restrin-

1990 819 2208 890 gebant.
2255 819 2517 877 Defuncta
2545 836 2676 876 vero
2714 821 2838 886 illa,
2888 822 3029 879 illico
3061 827 3215 880 navis
3256 829 3436 884 cordis
3464 830 3583 899 ejus

1992 911 2147 980 quasi
2193 913 2427 967 anchora
2474 913 2682 983 perdita
2727 913 2780 968 in
2822 912 3018 971 fluctus
3068 918 3248 972 sazculi
3295 936 3431 990 pene
3471 931 3580 978 tota

1990 1005 2196 1074 dilapsa
2225 1014 2328 1060 est.
2360 1005 2465 1060 Sed
2497 1005 2833 1076 omnipotens
2860 1007 2999 1062 Deus
3025 1011 3327 1078 prmvidens
3353 1015 3481 1082 quid
3514 1016 3581 1069 de

1992 1096 2082 1152 illo
2122 1095 2363 1152 facturus
2394 1106 2530 1163 erat,
2559 1110 2625 1150 ne
2654 1097 2890 1151 animam
2919 1114 3072 1153 suam
3100 1115 3234 1170 pace
3264 1104 3580 1157 transitoria

1991 1188 2193 1256 potitus
2228 1190 2519 1257 perderet,
2554 1186 2809 1242 infestum
2850 1188 2898 1241 ei
2926 1196 2980 1242 et
3018 1189 3331 1245 intestinum
3378 1192 3579 1247 bellum

1991 1280 2291 1349 generavit.
2322 1278 2433 1335 lloc
2464 1289 2575 1347 est,
2603 1280 2841 1333 animum
2874 1281 3045 1349 patris
3081 1280 3198 1350 ejus
3223 1284 3419 1338 acerbo
3447 1300 3579 1340 con-

1994 1377 2073 1422 tra
2107 1367 2255 1423 illum
2288 1369 2412 1425 odio
2446 1369 2797 1423 inflammavit
2827 1369 3125 1435 intantum,
3166 1380 3226 1426 ut
3257 1388 3440 1444 mque,
3483 1382 3580 1428 aut

1991 1467 2142 1512 certe
2168 1459 2339 1528 magis
2364 1472 2427 1512 ea
2458 1473 2577 1528 qua:
2602 1458 2759 1523 bene,
2788 1458 2929 1513 sicut
2956 1473 3076 1527 qua:
3103 1471 3387 1529 perperam
3422 1461 3581 1518 facie-

1991 1546 2107 1611 bat,
2132 1545 2529 1616 insequeretur.
2558 1544 2667 1601 Nec
2690 1546 2865 1616 aliqua
2897 1555 3108 1617 poterat
3132 1557 3341 1618 patrem
3365 1549 3582 1607 humili-

1994 1644 2105 1692 tate
2131 1637 2322 1701 lenire,
2350 1639 2442 1693 sed
2472 1645 2676 1707 quanto
2704 1636 2778 1691 illi
2804 1651 2863 1692 se
2888 1637 3178 1692 exhibebat
3207 1639 3575 1709 humiliorem,

310 1717 454 1807 derit
479 1761 602 1807 ante
634 1717 820 1808 oculos
849 1753 1048 1808 mentis
1080 1717 1395 1818 reduceret,
1427 1754 1568 1809 sicut
1596 1717 1729 1823 puer
1757 1753 1889 1808 sim-
1915 1717 1962 1776 Β
1993 1734 2144 1823 9⁸³³9
2180 1726 2330 1823 ίιξιξῐη
2374 1727 2476 1783 Sibi
2519 1728 2790 1783 semiem‘
2828 1727 3375 1823 θεῙΡθΓῘΨθῖηῇριξοδ
3414 1731 3579 1788 “imis

307 1840 429 1910 plex
473 1850 530 1895 et
570 1841 831 1897 innocens
864 1856 924 1898 se
967 1842 1233 1898 veraciter
1274 1844 1326 1897 in
1373 1844 1510 1898 caelo
1542 1852 1596 1898 et
1639 1858 1705 1898 ex
1753 1857 1891 1912 pane

308 1930 521 1985 Domini
548 1929 813 1986 refectum
841 1931 1009 1986 fuisse
1028 1930 1302 1998 credebat,
1334 1932 1541 2002 hocque
1561 1945 1744 1987 coram
1771 1932 1890 1988 aliis

307 2027 384 2080 ita
409 2041 530 2081 esse
561 2027 774 2095 publice
810 2027 1110 2082 asserebat.

375 2119 431 2172 3.
469 2117 652 2172 Crevit
693 2131 823 2187 ergo
856 2132 991 2186 puer
1025 2126 1080 2173 et
1125 2119 1196 2174 ab
1242 2119 1492 2174 omnibus
1543 2119 1889 2191 diligebatur.

304 2204 484 2261 Mores
508 2204 706 2260 etenim
734 2205 886 2274 probi
914 2206 964 2261 in
991 2220 1057 2262 eo
1080 2217 1266 2275 erant,
1294 2206 1384 2275 qui
1414 2222 1740 2277 magnopere
1764 2223 1888 2263 cum

306 2296 457 2367 diligi
489 2294 777 2351 faciebant.
815 2295 1072 2352 Traditur
1099 2296 1327 2362 litteris,
1355 2282 1543 2360 discit,
1572 2307 1626 2352 et
1653 2298 1706 2352 in
1735 2299 1887 2355 brevi

301 2386 596 2459 plurimum
639 2387 868 2457 proficit.
906 2387 1146 2444 Necdum
1187 2389 1437 2457 attigerat
1478 2390 1656 2444 anatis
1685 2405 1886 2446 annuat

301 2477 550 2549 Quintum
578 2479 878 2544 decimum;
915 2488 969 2535 et
991 2477 1107 2548 jam
1133 2479 1365 2549 qualiter
1392 2481 1686 2536 secundum
1720 2481 1888 2537 Deum

300 2570 469 2622 vitam
498 2566 690 2621 melius
718 2567 1001 2622 instituere
1031 2575 1247 2639 posset,
1279 2581 1460 2624 mente
1488 2570 1773 2636 tractabat,
1807 2571 1889 2626 id-

302 2671 409 2725 que
442 2656 691 2725 concepit
731 2657 871 2727 apud
902 2673 995 2725 se,
1032 2658 1167 2714 nihil
1205 2659 1258 2714 in
1290 2660 1569 2715 hominum
1598 2674 1888 2716 conversa-

303 2751 453 2804 tione
509 2750 899 2805 monachorum
948 2751 1058 2805 vita
1111 2752 1456 2820 praestantius
1514 2767 1657 2813 esse.
1709 2752 1882 2819 Quam

301 2841 517 2911 assequi
538 2842 781 2911 cupiens,
810 2843 1052 2902 venitad
1072 2843 1358 2913 quemdam
1383 2845 1486 2900 sibi
1508 2856 1693 2901 notum
1717 2845 1886 2901 abba—

302 2940 431 2994 tem,
462 2946 661 3002 rogans
689 2932 839 2988 illum
872 2942 928 2987 ut
958 2949 1017 2989 se
1047 2933 1370 2990 monachum
1404 2933 1628 2991 faceret.
1658 2935 1762 2992 Sed
1791 2938 1884 2991 ab-

298 3022 418 3086 bas,
445 3021 719 3079 voluntate
744 3022 888 3079 illius
908 3025 1109 3096 agnita,
1139 3025 1281 3095 quod
1307 3025 1522 3095 petebat
1543 3026 1710 3082 inscio
1730 3037 1882 3098 patre

298 3109 461 3171 illius.
493 3127 564 3169 ne
591 3111 889 3170 offenderet
917 3114 1156 3170 animum
1186 3114 1332 3184 ejus,
1375 3116 1556 3173 facere
1584 3117 1870 3174 recusavit.

298 3201 370 3257 At
397 3201 484 3257 ille
518 3202 571 3257 in
602 3218 702 3258 suo
730 3205 1004 3275 proposito
1032 3217 1281 3277 perstans
1307 3210 1485 3264 oravit
1514 3209 1710 3275 Deum,
1742 3227 1876 3281 qua-

300 3299 457 3358 tenus
494 3290 757 3346 inﬁrmari
803 3303 1124 3362 mereretur,
1155 3308 1214 3351 ut
1247 3298 1326 3352 vel
1363 3298 1444 3354 sic
1486 3299 1551 3353 ad
1599 3300 1876 3356 monachi-

297 3397 420 3437 cum
449 3396 610 3454 quem
639 3382 1004 3452 desiderabat,
1039 3388 1282 3443 ordinem
1314 3389 1697 3458 susciperetur.
1740 3390 1875 3446 Mira

297 3473 413 3527 res!
450 3471 516 3528 Ut
540 3472 684 3528 enim
714 3473 854 3531 Deus
875 3475 1175 3533 declararet
1200 3487 1459 3549 quantum
1486 3480 1649 3533 etiam
1681 3480 1730 3533 in
1757 3481 1876 3536 aliis

297 3563 364 3618 de
390 3578 501 3618 sua:
528 3564 745 3633 pietatis
774 3566 960 3623 auditu
987 3569 1259 3625 conlidere
1286 3579 1487 3639 posset,
1521 3584 1710 3639 preces
1736 3570 1876 3627 illius

296 3655 602 3721 exaudivit,
633 3671 696 3712 ac
727 3657 800 3712 illi
830 3660 1076 3728 protinus
1102 3661 1332 3716 validam
1363 3663 1606 3733 corporis
1634 3661 1877 3721 debilita-

297 3751 404 3798 tem
438 3743 679 3801 immisit.
719 3747 934 3804 Acriter
977 3749 1141 3822 igitur
1176 3752 1479 3807 inllrmatus
1521 3754 1587 3808 ad
1625 3754 1873 3810 abbatem

298 3835 484 3905 mittit,
514 3847 743 3894 mortem
771 3856 831 3896 se
860 3842 1051 3898 limere
1074 3845 1420 3914 pronuntiat,
1451 3857 1574 3902 orat
1604 3857 1663 3902 ut
1692 3864 1877 3904 mona-

294 3924 429 3981 chus
450 3926 573 3983 fiat:
599 3929 821 3999 praefato
845 3934 1034 3989 timore
1054 3935 1301 3990 obstante
1325 3952 1429 3993 non
1455 3937 1514 3991 llt
1532 3938 1674 4007 quod
1696 3948 1877 4008 postu-

296 4019 481 4088 labat,
520 4031 575 4077 et
617 4024 722 4080 hoc
760 4025 977 4095 quidem
1024 4038 1281 4097 quantum
1330 4030 1395 4085 ad
1428 4030 1721 4085 humanum
1758 4045 1877 4100 spe-

294 4122 405 4168 ctat
431 4113 551 4187 [al.,
584 4124 792 4171 tantum
816 4119 1116 4192 spectabat]
1144 4134 1391 4175 examen.
1419 4120 1684 4177 Caeterum
1714 4122 1873 4188 Deus,

293 4217 453 4272 quem
491 4204 670 4260 futura
706 4223 813 4262 non
858 4208 1078 4273 fallunt,
1119 4225 1333 4266 servum
1370 4226 1525 4264 suum
1576 4212 1744 4282 ipsius
1773 4211 1874 4267 loci

294 4296 709 4353 conversatione
740 4298 914 4354 noluit
940 4300 1235 4370 implicari,
1264 4310 1547 4372 propterea
1573 4304 1716 4373 quod
1744 4303 1878 4361 alios

1992 1817 2327 1874 intolerabile
2362 1834 2592 1875 cernens
2619 1861 2632 1883 ,
2664 1829 2718 1875 et
2753 1834 2822 1875 ne
2856 1819 3097 1874 deterius
3123 1820 3250 1889 quid
3294 1821 3419 1875 inde
3449 1837 3580 1877 con-

1993 1909 2220 1981 tingeret
2245 1911 2460 1977 timens,
2485 1910 2648 1981 elegit
2668 1910 2845 1981 potius
2867 1911 3109 1980 paternis
3132 1910 3293 1966 rebus
3312 1920 3367 1966 et
3389 1915 3579 1983 patriai

1990 1998 2402 2064 abrenuntiare,
2436 2014 2599 2068 quam
2629 1999 2769 2068 patri
2802 2014 2901 2054 suo
2926 1998 3006 2054 vel
3038 1999 3139 2055 sibi
3167 2001 3463 2070 quamlibet
3495 2003 3579 2056 in-

1988 2087 2207 2143 famiam
2235 2106 2301 2145 ex
2328 2104 2423 2144 sua
2456 2090 2857 2145 cohabitatione
2884 2105 3195 2160 procreare.
3231 2090 3447 2147 Paratis
3473 2093 3579 2147 ita-

1988 2196 2093 2252 que
2124 2182 2228 2248 hls,
2260 2196 2381 2252 quae
2406 2180 2712 2237 necessaria
2734 2190 2893 2235 erant
2922 2181 2976 2236 in
3018 2181 3162 2235 viam
3187 2182 3362 2246 ituris,
3390 2185 3572 2253 patria

1990 2272 2110 2345 [al.,
2159 2272 2413 2344 patriam]
2465 2273 2764 2342 egreditur,
2810 2289 2919 2328 uno
2962 2274 3053 2343 qui
3093 2273 3194 2328 sibi
3232 2275 3579 2331 ministraret

1988 2365 2187 2420 clerico
2239 2365 2548 2421 comitatus.
2597 2364 2840 2434 Cumque
2891 2365 3089 2420 dehinc
3137 2365 3188 2420 in
3246 2374 3579 2422 transcensu

1987 2456 2185 2511 montis
2215 2455 2411 2511 Senisii
2439 2453 2515 2527 (3)
2562 2452 2906 2525 fatigaretur,
2946 2461 3001 2509 et
3041 2454 3238 2509 laboris
3284 2455 3578 2525 impatiens

1985 2562 2213 2617 corpore
2239 2546 2510 2609 deficeret,
2540 2545 2683 2624 vires
2714 2560 2842 2601 suas
2877 2546 3053 2601 nivem
3086 2545 3386 2601 mandendo
3417 2561 3576 2615 repa—

1986 2651 2109 2691 rare
2130 2636 2393 2692 tentabat.
2419 2634 2529 2690 Nec
2550 2637 2694 2692 enim
2719 2635 2863 2690 aliud
2886 2650 2993 2704 quo
3019 2644 3345 2698 vesceretur,
3370 2645 3571 2705 praesto

1985 2726 2107 2783 fuit.
2149 2726 2302 2793 Quod
2349 2727 2598 2781 minister
2636 2726 2778 2780 illius
2824 2727 3153 2793 advertens,
3198 2726 3367 2781 doluit
3408 2736 3466 2781 et
3504 2742 3573 2782 ne

1985 2820 2123 2875 forte
2149 2818 2277 2889 quid
2304 2818 2569 2873 edendum
2617 2817 2909 2872 haberetur
2939 2817 2988 2871 iu
3026 2816 3244 2872 sacculo
3272 2817 3363 2887 qui
3410 2818 3567 2871 asino

1985 2915 2199 2971 illorum
2233 2913 2550 2981 vehebatur,
2584 2912 2869 2984 diligenter
2909 2913 3231 2984 investigare
3273 2912 3469 2982 cmpit,
3507 2920 3564 2967 et

1987 3021 2111 3062 mox
2138 3013 2323 3060 contra
2351 3019 2500 3074 spem
2531 3018 2725 3074 panem
2759 3003 2812 3058 in
2843 3017 2910 3059 eo
2933 3002 3316 3059 nitidissimum
3348 3004 3568 3073 reperit.

1985 3097 2103 3164 Quo
2134 3096 2224 3153 ille
2260 3095 2499 3152 refectus
2525 3136 2540 3160 ,
2568 3105 2847 3151 recreatus
2885 3104 2999 3163 est,
3037 3104 3093 3151 et
3132 3097 3259 3152 vita:
3286 3096 3573 3151 incolumis

1979 3190 2273 3244 redonatus
2308 3186 2433 3259 [al.,
2469 3185 2799 3259 restitutus].

2047 3300 2097 3357 5.
2140 3299 2360 3355 Exactis
2383 3298 2577 3355 dehinc
2603 3298 2798 3369 partim
2831 3297 2884 3352 in
2912 3295 3245 3366 Burgundia,
3287 3295 3486 3365 partim
3518 3295 3570 3350 in

1975 3391 2205 3449 Francia
2258 3389 2431 3445 ferme
2487 3389 2659 3445 tribus
2708 3388 2895 3454 annis,
2951 3385 3365 3441 Northmaniam
3421 3386 3569 3440 vadit

1978 3479 2073 3554 [αι.
2116 3478 2310 3553 omil.],
2348 3477 2636 3534 Abrincam
2677 3476 2847 3548 ipsius
2917 3473 3207 3546 provincize
3242 3474 3431 3529 urbem
3471 3489 3571 3544 pe-

1979 3580 2064 3645 tit,
2094 3577 2182 3634 ubi
2216 3575 2525 3646 aliquandiu
2564 3573 2916 3627 demoratur:
2950 3577 3072 3640 post
3107 3568 3222 3623 haec
3251 3567 3399 3623 venit
3437 3567 3572 3621 Bec-

1977 3684 2121 3731 cum,
2179 3677 2235 3723 et
2303 3665 2620 3738 magistrum
2698 3660 2985 3732 quemdam
3043 3659 3258 3714 nomine
3302 3656 3572 3711 Lauri-an-

1977 3776 2097 3816 cum
2123 3759 2220 3832 (4),
2248 3759 2422 3813 virum
2439 3754 2687 3811 videlicet
2702 3753 2856 3808 valde
2876 3751 3095 3814 bonum,
3123 3751 3395 3819 praestanti
3429 3748 3555 3803 reli-

1977 3852 2135 3924 gione
2163 3867 2224 3906 ac
2252 3848 2515 3919 sapientia
2550 3861 2676 3902 vere
2713 3842 2981 3909 nobilem,
3016 3840 3219 3905 videre,
3254 3838 3477 3909 alloqui,
3508 3851 3560 3893 et

1978 3942 2291 3999 cohabitare
2335 3942 2538 3995 volens.
2588 3937 2869 3993 Excellens
2914 3933 3179 4005 siquidem
3232 3930 3373 3985 fama
3420 3931 3568 3986 illius

1978 4033 2401 4102 circumquaque
2427 4030 2829 4100 percrebuerat,
2851 4034 2905 4080 et
2934 4022 3295 4079 nobilissimos
3317 4037 3564 4092 quosque

1978 4121 2296 4178 clericorum
2320 4121 2387 4175 ad
2411 4135 2533 4175 eum
2552 4119 2618 4172 de
2640 4117 2850 4172 cunctis
2871 4113 3053 4169 mundi
3076 4111 3323 4182 partibus
3344 4109 3565 4180 agebat.

1978 4212 2263 4269 Anselmus
2284 4210 2448 4281 igitur
2465 4209 2584 4264 viro
2604 4208 2770 4272 adito,
2794 4219 3026 4276 eumque
3047 4202 3305 4274 singulari
3329 4202 3564 4272 quadam

1979 4309 2242 4379 sapientia
2290 4304 2489 4376 pollere
2521 4301 2722 4373 agnito,
2770 4299 2885 4371 ejus
2928 4314 2987 4353 se
3017 4296 3328 4364 magisterio
3357 4295 3563 4359 subdit,

292 4384 556 4454 ‘1“05d3m
584 4385 635 4441 Ῐη
668 4387 788 4443 sin“
820 4388 1206 4445 misericordia?
1233 4405 1343 4447 sum
1374 4394 1679 4448 reconditos
1708 4394 1876 4449 habe-
1906 4412 1950 4467 Ι)
1977 4402 2135 4472 eique
2159 4408 2280 4470 post
2308 4398 2577 4455 modicum
2603 4393 2888 4449 familiaris
2920 4407 3029 4462 prae
3052 4389 3262 4446 cancris
3285 4387 3564 4457 discipulis

292 4475 414 4540 hat,
452 4491 589 4546 quos
629 4486 687 4533 ut
719 4480 1061 4551 postmodum
1108 4482 1303 4539 claruit
1348 4484 1549 4555 magis,
1592 4498 1689 4555 per
1724 4484 1871 4540 illum

291 4567 359 4623 ad
388 4582 540 4623 suam
571 4570 900 4627 voluntatem
939 4574 992 4629 in
1032 4588 1307 4646 posterum
1344 4577 1663 4648 disponebat
1707 4576 1875 4632 infor-

292 4658 451 4712 mari.
491 4657 619 4714 Post
646 4661 761 4716 haec
802 4665 1005 4719 sanitas
1044 4667 1185 4721 redit
1208 4666 1432 4735 juveni;
1466 4669 1715 4739 quodque
1746 4679 1873 4725 tunc

289 4748 586 4819 nequibat,
627 4752 681 4807 in
724 4752 908 4810 futuro
948 4771 1007 4812 se
1052 4772 1150 4829 per
1185 4760 1414 4829 gratiam
1458 4761 1553 4817 Dei
1600 4760 1867 4816 facturum

288 4848 471 4895 mente
497 4844 769 4911 proponit.

356 4932 413 4987 4.
452 4932 661 4989 Exinde
674 4950 798 4990 cum
820 4939 1062 5007 corporis
1082 4940 1303 5005 sanitas,
1323 4940 1576 5009 juvenilis
1597 4953 1746 5009 tetas,
1767 4959 1870 4999 sa:-

287 5024 395 5080 culi
425 5025 758 5096 prosperitas
782 5029 835 5083 ei
862 5030 1157 5094 arrideret,
1197 5033 1363 5103 carpit
1389 5032 1644 5104 paulatim
1685 5034 1866 5090 fervor

284 5116 451 5172 animi
482 5118 597 5188 ejus
622 5135 651 5174 a
691 5120 944 5190 religioso
974 5124 1245 5192 proposito
1271 5133 1567 5196 tepescere,
1597 5126 1863 5181 iutantum

286 5215 345 5261 ut
365 5210 548 5267 saeculi
577 5213 693 5271 vias
712 5212 885 5285 magis
912 5214 1138 5286 ingredi,
1167 5232 1328 5287 quam
1355 5218 1556 5275 relictis
1573 5218 1654 5275 eis
1683 5234 1864 5273 mona-

1975 4493 2055 4548 ῆι.
2080 4492 2388 4562 Occupatur
2407 4489 2493 4544 die
2517 4494 2788 4557 noctuque
2812 4484 2865 4538 in
2897 4484 3197 4537 litterarum
3228 4479 3426 4545 studio,
3452 4492 3565 4533 non

1974 4582 2147 4639 solum
2175 4597 2292 4652 quae
2319 4580 2531 4636 volebat
2556 4594 2585 4633 a
2612 4576 2915 4632 Lanfranco
2944 4573 3188 4644 legendo,
3216 4572 3311 4628 sed
3340 4578 3394 4625 et
3421 4568 3562 4624 alios

1970 4692 2090 4747 qua:
2111 4674 2399 4746 rogabatur
2418 4671 2657 4727 studiose
2678 4668 2941 4724 docendo.
2963 4665 3193 4735 Propter
3212 4677 3331 4734 qua:
3353 4661 3559 4727 studia,

1970 4781 2092 4822 cum
2125 4779 2321 4833 corpus
2351 4763 2569 4833 vigiliis,
2607 4760 2809 4830 frigore
2842 4768 2895 4813 et
2931 4758 3108 4813 inedia
3145 4754 3396 4825 fatigaret
3427 4751 3560 4825 [al.,

1971 4853 2335 4927 fatigaretur],
2372 4852 2520 4909 venit
2563 4852 2610 4907 ei
2654 4851 2707 4904 in
2740 4857 2974 4905 mentem
3015 4848 3139 4917 quia
3181 4845 3227 4900 si
3263 4842 3562 4913 aliquando

1973 4949 2293 5014 monachus,
2318 4956 2377 5002 ut
2405 4945 2532 5002 olim
2565 4950 2937 5014 proposuerat,
2957 4949 3120 5004 esset,
3151 4936 3360 4993 acriora
3392 4949 3560 5004 quam

1971 5040 2299 5111 patiebatur,
2320 5052 2443 5092 eum
2467 5035 2577 5106 pati
2600 5050 2705 5089 non
2726 5041 3021 5103 oporteret,
3038 5029 3160 5102 [al.,
3177 5024 3438 5098 oportet],
3454 5039 3561 5081 nec

1973 5139 2102 5186 tunc
2130 5129 2212 5184 sui
2241 5128 2439 5183 laboris
2462 5125 2713 5181 meritum
2743 5124 3007 5195 perderet,
3030 5122 3172 5191 quod
3201 5132 3345 5175 nunc
3370 5126 3560 5174 utrum

1971 5222 2073 5279 sibi
2115 5227 2377 5288 maneret,
2423 5232 2531 5273 non
2578 5214 2938 5288 prospiciebat
2987 5211 3105 5285 [al.,
3144 5205 3556 5282 perspiciebat].
3612 5276 3619 5279 _

1568 5399 1983 5457 HENSCHENII
2019 5397 2248 5454 NOTAE.

358 5547 437 5622 (3)
475 5548 573 5606 Est
599 5553 913 5610 netissimus
938 5519 1093 5612 mons
1120 5555 1381 5616 Senisius,
1417 5554 1637 5625 ejusque
1666 5555 1859 5611 dimci-
1961 5554 2193 5625 Italiam.

285 5618 360 5694 lis
370 5618 643 5694 ascensus
671 5638 769 5693 per
794 5639 956 5694 quem
984 5629 1247 5681 transitur
1275 5642 1339 5682 ex
1365 5618 1517 5680 Italia
1550 5618 1602 5681 in
1630 5627 1858 5682 Galliam

2030 5625 2109 5695 (4)
2152 5624 2281 5678 Erat
2316 5622 2381 5676 Β.
2419 5623 2750 5694 Lanfrancus
2780 5622 2990 5695 origine
3013 5620 3299 5695 Papiensis
3334 5634 3405 5678 ex
3441 5619 3552 5677 fta-

286 5689 364 5746 uti
392 5690 482 5749 hic
512 5689 747 5761 factum;
791 5689 884 5749 aut
918 5696 1082 5751 etiam
1135 5697 1249 5753 vice
1289 5712 1441 5754 versa
1485 5714 1549 5753 ex
1592 5696 1764 5753 Gallia
1806 5699 1861 5753 in
1959 5689 2050 5763 lia,
2082 5689 2269 5765 postea
2298 5689 2741 5765 archiepiscopus
2767 5689 3195 5748 Cantuaricnsis.
