3882 6050
271 244 340 300 εὖ
489 235 498 244 ’
1269 237 1418 294 VI'I‘A
1459 237 1785 292 AUC'l'OliE
1817 235 2164 292 E.\DIt-ll£ii0.
2195 267 2264 276 —
2305 235 2426 290 LIB.
2459 237 2492 290 Ι.
3455 241 3522 293 ﬁt

275 360 388 412 ηοω
416 367 546 424 πεί)
575 359 754 406 mente
781 357 1060 417 concepto,
1107 357 1272 404 totam
1305 350 1652 404 intentionem
1697 366 1850 404 suam
1883 363 1926 417 Α
1957 355 2096 416 volo,
2129 361 2221 407 aut
2249 353 2416 407 eremi
2443 351 2616 406 cultor
2647 365 2764 404 esse
2793 349 3064 413 desidero,
3099 359 3190 404 aut
3220 366 3282 406 ex
3319 359 3534 424 ιη’(ψῐεὶυ

275 447 344 502 ad
397 443 711 514 placendum
763 441 872 495 Deo
923 439 1156 510 dirigere
1201 440 1398 509 cmpit,
1453 449 1506 494 et
1555 441 1856 509 spernendo

277 537 537 594 mundum
567 551 690 590 cum
735 533 1184 588 oblectamiuihus
1229 532 1348 604 [ιιι.⁹
1383 533 1856 604 oblectationibus]

275 631 412 694 suis,
447 642 638 682 revera
663 627 810 696 cupit
839 626 954 680 fieri
987 625 1303 680 monachus.

345 721 402 776 6.
441 719 580 786 Quid
605 718 794 788 plura?
817 717 1028 786 Cogitat
1053 717 1140 772 ubi
1169 717 1360 772 melius
1387 719 1648 787 prolicere
1673 727 1856 792 queat,

277 813 420 882 quod
453 812 636 866 facere
675 810 974 873 desiderat,
1005 819 1062 864 et
1093 809 1166 862 ita
1209 823 1392 864 secum
1437 817 1652 864 tractat.
1697 809 1856 872 Ecce,

281 903 478 968 inquit,
520 901 818 956 monachus
865 901 1010 954 fiam.
1057 899 1162 954 Sed
1203 899 1330 954 ubi?
1381 899 1438 954 Si
1483 899 1724 954 Cluniaci
1773 899 1858 954 vel

281 996 434 1050 Bccci
469 994 566 1064 (5),
608 1001 775 1048 totum
813 1001 1025 1061 tempus
1053 992 1194 1061 quod
1247 993 1298 1046 in
1346 993 1616 1047 discendis
1663 993 1860 1048 litteris

283 1088 454 1158 posui,
489 1085 716 1154 perdidi.
749 1083 880 1136 Nam
910 1091 966 1137 et
990 1083 1228 1137 Cloniaci
1263 1083 1526 1138 districtio
1551 1082 1778 1148 ordinis,
1807 1091 1860 1136 ct

283 1176 438 1232 Becci
487 1174 894 1244 supereminens
924 1173 1204 1242 prudentia
1255 1173 1564 1238 Lanfranci,
1613 1175 1702 1242 qui
1754 1175 1861 1228 illic

285 1267 584 1320 monachus
608 1273 708 1328 est,
741 1277 824 1318 me
849 1261 970 1334 [ιιι.⁹
1001 1261 1158 1334 mihi]
1189 1273 1278 1314 aut
1307 1262 1436 1316 nulli
1471 1263 1744 1330 prodesse,
1771 1273 1862 1317 aut

285 1357 418 1411 nihil
451 1358 632 1412 valere
674 1356 1066 1424 comprobabit.
1109 1355 1294 1425 Itaque
1335 1356 1386 1408 in
1432 1355 1524 1410 tali
1571 1355 1688 1410 loco
1735 1372 1860 1425 per-

287 1447 464 1502 ficiam
491 1447 632 1516 quod
658 1447 902 1516 dispono,
947 1447 1000 1499 in
1045 1459 1150 1514 quo
1181 1455 1234 1500 et
1273 1445 1414 1500 scire
1447 1460 1624 1500 meum
1663 1446 1862 1515 passim

283 1536 592 1600 ostendere,
629 1543 684 1590 et.
725 1535 906 1588 multis
945 1535 1218 1604 prodesse.
1261 1533 1382 1589 llzec
1425 1543 1482 1588 ut
1521 1536 1710 1589 ludens
1743 1535 1858 1607 [al.,

285 1629 498 1701 lubens]
527 1630 752 1698 ipsemet
777 1628 982 1683 referre
1011 1629 1240 1692 solebat,
1266 1643 1446 1684 secum
1481 1629 1861 1694 meditabatur,

285 1723 622 1790 addebatque
665 1739 678 1774 :
725 1719 962 1774 Necdum
1001 1735 1154 1774 eram
1193 1720 1488 1784 edomitus,
1537 1721 1762 1776 necdum
1811 1721 1862 1774 iu

287 1829 376 1870 me
409 1813 624 1884 vigebat
653 1811 836 1866 mundi
883 1820 1243 1878 contemptus.
1295 1809 1446 1866 Unde
1488 1813 1630 1880 quod
1675 1825 1776 1882 ego
1809 1821 1866 1866 ut

287 1905 564 1974 putabam,
608 1901 780 1956 fretus
823 1901 1048 1956 aliorum
1093 1901 1360 1956 charitate
1401 1902 1672 1966 dicebam,
1703 1917 1864 1970 quam

285 1994 606 2046 damnosum
643 1998 786 2046 esset
825 2005 930 2045 non
965 1990 1332 2044 advertebant.
1375 1989 1722 2046 Postmodum
1765 2007 1866 2046 θυο-

289 2090 396 2136 tem
423 2081 476 2135 in
503 2096 564 2136 se
591 2095 858 2136 reversus.
883 2080 1044 2147 Quid,
1073 2081 1278 2149 inquit?
1303 2095 1514 2148 essene,
1543 2082 1864 2138 monachum

287 2170 409 2242 (αι,
435 2170 752 2241 monachus]
785 2172 886 2224 hoc
917 2181 1020 2234 est,
1053 2169 1188 2224 velle
1215 2170 1426 2224 scilicet
1457 2171 1576 2226 aliis
1607 2173 1864 2241 prmpoui,

289 2279 400 2333 prae
428 2263 548 2318 aliis
575 2264 848 2327 honorari,
879 2272 1002 2317 ante
1028 2262 1164 2318 alios
1190 2263 1562 2332 magnilicari?
1587 2263 1720 2320 Non.
1755 2265 1868 2320 illic

289 2367 420 2422 ergo
469 2352 712 2421 deposita
757 2351 1094 2406 contumacia
1143 2352 1442 2406 monachus
1495 2352 1722 2418 deveni,
1775 2354 1864 2408 ubi

289 2441 432 2496 sicut
457 2455 670 2510 aequum
701 2450 805 2508 est,
833 2441 1038 2495 cunctis
1064 2450 1278 2510 propter
1305 2441 1472 2496 Deum
1501 2445 1864 2512 postponaris,

286 2531 502 2586 cunctis
532 2529 792 2598 abjectior
829 2531 1104 2595 habearis,
1133 2547 1242 2600 pra:
1269 2531 1478 2588 cunctis
1507 2534 1868 2604 parvipenda—

289 2620 404 2684 ris,
445 2617 624 2676 et'ubi
671 2621 774 2676 hoc
819 2635 938 2676 esse
979 2621 1211 2691 poterit?
1257 2622 1516 2692 Equidem
1563 2625 1742 2682 Becci.
1789 2625 1866 2682 ibi

289 2711 556 2780 siquidem
598 2711 796 2767 nullius
845 2714 1097 2780 ponderis
1139 2730 1254 2780 cro,
1299 2717 1730 2786 quandoquidem
1776 2716 1868 2772 ille

289 2801 364 2856 ibi
409 2809 518 2864 est,
561 2803 648 2872 qui
691 2803 1088 2872 praeminentis
1135 2806 1374 2860 scientiae
1419 2805 1539 2877 [al.,
1567 2807 1866 2880 sapientite]

289 2889 414 2946 luce
452 2894 774 2962 conspicuus
801 2896 1008 2950 cunctis
1041 2895 1338 2964 sufficiens,
1379 2898 1588 2954 cunctis
1633 2898 1868 2952 honora-

287 2983 420 3038 bilis
444 2991 500 3038 et
526 2994 796 3056 acceptus.
829 2985 940 3041 Illic
973 3002 1104 3058 ergo
1139 2989 1354 3060 requies
1395 3003 1536 3054 mea,
1577 2989 1686 3044 illic
1723 2989 1869 3044 solus

289 3073 440 3130 Deus
481 3075 704 3131 intentio
743 3091 884 3144 mea,
927 3077 1036 3132 illic
1071 3079 1216 3134 solus
1258 3095 1411 3134 amor
1445 3079 1560 3148 ejus
1597 3081 1702 3135 erit
1739 3096 1872 3136 con-

294 3165 574 3234 templatio
599 3181 736 3232 mea,
776 3167 884 3222 illic
919 3169 1074 3223 beata
1111 3179 1166 3224 et
1204 3171 1420 3226 assidua
1467 3172 1728 3226 memoria
1755 3171 1870 3240 ejus

291 3254 426 3310 felix
455 3255 692 3312 solamen
723 3269 776 3314 et
819 3259 1040 3314 satietas
1067 3275 1206 3316 mea.
1253 3261 1378 3318 Hzec
1421 3263 1710 3334 cogitabat,
1755 3263 1870 3320 hate

292 3345 656 3414 desiderabat,
691 3349 804 3403 haec
829 3350 930 3404 sibi
961 3351 1246 3420 provenire
1272 3354 1543 3422 sperabat.

365 3438 420 3490 7.
461 3437 790 3508 Raptabatur
815 3456 1030 3511 quoque
1057 3457 1208 3498 mens
1241 3442 1358 3511 ejus
1395 3459 1491 3513 per
1531 3445 1582 3498 id
1617 3445 1872 3514 temporis

295 3527 352 3581 in
395 3528 530 3583 alias
575 3529 844 3584 sectandae
891 3533 1114 3588 semitas
1160 3534 1305 3600 vitaz,
1351 3534 1448 3589 sed
1495 3535 1578 3590 vis
1619 3535 1870 3590 desiderii

297 3615 416 3682 ejus
449 3617 502 3671 in
537 3617 676 3674 hanc
705 3622 1105 3688 quummaxime
1133 3621 1516 3678 declinaverat.
1550 3623 1739 3680 Sciens
1765 3624 1870 3678 ita-

295 3722 403 3776 que
434 3709 694 3777 scriptum
718 3723 840 3764 esse
867 3729 880 3763 :
917 3707 1106 3764 Omnia
1143 3711 1228 3780 {ac
1261 3729 1376 3766 cum
1409 3712 1646 3778 consilio,
1679 3721 1727 3768 et
1755 3723 1870 3784 post

295 3799 496 3869 factum
535 3818 638 3854 non
673 3803 938 3870 ptenitebis
967 3803 1156 3874 (Eccli.
1193 3821 1376 3870 xxxii,
1410 3807 1528 3878 '24),
1561 3807 1778 3864 nolebat
1814 3822 1874 3864 se

293 3893 454 3948 alicui
487 3893 576 3948 uni
603 3895 727 3950 vitae
749 3909 932 3950 earum
959 3912 1094 3966 quas
1125 3907 1304 3954 mente
1331 3899 1541 3954 volebat
1573 3901 1872 3957 inconsulte

294 3983 542 4050 credere,
571 4000 640 4040 ne
667 3986 720 4040 in
756 3986 936 4056 aliquo
963 3987 1237 4044 videretur
1267 3989 1560 4060 Scriptura:
1589 3993 1872 4062 praeceptis

297 4088 404 4128 non
431 4073 668 4128 obedire.
694 4075 914 4132 Amicos
943 4077 1160 4148 insuper
1183 4079 1380 4136 multos
1405 4081 1631 4148 habens,
1661 4084 1754 4140 sed
1785 4085 1870 4140 cui

295 4179 358 4218 se
387 4171 558 4218 totum
587 4165 640 4218 in
669 4165 784 4220 istis
810 4167 1172 4223 committeret
1207 4169 1572 4226 consiliarium
1599 4189 1786 4238 unum,
1809 4175 1872 4228 de

297 4255 444 4309 mille
471 4255 722 4310 videlicet
751 4256 1030 4326 praefatum
1073 4258 1434 4316 Lanl‘rancum
1465 4262 1690 4332 eligens,
1726 4266 1873 4320 venit

1961 443 2284 509 patrimonio
2309 444 2518 504 vivens,
2551 439 2880 509 quibuslibet
2913 439 3273 508 indigentibus
3317 456 3536 513 propter

1959 537 2127 590 Deum
2149 551 2248 606 pro
2273 551 2392 590 meo
2413 549 2568 604 posse
2591 533 2786 588 exinde
2807 531 3138 596 ministrare,
3165 535 3208 586 si
3235 537 3531 602 consulitis,

1957 625 2132 693 cupio.
2163 623 2280 676 Jam
2307 625 2450 676 enim
2477 631 2630 691 pater
2659 622 2776 691 ejus
2803 620 3034 684 obierat,
3065 631 3122 674 et
3159 631 3266 676 tota
3304 625 3533 680 haeredi-

1961 726 2044 769 tas
2070 717 2136 768 ad
2165 713 2312 768 illum
2353 715 2688 783 respiciebat.
2723 713 2777 768 In
2817 715 2923 780 his,
2953 715 3195 784 inquam,
3237 717 3409 770 tribus
3439 733 3534 769 vo-

1959 805 2218 860 lunlatem
2247 819 2440 872 meam,
2469 804 2682 858 domine
2707 805 3023 870 Lani'rance,
3051 805 3308 860 fluctuare
3331 809 3542 872 sciatis,-

1959 897 2054 951 sed
2091 910 2284 966 precor
2323 905 2382 949 ut
2421 909 2508 950 me
2549 895 2600 948 in
2643 895 2833 949 horum
2879 897 3158 964 potissimo
3199 897 3532 950 stabilitatis.

1963 985 2152 1039 Diliert
2183 983 2514 1038 Lanfrancus
2551 985 2874 1037 sententiam
2911 984 3076 1050 ferre,
3106 987 3404 1054 suadetque
3443 1001 3537 1038 tte-

1961 1076 2165 1144 gotinm
2213 1076 2280 1128 ad
2329 1074 2651 1129 venerabilis
2695 1073 2790 1144 (6)
2837 1075 3064 1128 Maurilii
3123 1075 3241 1146 (ιώ,
3291 1075 3534 1146 Maurici]

1967 1165 2410 1236 liothomagensis
2437 1165 2672 1234 cpiscOpi
2713 1163 2832 1235 [at.,
2862 1165 3274 1236 archiepisc0pi]
3318 1166 3538 1218 audien-

1965 1259 2092 1314 tiam
2139 1259 2312 1326 magis
2347 1259 2571 1314 referre.
2619 1259 2930 1328 Acquiescit
2971 1259 3256 1313 Auselmus
3289 1261 3534 1322 consilio,

1963 1357 2018 1402 et
2046 1348 2334 1402 comitatus
2375 1347 2680 1402 Lanfranco
2709 1349 3014 1416 pontilicem
3057 1349 3208 1418 petit.
3241 1347 3410 1402 Tanta
3443 1365 3538 1403 au-

1967 1445 2074 1490 tem
2105 1437 2184 1492 vis
2215 1437 2512 1490 devotionis
2539 1447 2726 1506 pectus
2751 1438 2988 1492 Ansclmi
3039 1449 3162 1493 tunc
3205 1440 3537 1507 possidebat,

1967 1536 2284 1598 tantumque
2315 1529 2425 1583 veri
2457 1529 2666 1584 consilii
2707 1529 3010 1584 Lanfranco
3043 1530 3218 1584 inesse
3259 1531 3538 1596 credebat,

1967 1629 2174 1674 utcum
2213 1619 2604 1690 Rothomagum
2653 1631 2928 1691 petentes,
2979 1637 3076 1692 per
3127 1637 3372 1692 magnam
3421 1637 3542 1691 qua:

1967 1723 2130 1779 super
2163 1709 2390 1766 Beccum
2421 1719 2504 1766 est
2537 1711 2726 1766 silvam
2771 1721 3084 1782 pergerent,
3127 1713 3172 1768 si
3212 1713 3542 1768 [.anfraneus

1965 1801 2016 1856 ei
2061 1801 2281 1866 diceret,
2319 1803 2372 1856 in
2413 1803 2514 1856 hac
2561 1803 2692 1856 silva
2735 1818 2914 1868 mane,
2959 1813 3012 1858 et
3059 1819 3126 1860 ne
3167 1805 3292 1858 dum
3341 1805 3544 1858 vixeris

1968 1890 2094 1945 hinc
2115 1905 2278 1946 exeas
2309 1905 2462 1956 cave,
2495 1893 2680 1962 procul
2705 1893 2868 1948 dubio
2897 1903 2954 1947 ut
2983 1893 3252 1948 fatebatur
3282 1895 3543 1963 imperata

1967 1991 2228 2038 servaret.
2265 1983 2649 2040 Pervenientes
2688 1999 2816 2055 ergo
2844 1985 2910 2040 ad
2937 1985 3246 2054 episcopum
3281 1987 3544 2040 adventus

1967 2072 2048 2127 sui
2077 2087 2268 2129 causas
2307 2075 2358 2130 ei
2389 2087 2692 2146 exponunt,
2729 2079 2856 2146 quid
2895 2079 3016 2133 inde
3051 2079 3248 2134 sentiat
3275 2087 3542 2147 quierunt.

1967 2162 2078 2217 Nec
2107 2179 2288 2230 mora,
2329 2168 2680 2222 monachicus
2711 2169 2846 2224 ordo
2883 2185 2994 2239 prae
3029 2171 3242 2224 eteteris
3275 2171 3540 2234 laudatur,

1967 2251 2191 2324 ejusque
2220 2257 2552 2324 propositum
2583 2257 2834 2312 omnibus
2861 2259 2980 2314 aliis
3009 2259 3325 2314 antefertur.

2593 2365 2819 2422 CAPUT
2858 2365 2920 2422 ll.

1977 2453 2096 2509 Vita
2135 2455 2444 2518 monastica,
2487 2457 2749 2520 prioratus
2783 2459 3196 2512 administratas.
3235 2458 3544 2513 Adolesrens

2353 2525 2408 2578 in
2437 2527 2540 2580 vita
2565 2536 2612 2580 et
2641 2527 2696 2580 in
2727 2538 2892 2580 morte
2922 2529 3156 2597 adjutus.

2037 2613 2092 2668 8.
2130 2613 2418 2670 Anselmus
2451 2615 2564 2670 haec
2607 2617 2828 2672 audiens
2867 2626 2922 2670 et
2967 2619 3290 2687 approbans,
3327 2619 3546 2674 omissis

1970 2707 2116 2774 aliis,
2161 2707 2358 2764 sarculo
2403 2709 2614 2773 relicto,
2664 2709 2822 2764 Becci
2869 2711 3168 2766 monachus
3215 2711 3390 2766 factus
3441 2721 3544 2776 est,

1969 2813 2112 2854 anno
2147 2799 2322 2854 relatis
2356 2814 2468 2854 sua:
2507 2799 2762 2854 vicesimo
2799 2801 3030 2872 septimo
3065 2803 3164 2872 (7).
3205 2801 3440 2872 Regehat
3481 2817 3546 2856 eo

1971 2899 2212 2962 tempore
2239 2893 2542 2948 etenobium
2573 2891 2744 2964 ipsum
2775 2893 3022 2948 dominus
3064 2893 3232 2948 abbas
3258 2893 3546 2948 llerluinus

1971 2985 2210 3049 nomine,
2239 2985 2322 3038 vir
2350 2982 2687 3054 grandaevus,
2713 2993 2768 3038 et
2803 2999 2998 3053 magna
3037 2983 3302 3054 probitate
3335 2985 3546 3053 conspi-

1973 3090 2127 3140 cuus,
2177 3075 2268 3144 qui
2323 3076 2528 3146 primus
2577 3075 2746 3145 ipsius
2791 3075 2892 3130 loci
2943 3075 3110 3130 abbas
3159 3075 3544 3130 monasterium

1973 3166 2146 3234 ipsum
2196 3181 2224 3220 a
2277 3165 2638 3221 fundamentis
2689 3167 2756 3221 de
2799 3181 2898 3222 suo
2945 3165 3270 3236 patrimonio
3321 3165 3542 3220 fecerat.

1974 3255 2126 3326 Saepe
2153 3257 2330 3312 dictas
2354 3267 2530 3312 autem
2563 3257 2896 3314 Lanfraucus
2921 3259 3146 3330 gradum
3177 3257 3376 3327 prioris
3407 3259 3547 3312 obti-

1971 3349 2152 3404 nebat.
2189 3348 2474 3406 Anselmus
2503 3365 2632 3405 vero
2665 3365 2835 3405 novus
2869 3351 3166 3406 monachus
3203 3350 3397 3414 factus,
3430 3357 3544 3404 stn-

1971 3441 2124 3497 diose
2149 3442 2310 3496 vitant
2345 3441 2576 3496 aliorum
2609 3443 2908 3514 religiosius
2937 3443 3230 3497 viventium
3259 3441 3546 3496 aemulaba-

1973 3543 2081 3588 tur.
2117 3533 2230 3588 lmo
2259 3534 2374 3604 ipse
2405 3535 2484 3590 sic
2525 3534 2772 3604 religioni
2815 3549 2911 3604 per
2947 3535 3128 3590 omnia
3169 3535 3459 3599 serviebat,
3493 3543 3550 3586 ut

1971 3625 2218 3694 quisquis
2253 3625 2500 3696 religiose
2531 3627 2584 3680 in
2623 3635 2730 3680 tota
2773 3627 2886 3695 ipsa
2923 3627 3341 3697 congregatione
3367 3625 3548 3678 vivere

1972 3716 2204 3782 volebat,
2229 3717 2280 3771 in
2311 3715 2428 3786 ejus
2453 3719 2559 3774 vita
2591 3719 2721 3774 satis
2751 3719 3016 3774 inveniret
3041 3721 3181 3789 quod
3223 3720 3546 3779 imitaretur.

1971 3814 2026 3860 et
2051 3807 2124 3860 ita
2149 3821 2248 3876 per
2273 3808 2566 3863 triennium
2593 3811 2656 3864 de
2681 3809 2768 3864 die
2793 3809 2847 3862 in
2877 3811 3018 3864 diem
3045 3825 3258 3879 semper
3283 3811 3333 3863 in
3359 3809 3549 3864 melius

1973 3895 2282 3965 proficiens,
2311 3912 2536 3965 magnus
2563 3907 2618 3952 et
2647 3899 2990 3954 honorandus
3021 3901 3338 3954 habebatur.

2044 3987 2098 4042 9.
2141 3985 2444 4042 Venerabili
2475 3995 2652 4042 autem
2686 3989 2990 4044 Lanfrauco
3017 3992 3068 4044 in
3094 3989 3442 4045 Cadomensis
3473 3991 3549 4058 (8)

1974 4080 2204 4136 ρωποι)Ξί
2251 4079 2350 4151 (9)
2395 4080 2632 4150 regimen
2676 4087 2954 4150 assmnpto
3003 4080 3156 4146 (10),
3201 4081 3312 4150 ipse
3357 4080 3552 4150 prioris

1973 4169 2150 4226 oliicio
2179 4169 2398 4226 functus
2439 4179 2550 4232 est,
2599 4171 2784 4240 sicque
2831 4172 2942 4226 Deo
2990 4171 3258 4226 serviendi
3293 4169 3552 4240 ampliore

1975 4263 2224 4318 libertate
2257 4263 2480 4332 potitus,
2521 4271 2688 4318 totum
2729 4278 2806 4330 se,
2849 4273 3018 4318 totum
3059 4273 3270 4333 tempus
3293 4278 3448 4318 suum
3496 4263 3548 4316 in

293 4345 362 4399 ad
389 4361 544 4410 eum,
575 4347 820 4402 indicans
857 4347 1184 4406 voluntatem
1207 4365 1362 4404 suam
1391 4351 1456 4406 ad
1487 4352 1588 4406 tria
1621 4353 1872 4422 pendere,
1907 4372 1952 4426 ι)
1979 4355 2120 4410 illius
2143 4355 2398 4424 obsequia
2423 4357 2746 4425 expendere,
2771 4355 3024 4412 steculum
3048 4364 3102 4411 et
3123 4363 3314 4410 cuncta
3339 4349 3553 4422 negotia

295 4437 392 4490 sed
423 4451 521 4504 per
553 4437 835 4492 consilium
879 4437 994 4506 ejus
1037 4441 1102 4494 ad
1149 4455 1312 4494 unum
1343 4442 1486 4510 quod
1535 4443 1872 4510 potissimum

289 4528 584 4598 iudicaret,
615 4527 821 4584 duobus
853 4529 1074 4596 relictis,
1121 4547 1180 4586 se
1207 4531 1339 4586 velle
1381 4543 1588 4588 tenere.
1615 4531 1743 4600 Qum
1771 4537 1872 4591 tria

295 4621 378 4674 sic
413 4619 466 4673 ei
509 4619 778 4688 exposuit.
815 4619 924 4674 Aut
951 4621 1124 4687 enim,
1159 4621 1364 4692 inquit,
1411 4625 1707 4680 monachus
1755 4626 1872 4682 ﬁeri

1979 4449 2096 4516 ejus
2141 4445 2260 4519 [al.,
2307 4448 2452 4502 omit.
2494 4445 2632 4515 ejus]
2679 4447 2748 4500 ab
2793 4447 3089 4500 intentione
3135 4461 3260 4508 sua,
3317 4443 3554 4512 funditus

1979 4543 2144 4612 rcepit
2173 4559 2441 4600 amovere.
2475 4539 2806 4607 Factumque
2831 4547 2916 4591 est
2945 4546 3005 4592 ut
3033 4536 3130 4592 soli
3163 4535 3292 4598 Deo,
3323 4532 3554 4590 cmlesti-

1979 4633 2188 4702 busque
2213 4631 2510 4702 disciplinis
2545 4629 2746 4700 jugiter
2773 4636 3088 4698 occupatus,
3129 4625 3394 4680 intantum
3435 4635 3554 4692 spe-

1591 4745 2000 4804 llENSCHENll
2029 4751 2254 4808 ΝΟΤιΕ.

371 4845 448 4916 (5)
487 4849 774 4928 Notissima
805 4859 1124 4928 monasteria
1153 4873 1167 4912 τ
1200 4857 1266 4912 de
1295 4857 1548 4912 Cluniaco
1574 4871 1715 4926 smpe
1753 4859 1866 4928 cgi-

297 4924 810 4999 musnpotissimurn
846 4927 912 4999 if»
939 4926 1176 4982 Januarii
1220 4929 1285 4999 ad
1317 4929 1481 4999 vitam
1513 4928 1570 4982 Β.
1605 4924 1866 4982 Bernouis

297 4991 458 5066 primi
487 4991 715 5066 abbatis.
747 4995 844 5050 Est
863 4995 1088 5052 Beccum
1117 4999 1168 5052 iu
1195 4998 1414 5054 dicecesi
1445 4999 1869 5066 Rothomagensi

299 5065 456 5136 {fans
491 5059 796 5136 Sequanam
837 5067 902 5120 ad
948 5067 1120 5120 rivum
1166 5066 1392 5122 Beccam
1443 5083 1608 5136 prope
1653 5059 1868 5122 amnem

299 5123 520 5186 “illam.
569 5123 808 5188 dolatum
857 5149 887 5187 a
939 5137 1226 5190 Gniliclmo
1273 5137 1411 5191 duce
1443 5123 1868 5191 'Nortlnnanuim

298 5209 392 5249 an.
427 5197 672 5276 1054._ln
707 5212 938 5272 utroque
975 5207 1308 5260 monasterio
1345 5221 1432 5260 an.
1471 5207 1608 5262 1662
1637 5207 1872 5276 singula-

301 5279 420 5318 rem
450 5269 784 5343 charitatem
813 5269 1018 5341 ciperti
1064 5291 1266 5336 sumus,
1300 5291 1364 5330 eo
1403 5277 1626 5343 profecti
1655 5269 1866 5332 ob'mo-

295 5346 560 5392 numenta
589 5341 656 5394 de
685 5340 822 5397 Vitis
847 5340 900 5398 et
933 5345 1278 5399 veneratione
1309 5340 1641 5400 sanctorum.

371 5403 1014 5485 i5)aﬂauriliu‘suprrefuit
1051 5413 1306 5470 Ecclesiae
1343 5413 1760 5485 Rothomagensi
1801 5417 1870 5470 ab

295 5487 392 5527 an.
429 5475 568 5532 i055
593 5480 660 5533 ad
691 5475 846 5536 1067.

375 5545 456 5614 (7)
497 5545 654 5601 Anno
677 5549 873 5606 Christi
905 5553 1058 5607 1060.

375 5615 456 5686 (8)
490 5615 758 5676 Cadomus
789 5623 914 5678 urbs
949 5625 1212 5694 praecipua
1241 5623 1512 5680 inferioris
1549 5621 1864 5680 Northutan-

1975 4863 2078 4918 nim
2109 4865 2172 4917 ad
2197 4861 2394 4918 Ornam
2427 4861 2669 4926 ﬂuvium,
2697 4877 2818 4916 cum
2845 4859 3041 4916 celebri
3076 4857 3349 4913 acadcmia
3381 4863 3435 4910 et
3463 4867 3554 4910 va-

1976 4934 2072 4987 riis
2107 4933 2472 4987 monasteriis.

2045 5003 2123 5073 (9)
2151 5001 2467 5058 C(enobinm
2497 5003 2554 5057 S.
2581 5002 2860 5071 Stephano
2883 4999 3266 5073 protomartyri
3291 4997 3548 5073 dicatum,

1974 5090 2004 5126 a
2030 5065 2316 5146 Guillelmo'
2345 5065 2714 5146 Conqnestore
2739 5065 3100 5146 regeﬁngliie
3121 5065 3334 5146 et'dtrce
3352 5065 3552 5146 ηοξ-ψη

1975 5143 2207 5198 mannis:
2233 5135 2660 5215 funtlatumtsed
2701 5159 2734 5215 a_
2775 5135 3210 5215 sceleraiissitttis
3243 5135 3552 5215 Calviuistis

1975 5228 2220 5268 eversum
2245 5231 2260 5266 :
2291 5213 2506 5266 chartas
2528 5205 2864 5266 fundationis
2885 5212 3052 5264 edidit
3075 5209 3248 5262 Lucas
3267 5205 3551 5266 Acherius,

1979 5282 2032 5336 in
2073 5283 2222 5340 Nolis
2263 5283 2328 5337 ad
2371 5283 2548 5336 Vitam
2595 5281 2654 5334 Β.
2703 5281 2990 5336 Lanl‘rauci
3031 5281 3228 5332 editam
3273 5283 3398 5330 ante
3437 5277 3554 5346 ejus

1977 5367 2078 5407 one
2085 5368 2138 5406 ra
2147 5391 2158 5404 .

2013 5367 2525 5496 pila-)nssumptus
2553 5431 2635 5477 est
2669 5422 2850 5496 abbas
2879 5420 3082 5496 primus
3107 5418 3176 5496 β.
3217 5415 3556 5496 Lanfraucus

1979 5487 2306 5547 anno'1062
2359 5487 2432 5548 uti
2476 5507 2636 5562 supra
2683 5509 2748 5548 ex
2793 5487 3062 5546 Cltronico
3107 5487 3360 5544 Becceusi
3407 5495 3554 5540 retu-

1981 5563 2158 5620 limus.
