3882 6050
352 216 425 273 εδ
1405 224 1464 278 S.
1494 226 1791 282 ANSELMI
1819 228 2167 290 CANTUAH.
2220 237 2533 297 Alitillllbl".
3533 257 3601 314 56

351 327 645 387 culationis
674 323 870 384 divinae
909 330 1120 385 culmen
1153 332 1476 402 ascenderit,
1508 345 1567 391 ut
1602 339 1927 394 obscurissi-
1956 352 2000 406 Α
2029 347 2192 419 loqui.

350 437 495 491 mas,
524 431 578 476 et
612 429 736 477 ante
769 432 979 491 tempus
1013 439 1166 478 suum
1207 425 1470 483 insolutas
1506 428 1628 500 [al.,
1660 432 1929 508 insolitas]

350 512 419 568 de
445 512 730 567 divinitate
758 511 853 567 Dei
885 522 941 567 et
968 522 1149 568 nostra
1195 514 1299 570 ﬁde
1328 519 1673 589 qumstiones,
1707 524 1816 580 Deo
1847 541 1933 580 re-

258 666 271 690 ‘
350 612 572 661 serante
614 605 971 675 perspiceret,
1016 620 1078 659 ac
1122 617 1432 677 perspectas
1466 612 1744 675 enodaret,
1778 629 1932 685 aper-

272 727 284 774 ;
351 698 528 766 lisque
560 697 858 752 rationibus
883 712 1000 765 quae
1025 697 1240 753 dicebat
1273 708 1388 754 rata
1418 710 1474 755 et
1514 704 1779 761 catholica
1810 721 1930 764 esse

273 815 285 891 ἰ
342 792 622 860 probaret.
676 788 879 844 Divinis
927 806 1159 861 namque
1206 792 1501 863 Scripturis
1533 806 1735 854 tantam
1773 799 1929 856 ﬁdem

276 882 283 943 ἓ
352 882 642 937 adhibebat
685 891 743 935 ut
786 882 1140 937 indissolubili
1187 884 1442 941 ﬁrmitate
1485 890 1666 945 cordis
1691 892 1935 948 crederet

269 984 283 1035 ι
350 974 485 1028 nihil
513 974 566 1028 in
597 975 676 1030 eis
702 988 841 1038 esse,
871 976 1013 1044 quod
1042 977 1225 1033 solidae
1250 981 1496 1037 veritatis
1529 985 1796 1040 tramitem
1825 986 1933 1042 ullo

348 1068 511 1122 modo
540 1067 731 1123 exiret.
776 1068 1114 1137 Quapropter
1143 1085 1353 1129 summo
1383 1075 1561 1132 studio
1590 1079 1826 1135 animum
1864 1082 1931 1136 ad

351 1159 453 1212 hoc
496 1159 821 1225 intenderat,
864 1169 1132 1230 quatenus
1163 1163 1315 1233 juxta
1352 1164 1510 1221 ﬁdem
1542 1184 1693 1225 snam
1736 1174 1933 1228 mentis

348 1249 558 1305 ratione
605 1260 908 1306 mereretur
952 1253 1261 1321 percipere,
1311 1272 1429 1325 quae
1477 1258 1530 1312 in
1584 1260 1715 1330 ipsis
1762 1240 1934 1319 sensit

350 1340 516 1396 multa
560 1341 790 1411 caligine
834 1350 971 1397 tecta
1022 1342 1209 1399 latere.
1248 1344 1483 1417 Contigit
1522 1364 1651 1420 ergo
1696 1352 1929 1421 quadam

347 1441 507 1487 nocte
551 1442 613 1487 ut
656 1432 772 1502 ipse
813 1433 867 1487 in
914 1432 1218 1501 hujusmodi
1269 1446 1449 1493 mente
1494 1439 1761 1506 detentus,
1808 1452 1933 1498 ante

347 1532 642 1580 nocturnas
670 1524 881 1594 vigilias
919 1526 1147 1597 vigilans
1177 1528 1231 1582 in
1258 1527 1396 1584 lecto
1423 1528 1648 1599 iaceret,
1679 1540 1733 1587 et
1760 1532 1933 1587 medi-

2227 352 2365 421 Quid
2399 370 2630 424 namque
2665 358 2733 413 de
2763 358 2904 417 illius
2941 362 3151 432 jejunio
3190 367 3446 437 dicerem,
3479 386 3601 429 cum

2031 444 2098 498 ab
2124 445 2278 500 initio
2306 445 2415 517 (12)
2438 447 2711 515 prioratus
2736 452 2817 505 sui
2847 461 2994 508 tanta
3025 470 3224 526 corpus
3246 475 3400 514 suum
3426 462 3601 519 inedia

2031 541 2407 605 maceraverit,
2435 550 2492 594 ut
2515 556 2621 595 non
2650 543 2825 598 solum
2853 547 3032 603 onmis
3068 549 3315 607 illecebra
3344 554 3482 625 gulae
3509 572 3605 626 pe-

2030 628 2175 683 nitus
2205 630 2257 683 in
2287 645 2353 686 eo
2378 633 2714 699 postmodum
2740 638 3008 694 exstincta
3040 642 3131 707 sit,
3159 644 3252 697 sed
3281 662 3380 700 nec
3408 646 3602 704 famem

2028 718 2154 785 sive
2168 719 2578 776 delectationem
2603 726 2915 782 comedendi
2946 744 3044 797 pro
3067 732 3224 799 quavi
3256 734 3602 803 abstinentia,

2030 818 2089 863 ut
2118 810 2300 867 dicere
2328 823 2714 881 consueverat,
2757 816 3047 888 aliquando
3086 832 3379 890 pateretur.
3412 826 3606 883 Come-

2030 901 2191 956 debat
2235 910 2413 958 tamen
2456 913 2516 958 ut
2554 904 2643 960 alii
2690 906 2953 975 homines,
3006 912 3100 966 sed
3146 914 3367 968 omnino
3414 931 3603 983 parce.

2029 994 2207 1049 sciens
2247 1009 2443 1065 corpus
2474 1012 2628 1051 suum
2658 998 2777 1054 sine
2816 1000 2938 1055 cibo
2981 1016 3086 1056 non
3118 1018 3273 1072 posse
3312 1007 3605 1062 subsistere

2032 1084 2152 1157 [al.,
2180 1086 2491 1160 sustinere].
2518 1088 2574 1142 ln
2600 1090 2936 1146 orationibus
2959 1100 3135 1148 autem
3159 1109 3294 1164 quas
3316 1095 3427 1166 ipse
3446 1097 3604 1168 juxta

2029 1179 2353 1238 desiderium
2402 1191 2456 1238 el
2502 1184 2811 1252 petitionem
2858 1187 3156 1242 amicorum
3198 1203 3418 1243 suorum
3465 1191 3605 1245 seri-

2030 1283 2149 1344 ptas
2185 1275 2297 1346 (15)
2329 1276 2523 1341 edidit,
2556 1291 2663 1346 qua
2699 1278 3081 1345 sollicitudine,
3113 1295 3218 1349 quo
3249 1281 3461 1349 timore,
3497 1298 3604 1352 qna

2030 1381 2146 1437 spe,
2171 1382 2278 1436 quo
2298 1381 2482 1423 amore
2504 1367 2671 1422 Deum
2702 1378 2757 1424 et
2782 1380 2998 1425 sanctos
3019 1370 3134 1441 ejus
3156 1371 3607 1441 interpellaverit,

2033 1471 2133 1512 nec
2175 1472 2279 1512 non
2329 1458 2749 1528 interpellandos
2792 1459 3058 1524 docuerit,
3111 1460 3244 1515 satis
3290 1469 3373 1515 est
3418 1470 3471 1514 et
3518 1478 3607 1518 me

2032 1556 2245 1603 tacente
2284 1548 2510 1604 videre:
2544 1549 2616 1604 sit
2661 1551 2820 1605 modo
2866 1551 2957 1619 qui
3002 1551 3081 1605 eis
3121 1551 3207 1621 pie
3246 1552 3508 1616 intendat,
3550 1564 3609 1607 et

348 1616 515 1672 tando
544 1631 725 1672 secum
771 1617 957 1671 rimari
1007 1629 1295 1675 conaretur
1322 1637 1555 1692 quonam
1603 1626 1762 1681 modo
1808 1640 1934 1696 pro-

2040 1654 2189 1708 spero
2211 1640 2337 1708 quia
2365 1639 2542 1695 cordis
2568 1638 2684 1711 ejus
2709 1616 2983 1705 allectum,
3012 1616 3275 1712 suumque
3304 1642 3603 1711 profectum

350 1708 526 1774 pheta;
568 1708 836 1775 praeterita
884 1709 1045 1764 simul
1088 1719 1144 1766 et
1189 1711 1389 1777 futura,
1421 1714 1574 1783 quasi
1619 1717 1928 1785 praesentia,

2040 1732 2087 1786 in
2119 1730 2220 1786 illis
2245 1739 2300 1785 et
2325 1746 2421 1802 per
2449 1732 2567 1786 illas
2601 1708 2838 1801 gaudens
2880 1734 3156 1803 percipiet.
3188 1708 3335 1800 Quid
3375 1736 3441 1788 de
3472 1735 3606 1805 vigi-

348 1796 476 1851 οιίιη
506 1798 844 1891 agnoverint.
876 1806 929 1854 et
957 1799 1328 1857 indubitanter
1355 1818 1418 1858 ea
1446 1805 1588 1860 dicto
1616 1807 1699 1861 vel
1731 1807 1934 1877 scripto
2034 1820 2158 1875 liis?
2188 1796 2354 1876 Totus
2393 1821 2506 1876 dies
2550 1796 2629 1875 in.
2651 1821 2839 1876 dandis
2881 1796 3123 1877 consiliis
3167 1796 3461 1891 saepissime
3497 1796 3605 1879 .3.

349 1888 689 1957 protulerint.
743 1889 809 1944 Et
837 1905 964 1947 ecce
1007 1907 1130 1947 cum
1182 1892 1234 1947 in
1278 1894 1362 1949 his
1408 1904 1550 1950 totus
1581 1906 1744 1963 esset,
1780 1907 1835 1953 et
1870 1915 1933 1954 ca

350 1980 652 2052 intelligere
693 1997 1018 2053 magnopere
1051 1983 1403 2051 desideraret,
1435 1986 1627 2042 deﬁxis
1656 1988 1931 2044 oculorum

351 2088 572 2128 suorum
604 2073 791 2139 radiis,
819 2075 953 2129 vidit
980 2090 1079 2145 per
1104 2077 1309 2133 medias
1332 2078 1596 2134 maceries
1622 2079 1844 2135 oratorii
1868 2094 1933 2134 ac

351 2164 663 2220 dormitorii
687 2165 1003 2230 monachos,
1033 2180 1260 2237 quorum
1291 2169 1393 2224 hoc
1413 2168 1642 2225 oﬁicium
1668 2179 1804 2236 erat,
1837 2185 1936 2241 pro

352 2264 609 2327 apparatu
645 2257 1033 2312 matutinarum
1081 2257 1251 2314 altare
1298 2268 1354 2314 et
1396 2259 1497 2313 alia
1547 2260 1663 2316 loca
1693 2261 1937 2318 ecclesia:

353 2348 746 2416 ticumeuntes,
777 2348 1063 2403 luminaria
1105 2349 1481 2417 accendentes,
1509 2361 1564 2405 et
1590 2352 1657 2405 ad
1689 2351 1934 2408 ultimum

353 2454 525 2493 unum
564 2453 762 2494 eorum.
783 2447 997 2508 sumpta
1043 2438 1098 2492 in
1130 2437 1380 2494 manibus
1420 2439 1620 2494 chorda
1664 2455 1762 2511 pro
1791 2441 1935 2496 exci-

352 2529 535 2585 tandis
579 2528 838 2585 fratribus
883 2528 1092 2583 scillam
1142 2530 1255 2601 (ll)
1300 2529 1625 2599 pulsantem,
1670 2531 1736 2586 ad
1784 2531 1937 2601 cujus

353 2621 589 2675 sonitum
618 2628 884 2675 conventu
924 2618 1152 2674 fratrum
1184 2620 1250 2675 de
1282 2619 1435 2676 lectis
1464 2631 1737 2692 surgente,
1770 2623 1934 2677 mira-

355 2720 443 2765 tus
468 2718 553 2766 est
589 2710 655 2765 de
693 2724 753 2764 re
777 2724 899 2779 qum
937 2709 1231 2765 acciderat.
1264 2710 1521 2782 Concepit
1547 2727 1675 2783 ergo
1707 2714 1846 2783 apud
1878 2728 1937 2768 se

354 2801 468 2857 Deo
509 2800 839 2857 levissimum
883 2815 1023 2868 esse,
1066 2802 1345 2873 prephetis
1387 2804 1441 2857 in
1480 2804 1670 2874 spiritu
1710 2815 1933 2860 ventura

355 2903 679 2961 monstrare,
712 2909 833 2950 cum
864 2894 969 2951 sibi
1004 2896 1334 2967 concesserit
1364 2911 1484 2966 quae
1514 2898 1712 2953 ﬁebant
1738 2914 1832 2968 per
1860 2909 1938 2955 tot

353 2986 638 3042 obstacula
658 2988 935 3056 corporeis
960 2987 1131 3043 oculis
1156 3000 1314 3057 posse
1337 2988 1539 3043 videre.

430 3076 520 3132 10.
562 3076 699 3133 Hinc
725 3054 1107 3146 perspicaciori
1131 3054 1358 3134 interius
1383 3078 1657 3148 sapientiae
1680 3079 1798 3135 luce
1814 3095 1935 3151 per—
1963 3054 2008 3115 θ

352 3169 527 3234 fusus,
574 3183 752 3225 mores
778 3170 956 3225 omnis
995 3184 1157 3225 sexus
1195 3179 1250 3225 et
1289 3171 1464 3226 aetatis
1495 3171 1566 3226 ita
1597 3170 1937 3228 discretionis

356 3261 570 3316 ratione
606 3269 941 3316 monstrante
977 3261 1299 3329 penetravit,
1342 3270 1402 3317 ut
1438 3277 1560 3317 eum
1599 3263 1775 3333 palam
1816 3264 1939 3317 inde

357 3360 702 3417 tractantem,
736 3354 1050 3409 adverteres
1077 3354 1273 3424 cuique
1301 3356 1385 3410 sui
1410 3355 1590 3411 cordis
1620 3370 1818 3411 arcana
1848 3370 1937 3410 re-

355 3442 557 3498 velare.
595 3441 846 3513 Origines
885 3443 1104 3514 insuper
1141 3454 1194 3500 et
1232 3445 1369 3515 ipsa,
1406 3454 1464 3499 ut
1501 3446 1574 3499 ita
1614 3445 1810 3512 dicam,
1849 3460 1937 3501 se-

357 3536 505 3588 mina
534 3542 695 3604 atque
723 3535 953 3602 radices,
984 3550 1085 3591 nec
1112 3551 1216 3591 non
1246 3552 1533 3606 processus
1559 3537 1807 3591 omnium
1832 3538 1940 3591 vir-

358 3636 533 3682 tutum
566 3642 630 3681 ac
659 3627 914 3682 vitiorum
944 3629 1249 3699 detegebat,
1292 3639 1343 3686 et
1374 3629 1827 3699 quemadmodum
1855 3632 1939 3686 vel

356 3717 442 3770 ha:
473 3714 595 3787 [al.,
623 3715 759 3787 haec]
798 3717 1042 3786 adipisci,
1074 3717 1159 3772 vel
1198 3719 1313 3774 haze
1347 3718 1572 3774 devitari
1611 3728 1701 3774 aut
1729 3719 1939 3775 devinci

361 3821 581 3878 possent
616 3809 738 3866 luce
771 3810 969 3867 clarius
995 3810 1275 3866 edocebat.
1304 3810 1530 3865 Tantam
1558 3820 1738 3868 autem
1764 3813 1941 3868 omnis

363 3904 490 3959 boui
523 3904 733 3959 consilii
763 3905 869 3959 vim
904 3905 957 3959 in
991 3919 1057 3960 eo
1088 3904 1305 3961 elucere
1336 3920 1610 3974 cerneres,
1646 3914 1705 3960 ut
1736 3906 1938 3975 pectori

354 4000 473 4069 ejus
527 3999 777 4068 spiritum
834 3998 1044 4054 consilii
1100 3999 1388 4067 praesidere
1448 4015 1553 4053 non
1615 3999 1936 4067 ambigeres.

358 4090 531 4158 Quam
570 4098 851 4159 promptus
887 4105 1016 4145 vero
1052 4099 1215 4159 atque
1244 4090 1495 4144 assiduus
1525 4089 1577 4143 in
1620 4090 1823 4144 sanctis
1848 4103 1941 4143 ex-

356 4182 754 4237 hortationibus
783 4181 965 4247 fuerit,
1008 4197 1401 4252 supervacuum
1449 4190 1532 4236 est
1581 4182 1781 4246 dicere,
1819 4196 1939 4236 cum

357 4272 507 4328 illum
540 4287 753 4342 semper
778 4274 830 4328 in
863 4274 993 4344 ipsis
1024 4273 1405 4345 infatigabilem
1434 4288 1621 4330 omnes
1648 4273 1815 4329 ferme
1843 4289 1940 4327 au-

359 4362 574 4419 dientes
599 4371 811 4419 constet
839 4362 1118 4432 fatigasse;
1161 4363 1410 4433 quodque
1436 4364 1634 4417 dicitur
1659 4364 1725 4417 de
1755 4370 1939 4418 sancto

359 4454 613 4519 Marti’no,
668 4453 785 4524 ejus
831 4453 913 4509 ori
965 4468 1241 4523 nunquam
1289 4452 1458 4508 defuit
1506 4452 1778 4517 Christus,
1825 4453 1938 4507 sive

354 4548 591 4619 justitia,
622 4548 706 4603 vel
737 4547 995 4617 quidquid
1031 4547 1098 4602 ad
1132 4560 1315 4601 veram
1355 4546 1521 4600 vitam
1562 4546 1813 4615 pertinet,
1855 4545 1939 4599 in-

362 4648 683 4695 cunctanter
727 4640 1109 4695 conﬁrmemus
1152 4638 1271 4694 sine
1315 4638 1594 4694 mendacio
1639 4653 1795 4708 posse
1834 4638 1939 4693 dici

360 4728 429 4784 de
460 4728 569 4784 illo.
599 4727 657 4783 In
699 4729 783 4785 his
812 4729 929 4784 leve
958 4738 1039 4784 est
1062 4729 1317 4784 lectorem
1365 4730 1667 4795 advertere,
1711 4744 1833 4783 eum
1876 4729 1941 4783 de

361 4835 549 4877 mensa
587 4819 820 4887 Domini,
849 4836 957 4875 non
997 4820 1114 4875 sine
1150 4820 1382 4915 quodam
1420 4821 1706 4890 praesagio,
1733 4835 1830 4889 per
1864 4821 1943 4874 vi-

290 4952 297 4966 .
361 4928 483 4969 sum
507 4912 619 4983 jam
645 4914 774 4971 olim
801 4915 970 4969 nitido
998 4912 1420 4984 refectum'pane
1444 4912 1629 4969 fuisse.

279 4983 294 5023 θ’
437 5004 526 5058 tt.
566 5004 645 5059 De
679 5004 1049 5074 corporalibus
1081 5002 1199 5073 ejus
1226 4983 1521 5066 exercitiis,
1550 5000 1771 5070 jejuniis
1799 5002 1939 5068 dico,

364 5092 698 5150 orationibus
720 5101 883 5163 atque
907 5090 1125 5161 vigiliis,
1148 5090 1340 5147 melius
1360 5090 1567 5145 aestimo
1590 5089 1752 5146 silere
1777 5106 1939 5160 quam

1968 4403 2017 4462 D

2032 1908 2348 1977 sufﬁciebat,
2394 1910 2690 1965 addebatur
2734 1912 2802 1966 ab
2845 1911 2948 1965 hoc
2983 1927 3107 1979 pars
3139 1913 3369 1966 maxima
3406 1910 3607 1967 noctis.

2031 1999 2295 2054 Prreterea
2323 1998 2508 2067 libros,
2533 1999 2622 2068 qui
2653 2008 2779 2054 ante
2804 1999 2857 2053 id
2888 2000 3145 2070 temporis
3176 2001 3338 2057 nimis
3364 2002 3604 2069 corrupti

2034 2091 2232 2161 ubique
2279 2100 2545 2145 terrarum
2590 2099 2781 2156 erant,
2823 2100 2981 2147 nocte
3026 2092 3355 2162 corrigebat,
3403 2093 3608 2147 sanctis

2034 2178 2471 2234 meditationibus
2492 2178 2795 2241 insistebat,
2820 2194 2886 2234 ex
2912 2181 3362 2251 contemplatione
3383 2197 3609 2236 summa

2033 2267 2382 2323 beatitudinis
2424 2275 2478 2321 et
2524 2267 2794 2323 desiderio
2842 2269 2965 2323 vita:
3011 2271 3261 2338 perennis
3311 2272 3608 2327 immensos

2033 2358 2392 2429 lacrymarum
2418 2358 2617 2413 imbres
2637 2357 2961 2413 eﬁ‘undehat.
2995 2358 3161 2426 Hujus
3184 2359 3307 2414 vitae
3334 2361 3606 2423 miserias,

2035 2463 2253 2520 suaque,
2279 2450 2323 2505 si
2349 2465 2468 2519 quae
2496 2458 2653 2505 erant
2678 2458 2918 2520 peccata,
2941 2459 2995 2505 et
3017 2449 3242 2506 aliorum
3270 2453 3611 2507 amarissime

2036 2539 2216 2606 ﬁebat,
2248 2546 2302 2594 et
2332 2540 2421 2595 vix
2451 2554 2638 2610 parum
2680 2548 2807 2595 ante
2840 2540 3049 2611 vigilias
3091 2550 3404 2606 nocturnas,
3442 2556 3612 2611 saepe-

2034 2644 2141 2700 que
2177 2628 2309 2685 nihil
2345 2630 2518 2685 somni
2556 2628 2821 2700 capiebat.
2863 2628 3081 2686 Talibus
3118 2631 3311 2687 studiis
3349 2631 3458 2687 vita
3492 2633 3612 2699 ejus

2034 2723 2347 2779 ornabatur.

2106 2814 2192 2871 12.
2233 2813 2478 2883 Qualiter
2506 2822 2685 2868 autem
2714 2828 2841 2884 erga
2872 2814 3116 2869 subditos
3145 2828 3205 2867 se
3234 2813 3486 2879 habebat,
3518 2812 3606 2867 det

2036 2907 2178 2962 Deus
2222 2906 2291 2960 ad
2333 2903 2728 2960 aemulationem
2772 2904 3113 2973 praelatorum
3157 2917 3314 2974 posse
3354 2903 3481 2972 quid
3526 2905 3609 2957 vel

2038 2998 2304 3054 modicum
2331 2997 2454 3053 dici.
2484 2996 2618 3051 Cum
2647 2996 2881 3067 primum
2911 2996 3072 3065 igitur
3102 2996 3253 3064 prior
3287 2995 3458 3049 factus
3482 2993 3611 3047 fuis-

2037 3098 2139 3157 set,
2172 3089 2389 3159 quidam
2420 3087 2615 3142 fratres
2651 3086 2820 3157 ipsius
2841 3084 3072 3141 carnobii
3113 3083 3239 3138 facti
3278 3092 3404 3139 sunt
3431 3084 3611 3138 aemuli

2034 3180 2175 3249 ejus,
2205 3180 2447 3234 videntes
2483 3186 2537 3231 et
2567 3176 2793 3230 videndo
2824 3175 3121 3229 invidentes
3160 3174 3306 3228 illum
3347 3174 3608 3243 prmponi.

2035 3284 2193 3338 quem
2214 3268 2365 3339 juxta
2392 3264 2759 3321 conversionis
2780 3264 3023 3318 ordinem
3047 3261 3363 3331 judicabant
3388 3262 3489 3316 sibi
3520 3262 3603 3315 de-

2004 3360 2162 3414 'bere
2208 3356 2474 3427 postponi.
2528 3354 2712 3423 Itaque
2752 3353 2975 3417 turbati,
3025 3352 3266 3420 aliosque
3314 3353 3613 3416 turbantes,

2036 3450 2284 3507 scandala
2325 3455 2571 3511 movent,
2613 3445 2976 3502 dissensiones
3012 3444 3258 3514 pariunt,
3298 3452 3475 3497 sectas
3508 3459 3614 3496 nu-

2038 3544 2227 3607 triunt,
2273 3540 2395 3595 odia
2442 3538 2626 3593 fovent
2655 3554 2669 3591 :
2698 3546 2753 3590 at
2797 3537 2907 3605 ipse
2952 3551 3074 3591 cum
3125 3535 3209 3589 his
3246 3535 3334 3603 qui
3377 3534 3615 3588 oderunt

2035 3647 2246 3702 pacem,
2279 3639 2398 3686 erat
2421 3629 2679 3700 pacificus
2704 3626 2875 3697 (Psal.
2904 3642 3052 3691 crux,
3083 3624 3159 3696 7),
3187 3634 3241 3680 et
3265 3625 3606 3679 detractioni-

2037 3726 2137 3779 bus
2159 3737 2346 3777 eorum
2379 3721 2638 3777 reddebat
2674 3718 2847 3775 oﬁicia
2885 3718 3136 3773 fraternae
3162 3717 3465 3779 charitatis,
3499 3732 3614 3770 ma-

2038 3816 2153 3871 lens
2182 3816 2396 3870 vincere
2434 3814 2694 3869 malitiam
2727 3812 2779 3867 in
2820 3814 2983 3875 bono,
3019 3825 3180 3879 quam
3221 3824 3249 3861 a
3284 3808 3484 3862 malitia
3523 3822 3617 3862 eo-

2038 3923 2158 3962 rum
2184 3907 2323 3961 vinci
2366 3906 2417 3960 in
2459 3904 2598 3959 malo
2628 3904 2801 3975 (Rom.
2830 3917 2930 3965 xu,
2956 3902 3070 3969 21).
3111 3900 3287 3967 Quod,
3324 3900 3615 3953 miserante

2040 3999 2171 4064 Deo,
2203 3998 2403 4053 factum
2434 4004 2538 4060 cst,
2571 3996 2834 4064 siquidem
2868 3993 2942 4047 illi
2974 3993 3463 4047 animadvertentes
3491 4006 3615 4045 eum

2039 4087 2362 4145 omnimodis
2388 4102 2521 4156 pure
2549 4100 2612 4139 ac
2638 4083 2952 4154 simpliciter
2996 4084 3047 4136 in
3076 4082 3286 4136 cunctis
3312 4079 3614 4135 actionibus

2041 4182 2155 4237 suis
2193 4179 2464 4243 incedere,
2492 4190 2666 4246 neque
2704 4173 2845 4244 quod
2882 4174 3005 4244 jure
3032 4172 3395 4243 blasphemari
3435 4177 3613 4240 posset

2044 4273 2095 4327 in
2128 4271 2217 4325 illo
2259 4269 2518 4333 residere,
2559 4266 2698 4321 mala
2729 4264 3005 4320 voluntate
3048 4264 3100 4319 in
3139 4264 3335 4319 bonam
3376 4269 3614 4325 mutata;

2044 4364 2186 4418 dicta
2212 4360 2327 4430 ejus
2359 4369 2413 4415 et
2446 4359 2589 4416 facta
2625 4360 2677 4413 in
2708 4359 2850 4413 bono
2880 4355 3116 4411 aemulari
3150 4367 3384 4424 capere.
3421 4350 3615 4405 Verum

2043 4464 2097 4509 ut
2136 4454 2341 4510 clareat
2378 4468 2485 4523 quo
2524 4460 2680 4521 pacto
2723 4451 2777 4505 id
2820 4447 3151 4521 provenerit,
3185 4459 3351 4499 unum
3390 4458 3455 4499 ex
3490 4442 3619 4512 ipsis

2040 4545 2270 4617 exempli
2315 4545 2487 4616 gratia
2534 4557 2758 4613 ponam,
2803 4548 3069 4609 quatenus
3113 4537 3294 4606 agnito
3342 4549 3448 4606 quo
3497 4533 3621 4588 dolo

2042 4638 2281 4694 Anselmi
2310 4653 2339 4690 a
2372 4651 2467 4692 sua
2493 4635 2759 4705 pravitate
2785 4632 2859 4686 sit
2888 4639 3148 4695 mutatus,
3173 4627 3405 4699 qualiter
3437 4636 3493 4681 et
3530 4625 3618 4679 alii

2042 4744 2140 4799 per
2164 4742 2285 4782 eum
2312 4704 2540 4779 correcti
2573 4723 2701 4790 sint,
2737 4721 3121 4790 perpendatur.

2118 4820 2204 4874 l5.
2244 4816 2520 4873 Osbernus
2554 4814 2771 4885 quidam
2813 4812 3065 4875 nomine,
3104 4818 3264 4865 aetate
3302 4806 3620 4863 adolescen-

2044 4910 2217 4975 tulus,
2262 4907 2427 4976 ipsius
2467 4914 2583 4959 erat
2632 4902 2945 4958 monasterii
2995 4901 3289 4955 monachus
3335 4916 3348 4953 :
3402 4897 3622 4968 ingenio

2042 5002 2258 5072 quidem
2298 5012 2484 5068 sagax,
2514 5004 2569 5049 et
2606 4993 2914 5049 artiﬁciosis
2953 4993 3018 5047 ad
3056 4993 3268 5047 diversa
3303 5004 3465 5059 opera
3503 4986 3621 5057 pol-

2043 5093 2161 5148 lens
2206 5091 2476 5154 manibus,
2530 5086 2723 5142 bonam
2772 5085 2823 5139 in
2874 5099 2935 5140 se
2979 5084 3130 5139 bonae
3175 5083 3289 5154 spei
3339 5080 3623 5135 materiam

1639 5224 2053 5283 H‘ENSCH’ENII
2096 5225 2324 5284 NOTAE}.

436 5349 549 5417 (11)
590 5345 807 5417 Scillqs,
838 5343 942 5399 alia
981 5341 1188 5417 Squilla
1232 5350 1285 5397 et
1322 5340 1498 5417 Skella
1523 5340 1941 5417 Aex_:l‘et_ttonica

364 5410 547 5488 lingua
571 5410 852 5488 _srgniticat
902 5410 1112 5488 uolant;
1162 5423 1413 5488 auctores
1449 5414 1570 5488 vide
1608 5412 1679 5467 12
1716 5412 1843 5467 Feb.
1876 5410 1943 5467 ad

365 5483 543 5543 Vit'am
566 5483 627 5539 S.
643 5483 915 5541 Benedicti
948 5483 1297 5550 Aniancnsis,
1325 5500 1479 5539 num.
1499 5483 1589 5538 '58.

438 5555 552 5627 (I2)
590 5554 672 5609 Ab
700 5571 843 5612 anno
873 5554 1073 5627 Christi
1112 5553 1247 5609 1065
1278 5570 1447 5625 usque
1474 5556 1538 5611 ad
1566 5567 1766 5608 annum
1806 5551 1943 5608 1078

369 5643 466 5699 per
494 5626 667 5684 annos
695 5626 1021 5697 quindecim.

2122 5340 2235 5411 (15)
2276 5339 2479 5394 Forsan
2516 5344 2640 5391 sunt
2669 5332 2908 5404 Alloquia
2935 5330 3157 5410 (αξιεδιὶα
3184 5346 3272 5382 seu
3298 5329 3490 5398 facula:
3502 5330 3626 5451 Zie-

2122 5428 2168 5451 m
2200 5411 2480 5451 nﬂ'nnlunm
2505 5424 2626 5451 prnn
2668 5406 2852 5451 Deum.
2885 5402 3146 5451 Christum
3170 5399 3473 5451 Dominum.
3552 5416 3625 5451 et-

2053 5399 2168 5464 runt
2200 5399 2481 5479 d/fcctuum
2505 5424 2626 5476 ergo
2663 5399 2853 5480 Deum,
2885 5399 3473 5480 (μένζειιυηιῦοιζξὶηαηι,
3502 5399 3598 5452 Dei

2051 5470 2260 5606 pagum:
2285 5479 2475 5536 cwlites
2505 5470 2813 5546 co'mplures,
2858 5487 2888 5527 a
2914 5470 3194 5524 Rainaudo
3225 5470 3382 5524 editae
3429 5483 3457 5522 a
3497 5484 3621 5541 pag.
