3882 6050
328 223 400 280 57
1323 221 1485 279 VITA
1513 220 1850 280 AUCTORE
1885 217 2235 276 EADMERO.
2271 249 2340 259 ——
2367 216 2497 273 LIB.
2530 217 2569 273 Ι.
3525 222 3597 280 53

328 334 671 407 praeferebat.
689 335 796 402 Sed
818 349 996 392 mores
1015 335 1110 406 qui
1133 335 1186 392 in
1211 348 1277 391 eo
1298 336 1448 392 valde
1465 337 1706 407 perversi
1729 344 1908 401 erant,
1937 335 1985 390 Α
2010 331 2162 396 mini,
2194 329 2289 403 [αι.
2316 329 2491 403 omit.]
2522 343 2644 384 cum
2670 337 2760 383 aut
2806 343 2872 385 ex
2906 329 3188 402 languore,
3210 342 3305 388 aut
3332 347 3398 389 ex
3427 337 3594 393 nimia

327 428 434 484 ista
474 428 700 482 multum
739 427 1151 493 decolorabant,
1192 435 1247 482 et
1286 428 1507 498 insuper
1547 427 1730 483 odium
1769 425 1912 496 quod

324 521 553 576 omnino
595 534 747 575 more
785 520 980 575 canino
1017 527 1206 575 contra
1246 517 1560 574 Anselmnm
1599 519 1907 575 exercebat.

325 611 480 678 Quod
518 611 700 667 odium
738 619 1000 680 quantum
1037 611 1105 666 ad
1149 625 1208 665 se
1245 609 1534 666 Anselmus
1573 625 1679 665 non
1729 608 1910 680 magni

322 702 595 774 pendens;
626 702 719 757 sed
749 710 927 756 tamen
957 715 1137 757 mores
1165 700 1619 767 illiusgconeinere
1639 699 1758 773 [al.,
1782 716 1910 757 con-

320 794 534 865 venire]
574 793 860 865 sagacitati
901 792 1102 863 ingenii
1141 793 1258 864 ejus
1301 807 1625 864 magnopere
1662 793 1904 864 cupiens,

320 885 491 953 erepit
517 885 749 953 quadam
789 892 976 938 sancta
1017 884 1312 940 calliditate
1349 899 1576 954 puerum
1614 885 1718 955 piis
1753 885 1909 942 blan-

279 1016 286 1023 .
319 973 578 1030 diluentis
620 974 867 1039 delinire,
897 975 1123 1046 puerilia
1167 974 1307 1031 facta
1347 976 1465 1046 ejus
1502 977 1732 1048 benigne
1775 977 1907 1033 tole-

321 1079 470 1131 rare,
509 1064 676 1119 multa
718 1066 822 1119 nisi
865 1081 986 1134 quae
1028 1068 1144 1122 sine
1173 1067 1381 1123 ordinis
1411 1068 1740 1124 detrimento
1769 1067 1903 1122 tole-

321 1157 435 1210 rari
480 1165 731 1226 poterant
768 1157 1091 1222 concedere,
1123 1157 1177 1211 in
1206 1157 1402 1227 quibus
1429 1165 1483 1214 et
1510 1169 1642 1214 :etas
1667 1157 1781 1226 ejus
1807 1159 1903 1214 de-

317 1246 636 1314 lectaretur,
690 1255 744 1301 et
796 1245 1017 1302 effrenis
1061 1248 1272 1302 animus
1322 1249 1376 1302 in
1433 1246 1904 1303 mansuetudinem

317 1347 663 1392 curvaretur.
695 1337 904 1394 Gaudet
933 1353 1068 1409 puer
1109 1341 1163 1394 in
1193 1341 1410 1406 talibus,
1437 1350 1492 1396 et
1517 1342 1717 1396 sensim
1744 1357 1775 1395 a
1805 1356 1902 1396 sua

315 1428 535 1483 feritate
575 1427 694 1501 [al.,
722 1430 972 1504 veritate]
1013 1432 1184 1503 ipsius
1223 1433 1526 1489 demittitur
1554 1436 1786 1490 animus.
1820 1435 1904 1491 ln-

315 1519 451 1589 cipit
474 1521 791 1576 Anselmnm
817 1523 1061 1595 diligere,
1089 1523 1205 1593 ejus
1233 1526 1436 1579 monita
1463 1526 1757 1596 suscipere,
1788 1542 1906 1582 mo-

317 1625 409 1666 res
433 1627 562 1669 suos
589 1627 937 1684 componere.
981 1615 1134 1683 Quod
1164 1617 1254 1672 ille
1293 1618 1526 1683 intuens,
1557 1634 1666 1688 prae
1691 1620 1902 1676 caeteris

314 1720 441 1760 eum
471 1705 814 1762 familiariter
839 1709 1183 1778 amplectitur
1213 1710 1310 1783 [αι.
1375 1711 1572 1784 omit.],
1602 1712 1789 1776 nutrit,
1821 1711 1903 1767 fo-

314 1804 432 1863 vet,
455 1804 514 1852 et
539 1804 596 1851 ut
627 1811 846 1868 semper
872 1798 924 1852 in
953 1798 1146 1854 melius
1170 1799 1421 1870 proficiat
1445 1802 1696 1857 omnibus
1725 1802 1902 1858 modis

316 1886 569 1944 hortatur
593 1895 648 1942 et
686 1888 927 1944 instruit.
970 1891 1176 1946 Dehinc
1215 1891 1473 1962 paulatim
1519 1895 1567 1948 ei
1611 1908 1732 1964 quas
1771 1909 1902 1949 con-

313 1988 561 2034 cesserat
598 1979 846 2048 puerilia,
887 1981 1187 2047 subtrahit;
1229 1997 1463 2054 eumque
1506 1984 1571 2038 ad
1616 1983 1900 2040 honestam

314 2084 527 2125 morum
557 2070 925 2126 maturitatem
953 2073 1251 2142 provehere
1279 2073 1496 2143 satagit.
1526 2072 1643 2129 Non
1671 2073 1901 2130 frustra-

314 2168 409 2213 tur
433 2160 521 2230 pia
565 2160 873 2217 sollicitudo
899 2162 1040 2233 ejus,
1071 2163 1363 2232 proficiunt
1397 2165 1449 2218 in
1477 2161 1677 2232 juvene
1711 2178 1776 2220 ac
1807 2178 1898 2220 ro-

313 2252 579 2306 borantur
613 2243 764 2309 sacra
792 2255 993 2309 monita
1039 2254 1176 2325 ejus.
1220 2254 1362 2327 Ergo
1401 2255 1492 2310 ubi
1535 2255 1602 2311 de
1646 2255 1900 2312 firmitate

312 2340 441 2396 lzoni
477 2342 641 2396 studii
671 2342 1032 2399 adolescentis
1073 2359 1132 2400 se
1170 2358 1328 2415 posse
1355 2344 1627 2400 confidere
1655 2345 1900 2400 animad-

312 2433 510 2498 vertit,
553 2449 676 2489 mox
714 2451 906 2491 omnes
943 2436 1180 2505 pueriles
1217 2444 1372 2492 actus
1401 2437 1454 2492 in
1489 2451 1554 2491 eo
1583 2443 1814 2504 resecat,
1843 2445 1899 2492 et

311 2523 361 2578 si
385 2525 514 2592 quid
539 2527 979 2596 reprehensionis
1001 2543 1124 2584 eum
1153 2529 1437 2584 admittere
1467 2530 1753 2598 comperit,
1785 2543 1896 2584 non

311 2615 475 2672 modo
515 2619 717 2685 verbis,
756 2621 852 2674 sed
891 2628 946 2675 et
988 2620 1304 2678 verberibus
1342 2622 1398 2677 in
1438 2636 1506 2678 eo
1551 2621 1750 2677 acriter
1777 2621 1894 2697 [al.,

310 2706 516 2780 acrius]
547 2709 805 2765 vindicat.
831 2709 967 2778 Quid
987 2711 1110 2768 ille?
1133 2711 1536 2782 IEquanimiter
1559 2721 1751 2768 cuncta
1779 2727 1898 2770 sus-

312 2795 482 2860 tinet,
531 2797 882 2853 confirmatur
934 2800 986 2854 in
1041 2801 1320 2871 proposito
1371 2802 1549 2857 omnis
1597 2801 1894 2873 religionis,

311 2885 491 2942 fervet
522 2887 576 2941 in
607 2889 870 2944 exercitio
904 2890 1172 2946 discendae
1201 2890 1378 2946 omnis
1405 2898 1607 2946 sanctae
1644 2891 1892 2956 actionis,

312 2975 508 3032 suﬂ'ert
552 2979 822 3047 patienter
869 2979 1096 3034 aliorum
1146 2980 1531 3047 contumelias,
1580 2979 1892 3050 opprobria,
1923 3013 1968 3078 Ο

313 3069 703 3134 detractiones,
744 3085 970 3126 servans
1008 3085 1136 3141 erga
1175 3087 1364 3128 omnes
1389 3071 1639 3128 affectum
1669 3073 1896 3129 sincera:

311 3156 637 3214 dilectionis.
669 3158 906 3214 Laetatur
945 3168 1100 3231 pater
1144 3163 1198 3216 in
1244 3162 1352 3228 his,
1397 3162 1538 3217 ultra
1582 3177 1746 3232 quam
1785 3163 1893 3218 dici

311 3247 515 3316 possit,
548 3255 603 3303 et
633 3247 805 3319 diligit
832 3248 1002 3305 ﬁlium
1041 3260 1228 3307 sancto
1253 3252 1539 3308 cbaritatis
1570 3252 1712 3323 igne,
1744 3253 1894 3322 plus-

311 3347 480 3402 quam
507 3337 655 3393 credi
686 3337 873 3408 possit.
1791 3407 1798 3414 ,

381 3428 475 3484 14.
518 3427 624 3484 Sed
648 3445 772 3485 cum
804 3431 918 3500 ipse
943 3432 1026 3501 (ut
1054 3430 1189 3489 ﬂens
1217 3431 1508 3503 referebat)
1537 3447 1658 3488 eum
1687 3435 1754 3490 ad
1779 3447 1898 3488 ma~

313 3535 478 3587 gnum
538 3521 793 3578 Ecclesiae
847 3523 1080 3579 fructum
1129 3524 1392 3595 proficere
1442 3534 1714 3596 speraret,
1762 3540 1896 3582 ecce

311 3613 460 3679 gravi
488 3614 736 3682 corporis
774 3615 1092 3671 infirmitate
1114 3617 1444 3688 praeripitur,
1470 3617 1717 3688 lectoque
1758 3619 1896 3674 reci-

308 3701 480 3770 pitur.
513 3702 736 3758 Videres
761 3702 882 3775 [al.,
910 3704 1121 3778 videns]
1153 3716 1282 3760 tunc
1311 3707 1509 3761 bonum
1540 3716 1748 3777 patrem
1778 3706 1895 3762 feli-

311 3793 393 3848 cis
426 3794 642 3865 juvenis
693 3797 960 3863 amicum,
1016 3797 1157 3853 lecto
1201 3799 1433 3869 jacentis
1483 3799 1570 3856 die
1624 3808 1894 3870 noctuque

311 3891 572 3957 assidere,
616 3892 795 3948 cibum
822 3901 876 3949 et
905 3903 1088 3963 potum
1135 3894 1480 3960 ministrare;
1524 3894 1763 3949 omnium
1794 3895 1895 3948 mi-

312 3983 610 4040 nistrorum
650 3999 814 4056 super
844 4000 902 4041 se
931 3987 1231 4042 ministeria
1261 3987 1557 4057 suscipere,
1587 3987 1702 4041 veri
1733 3987 1894 4042 amici

313 4086 521 4126 morem
549 4072 603 4126 in
629 4073 880 4129 omnibus
900 4089 1118 4140 gerere;
1148 4076 1261 4144 ipse
1279 4090 1492 4144 corpus,
1521 4075 1636 4144 ipse
1658 4075 1894 4130 animam

313 4161 431 4233 ejus
459 4162 857 4220 studiosissime
883 4165 1178 4221 refovebat.
1211 4165 1676 4235 Appropinquanti
1716 4175 1893 4220 autem

315 4253 383 4307 ad
415 4253 618 4308 exitum
642 4253 893 4324 familiari
923 4257 1180 4326 praecepit
1201 4256 1458 4326 alloquio,
1485 4265 1752 4327 quatenus
1775 4265 1896 4327 post

2011 421 2290 491 sanguinis
2334 421 2634 476 munitione
2676 419 2837 474 fuerit
2879 422 3244 490 exanimatus,
3293 424 3358 478 ad
3403 442 3464 482 se
3511 443 3598 484 re.

2011 513 2215 567 deunti.
2244 513 2324 567 Ad
2345 528 2502 582 quem
2529 523 2684 585 pater
2708 531 2723 569 :
2751 516 2888 584 Quid
2915 525 3017 584 est,
3060 516 3168 570 fili?
3194 517 3474 583 Quomodo
3499 522 3596 576 es?

2009 599 2109 656 Cui
2139 601 2226 657 ille
2255 603 2371 658 haec
2394 605 2555 659 verba
2597 607 2912 676 reSpondit:
2948 608 3039 661 Ille
3071 609 3328 678 antiquus
3369 626 3594 682 serpens

2009 705 2096 751 ter
2118 696 2411 764 insurrexit
2438 696 2626 763 in'me,
2655 708 2710 754 et
2737 708 2817 753 ter
2839 701 3035 754 cecidit
3065 700 3117 754 in
3143 702 3511 772 semetipsum,
3536 712 3593 758 et

2008 787 2254 843 ursarius
2285 788 2498 843 Domini
2530 788 2620 844 Dei
2650 789 2899 846 liberavit
2932 806 3036 846 me.
3076 791 3193 858 Quo
3221 793 3365 848 dicto
3391 793 3587 848 Anselo

2008 896 2130 936 mus
2159 880 2346 937 oculos
2373 895 2401 934 a
2426 895 2617 936 somno
2647 882 2860 948 levavit,
2894 893 2948 938 et
2975 883 3250 939 Osbernus
3294 900 3399 940 non
3435 901 3588 940 com-

2005 971 2206 1039 paruit.
2257 970 2335 1025 En
2379 971 2743 1027 obedientiam
2795 984 3038 1030 mortuus
3087 975 3210 1032 vivo
3255 978 3582 1044 exhibebat,

2006 1078 2166 1132 quam
2200 1063 2388 1120 vivens
2417 1064 2620 1121 virenti
2645 1066 2904 1122 exhibere
2933 1067 3122 1124 solitus
3147 1078 3266 1124 erat
3297 1067 3416 1140 [al.,
3445 1070 3586 1126 sole—

2005 1154 2144 1226 bat].

2079 1248 2167 1302 15.
2209 1247 2362 1315 Quod
2387 1247 2431 1304 si
2459 1249 2725 1320 quispiam
2750 1250 2937 1305 audire
2959 1251 3187 1307 voluerit
3216 1253 3447 1322 qualiter
3469 1254 3585 1310 haec

2003 1337 2308 1394 obedientis
2338 1339 2503 1394 verba
2532 1339 2792 1402 defuncti,
2831 1340 2946 1410 ipse
2985 1340 3271 1397 Anselmus
3305 1344 3468 1398 fuerit
3501 1344 3583 1398 in-

2005 1439 2354 1502 terpretatus,
2398 1432 2546 1487 brevi
2590 1436 2963 1490 accommodet
2994 1452 3173 1491 aures.
3211 1437 3337 1503 Ter,
3384 1440 3581 1508 inquit,

2003 1522 2260 1593 antiquus
2280 1537 2507 1594 serpens
2529 1525 2826 1580 insurrexit
2857 1527 2909 1580 in
2934 1541 3076 1590 eum,
3102 1529 3225 1597 quia
3257 1531 3322 1583 de
3347 1531 3586 1598 peccatis

2003 1627 2122 1682 quae
2165 1621 2286 1682 post
2330 1613 2657 1683 baptismum
2704 1616 3019 1686 priusquam
3073 1634 3103 1672 a
3152 1620 3464 1688 parentibus
3514 1621 3582 1675 ad

2003 1704 2283 1760 servitium
2313 1705 2406 1759 Dei
2438 1705 2490 1759 in
2517 1707 2902 1761 monasterium
2928 1692 3216 1764 offerretur
3238 1709 3330 1781 [aL
3385 1710 3582 1783 omit.],

2003 1796 2368 1862 commiserat,
2416 1795 2566 1851 illum
2609 1798 2853 1854 diabolus
2895 1801 3196 1868 accusavit;
3240 1802 3306 1857 dc
3345 1805 3584 1872 peccatis

2002 1889 2165 1944 etiam
2191 1905 2310 1960 quas
2335 1897 2455 1959 post
2474 1889 2798 1944 oblationem
2822 1900 3103 1960 parentum
3129 1901 3256 1949 ante
3280 1909 3430 1949 suam
3455 1911 3582 1965 pro-

2002 1977 2290 2034 fessionem
2331 1978 2557 2045 fecerat,
2603 1980 2751 2034 illum
2794 1983 3102 2049 accusavit;
3135 1984 3200 2038 de
3231 1986 3466 2053 peccatis
3502 1987 3584 2040 ni-

2001 2066 2312 2133 hilominus,
2338 2083 2459 2138 quas
2484 2077 2605 2139 post
2627 2070 3014 2140 professionem
3041 2081 3168 2128 ante
3191 2075 3393 2129 obitum
3425 2092 3580 2131 suum

2001 2167 2206 2225 egerat,
2249 2159 2397 2213 illum
2434 2154 2733 2216 accusavit.
2783 2161 2888 2217 Sed
2937 2171 3019 2218 ter
3059 2165 3255 2219 cecidit
3285 2166 3337 2219 in
3383 2177 3582 2222 semet-

2001 2248 2198 2318 ipsum,
2225 2249 2348 2317 quia
2375 2258 2596 2318 peccata
2636 2265 2758 2319 quze
2799 2252 2854 2305 in
2899 2253 3094 2307 saeculo
3129 2255 3455 2310 constitutus
3484 2258 3581 2312 ad-

2000 2337 2245 2402 miserat,
2281 2353 2379 2409 per
2405 2339 2563 2394 fidem
2599 2351 2907 2410 parentum,
2937 2345 3301 2412 quando-enm
3341 2348 3452 2403 Deo
3485 2350 3583 2404 o-b-

2001 2430 2256 2498 tulerunt,
2280 2429 2454 2488 deleta
2487 2431 2709 2486 invenit.
2734 2433 2800 2487 Et
2826 2443 3068 2503 peccata,
3093 2452 3212 2506 qua:
3238 2441 3579 2506 postmodum

2000 2522 2054 2578 in
2085 2523 2417 2579 monasterio
2446 2524 2646 2594 degens
2671 2533 2794 2578 ante
2824 2539 2978 2579 suam
3009 2529 3402 2595 professionem
3439 2531 3582 2586 fece-

2000 2622 2105 2680 rat,
2129 2614 2184 2668 in
2213 2615 2328 2685 ipsa
2355 2613 2690 2683 professione
2713 2614 2883 2670 deleta
2912 2615 3134 2670 invenit.
3161 2617 3388 2673 Peccata
3415 2620 3579 2673 etiam

1999 2718 2119 2779 qua:
2156 2712 2281 2774 post
2323 2703 2712 2774 professionem
2759 2713 2885 2760 ante
2926 2705 3133 2759 obitum
3173 2722 3330 2761 suum
3369 2718 3579 2776 egerat,

1997 2811 2096 2868 per
2121 2811 2302 2851 veram
2338 2795 2753 2861 confessionem,
2785 2805 2840 2851 et
2881 2797 3255 2866 paenitentiam
3295 2798 3468 2853 deleta
3499 2807 3582 2853 at-

1998 2904 2105 2960 que
2145 2890 2368 2946 dimissa
2415 2890 2469 2944 in
2511 2889 2630 2959 ipso
2671 2890 2788 2960 ejus
2830 2891 2978 2944 obitu
3021 2889 3278 2946 confusus
3323 2889 3529 2944 invenit
3563 2906 3575 2941 :

1999 2981 2187 3051 sicque
2224 2981 2494 3052 malignus
2537 2981 2658 3053 [al.,
2688 2980 2969 3053 malignas]
3009 2982 3275 3037 versutias
3305 2996 3432 3036 suas
3461 2983 3581 3050 qui—

1998 3071 2098 3126 bus
2127 3086 2249 3126 eum
2280 3073 2344 3126 ad
2379 3072 2712 3140 peccandum
2765 3070 3032 3135 illexerat,
3075 3070 3224 3138 justo
3261 3071 3352 3125 Dei
3374 3069 3580 3138 judicio

1997 3163 2052 3218 in
2081 3177 2140 3218 se
2183 3163 2249 3217 ad
2297 3161 2569 3216 cumulum
2618 3176 2728 3216 suae
2759 3161 3122 3216 damnationis
3151 3161 3452 3228 retorqueri
3497 3161 3580 3213 in-

1996 3252 2220 3323 gemuit.
2252 3251 2320 3306 Et
2354 3251 2600 3306 ursarius
2632 3250 2844 3305 Domini
2878 3252 2970 3305 Dei
3004 3250 3253 3307 liberavit
3285 3265 3408 3304 eum
3441 3267 3454 3303 :
3489 3264 3581 3304 ur-

1997 3343 2125 3399 sarii
2164 3343 2296 3409 Dei,
2338 3343 2464 3398 boni
2502 3342 2678 3413 angeli
2710 3351 2856 3397 sunt.
2893 3341 3047 3397 Sicut
3080 3341 3224 3398 enim
3259 3341 3455 3396 ursarii
3489 3357 3580 3395 ur-

1997 3451 2107 3501 sos,
2161 3435 2235 3490 ita
2282 3435 2458 3506 angeli
2505 3434 2770 3506 malignos
2820 3434 3094 3490 daemones
3142 3450 3172 3488 a
3227 3449 3323 3489 sua
3374 3434 3580 3489 saevitia

1996 3537 2250 3583 coercent
2281 3535 2335 3581 et
2367 3526 2712 3596 opprimunt,
2747 3541 2814 3580 ne
2848 3525 3005 3580 nobis
3034 3533 3263 3581 noceant
3297 3523 3420 3596 [al.,
3455 3533 3579 3578 tan-

1999 3630 2110 3675 tum
2142 3617 2418 3689 noceant],
2447 3626 2706 3688 quantum
2733 3616 2938 3670 volunt.

2069 3709 2151 3764 l6.
2197 3709 2326 3764 Post
2355 3710 2470 3764 bzec
2494 3707 2782 3762 Anselmus
2810 3716 2863 3761 ut
2897 3716 3100 3762 sancta:
3126 3705 3430 3760 dilectionis
3455 3719 3576 3763 mue

2001 3816 2101 3856 nus
2127 3802 2268 3870 quod
2298 3801 2420 3854 vivo
2453 3799 2807 3869 impenderat,
2838 3810 3048 3854 mortuo
3074 3813 3179 3852 non
3213 3805 3454 3868 negaret,
3487 3810 3584 3865 per

2001 3893 2269 3963 integrum
2314 3906 2513 3944 annum
2557 3889 2775 3943 missam
2802 3904 2900 3958 pro
2929 3889 3108 3942 anima
3157 3887 3273 3956 ejus
3316 3887 3460 3940 omni
3495 3886 3584 3940 die

1997 3983 2311 4040 celebravit.
2355 3980 2506 4048 Quod
2537 3980 2582 4034 si
2631 3978 2919 4047 aliquando
2947 3994 2976 4030 a
3023 3977 3384 4032 celebratione
3415 3975 3583 4043 ipsius

1998 4073 2324 4129 sacramenti
2353 4071 2767 4140 impediebatur,
2800 4082 2894 4122 eos
2925 4068 3014 4136 qui
3050 4067 3241 4121 missas
3288 4065 3583 4120 familiares

1999 4162 2290 4228 debebant,
2321 4176 2471 4217 suam
2496 4175 2592 4230 pro
2618 4160 2794 4232 anima
2823 4156 3006 4212 fratris
3037 4156 3254 4211 missam
3284 4156 3464 4210 dicere
3501 4154 3583 4208 fa-

1999 4256 2207 4320 ciebat;
2235 4264 2290 4308 et
2311 4255 2424 4323 ipse
2452 4253 2647 4307 missas
2675 4267 2882 4315 eorum,
2908 4250 3032 4304 dum
3054 4259 3413 4320 opportunum
3443 4256 3580 4310 erat,

315 4343 520 4397 obitum
549 4359 704 4398 suum
734 4345 780 4400 si
811 4345 1065 4415 possibile
1092 4346 1251 4413 foret,
1284 4361 1442 4402 suum
1466 4361 1583 4402 esse
1611 4347 1712 4402 sibi
1742 4362 1896 4402 reve-
1924 4354 1973 4414 ι)
1999 4351 2126 4399 ante
2172 4343 2393 4398 missam
2447 4342 2528 4396 sui
2569 4341 2805 4395 defuncti
2855 4339 2956 4393 alia
3005 4340 3168 4393 missa
3218 4338 3580 4408 persolvebat.

315 4433 469 4490 laret.
522 4434 851 4506 Spopondit,
900 4446 954 4492 et
1001 4438 1235 4494 transiit.
1287 4437 1495 4508 Corpus
1542 4438 1779 4494 defuncti
1828 4455 1894 4495 ex

317 4540 468 4581 more
515 4526 708 4593 lotum,
754 4529 1040 4594 vestitum,
1088 4530 1142 4584 in
1179 4528 1380 4584 feretro
1421 4529 1809 4599 compositum,
1842 4531 1896 4584 in

316 4615 601 4670 ecclesiam
630 4617 866 4672 delatum
893 4629 994 4673 est.
1027 4619 1502 4675 Circumsederunt
1531 4620 1732 4675 fratres
1756 4621 1896 4691 psal-

318 4720 431 4759 mos
476 4721 576 4774 pro
621 4705 739 4774 ejus
783 4709 963 4764 anima
1015 4710 1394 4774 decantantes;
1437 4709 1724 4765 Anselmus
1770 4727 1896 4766 vero

318 4813 422 4867 qo
461 4799 690 4856 liberius
722 4816 818 4871 pro
843 4815 908 4856 eo
933 4817 1120 4871 preces
1164 4802 1432 4867 funderet,
1463 4802 1515 4857 in
1546 4803 1894 4857 secretiorem

313 4889 558 4945 ecclesia:
595 4889 774 4945 locum
819 4893 1065 4947 secessit.
1094 4892 1195 4961 Qui
1226 4908 1348 4947 cum
1377 4892 1520 4947 inter
1550 4892 1695 4962 ipsas
1724 4892 1897 4964 lacry-

313 4996 433 5036 mas
459 4995 527 5037 ex
569 4983 721 5053 gravi
757 4983 937 5040 cordis
967 4985 1335 5040 mtestitudine
1361 4999 1588 5054 corpore
1634 4984 1754 5056 [al.,
1789 4996 1898 5038 tor-

311 5074 467 5148 pore]
526 5075 818 5143 deficeret,
869 5086 926 5134 et
983 5077 1254 5149 paululum
1308 5077 1494 5135 oculos
1549 5077 1602 5133 in
1645 5093 1895 5133 somnum

291 5166 681 5236 ,deprimeret,
724 5169 860 5226 vidit
899 5170 954 5225 in
998 5169 1188 5239 spiritu
1235 5170 1435 5226 mentis
1482 5184 1594 5226 suae
1635 5170 1896 5240 quasdam

316 5262 602 5317 reverendi
653 5263 836 5318 vultus
887 5277 1148 5334 personas
1200 5262 1602 5318 candidissimis
1658 5262 1898 5317 vestibus

313 5360 563 5420 ornatas,
591 5353 807 5410 domum
837 5355 890 5410 in
927 5371 1033 5426 qua
1073 5354 1216 5410 idem
1250 5355 1524 5411 Osbernus
1552 5354 1718 5410 vitam
1749 5353 1898 5408 finie-

318 5449 405 5496 rat
426 5441 702 5508 introisse,
722 5452 778 5500 et
797 5444 864 5499 ad
880 5444 1226 5515 jndicandum
1250 5444 1894 5501 circumsedisse.Verum

312 5545 440 5586 cum
471 5533 660 5604 judicii
693 5536 1014 5591 sententiam
1047 5537 1338 5606 ignoraret,
1375 5551 1604 5606 eamque
1631 5535 1898 5591 sollicitus

318 5639 480 5682 nosse
521 5625 875 5697 desideraret,
905 5643 1029 5685 ecce
1054 5627 1328 5687 Osbernus
1372 5629 1522 5685 adest
1566 5627 1757 5683 similis
1803 5627 1894 5682 bo-

1997 4436 2182 4506 ltaque
2215 4451 2313 4506 per
2333 4434 2574 4506 singulos
2597 4434 2712 4488 dies
2745 4434 2908 4487 totius
2937 4432 3064 4485 anni
3103 4439 3196 4485 aut
3225 4431 3335 4499 ipse
3370 4445 3464 4496 pro
3489 4428 3582 4482 illo

1997 4528 2221 4583 missam
2246 4527 2560 4590 celebravit,
2586 4535 2680 4579 aut
2700 4527 2766 4580 ab
2793 4525 2898 4578 alio
2927 4523 3250 4578 celebratam
3281 4520 3386 4574 alia
3417 4520 3580 4574 missa

1998 4627 2276 4674 mutuatus
2298 4617 2420 4689 [al.,
2462 4615 2720 4686 mutatus]
2751 4624 2851 4670 est.
2895 4613 3070 4684 Super
3102 4613 3218 4666 bzec
3263 4612 3443 4667 missis
3473 4612 3580 4666 cir-

1998 4725 2338 4781 cumquaque
2363 4707 2608 4779 epistolis
2643 4723 2741 4777 pro
2784 4706 2962 4759 anima
2992 4705 3074 4760 sui
3108 4704 3338 4760 Osberni
3381 4702 3580 4758 oratio-

1999 4817 2095 4856 nes
2140 4800 2255 4854 fieri
2299 4799 2475 4870 petiit,
2506 4806 2560 4852 et
2586 4797 2836 4852 obtinuit.
2872 4795 2996 4850 ΙΙωο
3022 4794 3220 4848 fratres
3260 4793 3502 4847 videntes
3531 4800 3586 4845 ct

1999 4891 2302 4947 socordiam
2356 4891 2437 4946 sui
2468 4889 2649 4944 cordis
2700 4890 3104 4956 redarguentes,
3138 4901 3197 4939 se
3246 4884 3477 4938 miseros
3520 4895 3584 4935 ac

1999 4983 2266 5050 infelices,
2296 4983 2600 5040 Osbernum
2649 4981 2863 5034 beatum
2907 4977 3206 5046 praedicant
3237 4989 3302 5028 ac
3349 4972 3579 5032 felicem,

1999 5075 2091 5146 qui
2126 5075 2284 5130 talem
2314 5087 2555 5128 amorem
2577 5113 2593 5140 ,
2621 5071 2781 5125 talem
2827 5069 3024 5124 meruit
3054 5067 3323 5123 invenisse
3351 5064 3585 5119 subven-

2001 5165 2224 5220 tionem.
2273 5162 2353 5217 Ex
2406 5163 2510 5216 hoc
2547 5175 2677 5232 ergo
2711 5158 2904 5230 singuli
2954 5158 3153 5228 quique
3197 5154 3330 5226 [al.,
3361 5151 3581 5224 quippe]

1999 5269 2248 5323 corpore,
2275 5260 2328 5306 et
2357 5252 2539 5306 animo
2560 5267 2618 5306 se
2647 5250 2882 5306 subdunt
2906 5248 3182 5313 Anselmo,
3216 5243 3496 5313 cupientes
3527 5241 3585 5296 in

2000 5346 2293 5403 amicitiam
2325 5345 2441 5413 ejus
2469 5343 2813 5400 hmreditario
2840 5341 2962 5410 jure
2995 5339 3288 5396 succedere
3316 5335 3583 5391 Osberno.

2000 5444 2070 5496 At
2118 5439 2205 5493 ille
2251 5439 2303 5493 iu
2352 5438 2703 5494 conversione
2733 5438 2967 5506 ipsorum
3006 5433 3115 5487 Deo
3152 5430 3354 5501 gratias
3395 5442 3583 5498 agens,

2002 5530 2255 5587 omnibus
2286 5532 2465 5586 omnia
2498 5531 2674 5587 factus
2701 5536 2801 5595 cst,
2843 5535 2902 5581 ut
2947 5540 3137 5581 clunes
3174 5524 3352 5581 salvos
3383 5521 3586 5578 faceret

2004 5625 2052 5697 (l
2081 5625 2202 5680 Cor.
2233 5643 2305 5691 Ix,
2336 5624 2448 5695 Ἡ),
