3882 6050
301 197 370 251 59
1326 199 1379 253 S.
1426 196 1724 252 ANSELMI
1755 196 2106 253 CANTUAB.
2143 191 2462 254 ARCHIEP.
3482 199 3550 255 60

373 308 457 363 Π.
502 307 884 373 Verumtamen
940 308 1372 364 adolescentibus
1403 317 1564 377 atque
1585 308 1873 377 juvenibus
1901 314 1947 372 Λ
1976 307 2123 362 nitur
2144 323 2300 373 onus,
2324 308 2547 378 rejicere
2592 321 2696 362 non
2724 307 2912 364 audeo.
2948 307 3160 379 Repetit
3203 308 3399 378 praeSul
3433 311 3552 368 edi-

296 404 567 474 prtecipua
594 419 723 457 cura
753 402 874 474 [al.,
897 401 1221 472 prtecipuam
1246 400 1454 471 curam]
1474 402 1805 468 intendebat,
1828 414 1882 457 et

300 496 696 567 inquirentibus
746 496 813 550 de
848 496 948 549 hoc
991 494 1279 557 rationem,
1322 491 1423 547 sub
1465 492 1713 561 exemplo
1761 493 1882 547 red-

300 589 481 642 debat.
520 586 876 654 Coniiparahat
904 598 1042 639 cera:
1056 583 1270 652 juvenis
1290 593 1523 650 :etatem,
1548 598 1668 652 quze
1704 581 1771 638 ad
1800 584 1881 638 in-

301 677 641 731 formandum
674 675 904 745 sigillum
934 684 1055 743 apte
1069 683 1150 729 est
1180 682 1498 743 temperata.
1519 672 1652 747 Nam
1671 674 1715 729 si
1731 689 1877 740 cera,

303 766 496 835 inquit,
537 765 695 819 nimis
720 764 851 818 dura
880 764 960 818 vel
984 764 1161 818 mollis
1184 763 1364 827 fuerit,
1398 763 1573 835 sigillo
1619 761 1878 834 impressa

301 855 419 928 [al.,
469 855 753 928 impresso]
788 856 903 924 ejus
941 856 1169 927 ﬁguram
1210 857 1263 910 in
1309 872 1368 911 se
1414 872 1752 927 nequaquam
1811 860 1878 912 ad

300 948 516 1018 plenum
548 948 757 1016 recipit.
792 946 847 1001 Si
880 963 1007 1002 vero
1038 963 1105 1002 ex
1152 947 1418 1017 utrisque,
1448 947 1643 1001 duritia
1674 949 1880 1002 scilicet

299 1050 464 1109 atque
494 1040 736 1104 mollitie,
771 1041 1003 1094 discrete
1055 1038 1258 1094 habens
1305 1040 1478 1110 sigillo
1529 1041 1876 1111 imprimitur,

301 1140 427 1186 tunc
455 1131 625 1187 forma
657 1132 811 1201 sigilli
853 1131 1075 1186 omnino
1106 1132 1389 1208 perspicua
1424 1142 1476 1187 et
1516 1133 1724 1205 integra
1755 1134 1875 1187 red~

304 1224 470 1277 ditur.
524 1222 617 1279 Sic
664 1232 747 1278 est
787 1222 839 1276 in
868 1223 1119 1278 aetatibus
1156 1225 1456 1278 hominum.
1484 1225 1682 1280 Videas
1710 1226 1879 1281 homi-

300 1330 423 1370 nem
463 1316 516 1370 in
555 1318 794 1371 vanitate
824 1316 983 1386 hujus
1015 1317 1199 1372 saeculi
1229 1316 1297 1370 ab
1345 1316 1569 1372 infantia
1613 1332 1784 1387 usque
1810 1318 1880 1373 ad

299 1405 619 1476 profundam
637 1416 968 1462 senectutem
999 1407 1525 1471 conversatum,sola
1554 1417 1768 1463 terrena
1790 1424 1881 1463 sa-

301 1498 560 1569 pientem,
593 1509 648 1554 et
673 1499 724 1553 in
758 1499 842 1553 his
870 1499 1086 1567 penitus
1118 1498 1613 1555 obduratum.Cum
1652 1500 1754 1555 hoc
1782 1515 1879 1570 age

300 1589 369 1642 de
393 1588 784 1657 spiritualibus,
808 1588 933 1643 huic
963 1589 1031 1643 de
1078 1588 1378 1645 subtilitate
1408 1589 1879 1659 contemplationis

1981 407 2150 467 ctum,
2174 408 2231 455 et
2256 409 2314 454 ut
2349 400 2524 469 primo
2553 397 2707 466 jubet
2729 413 2796 453 ne
2826 401 3268 470 transgrediatur.

2581 489 2808 546 CAPUT
2847 489 2933 546 Ill.

2049 598 2356 671 Beaignitas
2377 616 2499 672 erga
2532 616 2727 656 omnes.
2750 601 2900 683 .Lilm‘
2920 603 3160 657 nonnulli
3182 613 3231 659 et
3252 604 3490 674 epistolas

2657 683 2883 741 scripta.

2056 762 2139 816 i9.
2165 762 2367 817 Dehinc
2388 762 2676 829 Anselmus
2700 764 2767 817 ad
2794 766 3182 819 monasterium
3209 782 3458 822 reversus
3482 776 3560 821 ta-

1982 853 2087 906 lem
2133 869 2192 908 se
2223 855 2434 909 cunctis
2481 855 2745 920 exhibuit,
2780 865 2841 910 ut
2869 855 2938 910 ab
2970 858 3219 913 omnibus
3267 859 3383 914 loco
3428 862 3557 916 cha-

1982 942 2181 996 rissimi
2210 942 2386 998 Patris
2415 944 2746 1015 diligeretur.
2773 944 2889 1015 Ipse
2918 946 3062 1002 enim
3101 963 3279 1004 mores
3314 951 3558 1004 omnium

1979 1042 2034 1087 ct
2061 1033 2404 1090 infirmitates
2431 1037 2806 1105 atquanimiter
2824 1036 3146 1104 suﬂ‘erebat;
3182 1049 3237 1095 et
3272 1042 3562 1111 unicuique

1980 1125 2121 1180 sicut
2142 1127 2394 1195 expedire
2417 1128 2645 1193 sciebat,
2666 1130 2970 1185 necessaria
2993 1134 3331 1201 suggerebat.
3359 1133 3403 1189 Ο
3428 1145 3557 1203 quot

1980 1213 2036 1267 in
2053 1229 2148 1269 sua
2172 1216 2285 1285 jam
2317 1216 2632 1273 inﬁrmitate
2657 1219 2925 1288 desperati
2956 1236 3054 1291 per
3073 1224 3216 1292 piam
3240 1224 3563 1280 sollicitudiv

1980 1326 2103 1366 nem
2154 1311 2271 1382 ejus
2317 1323 2444 1368 sunt
2490 1315 2556 1370 ad
2596 1316 2879 1386 pristinam
2930 1318 3217 1374 sanitatem
3272 1321 3557 1376 revocati!

1980 1402 2134 1470 Quod
2167 1415 2222 1459 tu
2255 1403 2594 1471 llerewalde,
2625 1408 2899 1480 decrepite
2924 1424 3111 1478 senex,
3146 1411 3200 1465 in
3248 1412 3420 1482 teipso
3440 1430 3566 1482 per-

1980 1496 2191 1566 cepisti,
2222 1500 2436 1566 quando
2478 1507 2733 1568 gravatus
2782 1515 2889 1554 non
2934 1502 3108 1556 solum
3155 1511 3315 1558 aetate
3361 1504 3457 1558 sed
3511 1513 3563 1558 et

1982 1586 2155 1641 valida
2179 1587 2515 1671 inlirmita}e,
2550 1588 2623 1643 ita
2655 1598 2715 1644 ut
2768 1590 2903 1645 nihil
2957 1593 3034 1647 tui
3087 1595 3334 1664 corporis
3366 1605 3565 1665 praeter

300 1680 497 1735 divina:
545 1680 786 1750 loquere,
829 1679 971 1736 hunc
1000 1690 1208 1737 secreta
1235 1681 1477 1737 coelestia
1510 1658 1644 1738 doce
1672 1682 1880 1746 rimari,
1917 1658 1959 1712 Β
1987 1674 2226 1745 linguam
2263 1658 2496 1732 habentes
2529 1678 2581 1731 in
2619 1687 2709 1733 tua
2733 1688 3025 1749 potestate,
3054 1698 3152 1752 per
3185 1658 3381 1740 manus
3418 1684 3564 1740 illius

300 1781 355 1826 et
397 1772 693 1841 perspicies
723 1787 845 1826 eum
890 1786 992 1826 nec
1021 1771 1150 1841 quid
1179 1771 1311 1827 velis
1337 1772 1552 1841 quidem
1604 1786 1763 1840 posse
1801 1773 1882 1826 vi-

301 1861 451 1916 dere.
483 1860 594 1916 Nec
630 1862 825 1916 mirum
857 1862 1107 1916 indurata
1137 1876 1261 1917 cera
1297 1872 1400 1926 est,
1435 1863 1486 1917 in
1517 1863 1635 1918 istis
1669 1872 1883 1918 aetatem

301 1968 406 2009 non
440 1955 590 2009 trivit
616 1953 737 2026 [al.,
762 1954 1223 2026 nutrivit],aliena
1262 1956 1330 2010 ab
1354 1956 1473 2011 istis
1502 1955 1653 2025 sequi
1678 1955 1881 2011 didicit.

301 2045 623 2101 Econtrario
660 2046 971 2102 consideres
997 2062 1225 2116 puerum
1255 2055 1414 2101 aetate
1444 2063 1507 2102 ac
1536 2048 1763 2103 scientia
1806 2054 1887 2103 te-

299 2150 515 2200 nerum,
545 2150 645 2189 nec
673 2137 872 2191 bonum
903 2151 1003 2192 nec
1024 2136 1223 2190 malum
1253 2136 1561 2192 discernere
1594 2137 1883 2203 valentem,

301 2240 403 2280 nec
427 2232 478 2280 te
499 2224 717 2295 quidem
746 2225 1046 2296 intelligere
1071 2226 1140 2282 de
1166 2225 1468 2293 huiusmodi
1489 2228 1840 2283 disserentem
1865 2245 1881 2282 :

301 2316 566 2372 Nimirum
598 2316 777 2372 mollis
800 2330 922 2372 cera
954 2325 1038 2372 est
1067 2325 1122 2371 et
1158 2317 1313 2386 quasi
1341 2315 1575 2385 liquens,
1617 2332 1716 2372 nec
1746 2317 1883 2371 ima-

300 2409 479 2479 ginem
516 2408 674 2479 sigilli
707 2423 923 2479 quoquo
950 2408 1108 2463 modo
1139 2408 1428 2478 recipiens.
1458 2406 1666 2463 Medius
1692 2408 1883 2462 horum

301 2500 615 2556 adolescens
645 2509 701 2555 et
724 2500 939 2569 juvenis
973 2508 1078 2564 est,
1117 2514 1179 2554 ex
1211 2499 1572 2555 teneritudine
1602 2508 1764 2569 atque
1788 2500 1887 2555 du-

302 2592 424 2647 ritia
473 2605 710 2662 congrue
750 2598 1101 2661 temperatus.
1130 2591 1185 2645 Si
1233 2590 1376 2646 hunc
1429 2591 1772 2656 instruxeris,
1819 2592 1886 2647 ad

306 2696 422 2752 qua:
447 2681 594 2736 voles
637 2678 930 2734 informare
962 2680 1186 2735 valebis.
1212 2678 1363 2747 Quod
1402 2679 1517 2749 ipse
1547 2680 1887 2735 animadver-

305 2782 426 2830 tens
456 2772 747 2841 juvenibus
787 2772 978 2841 majori
1016 2771 1377 2828 sollicitudine
1423 2772 1663 2842 invigilo,
1691 2788 1884 2842 procu-

302 2880 432 2921 rans
460 2873 653 2921 cuncta
685 2865 739 2920 in
783 2863 863 2919 eis
904 2864 1161 2919 vitiorum
1193 2863 1434 2933 germina
1477 2863 1800 2932 exstirpare,
1830 2871 1889 2918 ut

305 2960 360 3014 in
387 2968 698 3015 sanctarum
743 2956 1022 3012 exercitiis
1048 2956 1311 3012 virtutum
1355 2963 1540 3023 postea
1577 2966 1886 3026 competen-
1915 2991 1959 3054 ε

307 3061 389 3107 ter
414 3052 613 3119 edocti,
650 3049 910 3123 spiritalis
954 3051 1007 3106 in
1051 3064 1111 3107 se
1154 3048 1549 3106 transforment
1596 3047 1885 3119 imaginem

305 3145 430 3200 viri.

375 3239 464 3293 18.
508 3236 614 3291 Sed
645 3250 768 3291 cum
804 3235 946 3290 inter
974 3235 1087 3291 haec
1130 3248 1254 3289 eum
1301 3234 1514 3289 diversa
1549 3231 1888 3287 diversorum

307 3327 518 3398 negotia
549 3327 863 3397 fatigarent,
905 3335 960 3381 et
985 3340 1369 3395 nonnunquam
1398 3324 1542 3378 illius
1578 3332 1813 3378 mentem
1858 3338 1888 3379 a

307 3432 405 3474 sua
451 3419 633 3488 quiete
668 3418 967 3482 turbarent,
1016 3416 1306 3472 consilium
1346 3430 1510 3484 super
1541 3414 1627 3468 his
1656 3429 1685 3468 a
1724 3428 1887 3483 supra

307 3509 455 3564 dicto
485 3508 804 3563 veneranda:
831 3506 1106 3562 memoriae
1139 3505 1555 3575 archiepiscopo
1596 3503 1889 3559 Rothoma-

308 3598 456 3668 geusi
474 3597 719 3652 Maurillo
745 3596 1113 3666 postulaturus
1132 3594 1528 3664 Rothomagum
1543 3594 1711 3650 venit.
1729 3594 1892 3650 Cum-

308 3705 416 3759 que
469 3689 552 3744 sui
598 3690 862 3744 adventus
906 3703 1127 3745 causam
1176 3688 1415 3759 pontiﬁci
1459 3695 1770 3757 exponeret,
1828 3702 1893 3744 ac

308 3779 451 3833 inter
480 3777 645 3833 verba
677 3792 777 3847 pro
814 3777 1015 3832 amissa
1057 3785 1231 3833 status
1258 3777 1341 3833 sui
1375 3776 1767 3846 tranquillitate
1797 3792 1891 3831 ve-

311 3869 718 3926 hementissime
752 3869 928 3933 ﬂeret,
956 3869 1026 3924 ab
1049 3884 1217 3925 onere
1251 3869 1583 3940 praelationis
1617 3869 1760 3940 quod
1788 3868 1891 3925 sibi

310 3961 580 4017 fatebatur
609 3962 968 4031 importabile,
998 3970 1055 4015 ut
1085 3960 1310 4017 relevari
1343 3969 1669 4023 mereretur,
1696 3974 1894 4030 magno

308 4067 474 4122 opere
519 4052 684 4123 cmpit
732 4066 943 4123 rogare.
985 4052 1055 4105 At
1078 4050 1182 4105 ille
1204 4050 1362 4104 sicuti
1392 4049 1477 4104 vir
1507 4064 1715 4119 magna:
1769 4063 1895 4104 san-

309 4144 513 4198 ctitatis
543 4159 557 4196 :
598 4143 734 4205 Noli,
763 4143 959 4212 inquit,
1005 4142 1076 4196 mi
1103 4141 1180 4217 [ili
1211 4142 1551 4207 charissime,
1579 4141 1721 4212 quod
1748 4156 1895 4211 quae-

314 4236 390 4289 ris
414 4248 677 4303 quaerere,
701 4250 799 4289 nec
823 4244 872 4289 te
896 4249 927 4288 a
949 4233 1302 4290 subvectione
1333 4233 1451 4306 [al.,
1473 4243 1522 4289 te
1536 4233 1892 4306 subjectione]

1986 1777 2194 1837 pastus,
2225 1777 2282 1824 et
2312 1768 2438 1824 vino
2467 1770 2534 1824 de
2568 1772 2801 1827 racemis
2837 1787 2935 1841 per
2959 1788 3120 1827 uvam
3152 1774 3207 1828 in
3255 1774 3418 1829 aliam
3446 1776 3566 1845 ejus

1988 1872 2211 1915 manum
2238 1872 2518 1928 expresso,
2548 1860 2616 1915 de
2641 1861 2761 1931 ejus
2790 1862 2907 1932 ipsa
2943 1879 3101 1918 manu
3142 1863 3331 1919 bibens
3353 1879 3413 1920 es
3442 1864 3561 1936 [al.,

1985 1948 2062 2021 et]
2091 1950 2446 2014 refocillatus,
2479 1966 2545 2006 ac
2576 1953 2820 2022 pristinas
2852 1954 3075 2009 sanitati
3113 1954 3426 2011 redonatus.
3459 1957 3566 2012 Ne-

1988 2055 2094 2110 que
2128 2043 2276 2098 enim
2308 2044 2476 2100 alium
2507 2056 2601 2101 aut
2629 2046 2844 2104 aliunde
2874 2058 3058 2118 potum
3085 2064 3302 2104 sumere
3325 2059 3566 2120 poteras,

1986 2134 2077 2201 qui
2108 2134 2201 2188 tibi
2235 2135 2387 2189 cordi
2418 2145 2585 2199 esset,
2622 2148 2684 2191 ιιι
2733 2137 3028 2193 referebas.
3076 2138 3194 2208 Ipse
3225 2140 3422 2209 quippe
3447 2140 3563 2194 An-

1986 2222 2191 2278 selmus
2220 2225 2275 2279 in
2304 2241 2402 2279 usu
2433 2226 2667 2280 habebat
2690 2226 3026 2282 inﬁrmorum
3051 2230 3269 2282 domum
3308 2226 3570 2296 frequen-

1989 2320 2126 2378 tare,
2152 2314 2488 2384 singulorum
2529 2315 2759 2370 fratrum
2801 2316 3146 2371 inﬁrmitates
3174 2316 3461 2387 diligenter
3489 2318 3571 2371 in-

1986 2405 2276 2475 vestigare,
2289 2414 2346 2459 et
2358 2406 2496 2474 quod
2516 2405 2801 2462 inﬁrmitas
2811 2405 3070 2476 cujusque
3079 2409 3570 2479 etpetebat,siugu-

1986 2493 2054 2550 lis
2077 2495 2277 2566 absque
2302 2511 2451 2551 mora
2481 2511 2573 2551 seu
2604 2498 2762 2552 taedio
2788 2499 3224 2554 subministrare.
3258 2498 3457 2567 Sicque
3484 2514 3571 2554 sa-

1988 2587 2072 2643 nis
2112 2596 2285 2657 pater,
2314 2597 2369 2642 et
2400 2588 2630 2643 inﬁrmis
2655 2598 2774 2644 erat
2795 2599 2991 2656 mater,
3017 2593 3126 2646 imo
3162 2591 3309 2645 sanis
3333 2600 3389 2646 et
3415 2592 3572 2646 inlir-

1987 2680 2091 2735 mis
2118 2689 2273 2749 pater
2296 2689 2353 2735 et
2380 2689 2554 2735 mater
2603 2680 2657 2735 in
2708 2696 3017 2737 commune.
3054 2682 3206 2738 Unde
3233 2692 3288 2738 et
3308 2685 3569 2754 quidquid

1987 2772 2182 2829 secreti
2198 2772 2337 2841 apud
2354 2787 2413 2828 se
2426 2773 2604 2843 quivis
2620 2773 2829 2828 illorum
2856 2774 3220 2838 babebat,non
3236 2789 3394 2829 secus
3408 2790 3572 2845 quam

1987 2865 2312 2922 dulcissimae
2323 2866 2484 2920 matri
2504 2866 2593 2922 ille
2618 2868 2859 2924 revelare
2881 2868 3572 2938 satagebatNerumtamen

1989 2956 2162 3013 solers
2191 2956 2466 3029 diligentia
2508 2955 2770 3025 juvenum
2797 2958 2901 3013 hoc
2929 2959 3197 3027 praecipue
3218 2958 3529 3012 exercebat.

2059 3048 2152 3102 20.
2186 3050 2261 3104 De
2294 3064 2525 3119 quorum
2557 3066 2785 3106 numero
2818 3051 3038 3120 quidam
3073 3051 3125 3105 in
3155 3050 3271 3120 ipso
3301 3058 3572 3105 conventu

1991 3138 2095 3193 hoc
2118 3138 2262 3209 apud
2288 3154 2349 3194 se
2391 3149 2786 3209 proposuerat,
2819 3149 3090 3211 quatenus
3115 3140 3259 3195 nulla
3287 3140 3573 3196 occasione

1990 3244 2229 3301 unquam
2266 3246 2420 3286 suam
2444 3247 2663 3287 manum
2692 3234 2806 3289 suis
2832 3232 3158 3303 genitalibus
3187 3232 3444 3287 membris
3474 3234 3571 3286 ad-

2002 3331 2271 3378 moveret.
2300 3322 2395 3378 Cui
2435 3324 2711 3392 proposito
2741 3324 2990 3378 invidens
3040 3323 3304 3388 diabolus,
3359 3332 3573 3377 tantum

1990 3412 2231 3470 dolorem
2268 3423 2324 3469 et
2353 3416 2657 3484 angustiam
2688 3415 2742 3469 in
2771 3415 2976 3470 eisdem
3006 3415 3267 3470 membris
3292 3414 3419 3469 fecit
3446 3429 3573 3469 eum

1991 3506 2213 3570 sentire,
2263 3515 2322 3561 ut
2372 3521 2431 3562 se
2459 3506 2677 3577 juvenis
2714 3506 2862 3563 nullo
2922 3507 3084 3562 modo
3148 3506 3292 3561 terre
3340 3506 3567 3561 valeret.

1993 3593 2344 3651 Sentiebatur
2392 3597 2592 3651 etenim
2644 3613 2772 3653 caro
2819 3597 2936 3667 ipsa
2977 3597 3111 3652 tanti
3139 3596 3395 3666 ponderis
3419 3612 3567 3662 esse,

1990 3701 2057 3741 ac
2081 3686 2126 3741 si
2154 3687 2400 3756 quaedam
2430 3687 2632 3757 plumbi
2664 3689 2986 3759 gravissima
3014 3688 3183 3744 moles
3212 3688 3278 3743 ad
3310 3688 3414 3743 ima
3443 3703 3570 3742 eum

1993 3777 2307 3846 detrahens,
2333 3780 2389 3834 in
2422 3779 2512 3833 illa
2537 3781 2620 3835 sui
2656 3782 2900 3851 corporis
2926 3789 3079 3850 parte
3104 3779 3383 3849 penderet.
3409 3777 3575 3833 Cum-

1993 3882 2100 3940 que
2145 3871 2198 3925 in
2247 3872 2439 3928 habitu
2469 3888 2569 3928 suo
2598 3873 2891 3928 anxietatis
2942 3872 3367 3943 magnitudinem
3417 3872 3575 3927 dissi-

1994 3962 2204 4016 mulare.
2241 3978 2348 4018 non
2389 3973 2608 4032 posset,
2674 3964 2972 4034 requisitus
3026 3964 3095 4018 ab
3146 3964 3402 4019 Anselmo
3445 3965 3575 4032 quid

1994 4050 2243 4118 haberet,
2279 4068 2395 4109 rem
2443 4053 2623 4108 celare
2652 4067 2758 4109 non
2795 4054 2989 4123 potuit.
3036 4053 3361 4109 Admonitus
3392 4055 3575 4123 itaque

1997 4151 2059 4197 ut
2096 4146 2315 4198 modum
2364 4144 2703 4215 aegritudinis
2729 4146 2950 4199 admota
2983 4161 3145 4199 manu
3178 4146 3454 4215 probaret,
3483 4160 3579 4201 ve-

1999 4236 2328 4291 recundatus
2349 4236 2644 4301 recusavit,
2658 4236 2857 4292 timens
2881 4252 2949 4291 ne
2970 4237 3307 4307 propositum
3325 4237 3572 4292 violaret.

313 4327 542 4382 aliorum
589 4326 664 4381 tui
712 4326 879 4381 solius
924 4342 1111 4382 curam
1158 4341 1353 4398 gerens
1395 4327 1531 4382 velis
1589 4327 1890 4383 retrahere.
1922 4331 1973 4389 D
1999 4327 2151 4383 Tunc
2179 4326 2494 4391 Anselmus,
2526 4337 2807 4399 assumpto
2831 4343 3012 4384 secum
3041 4330 3273 4397 quodam
3289 4329 3576 4400 grandrevo

316 4420 456 4475 Vere
505 4419 703 4475 etenim
736 4420 858 4474 dico
904 4420 998 4475 tibi
1030 4435 1117 4475 me
1162 4422 1227 4475 de
1256 4419 1437 4475 multis
1482 4419 1721 4484 audisse,
1765 4418 1899 4473 mul-

313 4520 506 4581 tosque
531 4511 748 4577 vidisse,
796 4512 886 4581 qui
933 4514 1188 4580 quoniam
1216 4528 1381 4568 causa
1411 4528 1522 4567 sua:
1549 4512 1748 4582 quietis
1778 4527 1897 4580 pro-

316 4602 583 4656 ximorum
626 4601 841 4655 utilitati
888 4617 985 4670 per
1012 4601 1336 4671 pastoralem
1383 4617 1568 4658 curam
1594 4600 1898 4672 .invigilare

316 4694 632 4761 noluerunt,
667 4709 762 4763 per.
790 4694 1051 4747 desidiam
1078 4694 1419 4750 ambulantes
1442 4710 1657 4764 semper
1677 4697 1742 4749 de
1760 4693 1898 4748 malo

319 4787 372 4839 in
399 4784 552 4856 pejus
576 4784 939 4855 profecerunt.
964 4786 1304 4855 Quapropter
1332 4803 1398 4841 ne
1420 4788 1513 4841 tibl
1541 4787 1705 4857 (quod
1732 4785 1896 4855 absit)

319 4880 421 4934 hoc
456 4879 596 4934 idem
626 4880 921 4950 contingat,
968 4894 1066 4949 per
1092 4890 1338 4933 sanctam
1369 4878 1733 4933 obedientiam
1769 4893 1902 4949 prte-

318 4972 461 5042 ripio
506 4979 776 5041 quatenus
809 4970 1174 5041 praelationem
1213 4985 1373 5039 quam
1412 4984 1555 5023 nunc
1592 4969 1760 5023 habes
1813 4983 1899 5023 re-

319 5067 509 5131 tineas,
545 5079 645 5121 nec
688 5080 807 5120 eam
849 5063 970 5137 [al.,
997 5062 1132 5137 jam]
1178 5063 1279 5118 nisi
1310 5073 1398 5117 tuo
1438 5061 1665 5130 jubente
1706 5062 1902 5116 abbate

318 5156 719 5226 quomodolibet
747 5156 996 5221 deseras;
1026 5166 1080 5209 et
1102 5156 1143 5210 si
1176 5153 1392 5224 quando
1420 5152 1589 5207 fueris
1617 5152 1682 5206 ad
1728 5154 1900 5223 majo-

324 5266 435 5305 rem
459 5259 705 5317 vocatus,
738 5265 856 5303 eam
881 5248 1158 5316 suscipere
1185 5245 1493 5300 nullatenus
1520 5245 1745 5298 abnuas.
1777 5242 1901 5298 Scio

319 5342 463 5396 enim
491 5342 634 5411 quod
662 5342 714 5396 in
747 5341 850 5396 hac
872 5355 1032 5410 quam
1066 5348 1215 5393 tenes
1249 5352 1353 5392 non
1390 5337 1478 5391 ditt
1510 5335 1773 5399 manebis,
1808 5349 1901 5389 vc-

323 5447 441 5487 rum
475 5432 540 5487 ad
571 5432 815 5487 altiorem
848 5429 1180 5500 prrelatiunis
1206 5429 1432 5498 gradum
1462 5443 1570 5483 non
1620 5436 1741 5497 post
1765 5425 1901 5481 mul-

326 5531 436 5576 tum
461 5522 798 5592 proveheris.
823 5522 1029 5586 Quibus
1052 5520 1275 5583 auditis,
1309 5533 1411 5583 va),
1460 5518 1652 5587 inquit,
1702 5518 1903 5573 misero

326 5610 475 5666 mihi.
509 5611 565 5666 lu
597 5626 661 5667 eo
688 5611 828 5679 quod
855 5619 1011 5681 porto
1047 5610 1237 5667 deﬁcio
1263 5626 1276 5676 ;
1305 5619 1360 5664 et
1402 5609 1443 5666 si
1468 5610 1684 5680 gravius
1734 5609 1902 5679 impo-

1996 4419 2167 4475 fratre
2193 4430 2250 4475 et
2281 4420 2555 4491 religioso,
2582 4420 2837 4491 juvenem
2867 4422 3180 4490 languidum
3213 4423 3264 4476 in
3317 4422 3577 4476 secretio-

1998 4528 2111 4567 rem
2143 4512 2321 4568 locum
2366 4514 2535 4579 ducit,
2566 4522 2755 4582 utpote
2802 4513 3023 4568 modum
3069 4512 3403 4568 inﬁrmitatis
3433 4512 3578 4566 illius

1999 4606 2319 4675 agniturus,
2359 4613 2414 4659 et
2460 4605 2719 4659 auxilium
2784 4618 2883 4675 pro
2937 4604 3299 4675 possibilitate
3346 4603 3577 4657 laturus.

1998 4698 2136 4766 Quid
2172 4697 2438 4768 amplius?
2463 4697 2603 4753 Caro
2633 4697 2924 4752 sanissima
2957 4697 3248 4766 reperitur,
3289 4703 3344 4749 et
3387 4695 3579 4749 admo-

2000 4791 2126 4843 dum
2151 4788 2329 4843 mirati
2362 4798 2508 4844 sunt.
2562 4789 2605 4843 Ε
2633 4789 2860 4859 vestigio
2890 4789 3088 4858 quippe
3118 4786 3298 4842 omnis
3338 4782 3424 4839 illa
3460 4787 3581 4839 dia-

2001 4879 2173 4935 bolica
2201 4880 2418 4935 vexatio
2444 4879 2610 4944 cadit,
2645 4894 2745 4934 nec
2774 4879 2825 4933 in
2878 4879 3183 4949 hujusmodi
3218 4878 3407 4948 fatigat
3440 4880 3580 4931 ulte-

2003 4971 2112 5025 rius
2144 4970 2421 5039 juvenem,
2471 4984 2631 5040 quem
2682 4968 2910 5038 slmplex
2957 4968 3199 5025 Anselmi
3258 4978 3513 5039 aspectus
3549 4983 3579 5021 a

2003 5071 2150 5117 tanta
2179 5062 2334 5118 clade
2369 5061 2497 5117 fecit
2526 5061 2839 5116 immunem.

2068 5149 2444 5209 2LPratterea
2466 5152 2685 5221 quidam
2711 5167 2778 5208 ex
2805 5151 3197 5222 antiquioribus
3219 5151 3388 5221 ipsius
3400 5164 3585 5205 cerno-

2001 5246 2076 5302 bii
2108 5245 2389 5313 fratribus,
2415 5245 2506 5316 qui
2532 5245 2703 5301 veteri
2734 5247 2856 5300 odio
2881 5245 3167 5315 plurimum
3199 5253 3312 5298 erat
3348 5243 3582 5299 infestus

2002 5337 2277 5405 Anselmo,
2304 5352 2405 5393 nec
2424 5337 2694 5395 ullatenus
2720 5345 2936 5407 poterat
2963 5352 3125 5407 super
3150 5352 3274 5393 eum
3309 5337 3583 5407 respicere

2006 5427 2237 5497 simplici
2283 5430 2467 5494 oculo,
2501 5429 2818 5485 inﬁrmitate
2846 5443 3066 5498 pressus
3089 5429 3158 5483 ad
3183 5437 3427 5485 extrema
3456 5441 3585 5497 per-

2006 5522 2202 5576 ductus
2229 5530 2337 5577 est.
2381 5522 2517 5577 Cum
2550 5523 2733 5592 itaque
2769 5521 2968 5577 fratres
3023 5522 3320 5577 meridiana
3359 5520 3491 5576 hora
3524 5518 3580 5574 in

2009 5611 2161 5667 lectis
2199 5626 2263 5667 ex
2298 5626 2445 5668 more
2493 5612 2854 5682 quiescerent,
2888 5611 3001 5680 ipse
3047 5613 3099 5666 in
3143 5611 3304 5668 domo
3333 5610 3581 5666 inﬁrmo-
