3882 6050
243 237 315 293 ei
1248 237 1403 292 vrra
1445 234 1775 293 aucroms
1819 237 2164 295 EADMERO.
2203 270 2269 280 —
2300 240 2427 297 LIB.
2468 245 2507 298 l.
3430 222 3499 313 δε

253 374 377 411 rum
415 355 466 409 in
493 369 597 425 qua
621 352 868 423 jacebat,
895 355 1058 422 coepit
1085 352 1423 407 miserandas
1453 367 1615 407 voces
1648 354 1840 412 edere.
1875 354 1920 410 Α
1948 369 2060 409 ram
2108 356 2426 426 declinabat,
2468 370 2522 414 et
2567 361 2865 435 principem
2916 365 2979 420 de
3030 367 3357 438 hospitando
3405 372 3517 427 An-

251 457 314 502 et
355 447 513 517 quasi
543 445 905 515 quorumdam
959 443 1213 499 horridos
1259 442 1380 514 [al.,
1413 441 1834 512 horrendorum]

252 548 513 609 aspectus
529 535 906 601 subterfugere
939 535 1186 604 gestiret,
1214 533 1422 605 pallens
1443 543 1497 588 et
1525 534 1687 589 anxie
1721 543 1831 587 tre-

251 645 416 685 mens
449 628 657 682 vultum
705 642 864 681 suum
895 625 1259 681 delitescendo
1289 625 1417 679 hinc
1447 624 1573 679 inde
1599 639 1838 679 commu—

255 730 392 774 tare.
423 714 625 774 Territi
655 717 857 772 fratres
885 718 975 788 qui
1007 716 1259 782 aderant,
1289 716 1418 785 quid
1464 715 1691 770 haberet
1715 729 1838 784 per—

252 816 601 862 cunctantur.
659 806 731 860 At
778 806 867 861 ille
897 822 912 860 :
939 805 1199 861 Geminos
1244 806 1510 860 immanes
1567 803 1721 873 lupos
1750 817 1837 858 me

252 900 404 954 inter
449 899 673 953 brachia
722 914 817 952 sua
852 912 1221 968 compressum
1281 905 1489 962 tenere,
1548 904 1601 951 et
1650 905 1838 967 guttur

252 1006 436 1046 meum
466 990 746 1061 impressis
770 990 1019 1045 dentibus
1063 989 1287 1062 jamjam
1324 988 1589 1044 suffocare
1618 988 1832 1055 videtis,

252 1089 311 1135 et
338 1081 467 1150 quid
496 1081 624 1133 mihi
656 1080 717 1133 iit
741 1078 1019 1149 qumritis?
1048 1078 1168 1146 Quo
1214 1079 1417 1143 audito,
1442 1093 1581 1132 unus
1606 1092 1675 1132 ex
1721 1093 1838 1132 mo-

254 1172 448 1227 nachis
494 1170 795 1240 Riculphus
841 1172 1079 1232 nomine,
1131 1171 1197 1225 ad
1228 1171 1542 1226 Anselmum
1573 1172 1665 1241 qui
1707 1178 1836 1226 tunc

252 1265 313 1319 in
341 1265 584 1320 claustro
612 1264 969 1319 emendandis
997 1262 1151 1319 libris
1198 1263 1533 1330 intendebat,
1588 1263 1836 1318 concitus

250 1357 530 1430 perrexit;
579 1366 635 1410 et
672 1357 719 1411 ei
760 1354 881 1428 [al.,
919 1354 1009 1428 eo]
1060 1364 1219 1411 extra
1271 1354 1569 1410 claustrum
1606 1355 1834 1421 educto,

253 1451 387 1519 quid
442 1450 588 1504 circa
634 1449 909 1503 infirmum
956 1448 1179 1504 fratrem
1229 1456 1514 1519 ageretur,
1554 1446 1833 1518 patefecit.

253 1537 451 1595 Iussus
506 1554 634 1609 ergo
688 1538 986 1609 Riculphus
1012 1538 1078 1592 ad
1111 1552 1312 1607 aegrum
1350 1537 1529 1600 rediit,
1563 1545 1617 1591 et
1648 1534 1827 1591 Ansel-

253 1648 380 1686 mus
423 1632 475 1685 in
508 1631 862 1686 secretiorum
891 1630 1071 1683 locum
1100 1628 1249 1684 solus
1287 1627 1539 1682 secessit.
1560 1625 1689 1681 Post
1718 1640 1831 1679 mo-

1940 444 2108 500 selmo
2159 447 2299 501 nulla
2359 464 2485 504 cura
2542 449 2842 508 detinebat.
2906 454 3057 521 Quod
3124 456 3213 510 tibi
3264 457 3519 515 Anselmo

1938 538 2193 603 innotuit,
2222 540 2353 595 nihil
2387 557 2549 611 super
2576 560 2632 599 re
2674 543 2796 616 [al.,
2842 546 2923 618 se]
2967 547 3218 618 cuiquam
3267 549 3475 605 locutus
3501 590 3517 617 ,

1938 641 2157 700 accepta
2194 631 2408 688 licentia
2450 633 2568 689 loco
2594 636 2844 691 decessit.
2876 637 3036 692 Eunti
3081 649 3283 706 autem,
3313 648 3368 694 et
3411 656 3520 711 quo

1936 720 2226 776 diverteret
2253 723 2518 778 incertum
2556 725 2771 781 habenti
2804 724 3028 797 (Beccus
3063 728 3207 782 enim
3236 728 3391 801 longe
3424 730 3520 784 ab-

1936 807 2075 881 erat)
2116 814 2353 866 occurrit
2395 828 2534 866 unus
2568 813 2633 869 de
2658 816 2936 870 monachis
2963 814 3141 881 Becci,
3177 817 3362 872 volens
3394 817 3519 872 illnc

1939 901 2040 965 ire,
2074 917 2180 971 quo
2218 919 2340 958 eum
2386 904 2593 959 sciebat
2652 907 2911 975 principis
2950 907 3218 983 colloquio
3260 908 3511 963 detineri.

1936 992 2237 1063 luterrogat
2264 1010 2393 1065 ergo
2412 1011 2531 1050 cum
2557 996 2844 1052 Anselinus
2868 1014 2973 1067 quo
2999 1000 3204 1064 tendat,
3230 1014 3293 1053 ac
3323 1000 3516 1054 deinde

1937 1086 2066 1155 quid
2115 1087 2332 1141 consilii
2376 1088 2442 1141 de
2471 1103 2571 1143 suo
2622 1089 2854 1157 hospitio
2898 1090 3057 1143 ferat.
3089 1089 3519 1159 ResponditzEt

1936 1176 2184 1243 quidem,
2218 1177 2408 1242 Pater,
2445 1177 2737 1248 hospitium
2780 1179 3152 1249 qualecunque
3208 1195 3311 1234 non
3362 1179 3519 1250 longe

1938 1267 2219 1333 habemus,
2244 1271 2338 1323 sed
2367 1269 2494 1338 quid
2524 1270 2675 1324 vobis
2716 1278 2769 1324 et
2800 1269 3058 1326 fratribus
3099 1278 3293 1341 printer
3326 1286 3516 1340 panem

1936 1369 1992 1413 et
2027 1374 2245 1414 caseum
2290 1369 2609 1430 apponetur,
2652 1360 2786 1415 nihil
2838 1361 3117 1415 habemus.
3151 1363 3220 1415 At
3263 1359 3349 1417 ille
3392 1362 3520 1417 sub-

1936 1449 2119 1506 ridens
2151 1469 2164 1504 :
2193 1451 2338 1507 Bone
2382 1452 2486 1517 vir,
2544 1454 2640 1518 ait,
2687 1468 2755 1508 ne
2806 1454 3018 1521 timeas,
3073 1453 3182 1509 imo
3221 1454 3361 1509 citus
3387 1453 3511 1526 [al.,

1935 1540 2118 1612 citius]
2157 1542 2404 1611 procede,
2451 1551 2506 1596 ct
2553 1544 2720 1598 misso
2761 1542 2863 1598 reti
2909 1543 2962 1597 in
2993 1543 3229 1598 vicinum
3281 1559 3517 1610 amnem,

1937 1633 2119 1687 statim
2156 1633 2401 1689 invenies
2433 1633 2633 1703 piscem
2658 1633 2750 1704 qui
2779 1631 3007 1689 sufﬁciet
3051 1634 3301 1689 omnibus
3342 1633 3518 1691 nobis.

253 1724 464 1787 dicunt,
503 1723 718 1777 domum
748 1722 801 1777 in
837 1736 941 1791 qua
977 1719 1148 1776 frater
1189 1734 1248 1774 se
1277 1719 1417 1775 male
1446 1721 1681 1775 habebat
1711 1718 1831 1792 [al.,
1868 1696 1908 1753 Β
1937 1721 2031 1775 lile
2059 1730 2280 1792 accepto
2307 1696 2558 1778 mandato
2589 1696 2867 1794 prtevolat,
2888 1724 3169 1794 accitoque
3215 1725 3496 1795 piscatori,

253 1819 350 1888 qui
385 1815 714 1888 patiebatur]
741 1859 755 1883 ,
792 1812 1099 1886 ingrediens
1124 1855 1138 1881 ,
1181 1814 1357 1868 levata
1388 1829 1584 1879 manu,
1620 1813 1833 1891 signum

254 1915 462 1961 sancta:
504 1905 685 1960 crucis
717 1905 886 1960 edidit
920 1905 1106 1959 dicens
1144 1922 1157 1958 :
1192 1902 1260 1958 In
1300 1904 1508 1957 nomine
1540 1899 1748 1967 Patris,
1790 1909 1837 1956 et

258 1995 416 2061 Filii,
448 2007 495 2050 et
538 1994 767 2066 Spiritus
803 1997 989 2050 sancti.
1032 1995 1111 2049 Ad
1138 1995 1281 2066 quod
1312 1993 1512 2049 factum
1555 1994 1737 2048 statim
1766 2010 1839 2049 (B-

256 2104 352 2158 ger
382 2087 714 2156 conquievit,
768 2097 823 2141 et
866 2085 1169 2142 exhilarato
1200 2086 1385 2149 vultu,
1436 2085 1629 2139 intimo
1657 2086 1838 2140 cordis

258 2177 458 2233 affectu
491 2177 600 2234 Deo
622 2178 827 2249 gratias
854 2192 1013 2249 agere
1051 2178 1235 2248 coepit.
1283 2174 1505 2233 Dicebat
1524 2177 1667 2231 enim
1693 2176 1838 2246 quod

255 2266 518 2322 Anscluio
559 2267 759 2322 ostium
808 2267 1142 2337 ingrediente
1167 2308 1181 2332 ,
1212 2277 1268 2322 et
1298 2277 1531 2321 extensa
1577 2280 1740 2321 manu
1767 2267 1842 2322 si-

257 2376 424 2429 gnum
489 2370 692 2415 sanctae
742 2362 921 2415 crucis
976 2360 1201 2424 edente,
1235 2359 1430 2416 viderit
1473 2377 1539 2416 ex
1567 2377 1662 2416 ore
1697 2359 1841 2415 illius

256 2450 533 2505 flammam
557 2450 696 2522 ignis
726 2451 780 2505 in
812 2452 1029 2506 modum
1055 2452 1255 2507 lanceae
1282 2455 1687 2523 procedentem,
1718 2468 1839 2523 qua:

258 2543 313 2597 in
347 2542 762 2614 luposjaculata
820 2558 913 2597 eos
967 2542 1253 2609 deterruit,
1282 2552 1337 2598 et
1363 2544 1525 2599 celeri
1554 2544 1675 2613 fuga
1703 2544 1841 2599 dila-

257 2649 389 2703 psos
433 2634 621 2705 procul
651 2635 849 2706 abegit.
881 2633 1032 2690 Tunc
1077 2635 1364 2692 Anselmus
1392 2637 1457 2691 ad
1489 2636 1714 2693 fratrem
1753 2653 1844 2693 ac-

257 2725 458 2780 cedens
481 2733 644 2795 atque
665 2740 788 2780 cum
819 2740 884 2780 eo
907 2726 973 2780 de
1004 2726 1175 2781 salute
1204 2727 1396 2783 animae
1435 2742 1545 2782 suae
1582 2730 1843 2784 secretius

259 2815 508 2884 loquens,
540 2816 606 2870 ad
633 2816 1022 2886 paenitudinem
1050 2826 1105 2873 et
1141 2818 1533 2875 confessionem
1577 2822 1840 2886 omnium,

258 2907 315 2961 in
345 2907 543 2976 quibus
573 2923 630 2963 se
649 2907 819 2962 Deum
847 2906 1134 2964 offendisse
1164 2910 1438 2965 recordari
1480 2911 1717 2977 valebat,
1749 2926 1846 2965 cor

1937 1811 2064 1882 quid
2104 1813 2391 1868 Anselmus
2412 1814 2659 1885 jusserit,
2685 1814 2916 1881 intimat,
2942 1831 3006 1869 ac
3036 1822 3093 1870 ut
3137 1816 3377 1871 velocius
3410 1825 3522 1870 rete

1938 1905 1992 1959 in
2022 1904 2241 1959 fluvium
2279 1905 2468 1976 jactet,
2510 1907 2684 1978 jubet,
2727 1908 2979 1963 hortatur
3009 1916 3062 1961 et
3092 1907 3363 1962 obsecrat.
3408 1905 3518 1961 Ad-

1938 1995 2165 2049 miratus
2195 1994 2302 2060 ille,
2333 2010 2524 2066 parere
2557 1998 2761 2067 petenti
2795 2011 3062 2064 moratur,
3095 1997 3376 2052 ridendum
3420 2010 3517 2065 po-

1938 2085 2049 2140 tius
2077 2099 2237 2154 quam
2274 2086 2650 2141 attentandum
2681 2090 2823 2156 quod
2852 2088 3065 2143 dicebat
3106 2087 3245 2153 fore,
3269 2102 3520 2155 prmium-

1942 2178 2102 2231 tians.
2137 2177 2376 2232 Tandem
2410 2187 2587 2233 tamen
2616 2194 2645 2233 a
2677 2178 2846 2235 fratre
2885 2188 3127 2244 coactus,
3152 2189 3339 2233 contra
3371 2192 3521 2246 Spem

1941 2278 2057 2325 rete
2088 2268 2242 2339 jecit,
2277 2279 2332 2325 et
2382 2269 2527 2325 illico
2577 2279 2809 2326 tructam
2864 2271 3091 2327 insolitas
3140 2269 3525 2341 magnitudinis

1940 2375 2062 2415 cum
2092 2359 2197 2414 alio
2243 2358 2476 2429 quodam
2522 2358 2780 2429 pisciculo
2824 2361 2987 2430 cepit.
3025 2356 3242 2415 Tertius
3282 2359 3523 2429 piscator

1942 2452 2010 2507 ad
2043 2450 2243 2505 factum
2278 2459 2333 2505 et
2357 2449 2785 2520 obstupefactus,
2828 2451 3058 2507 asseruit
3089 2465 3148 2506 se
3180 2449 3292 2520 jam
3319 2464 3417 2519 per
3441 2447 3521 2502 vi-

1940 2548 2074 2620 ginti
2120 2562 2292 2602 annos
2337 2560 2587 2601 recessus
2631 2561 2785 2616 aquie
2822 2544 2968 2601 illius
3017 2545 3268 2610 rimasse,
3295 2554 3348 2598 et
3387 2557 3527 2597 nun-

1943 2654 2105 2708 quam
2136 2636 2442 2706 hujusmodi
2486 2645 2715 2692 tructam
2760 2638 2812 2692 in
2862 2652 2923 2692 ea
2975 2635 3219 2704 reperire
3263 2634 3524 2706 potuisse.

1943 2730 2138 2785 Parata
2192 2730 2356 2799 igitur
2399 2737 2453 2784 et
2500 2729 2616 2783 viro
2646 2728 2912 2799 apposita,
2960 2727 3112 2798 juxta
3145 2727 3369 2781 verbum
3406 2724 3524 2795 ejus

1944 2822 2046 2878 sibi
2073 2831 2126 2876 et
2153 2821 2266 2877 suis
2297 2820 2519 2891 copiose
2553 2818 2761 2876 suffecit
2796 2828 2850 2873 et
2883 2816 3358 2888 superabundavit.

2014 2909 2105 2964 24.
2126 2909 2240 2964 Alia
2269 2909 2404 2974 vice,
2420 2908 2505 2964 vir
2534 2908 2750 2978 quidam
2763 2906 3037 2963 Walterus
3062 2907 3298 2970 nomine,
3325 2918 3527 2975 cogno-

259 2996 377 3064 ejus
401 2997 703 3062 inclinavit,
740 3008 963 3067 paterna
993 3000 1185 3054 dehinc
1211 3000 1535 3057 auctoritate
1579 3017 1605 3055 a
1632 3002 1844 3057 cunctis
1872 3034 1916 3095 ρ
1947 3002 2092 3056 mine
2119 3000 2371 3067 Tirellus,
2403 3002 2650 3056 eumdem
2688 3000 2961 3055 hominem
2992 3014 3089 3069 per
3131 3007 3331 3052 terram
3374 3013 3527 3051 suam

260 3090 592 3158 absolutum,
642 3091 779 3147 dixit
815 3106 936 3146 eum
983 3092 1114 3146 liora
1160 3108 1265 3163 qua
1304 3091 1500 3149 fratres
1533 3096 1598 3147 ad
1646 3109 1843 3149 nonam

259 3189 570 3254 surgerent,
600 3181 851 3252 priesenti
887 3182 1014 3237 vita:
1049 3184 1391 3238 decessurum
1421 3182 1540 3254 [al.,
1574 3184 1847 3239 discessu-

260 3274 434 3347 rum].
459 3274 613 3342 Quod
643 3286 697 3330 et
742 3274 941 3329 factum
986 3284 1087 3330 est.
1135 3272 1269 3329 Nam
1318 3276 1595 3333 monachis
1631 3292 1659 3330 a
1707 3277 1846 3332 lecto

261 3367 635 3439 surgentibus,
675 3367 790 3437 ipse
831 3366 896 3420 ad
946 3375 1148 3420 terram
1193 3367 1467 3434 depositus
1500 3376 1605 3431 est,
1650 3375 1701 3420 et
1743 3365 1846 3422 illis

262 3458 409 3512 circa
438 3459 614 3528 ipsum
644 3460 742 3514 sub
773 3473 879 3513 uno
906 3458 1143 3514 collectis
1179 3457 1464 3513 defunctus
1494 3467 1596 3513 est.

324 3552 420 3606 22.
454 3551 722 3607 Prmfatus
766 3551 1067 3622 Riculphus
1110 3551 1391 3607 secretarii
1420 3551 1595 3607 cilicio
1646 3552 1697 3607 in
1731 3553 1847 3622 ipso

268 3645 522 3699 ctenobio
554 3644 897 3714 fungebatur.
917 3642 1016 3698 Hie
1036 3644 1269 3713 quadam
1298 3652 1458 3699 nocte
1483 3644 1608 3698 dum
1637 3651 1847 3713 tempus

265 3746 319 3790 et
340 3737 531 3792 horam
568 3751 672 3806 qua
703 3735 897 3792 fratres
923 3736 989 3791 ad
1029 3736 1236 3807 vigilias
1263 3736 1546 3803 excitaret,
1584 3751 1680 3805 per
1709 3736 1849 3789 clau-

266 3836 442 3883 Strum
492 3828 611 3883 iens
650 3829 980 3894 observaret,
1027 3829 1164 3883 forte
1208 3836 1335 3882 ante
1384 3828 1582 3882 ostium
1628 3825 1846 3896 capituli

264 3921 648 3992 pertransivit;
688 3922 1066 3991 introspiciens
1091 3935 1239 3984 vero,
1279 3919 1414 3975 vidit
1439 3917 1752 3973 Anselmum
1794 3918 1847 3973 in

264 4014 516 4068 oratione
542 4021 797 4078 stantem,
829 4014 1029 4082 ingenti
1072 4012 1402 4082 splendentis
1435 4011 1667 4066 flamma
1691 4009 1850 4082 globo

263 4106 741 4163 circumcinctum.
775 4107 1020 4175 Miratur,
1048 4108 1274 4177 etquod
1322 4107 1543 4163 videbat
1568 4108 1696 4178 quid
1727 4108 1849 4163 novi

264 4200 633 4272 praetenderet
668 4200 950 4271 ignorabat
979 4218 993 4267 ;
1020 4199 1325 4254 mstimabat
1349 4201 1493 4254 enim
1537 4199 1849 4256 Anselmum

263 4310 329 4350 ea
358 4292 482 4368 [al.,
509 4310 576 4349 ex
602 4292 689 4366 ea]
716 4294 845 4349 liora
872 4292 1049 4362 sopori
1082 4292 1280 4362 potius,
1310 4308 1471 4363 quam
1498 4294 1730 4348 orationi
1755 4308 1850 4347 oc-

1945 3100 2322 3148 transeuntem
2378 3090 2632 3155 detinuit,
2665 3090 2852 3145 nolens
2888 3103 3010 3144 eum
3048 3103 3077 3142 a
3107 3102 3165 3141 se
3196 3087 3527 3156 impransum

1947 3181 2242 3236 dimittere.
2267 3181 2467 3236 Verum
2496 3196 2616 3235 cum
2652 3181 2765 3251 ipse
2793 3180 2859 3235 de
2886 3178 3110 3250 penuria
3139 3178 3366 3249 piscium
3395 3192 3525 3232 con-

1946 3281 2289 3343 quereretur,
2304 3281 2359 3328 et
2387 3271 2529 3343 quod
2556 3279 2706 3325 tanto
2737 3270 2853 3325 viro
2876 3286 2938 3325 ac
2964 3269 3244 3325 monachis
3265 3267 3402 3338 ejus,
3424 3266 3529 3320 nisi

1946 3364 2070 3418 vilia
2102 3365 2347 3433 quaedam
2394 3378 2500 3417 non
2536 3362 2760 3417 haberet
2786 3376 2906 3432 quae
2933 3369 3357 3431 apponerentur,
3388 3358 3528 3412 allu-

1947 3453 2081 3508 dens
2108 3453 2245 3507 dixit
2274 3453 2321 3507 ei
2343 3451 2634 3506 Anselmus
2667 3464 2682 3504 :
2713 3449 2897 3505 Sturio
2931 3465 3073 3504 unus
3104 3464 3171 3504 en
3214 3448 3309 3502 tibi
3356 3445 3532 3503 defer-

1949 3553 2057 3611 tur,
2081 3552 2137 3599 et
2168 3545 2380 3598 animus
2414 3552 2536 3598 tuus
2580 3544 2647 3597 de
2685 3542 2997 3598 deliciarum
3032 3541 3209 3611 inopia
3236 3539 3479 3611 queritur
3508 3538 3533 3593 ἲ

1949 3636 2109 3690 Ridet
2138 3635 2245 3701 ille,
2287 3634 2447 3689 ﬁdem
2478 3634 2563 3690 his
2592 3649 2712 3713 gnte
2738 3634 2991 3689 audiebat
3014 3635 3253 3703 praebere
3299 3631 3530 3685 nullate-

1950 3744 2053 3784 nus
2103 3727 2307 3782 valens.
2357 3727 2399 3781 E
2453 3726 2679 3797 vestigio
2720 3735 2899 3780 autem
2947 3726 3234 3780 verborum
3289 3723 3530 3778 Anselini

1950 3821 2055 3876 duo
2076 3834 2141 3874 ex
2186 3819 2494 3874 hominibus
2533 3818 2635 3873 viri
2680 3818 2976 3872 attulerunt
3018 3817 3312 3872 sturionem
3365 3832 3529 3871 unum

1951 3911 2322 3983 praagrandem
2353 3928 2366 3964 :
2402 3924 2562 3979 quem
2596 3910 2648 3963 in
2675 3910 2792 3976 ripa
2820 3907 3057 3962 fluminis
3083 3907 3258 3974 Altijae
3294 3906 3406 3977 (Η)
3451 3905 3532 3961 di-

1952 3996 2147 4059 xerunt
2175 4020 2204 4056 a
2245 4001 2554 4072 pastoribus
2599 3998 2712 4053 suis
2760 3999 3066 4063 inventum,
3119 3997 3326 4065 sibique
3357 4004 3532 4050 trans-

1953 4097 2197 4152 missum.
2243 4094 2298 4149 Si
2324 4093 2573 4163 spiritum
2612 4091 2906 4164 prophetiae
2940 4090 2992 4144 in
3023 4091 3106 4146 bis
3137 4090 3252 4144 viro
3299 4089 3532 4142 adfuisse

1953 4188 2075 4258 quis
2120 4186 2344 4250 dubitat,
2377 4192 2542 4256 gestae
2577 4183 2656 4238 rei
2693 4183 2897 4237 veritas
2924 4180 3053 4250 quid
3101 4180 3194 4245 sit,
3239 4178 3529 4234 tenendum

1955 4279 2215 4335 declarat.

264 4363 548 4458 curiatum.
595 4363 761 4440 Ocius
804 4384 985 4453 itaque
1030 4382 1409 4439 dormitorium
1466 4383 1731 4448 ascendit,
1782 4383 1848 4437 ad
1884 4371 1929 4431 D
2023 4373 2114 4428 25.
2154 4372 2247 4427 His
2291 4370 2626 4441 temporibus
2668 4368 2889 4439 scripsit
2937 4374 3198 4421 tractatus
3235 4372 3347 4458 tres
3385 4363 3529 4432 (15),

268 4478 471 4532 lectum
496 4475 735 4531 Anselmi
767 4475 930 4537 vadit,
968 4474 1059 4530 sed
1081 4489 1205 4528 eum
1250 4471 1326 4527 ibi
1377 4486 1716 4541 nequaquam
1769 4471 1850 4525 in-

265 4570 436 4625 venit.
488 4568 787 4638 Regressus
816 4564 1009 4638 igitur,
1056 4565 1331 4621 hominem
1356 4563 1408 4617 in
1432 4562 1668 4632 capitulo
1698 4577 1852 4633 repe-

268 4660 366 4725 rit,
389 4658 485 4714 sed
517 4656 731 4729 globum
755 4657 896 4727 ignis
929 4670 1087 4726 quem
1127 4653 1444 4724 reliquerat,
1475 4666 1581 4705 non
1625 4651 1849 4705 invenit.

338 4751 432 4806 23.
473 4752 594 4806 Alio
619 4752 851 4820 quodam
877 4758 1119 4818 tempore
1141 4746 1314 4801 eidem
1342 4745 1602 4800 Anselmo
1625 4745 1850 4797 manda-

273 4854 387 4899 tum
413 4843 483 4899 ab
522 4858 631 4898 uno
661 4843 728 4897 de
762 4840 1097 4911 principibus
1134 4837 1542 4893 Nortbmanniaa
1583 4845 1687 4902 est,
1718 4850 1852 4906 qua-

273 4947 434 4994 tenus
457 4938 528 4992 ad
551 4952 610 4993 se
651 4936 706 4991 in
736 4935 984 5006 Angliam
1027 4932 1258 4987 transire
1284 4931 1549 4985 volentem
1578 4927 1699 5001 [al.,
1738 4926 1851 4981 vel-

271 5026 390 5099 let],
424 5042 549 5082 eum
578 5034 803 5095 propter
825 5023 928 5078 alia
955 5022 1189 5090 negotia,
1217 5029 1327 5074 tum
1360 5031 1417 5074 ut
1443 5034 1537 5073 sua
1564 5031 1726 5088 prece
1754 5016 1854 5069 iter

272 5118 418 5173 illius
441 5133 539 5187 per
568 5116 781 5171 marina
824 5113 1063 5185 pericula
1109 5121 1371 5175 tueretur,
1397 5108 1494 5184 [αι.
1539 5106 1713 5178 omit.]
1769 5120 1854 5159 ve-

272 5210 435 5266 niret.
458 5208 739 5277 Ascendit,
779 5206 891 5276 jam
919 5206 1035 5263 dies
1066 5203 1238 5260 mutui
1276 5200 1531 5271 colloquii
1579 5200 1632 5252 in
1665 5210 1856 5265 vespe-

1951 4469 2159 4524 scilicet
2186 4465 2259 4520 De
2305 4466 2536 4528 veritate,
2566 4463 2645 4516 De
2684 4460 2922 4514 libertate
2952 4459 3189 4523 arbitrii,
3220 4466 3275 4511 et
3303 4455 3379 4508 De
3407 4472 3533 4508 casu

1954 4560 2270 4624 diaboli;in
2307 4556 2504 4627 quibus
2555 4553 2687 4608 satis
2721 4559 2867 4621 patet
2909 4549 2996 4603 ubi
3044 4547 3281 4602 animum
3329 4546 3533 4608 fixerit,

1954 4651 2201 4723 quamvis
2225 4652 2292 4705 ab
2320 4651 2400 4705 eis
2430 4665 2551 4720 qua:
2598 4648 2827 4702 aliorum
2867 4661 2995 4701 cura
3020 4642 3304 4714 expetebat
3347 4641 3534 4697 talium

1957 4756 2138 4797 rerum
2183 4739 2618 4794 consideratione
2661 4737 2805 4792 nullo
2857 4752 2916 4791 se
2966 4735 3124 4790 modo
3178 4731 3532 4788 subtraxerit.

1957 4832 2184 4901 Scripsit
2208 4840 2261 4886 et
2289 4837 2539 4900 quartum
2566 4844 2723 4898 quem
2754 4826 3043 4881 intitulavit
3064 4823 3141 4878 De
3168 4823 3529 4894 grammatico.

1955 4922 2011 4976 In
2035 4936 2141 4990 quo
2185 4935 2307 4987 eum
2337 4918 2599 4988 discipulo
2634 4931 2797 4987 quem
2828 4929 3013 4969 secum
3046 4912 3409 4982 disputantem
3450 4909 3537 4960 in-

1960 5013 2213 5075 troducit,
2245 5012 2531 5082 disputans
2566 5008 2689 5082 [al.,
2719 5005 2981 5078 disputat]
3011 5019 3133 5059 cum
3163 5001 3358 5057 multas
3385 5014 3534 5068 quie-

1958 5107 2164 5163 sdones
2190 5104 2502 5159 dialecticas
2532 5101 2785 5172 proponit
2805 5107 2860 5153 et
2881 5097 3061 5159 solvit,
3095 5104 3206 5149 tum
3246 5091 3540 5162 qualitates

1961 5206 2014 5253 et
2040 5196 2242 5265 qualia,
2275 5194 2544 5266 quomodo
2565 5194 2675 5248 sint
2702 5191 2934 5247 discrete
2971 5184 3287 5256 accipienda
3316 5179 3541 5251 exponit

1550 5305 1963 5363 HENSCIIENII
2004 5296 2234 5364 ΝΟΤᾸΞ.

347 5451 464 5523 (ii)
503 5449 698 5523 Altbea
756 5447 959 5523 rivulus
1004 5445 1279 5523 _Piearﬂiie
1307 5484 1322 5507 ,
1348 5455 1541 5523 prope
1587 5437 1845 5520 oppidum

278 5512 567 5585 hauriens,
594 5521 661 5574 de
683 5534 790 5588 quo
821 5520 873 5572 iu
898 5518 1048 5572 Actis
1074 5517 1143 5588 S.
1175 5515 1361 5588 Fursei
1392 5513 1455 5566 16
1478 5512 1744 5588 Januarii.

348 5592 463 5662 (15)
502 5578 744 5658 Quatqu
779 5589 833 5645 bi
865 5588 1073 5660 priores
1112 5585 1235 5642 libri
1267 5599 1363 5655 per
1400 5582 1614 5637 modum
1651 5578 1848 5650 dialogi

1961 5443 2103 5495 inter
2131 5438 2446 5510 magistrum
2482 5447 2535 5494 et
2564 5433 2883 5510 discipulum
2930 5429 3118 5510 scripti
3157 5428 3531 5495 continentur.

1961 5521 2114 5585 parte
2136 5500 2307 5580 prima
2339 5509 2481 5565 inter
2509 5500 2766 5578 opuscula
2796 5500 3083 5559 didactica.
