3882 6050
372 173 441 230 cs
1423 180 1480 237 s.
1513 183 1815 241 ANSELMI
1849 145 2202 244 caurum.
2240 190 2555 250 ABCIIIEP.
3543 221 3620 277 δι

368 298 424 344 et
457 289 696 346 instruit.
724 292 878 350 Fecit
909 309 1124 366 quoque
1152 296 1387 352 libellum
1430 314 1593 353 unttm
1622 315 1782 370 quem
1826 301 1948 356 Ma-
1978 305 2022 361 Α
2050 298 2174 354 dam
2198 302 2457 369 venisset,
2505 314 2560 362 et
2606 307 2652 363 is
2698 307 2752 362 in
2798 312 3086 380 quamdam
3129 315 3296 383 ipsius
3331 323 3513 393 operis
3538 342 3631 383 ar.

370 378 637 449 nologium
664 382 776 455 (16)
808 385 1116 456 appellavit.
1152 386 1311 443 Solus
1339 388 1485 443 enitn
1517 389 1569 444 in
1600 406 1666 447 eo
1687 399 1941 448 etsecum

371 467 641 539 loquitur,
686 488 749 529 ac
796 476 956 530 tacita
995 478 1141 532 omni
1191 480 1516 535 auctoritate
1558 481 1755 538 divina:
1798 482 1946 539 Scri-

334 568 543 646 ἲιιιυιδελιε
565 564 692 635 quid
720 566 859 623 Deus
884 568 951 623 sit
998 570 1110 625 sola
1152 569 1275 642 [al.,
1316 570 1490 644 omit.]
1542 573 1751 630 ratione
1796 590 1945 646 qua:-

338 642 443 738 Srit
490 662 547 708 et
598 656 800 711 invenit
840 669 939 721 ;et
967 662 1110 728 quod
1151 677 1280 718 vera
1323 642 1569 721 fidesﬁde
1611 667 1721 722 Deo
1754 642 1940 738 sentit,

331 740 670 842 iiuvincibili
719 745 931 802 ratione
981 749 1061 805 sic
1096 764 1197 807 nec
1251 751 1410 809 aliter
1473 769 1593 812 esse
1639 757 1834 828 probat
1887 769 1943 816 et

370 833 588 888 astruit.

436 923 527 979 26.
566 925 696 983 Post
731 926 847 986 haec
887 931 1075 989 incidit
1111 935 1211 991 sibi
1245 935 1299 991 in
1330 947 1565 996 mentem
1614 940 1944 1013 investigare

367 1023 550 1072 tttntm
582 1034 691 1075 uno
717 1022 836 1079 solo
863 1032 919 1079 et
959 1026 1109 1082 brevi
1150 1040 1469 1113 argumento
1514 1034 1733 1103 probari
1763 1045 1947 1106 posset

369 1105 421 1160 id
448 1109 590 1177 quod
627 1113 695 1168 de
744 1113 853 1169 Deo
902 1117 1145 1173 creditur
1189 1105 1245 1175 et
1293 1121 1660 1190 prtedtcatur:
1694 1105 1944 1184 videlicet

365 1198 508 1266 quod
537 1199 609 1255 sit
636 1210 895 1272 aeternus,
928 1207 1409 1280 incommutabilis,
1436 1216 1800 1286 omnipotens,
1823 1218 1943 1276 ubi-

364 1302 472 1356 que
511 1299 674 1357 totus,
701 1293 1287 1372 incomprehensibilis,
1319 1302 1520 1373 justus,
1547 1308 1688 1377 pius,
1724 1309 1941 1367 miseri-

362 1391 507 1448 cors,
556 1396 744 1451 verax,
776 1389 998 1455 veritas,
1033 1392 1270 1460 bonitas,
1311 1394 1546 1464 iustitia,
1582 1409 1637 1456 et
1683 1404 1940 1461 nonnulla

364 1468 488 1537 alia,
515 1481 570 1527 et
587 1479 856 1543 quomodo
884 1481 998 1537 haec
1016 1485 1196 1540 omnia
1218 1486 1270 1541 in
1291 1487 1408 1558 ipso
1432 1505 1596 1545 unum
1620 1493 1727 1547 sint
1754 1493 1937 1565 (Joan.

360 1570 493 1655 xvii,
520 1563 633 1635 2i).
676 1567 807 1635 Quae
849 1587 968 1634 res.
1016 1574 1155 1631 sicut
1180 1576 1295 1648 ipse
1341 1580 1631 1650 referebat,
1688 1563 1935 1655 magnam

361 1650 463 1747 sibi
506 1659 712 1747 peperit
739 1659 1125 1723 difﬁcultatem.
1154 1667 1288 1725 Nam
1313 1671 1426 1728 inec
1460 1675 1717 1745 cogitatio
1734 1650 1931 1747 partim

360 1742 438 1797 illi
486 1746 689 1838 cibum,
736 1760 918 1821 potum
951 1765 1007 1812 et
1058 1774 1307 1817 somnum
1363 1742 1605 1833 tollebat,
1653 1742 1849 1838 partim
1880 1780 1938 1828 et

358 1837 503 1903 quod
542 1842 722 1933 magis
761 1858 883 1899 eum
930 1851 1218 1919 gravabat,
1254 1854 1610 1915 intentionem
1661 1861 1778 1933 ejus
1829 1876 1934 1933 qua

361 1928 648 2019 matutinis
690 1942 746 1988 et
794 1935 886 1990 alii
933 1942 1154 1999 servitio
1202 1944 1295 2001 Dei
1345 1947 1623 2005 intendere
1670 1928 1932 2019 debebat,

355 2018 731 2107 perturbabat.
759 2022 911 2090 Quod
946 2026 1060 2097 ipse
1095 2033 1551 2107 animadvertens,
1601 2055 1701 2096 nec
1759 2018 1936 2100 adhuc

352 2104 499 2169 quod
529 2113 804 2175 quaerebat
831 2115 899 2170 ad
933 2117 1150 2185 plenum
1180 2137 1372 2191 capere
1406 2104 1613 2194 valens,
1670 2139 1822 2187 ratus
1851 2142 1936 2188 est

361 2193 667 2289 huiusmodi
700 2204 1102 2278 cogitationem,
1131 2213 1328 2270 diaboli
1380 2231 1503 2274 esse
1553 2222 1931 2289 tentationem,

355 2285 616 2358 nisusque
650 2301 732 2347 est
761 2307 878 2351 eam
916 2300 1103 2367 procul
1135 2303 1396 2374 repellere
1420 2320 1450 2360 a
1472 2322 1571 2363 sua
1611 2310 1932 2368 intentione.

358 2374 557 2432 Verum
588 2393 792 2449 quanto
832 2386 953 2455 plus
986 2389 1040 2444 in
1081 2391 1186 2448 hoc
1221 2394 1543 2466 desudabat,
1581 2408 1732 2457 tanto
1782 2403 1931 2459 illum

355 2467 616 2537 cogitatio
642 2472 977 2549 ipsa.magis
1010 2496 1074 2537 ac
1117 2485 1291 2557 magis
1342 2486 1656 2548 infestabat.
1693 2492 1760 2549 Et
1805 2510 1934 2553 ecce

349 2558 582 2655 quadam
640 2575 801 2620 nocte
852 2566 999 2624 inter
1038 2580 1335 2631 nocturnas
1366 2577 1600 2650 vigilias,
1634 2580 1728 2636 Dei
1759 2585 1932 2655 gratia

352 2643 526 2703 illuxit
562 2650 614 2705 in
655 2655 818 2710 corde
862 2657 1001 2729 ejus,
1026 2671 1083 2717 et
1110 2677 1200 2720 res
1244 2643 1790 2741 patuit'intellectui:
1831 2677 1933 2732 im-

353 2751 649 2829 mensoque
691 2747 887 2811 gaudio
920 2760 974 2806 et
996 2749 1318 2820 jubilatione
1364 2760 1587 2829 replevit
1618 2766 1797 2821 omnia
1848 2766 1932 2824 in-

350 2824 652 2922 timaejus.
678 2831 949 2903 Reputans
974 2852 1104 2911 ergo
1123 2845 1265 2913 apud
1288 2860 1347 2902 se
1374 2824 1478 2905 hoc
1514 2850 1710 2922 ipsum,
1732 2863 1787 2912 et
1811 2856 1933 2916 aliis

350 2917 396 2972 si
427 2918 662 2978 sciretur
686 2940 846 2996 posse
875 2928 1111 2999 placere,
1146 2933 1315 2992 livore
1358 2917 1573 3010 carens,
1618 2917 1730 3000 rem
1788 2945 1931 3004 illico

350 3011 569 3080 scripsit
616 3014 669 3071 in
719 3017 945 3089 tabulis,
979 3039 1183 3097 easque
1221 3028 1506 3089 sollicitius
1555 3038 1933 3097 custodiendas

351 3100 443 3157 ttni
469 3117 536 3157 ex
585 3113 898 3168 monasterii
931 3113 1191 3175 fratribus
1222 3123 1462 3179 tradidit.
1493 3125 1622 3184 Post
1668 3129 1785 3187 dies
1834 3132 1931 3188 ali-

348 3200 501 3283 quot,
541 3198 748 3257 talmlas
772 3205 967 3274 repetit
1002 3223 1031 3263 a
1061 3213 1303 3269 custode.
1344 3215 1673 3283 Quasi-untur
1713 3222 1766 3278 in
1813 3223 1932 3283 loco

351 3282 441 3380 ηιξ
474 3287 724 3353 repositae
754 3289 986 3362 fuerant,
1014 3314 1114 3355 nec
1154 3282 1525 3362 inveniuntur.
1560 3308 1933 3380 Requiruntur

349 3388 379 3425 a
410 3372 687 3444 fratribus,
724 3397 792 3439 ne
828 3384 968 3443 forte
1012 3391 1208 3463 aliquis
1253 3411 1347 3453 eas
1381 3372 1673 3470 acceperit,
1706 3408 1801 3461 sed
1831 3423 1929 3465 ne-

348 3477 641 3535 quaquam.
666 3470 778 3529 Nec
810 3477 954 3532 enim
978 3480 1082 3536 huc
1104 3499 1273 3554 usque
1312 3487 1564 3546 inventus
1587 3500 1690 3558 est,
1717 3476 1809 3566 qui
1839 3514 1930 3556 re-

350 3643 552 3740 selmtts
590 3650 735 3710 aliud
764 3656 832 3714 de
877 3660 1065 3717 eadem
1114 3668 1336 3724 materia
1383 3643 1656 3732 dictameti
1706 3678 1758 3735 in
1807 3681 1929 3740 aliis

351 3735 571 3808 tabulis,
601 3751 656 3797 et
699 3743 819 3801 illas
855 3749 1032 3807 eidem
1066 3754 1166 3809 sub
1205 3759 1431 3816 cautiori
1460 3767 1721 3823 custodia

350 3830 751 3919 custodiendas.
782 3836 876 3894 llle
908 3840 961 3895 in
1008 3847 1305 3903 secretiore
1329 3862 1484 3919 parte
1514 3854 1697 3912 lectuli
1736 3860 1817 3914 sui
1848 3869 1930 3916 ta-

346 3914 505 4018 bulas
530 3924 765 3992 reponit,
795 3935 850 3984 et
875 3934 1121 4001 sequenti
1146 3937 1235 3992 die
1262 3914 1342 3994 nil
1365 3943 1570 3999 sinistri
1599 3914 1924 4018 suspicatus,

348 4009 566 4066 easdem
594 4014 645 4068 in
676 4019 985 4087 pavimento
1012 4040 1253 4094 sparsas,
1296 4040 1423 4086 ante
1463 4033 1658 4091 lectum
1696 4009 1926 4110 reperit,

347 4110 473 4197 cera
497 4117 617 4171 quae
665 4106 717 4161 in
752 4108 883 4177 ipsis
934 4123 1054 4169 erat
1082 4115 1185 4170 hac
1217 4117 1337 4174 illac
1363 4117 1633 4178 frustatim
1661 4106 1925 4197 dispersa.

349 4186 621 4248 Levantnr
647 4199 858 4267 tabula),
886 4218 1007 4258 cera
1039 4205 1330 4278 colligitur,
1360 4222 1415 4267 et
1440 4214 1647 4281 pariter
1673 4186 1927 4276 An'selmo

2045 394 2507 462 gumentationem
2543 412 2653 453 non
2698 413 2891 469 parum
2942 404 3273 475 oﬂ‘endisset,
3311 421 3465 469 ratus
3496 414 3619 489 [al.,

2047 481 2235 554 iratus]
2291 492 2375 539 est
2416 487 2660 543 eamdem
2710 497 3231 562 argumentationem
3290 512 3463 559 ratam
3496 481 3622 565 —non

2043 584 2164 627 esse
2194 589 2208 624 :
2236 587 2396 643 quam
2420 575 2664 634 refellere
2685 582 2941 651 gestiens,
2973 587 3242 655 quoddam
3261 601 3453 648 contra
3474 596 3621 652 illam

2046 661 2167 754 [al.,
2212 664 2385 738 illum]
2417 669 2678 739 scriptum
2725 677 3047 744 composuit,
3091 686 3148 734 et
3177 680 3308 736 illud
3343 682 3437 739 ﬁni
3480 686 3624 754 ejus-

2044 752 2166 808 dem
2199 755 2379 824 operis
2403 757 2665 827 scriptum
2712 761 2826 833 (l8)
2868 766 3136 835 apposuit.
3165 768 3318 835 Quod
3346 787 3469 828 cum
3510 752 3624 831 sibi

2043 859 2074 899 a
2102 847 2333 914 quodam
2359 848 2537 904 amico
2566 866 2664 906 suo
2700 855 3080 911 transmissum
3121 857 3412 919 Anseltnus
3444 868 3624 922 consi-

2044 933 2314 1000 derasset,
2345 936 2562 1007 gavisus
2602 948 2714 1005 est;
2756 950 2812 996 et
2854 946 3232 1012 reprehensuri
3272 965 3373 1006 suo
3415 956 3621 1023 gratias

2044 1037 2226 1092 agens,
2254 1039 2407 1080 suam
2457 1028 2524 1081 ad
2565 1028 2667 1083 hoc
2707 1034 3109 1102 responsionem
3156 1038 3347 1107 edidit,
3391 1058 3622 1115 eamque

2042 1113 2223 1170 libello
2248 1117 2350 1172 sibi
2376 1118 2586 1175 directo
2625 1122 2987 1193 subscriptam
3037 1128 3138 1184 sub
3166 1146 3271 1186 uno
3299 1132 3347 1187 ei
3379 1136 3470 1203 qui
3517 1113 3621 1193 nri-

2041 1212 2190 1259 serat
2216 1207 2392 1262 amico
2422 1209 2652 1265 remisit.
2688 1210 2802 1268 Hoc
2835 1214 2905 1269 ah
2946 1230 3013 1271 eo
3051 1228 3107 1271 et
3148 1218 3217 1274 ab
3240 1220 3380 1286 aliis,
3411 1225 3503 1292 qui
3550 1225 3618 1279 li~

2039 1291 2238 1347 bellum
2277 1294 2425 1350 illum
2457 1296 2657 1353 habere
2687 1300 2978 1370 dignantur
3022 1306 3249 1372 petitum
3296 1308 3361 1363 iri
3408 1291 3621 1368 deside-

2042 1396 2190 1449 rans,
2217 1394 2487 1453 quatenus
2509 1387 2562 1442 in
2596 1387 2702 1444 line
2733 1390 2902 1460 ipsius
2929 1394 3109 1461 operis
3136 1394 3275 1466 (vide
3307 1415 3418 1453 var.
3448 1400 3617 1475 lect.),

2040 1489 2152 1530 suae
2174 1480 2657 1547 argumentationis
2688 1483 3074 1554 reprehensio;
3102 1496 3159 1543 et
3204 1491 3619 1561 reprehensioni

2039 1581 2134 1621 sua
2167 1571 2450 1639 responsio
2493 1573 2888 1630 subscribatnr.

2107 1658 2196 1712 27.
2235 1659 2382 1716 Inter
2418 1662 2535 1718 haec
2578 1663 2976 1734 scripsitetiam
3016 1669 3365 1740 quamplures
3401 1674 3605 1744 episto-

2036 1748 2119 1804 las
2143 1750 2281 1823 (19),
2314 1767 2413 1823 per
2441 1768 2535 1809 eas
2557 1755 2829 1811 nonnullis
2857 1771 2951 1823 ea,
2982 1774 3101 1829 qute
3124 1763 3415 1818 secundum
3437 1765 3620 1821 diver-

2036 1841 2252 1897 sitatem
2277 1858 2564 1899 causarum
2586 1860 2684 1899 sua
2708 1844 2828 1917 [al.,
2850 1848 3093 1922 suarum]
3132 1851 3463 1920 intererant,
3483 1868 3612 1925 pro-

2034 1947 2227 1989 curare
2242 1934 2525 2003 mandans,
2552 1945 2609 1991 et
2628 1938 2900 1995 nonnullis
2913 1941 3198 1996 consilium
3212 1943 3279 1998 de
3293 1946 3505 2016 negotio
3515 1962 3616 2002 suo

2034 2027 2423 2096 quaerentibus,
2438 2043 2537 2099 pro
2554 2029 2763 2085 ratione
2775 2032 3124 2102 respondens.
3140 2034 3206 2088 Et
3221 2035 3435 2105 quidem
3447 2037 3512 2092 de
3528 2038 3614 2092 his

2033 2132 2154 2188 qua:
2182 2118 2411 2175 diversae
2438 2134 2615 2175 causa:
2642 2120 2805 2176 scribi
2832 2124 3132 2195 cogebant,
3165 2128 3493 2184 mentionem
3523 2127 3608 2184 fa-

2032 2223 2159 2267 cere
2180 2211 2614 2281 supersedemus.
2637 2212 2775 2279 Quid
2797 2224 2979 2270 autem
3003 2217 3213 2272 consilii
3236 2217 3449 2273 cuidam
3471 2219 3614 2275 Lan-

2034 2302 2188 2367 zoni,
2216 2303 2428 2358 noviter
2463 2305 2605 2374 apud
2648 2304 2965 2363 Cluniacum
2996 2307 3140 2364 facto
3170 2311 3470 2378 monacho,
3515 2328 3615 2382 per

2031 2405 2198 2447 unam
2228 2394 2598 2462 mandaverit,
2627 2394 2757 2450 huic
2791 2398 2941 2468 Operi
2976 2399 3215 2455 inserere
3237 2402 3451 2467 curavi,
3479 2419 3615 2472 qua-

2032 2491 2192 2538 tenus
2220 2483 2273 2538 in
2315 2485 2417 2542 hac
2443 2501 2549 2541 una
2576 2498 2941 2559 cognoscatur
2968 2491 3096 2560 quid
3125 2492 3191 2547 de
3223 2492 3343 2547 aliis
3376 2508 3613 2565 perpen-

2030 2572 2193 2629 dat'ut'
2219 2575 2357 2647 (20).
2385 2567 2617 2648 Scripsit
2656 2579 2842 2650 itaque
2867 2581 3010 2637 inter
3037 2581 3143 2637 alia
3174 2583 3254 2639 sic
3285 2601 3301 2638 :
3334 2583 3613 2655 Ingressus

2030 2680 2112 2730 es,
2144 2667 2473 2733 charissime,
2498 2669 2868 2742 professusque
2903 2671 3098 2727 Christi
3127 2673 3400 2740 militiam;
3424 2677 3479 2730 in
3504 2692 3612 2746 qua

2036 2771 2142 2811 non
2166 2757 2337 2812 solum
2364 2770 2539 2829 aperte
2561 2761 2858 2817 obsistentis
2907 2764 3070 2820 hostis
3112 2765 3352 2819 violentia
3379 2776 3453 2821 est
3486 2784 3612 2837 pro-

2030 2845 2303 2917 pellenda,
2337 2848 2428 2903 sed
2472 2859 2522 2904 et
2563 2852 2716 2921 quasi
2756 2853 3071 2909 consulentis
3122 2857 3317 2910 astutia
3355 2857 3607 2912 cavenda.

2032 2935 2182 3008 Stepe
2209 2955 2431 3011 namque
2458 2940 2584 2995 dum
2613 2944 2837 2997 tironem
2871 2942 3064 2999 Christi
3084 2945 3292 3001 uulnere
3320 2945 3474 3002 malae
3502 2963 3603 3000 vo-

2033 3025 2258 3082 luntatis
2291 3039 2469 3099 aperte
2491 3030 2777 3087 malevolus
2816 3049 2922 3088 non
2948 3034 3084 3089 ualet
3115 3037 3366 3104 perimere
3387 3079 3402 3103 ,
3427 3037 3610 3092 sitien-

2038 3125 2142 3173 tem
2174 3135 2293 3175 eum
2322 3118 2449 3193 [al.,
2479 3122 2679 3196 tamen]
2698 3125 2885 3193 poculo
2908 3142 3172 3182 venenosa:
3201 3129 3420 3183 rationis
3439 3130 3608 3183 male-

2032 3205 2143 3262 vole
2162 3208 2387 3264 callidus
2412 3220 2573 3265 tentat
2597 3212 2945 3282 exstinguere.
2979 3214 3123 3270 Nam
3146 3234 3265 3271 cunt
3293 3219 3610 3273 monachum

2032 3298 2205 3368 nequit
2231 3298 2481 3364 obruere,
2522 3301 2641 3355 vitae
2662 3318 2819 3371 quam
2847 3303 3114 3373 professus
3136 3317 3213 3361 est
3243 3310 3393 3372 odio,
3425 3309 3611 3362 nititur

2029 3404 2148 3444 eum
2170 3391 2575 3447 conuersationis
2623 3395 2677 3448 in
2725 3411 2828 3465 qua
2857 3405 2934 3449 est
2982 3398 3231 3452 subruere
3268 3400 3505 3468 fastidio.
3541 3401 3609 3455 Et

2034 3477 2155 3533 licet
2194 3480 2276 3533 illi
2323 3483 2685 3538 monachicum
2722 3487 3046 3556 propositum
3107 3489 3385 3544 tenendum
3442 3493 3599 3561 quasi

2029 3572 2313 3641 concedat,
2345 3582 2520 3629 tanten
2542 3576 2665 3646 quia
2692 3578 2790 3632 hoc
2810 3579 2904 3633 sub
2934 3580 3148 3648 talibus,
3178 3592 3269 3637 aut
3297 3583 3432 3638 inter
3451 3584 3608 3651 tales,

2029 3671 2120 3717 aut
2149 3663 2206 3718 in
2232 3679 2292 3718 eo
2319 3663 2434 3719 loco
2462 3667 2699 3737 incwpit,
2737 3669 2888 3724 illum
2928 3671 3150 3727 stultum
3193 3673 3379 3741 nimis,
3409 3675 3611 3743 impru-

2028 3751 2332 3824 dentemque
2363 3753 2542 3810 multis
2571 3758 2739 3812 modis
2764 3761 3003 3814 versutiis
3029 3777 3251 3830 arguere
3273 3779 3376 3816 non
3407 3772 3606 3827 cessat,

2028 3853 2085 3897 ut
2112 3843 2237 3899 dum
2263 3845 2340 3899 illi
2363 3848 2639 3916 persuadet
2666 3849 2870 3918 incepto
2921 3849 3015 3903 Dei
3061 3850 3309 3920 beneﬁcio
3341 3853 3606 3921 ingratum

2027 3936 2277 4002 existere,
2297 3937 2445 4006 justo
2480 3937 2687 4009 judicio
2724 3955 2817 3995 nec
2844 3940 2915 3993 ad
2956 3941 3173 3995 meliora
3203 3943 3483 4012 proﬁciat;
3514 3961 3608 3998 nec

2027 4027 2167 4096 quod
2193 4029 2386 4098 accepit
2414 4038 2618 4094 teneat,
2647 4040 2738 4084 aut
2768 4031 2821 4084 in
2852 4046 2912 4085 eo
2936 4030 3192 4086 inutiliter
3218 4032 3343 4105 [al.,
3381 4034 3603 4109 utiliter]

2026 4121 2291 4189 persistat.
2347 4120 2548 4189 Quippe
2571 4122 2698 4176 dum
2729 4125 3052 4178 incessanter
3094 4125 3371 4203 laboriosis
3402 4129 3607 4196 cogita-

2029 4210 2255 4265 tionibus
2276 4212 2341 4265 de
2364 4213 2647 4278 mutando,
2673 4224 2763 4267 aut
2794 4214 2841 4269 si
2868 4215 3064 4268 mutari
3094 4232 3197 4269 non
3219 4215 3351 4270 valet
3375 4257 3390 4283 ,
3417 4218 3604 4272 saltem

346 4290 719 4365 repertantur;
747 4290 948 4349 aduttat
999 4295 1113 4364 ipse
1141 4312 1343 4366 ceram,
1379 4311 1457 4369 et,
1497 4304 1622 4359 licet
1650 4306 1760 4369 vix.
1793 4310 1931 4365 scri-
1957 4307 2005 4367 D
2030 4301 2095 4356 άε
2137 4303 2476 4372 ίηψῖοθαηάο
2506 4305 2656 4359 inuia
2701 4307 3003 4374 medim“.
3046 4324 3312 4377 ηιιητιιιαηι
3347 4309 3416 4363 (τά
3446 4309 3606 4375 l5"em

349 4378 560 4439 ptttram
614 4394 915 4452 recuperat.
963 4385 1179 4445 Veritus
1234 4402 1413 4447 autem
1451 4410 1517 4450 ne
1566 4411 1671 4465 qua
1716 4397 1921 4454 incuria

349 4466 562 4532 penitus
598 4474 864 4539 perditum
893 4486 1013 4542 eat,
1053 4494 1173 4534 eam
1205 4480 1256 4536 in
1297 4484 1514 4540 nomine
1557 4485 1764 4541 Domini
1805 4503 1926 4558 per-

358 4569 589 4622 gameno
609 4559 762 4627 jubet
804 4569 960 4622 tradi.
1006 4570 1321 4643 Composuit
1352 4590 1483 4646 ergo
1527 4576 1649 4633 inde
1674 4578 1922 4635 volumen

347 4648 664 4716 parvulum,
712 4658 806 4712 sed
853 4663 1241 4720 sententiarum
1279 4680 1344 4721 ac
1392 4668 1753 4725 subtilissima:
1797 4686 1925 4727 con-

352 4738 714 4834 templationis
734 4750 970 4818 pondere
1001 4769 1277 4824 magnum,
1298 4759 1440 4828 quod
1469 4757 1783 4832 Prostagion
1809 4762 1921 4834 (l7)

354 4832 668 4892 nominavit.
717 4840 1021 4914 Alloquitur
1060 4848 1259 4902 etenim
1308 4850 1359 4903 in
1388 4866 1454 4905 eo
1491 4867 1656 4922 opere
1700 4862 1792 4907 aut
1832 4832 1921 4909 se-

351 4924 548 4996 ipsum,
577 4936 669 4984 aut
689 4928 875 4987 Deum.
907 4933 1059 5002 Quod
1081 4952 1237 5008 opus,
1264 4954 1387 4995 cum
1424 4941 1476 4995 in
1506 4958 1697 4999 manus
1739 4944 1922 5015 cujus-

2028 4392 2357 4461 perfectionis
2387 4395 2594 4450 tendere
2632 4408 2871 4451 conatur.
2903 4395 3043 4451 Nam
3076 4399 3322 4468 quoniam
3363 4399 3441 4452 illi
3474 4399 3603 4469 {un-

2029 4484 2331 4538 dantentnm
2363 4486 2502 4555 quod
2526 4487 2697 4554 posuit
2723 4486 2990 4556 displicet,
3021 4488 3320 4544 nullatenus
3348 4490 3428 4543 illi
3461 4500 3606 4544 stru-
3640 4536 3661 4547 η.

2029 4583 2231 4627 cturam
2271 4574 2417 4629 bona:
2464 4576 2581 4629 vita:
2621 4575 3042 4646 superwdt‘ficare
3061 4579 3200 4634 libet.
3253 4577 3403 4636 Unde
3443 4581 3500 4650 ﬁt
3547 4591 3605 4634 ut

2028 4665 2465 4734 quemadmodum
2491 4666 2771 4720 arbuscula
2795 4668 2841 4721 si
2866 4684 3001 4738 stupe
3039 4672 3451 4742 transp/ametur
3474 4670 3602 4743 [al.,

2029 4757 2461 4829 transportetur],
2501 4769 2591 4812 aut
2617 4777 2781 4830 nuper
2800 4760 3038 4829 plantata
3062 4764 3114 4816 in
3137 4764 3315 4818 eodem
3346 4763 3460 4818 loco
3490 4779 3605 4818 ονε·

2029 4848 2121 4901 bra
2169 4848 2498 4904 convulsione
2537 4848 2656 4923 [al.,
2711 4853 3066 4926 conversione]
3115 4855 3453 4926 inquietetur,
3505 4871 3600 4909 ne-

2027 4958 2291 5011 quaquam
2334 4944 2573 5000 radicare
2617 4944 2824 5011 valens,
2874 4947 3173 5003 ariditatem
3211 4948 3315 5003 cito
3350 4948 3599 5013 attrahit,

1638 5051 2051 5109 IIENSCHENII
2091 5050 2322 5108 ΝΟΤΛΕ.

424 5153 693 5236 (l6)_Hoc
741 5158 1099 5236 {Ionologium
1141 5163 1193 5219 in
1233 5165 1415 5236 capita
1457 5166 1526 5221 77
1578 5166 1914 5235 distinctum,

351 5233 531 5304 exstat
561 5227 1168 5304 i_t_tter_dicta_dii_lactica
1198 5227 1476 5304 npu'scula.

423 5295 534 5380 QZ)
565 5296 677 5380 Hoc
702 5297 1047 5380 Prosologion
1071 5295 1415 5360 substituitur
1433 5306 1577 5363 dicto
1598 5306 1918 5380 Monologio,

353 5364 408 5418 in
434 5364 505 5417 26
530 5370 701 5427 capita
729 5364 1063 5427 distincium.

423 5433 533 5518 (ιβ)
575 5433 933 5518 substituitur
975 5444 1074 5518 sub
1104 5444 1206 5518 ltgc
1237 5444 1392 5518 titulo
1421 5463 1434 5500 :
1476 5445 1628 5502 Liber
1660 5464 1753 5518 pro
1793 5448 1922 5503 insi-

349 5502 539 5573 piente,
565 5510 636 5583 ad
665 5506 720 5561 ll.
764 5510 995 5566 Anselmi
1034 5515 1086 5568 in
1124 5513 1424 5583 Prosologiu
1453 5502 1917 5577 ratiocinationem,

352 5585 561 5632 auciorc
581 5577 775 5636 incerto
802 5597 823 5648 ,τ
859 5592 911 5636 et
937 5583 1185 5651 additur;
1224 5577 1373 5640 Liber
1399 5586 1461 5640 Β.
1489 5587 1719 5643 Attsclmi
1744 5589 1919 5653 apolo-

2021 5166 2224 5293 iqeticus
2273 5178 2451 5221 contra
2500 5167 2849 5240 insipientem,
2898 5173 3168 5246 capitibus
3226 5173 3293 5229 10
3345 5189 3597 5247 compre-

2062 5251 2244 5291 enstts.

2062 5251 2244 5291 0118118.

2095 5304 2207 5375 (l9)
2238 5304 2603 5382 _Co_utinentttr
2634 5308 2730 5382 lib.
2760 5327 2777 5365 ι
2806 5312 3046 5382 epistolae
3072 5327 3209 5380 quas
3238 5313 3466 5367 necdum
3495 5314 3596 5367 ah-

2023 5375 2120 5452 bas
2146 5376 2382 5452 scripsit,
2413 5388 2469 5434 et
2504 5388 2629 5435 sunt
2659 5380 2748 5448 77,
2784 5375 2941 5438 simul
2979 5375 3102 5439 cuni
3141 5382 3328 5452 paucis
3353 5383 3421 5437 ad
3467 5398 3594 5438 eum

2024 5445 2266 5512 epistolis
2295 5447 2542 5504 aliorum.

2096 5516 2208 5587 (20)
2236 5518 2343 5594 ΔΕδι
2381 5520 2748 5594 hmccpistula
2794 5521 2863 5578 29
2908 5522 2995 5579 ubi
3036 5522 3187 5594 plura
3226 5522 3326 5580 sub
3378 5521 3593 5578 initium

2026 5586 2112 5642 hic
2143 5586 2339 5645 otttissa
2366 5586 2729 5647 continentur.
