3882 6050
221 259 293 313 65
1230 258 1384 314 VITA
1421 258 1747 316 AUCTORE
1787 259 1805 314 1

1907 256 2139 314 )MERO.
2182 289 2252 300 ---
2277 247 2406 314 LIB.
2445 258 2486 314 Ι.
3418 268 3488 323 σθ

221 391 314 426 nec
347 375 417 426 ad
443 372 674 442 aliquam
701 371 906 440 fructus
938 372 1264 440 fertilitatem
1294 375 1554 442 pervenit;
1582 377 1658 427 sic
1680 373 1810 442 infe-
1837 377 1883 434 Α
1911 372 2131 440 epistola
2166 376 2396 439 excessi,
2436 384 2485 429 et
2519 385 2682 430 totum
2712 378 2850 448 quod
2875 379 2996 432 hinc
3025 380 3166 446 dixi,
3197 391 3289 436 aut
3312 382 3492 438 dicen-

221 467 297 517 lix
321 467 630 529 monachus,
667 463 713 516 si
741 464 933 531 strpius
960 465 1024 518 de
1049 463 1164 519 loco
1190 466 1259 518 ad
1289 464 1459 518 locum
1485 465 1696 534 proprio
1714 482 1809 532 ap-

217 554 384 619 petitu
408 563 662 616 mutatur,
695 562 786 606 aut
816 555 870 605 in
894 571 996 607 uno
1025 571 1334 624 permanens
1375 555 1670 626 frequenter
1694 555 1808 624 ejus

217 642 342 696 odio
374 643 689 704 concutitur,
717 659 977 714 nusquam
1009 645 1206 698 amoris
1233 645 1495 699 stabilitus
1541 645 1808 700 radicibus

215 731 289 782 ad
315 747 467 783 omne
494 731 621 784 utile
641 732 947 785 exercitium
970 733 1280 802 languescit,
1304 745 1352 790 et
1379 735 1525 789 nulla
1554 737 1808 790 bonorum

217 835 436 888 operum
471 821 702 874 ubertate
735 822 959 875 ditescit.
991 822 1226 893 Cumque
1267 842 1322 880 se
1366 843 1699 896 nequaquam
1737 829 1808 880 ad

220 911 415 962 bonum
436 951 451 974 ,
486 911 575 963 sed
606 911 659 964 in
684 912 880 965 malum
910 914 1192 982 proﬁcere,
1227 915 1272 969 si
1301 915 1437 984 forte
1479 917 1577 970 hoc
1611 918 1809 988 recogi-

221 1009 297 1050 tat
325 1039 340 1062 ,
373 1000 678 1068 perpendit;
703 1017 907 1057 onmem
936 1019 1044 1056 sua:
1068 1005 1293 1058 miseria:
1312 1021 1526 1058 causam
1552 1021 1653 1060 non
1675 1008 1806 1072 suis,

220 1090 313 1142 sed
341 1089 570 1142 aliorum
600 1091 832 1144 moribus
857 1092 1088 1162 injustus
1117 1095 1374 1161 intendit;
1415 1106 1570 1167 atque
1607 1098 1730 1152 inde
1754 1115 1810 1153 se

220 1186 390 1253 magis
420 1184 490 1236 ad
521 1184 698 1236 odium
730 1201 941 1248 eorum,
984 1187 1119 1240 inter
1167 1205 1296 1259 quos
1335 1200 1693 1257 conversatur,
1726 1192 1809 1244 in-

219 1273 446 1342 feliciter
467 1277 722 1329 accendit.
749 1275 1084 1347 Quapropter
1115 1279 1409 1350 quicunque
1433 1283 1807 1336 cmuobitarum

219 1365 357 1432 forte
381 1369 703 1435 propositum
735 1369 1062 1436 aggreditur,
1087 1371 1293 1438 expedit
1322 1373 1368 1425 ei
1399 1381 1454 1425 ut
1481 1374 1535 1426 in
1567 1389 1806 1443 quocun-

218 1475 320 1528 que
351 1459 672 1512 monasterio
699 1459 966 1528 professus
995 1460 1184 1529 fuerit,
1213 1464 1314 1517 nisi
1340 1463 1446 1518 tale
1465 1467 1625 1533 fuerit
1657 1474 1711 1519 ut
1736 1466 1808 1519 ibi

217 1548 418 1601 malum
450 1553 624 1616 facere
653 1550 844 1604 invitus
873 1559 1114 1620 cogatur,
1146 1561 1255 1606 tota
1301 1554 1490 1608 mentis
1521 1555 1808 1610 intentione

216 1641 419 1694 amoris
451 1641 716 1695 radicibus
743 1643 814 1695 ibi
844 1643 1086 1697 radicare
1112 1645 1319 1698 studeat
1340 1686 1355 1711 ,
1389 1656 1545 1717 atque
1576 1646 1805 1701 aliorum

215 1753 393 1789 mores
416 1747 509 1788 aut
537 1736 642 1788 loci
667 1736 1101 1801 consuetudines,
1147 1739 1191 1790 si
1237 1747 1420 1792 contra
1453 1739 1633 1793 divina
1664 1757 1804 1806 prtc-
1839 1713 1881 1772 Β

215 1834 367 1891 cepta
398 1840 503 1876 non
531 1833 653 1878 sunt
676 1865 688 1888 ,
711 1825 920 1878 etiamsi
952 1826 1163 1879 inutiles
1193 1826 1486 1892 videantur,
1512 1827 1810 1896 dijudicare

219 1916 477 1985 refugiat.
504 1913 744 1970 Gaudeat
767 1933 821 1970 se
839 1916 956 1986 jam
985 1917 1194 1971 tandem
1221 1919 1478 1972 invenisse
1506 1917 1596 1972 ubi
1624 1934 1680 1972 se
1706 1935 1810 1973 non

216 2006 473 2069 invitum,
495 2003 587 2059 sed
615 2004 966 2059 voluntarium
999 2015 1110 2060 tota
1155 2007 1258 2060 vita
1298 2024 1604 2061 mansurum
1623 2048 1639 2075 ,
1668 2008 1810 2061 omni

218 2095 636 2166 transmigrandi
681 2095 1035 2152 sollicitudine
1089 2097 1370 2167 propulsa,
1421 2099 1716 2153 deliberet:
1751 2109 1810 2154 ut

215 2187 426 2256 quietus
453 2187 523 2239 ad
549 2185 664 2241 sola
707 2187 808 2256 pia:
836 2187 955 2242 vita:
990 2188 1240 2242 exercitia
1269 2189 1590 2259 exquirenda
1624 2189 1809 2244 sedule

218 2286 363 2330 ναι-ει
371 2316 384 2329 .

293 2366 386 2421 28.
412 2367 567 2432 Quod
587 2368 634 2424 si
657 2369 758 2423 sibi
783 2368 988 2423 videtur
1008 2371 1216 2442 majora
1237 2371 1483 2442 qutedam
1503 2387 1566 2426 ac
1590 2370 1808 2426 utiliora

218 2456 486 2524 spirituali
498 2457 699 2526 fervore
709 2466 970 2528 appetere,
991 2477 1148 2530 quam
1164 2460 1245 2514 illi
1265 2462 1533 2531 prtrsentis
1549 2471 1810 2516 monaste-

219 2546 290 2597 rii
310 2545 723 2602 institutionibus
737 2549 910 2614 liceat,
928 2551 1146 2606 cestiinet
1161 2562 1254 2605 aut
1271 2569 1324 2606 se
1349 2551 1467 2622 falli
1483 2553 1590 2606 sive
1613 2552 1803 2622 prtefe-

219 2637 386 2690 renda
406 2639 557 2703 paria
586 2639 821 2708 paribus,
844 2640 923 2694 vel
947 2643 1153 2696 minora
1179 2642 1466 2712 majoribus
1493 2642 1613 2714 [al.,
1639 2644 1808 2698 mino-

217 2727 427 2803 ribus],
473 2731 578 2784 sive
629 2734 990 2802 prtesumendo
1029 2751 1084 2789 se
1112 2753 1263 2806 posse
1302 2737 1441 2807 quod
1470 2753 1572 2792 non
1605 2739 1804 2806 possit,

217 2829 313 2873 aut
344 2831 483 2875 certe
502 2823 678 2876 credat
700 2840 755 2878 se
779 2841 882 2878 non
905 2827 1155 2882 meruisse
1177 2829 1316 2898 quod
1341 2829 1623 2886 desiderat.
1651 2828 1806 2895 Quod

217 2916 266 2968 si
295 2915 529 2984 fallitur,
557 2927 680 2987 agat
724 2920 922 2988 gratias
953 2919 1144 2973 divina:
1175 2919 1549 2974 misericordia:
1569 2962 1582 2988 ,
1606 2937 1711 2991 qua
1739 2920 1804 2974 ab

218 3021 399 3059 errore
425 3022 523 3060 suo
547 3007 862 3077 defenditur,
894 3025 956 3063 ne
982 3010 1096 3064 sine
1122 3009 1492 3075 emolumento,
1526 3021 1616 3064 aut
1645 3013 1803 3066 etiam

1908 465 2034 518 dum
2066 465 2193 534 fuit,
2223 467 2293 520 ad
2319 467 2715 522 custodiendam
2761 473 2948 526 mentis
2974 475 3196 543 quietem
3224 477 3445 543 pertinet
3472 517 3488 540 ,

1907 555 2068 626 hujus
2097 555 2218 630 [al.,
2258 557 2430 629 omit.]
2469 560 2544 612 rei
2573 560 2737 614 brevis
2771 563 3064 617 exhortatio
3093 565 3366 634 epistolam
3396 584 3490 621 no-

1908 655 2072 699 stram
2097 647 2360 701 terminet.
2413 646 2527 701 Nec
2563 659 2743 716 putes,
2774 651 3116 720 charissime,
3141 654 3252 707 lucc
3290 671 3373 708 me
3407 656 3491 712 di-

1909 751 2026 790 cere
2049 737 2248 791 idcirco
2276 737 2415 807 quod
2441 739 2674 808 suspicer
2703 749 2751 792 te
2776 739 2955 811 aliqua
2999 744 3187 797 mentis
3227 744 3489 814 inquietu-

1908 826 2029 882 dine
2063 826 2325 882 laborare.
2358 828 2464 884 Sed
2487 830 2734 898 quoniam
2779 831 3018 886 dominus
3049 833 3204 888 Ursio
3242 834 3361 906 [al.,
3387 836 3489 892 Ur-

1907 917 2018 990 sus]
2067 920 2202 989 cogit
2249 936 2330 974 me
2374 919 2606 990 aliquam
2663 922 3070 978 admonitionem
3115 926 3208 979 tibi
3234 927 3485 992 scribere,

1909 1009 2082 1062 nescio
2113 1010 2240 1080 quid
2283 1012 2456 1079 potius
2501 1027 2774 1078 moneam,
2823 1030 2982 1079 quam
3024 1032 3204 1070 cavere
3247 1017 3344 1071 hoc
3392 1020 3486 1072 sub

1908 1099 2078 1168 specie
2108 1110 2262 1154 recta'
2284 1101 2568 1155 voluntatis
2585 1141 2601 1168 ,
2634 1103 2775 1171 quod
2807 1105 2914 1157 scio
2939 1107 3145 1160 novitiis
3170 1109 3486 1178 quibusdam

1907 1187 2072 1242 solere
2099 1189 2394 1259 subrepere.
2425 1189 2774 1261 Quapropter,
2820 1194 2986 1247 amice
3031 1197 3100 1248 nti
3128 1205 3176 1250 et
3203 1197 3370 1265 frater
3399 1200 3477 1252 di-

1908 1276 2214 1345 lectissime,
2245 1280 2502 1345 consulit,
2531 1293 2738 1348 monet,
2761 1295 3007 1351 precatur
3031 1297 3078 1339 te
3102 1296 3220 1340 tuus
3261 1289 3486 1344 dilectus

1907 1369 2126 1424 dilector
2148 1373 2270 1426 totis
2295 1373 2470 1426 cordis
2501 1374 2810 1438 visceribus,
2843 1387 2896 1428 ut
2925 1379 3048 1430 totis
3094 1379 3289 1433 viribus
3327 1383 3486 1451 quieti

1909 1460 2093 1514 mentis
2113 1462 2354 1528 studeas,
2389 1463 2500 1516 sine
2519 1480 2625 1533 qua
2653 1463 2788 1517 nulli
2814 1465 2934 1519 licet
2959 1467 3137 1521 callidi
3201 1472 3362 1524 hostis
3409 1473 3487 1525 in-

1907 1548 2072 1603 sidias
2098 1551 2494 1620 circumspicere
2524 1552 2600 1606 vel
2625 1555 2838 1608 semitas
2878 1557 3128 1609 virtutum
3179 1561 3489 1628 angustissi-

1907 1654 2022 1692 mas
2085 1641 2401 1709 prospicere.
2457 1642 2537 1694 Ad
2581 1643 2716 1696 hanc
2775 1661 2891 1698 vero
2951 1649 3235 1702 monachus
3282 1651 3372 1719 qui
3432 1653 3488 1706 in

1910 1731 2231 1782 monasterio
2277 1742 2635 1796 conversatur,
2679 1735 2970 1804 pertingere
3017 1737 3316 1794 nullatenus
3352 1742 3487 1796 valet

1911 1819 2024 1872 sine
2071 1820 2366 1873 constantia
2418 1830 2465 1875 et
2513 1825 2946 1890 mansuetudine,
2980 1844 3097 1896 qua:
3139 1835 3488 1885 mansuetudo

1910 1910 2290 1966 indissolubilis
2331 1928 2502 1966 comes
2557 1925 2632 1968 est
2689 1917 2988 1984 patientia";
3035 1929 3083 1972 et
3147 1922 3248 1974 nisi
3304 1938 3488 1976 mona-

1910 2002 2058 2055 sterii
2123 2002 2205 2055 sui
2258 2003 2539 2068 instituta,
2589 2020 2706 2074 quce
2749 2006 2938 2060 divinis
3000 2023 3103 2061 non
3153 2009 3491 2078 prohibentur

1910 2095 2208 2159 mandatis,
2258 2093 2465 2148 etiamsi
2515 2097 2766 2150 rationem
2807 2113 2985 2151 eorum
3034 2115 3135 2152 non
3169 2103 3482 2169 perviderit,

1910 2193 1966 2236 ut
1997 2183 2237 2253 religiosa
2259 2185 2517 2239 studuerit
2559 2186 2847 2241 observare.
2893 2187 3044 2254 Vale,
3071 2201 3119 2243 et
3152 2192 3475 2260 omnipotens

1908 2275 2168 2330 Dominus
2197 2277 2434 2346 perﬁciat
2459 2294 2666 2347 gressus
2697 2288 2811 2331 tuos
2841 2280 2894 2332 in
2923 2281 3118 2334 semitis
3139 2283 3271 2349 suis,
3297 2294 3351 2336 ut
3383 2300 3486 2339 non

1909 2375 2216 2420 moveantur
2272 2367 2486 2436 vestigia
2521 2377 2650 2433 tua,
2680 2377 2737 2420 ut
2784 2369 2837 2422 in
2869 2369 3090 2438 justitia
3129 2388 3385 2441 apparens
3429 2375 3486 2428 in

1909 2464 2186 2524 conspectu
2229 2455 2477 2521 Domini,
2509 2467 2558 2510 et
2587 2457 2796 2511 satieris
2840 2474 2958 2511 cum
2988 2461 3286 2529 apparuerit
3315 2462 3485 2532 gloria

1907 2544 2044 2615 ejus.
2480 2546 2503 2590 λ

2520 2701 2747 2759 CAPUT
2784 2700 2874 2758 IV.

1909 2861 2116 2919 Oblata
2159 2863 2406 2918 divinitus
2455 2862 2706 2931 visiones,
2752 2863 3028 2936 consilium
3069 2865 3210 2936 circa
3258 2866 3484 2936 regimen

2045 2949 2347 3003 puerorum,
2376 2951 2514 2988 amor
2552 2936 2667 2989 vita:
2692 2935 2979 2989 communis
3005 2944 3051 2987 et
3080 2935 3338 2988 discretio.

221 3053 393 3059 ------
425 3053 519 3060 ,π
548 3053 607 3060 π,
636 3053 827 3062 -.-πω
847 3053 862 3074 ,
895 3053 955 3063 .,,
983 3053 1094 3064 -.ην
1122 3053 1492 3075 -...-.....--...-,
1526 3053 1614 3064 .....
1645 3053 1803 3066 νην...

216 3112 340 3148 cum
361 3095 580 3164 inuam
613 3053 797 3152 ἰοειιπ,
841 3100 921 3154 νει
965 3099 1086 3154 vim,
1133 3101 1369 3155 ονάίηεηι
1401 3103 1688 3169 "mando,
1720 3105 1808 3158 ίη,
1835 3053 1878 3111 C
1977 3085 2067 3142 29.
2108 3087 2254 3142 Inter
2273 3091 2423 3154 haec,
2445 3104 2567 3144 cum
2590 3091 2702 3158 jam
2731 3099 2782 3144 ct
2827 3092 2988 3145 dictis
3025 3101 3079 3146 et
3113 3091 3332 3162 scriptis
3371 3093 3484 3148 suis

218 3185 534 3239 constantia
554 3184 876 3257 levitatisque
903 3188 1105 3257 frustra
1128 3191 1324 3243 crimen
1345 3191 1547 3255 subeat,
1578 3202 1668 3246 aut
1692 3209 1810 3248 ma-

209 3276 338 3344 jora
353 3277 466 3330 suis
482 3277 675 3332 viribus
695 3280 1005 3349 experiendo
1017 3280 1291 3351 fatigatus,
1305 3282 1531 3338 deterius
1543 3284 1594 3338 in
1606 3286 1805 3356 priora,

219 3376 312 3419 aut
337 3367 502 3420 etiam
534 3366 588 3422 in
611 3369 792 3438 pejora
816 3370 1079 3438 prioribus
1107 3371 1332 3440 deﬁciat.
1365 3369 1426 3426 Si
1471 3384 1645 3428 autem
1696 3391 1809 3431 vere

219 3457 441 3511 meliora
462 3457 696 3526 illisque:
707 3460 761 3514 in
772 3471 1012 3531 promptu
1025 3471 1143 3516 sunt
1159 3463 1388 3517 nondum
1409 3467 1624 3520 meritus
1641 3477 1806 3533 optat,

219 3549 481 3616 patienter
526 3550 709 3605 toleret
754 3552 988 3606 divinum
1025 3552 1316 3623 judicium,
1365 3556 1505 3625 quod
1543 3557 1636 3610 ulli
1684 3557 1805 3626 [al.,

220 3637 329 3708 illi]
360 3638 563 3709 aliquid
589 3641 783 3710 injuste
813 3658 914 3696 non
950 3643 1190 3713 denegat,
1229 3641 1352 3715 [Ms.
1379 3647 1490 3701 iure
1530 3646 1664 3719 om.]
1713 3665 1806 3702 ne-

220 3745 321 3798 que
345 3734 730 3786 murmurando
757 3746 846 3787 aut
875 3734 1198 3804 obloquendo
1227 3735 1394 3790 Deunt
1422 3739 1690 3807 offendat,
1717 3739 1806 3792 sed

221 3823 595 3891 cquanimiter
641 3826 819 3878 omnia
863 3827 1114 3895 suieret,
1149 3828 1324 3882 omnia
1358 3829 1426 3882 ad
1458 3829 1679 3884 meliora
1718 3847 1807 3885 co-

221 3923 379 3966 netur
408 3913 665 3970 deducere
711 3916 924 3986 ferendo
959 3936 1021 3973 ne
1044 3936 1136 3988 per
1172 3921 1547 3989 impatientiam
1569 3922 1807 3992 judicent

211 4002 427 4071 justum
458 4020 780 4074 exasperans
806 4018 1070 4062 mereatur
1090 4010 1230 4079 quod
1258 4027 1359 4064 non
1383 4011 1533 4064 habet
1578 4027 1683 4066 non
1716 4029 1807 4066 ac-

219 4094 426 4162 cipere,
457 4103 506 4148 et
532 4095 671 4165 quod
692 4097 890 4167 accepit
919 4100 1189 4165 amittere;
1221 4111 1312 4154 aut
1347 4102 1469 4171 quia
1497 4101 1614 4173 [al.,
1643 4102 1805 4174 quod]

221 4201 324 4238 non
350 4196 531 4252 amat,
553 4187 810 4243 inutiliter
837 4199 1028 4246 tenere.
1065 4191 1172 4247 Seu
1203 4209 1320 4246 vero
1353 4195 1769 4248 misericordiam
1789 4236 1804 4260 ,

217 4292 308 4329 seu
323 4277 598 4346 judicium
625 4296 748 4350 erga
778 4297 832 4335 se
858 4282 912 4335 in
936 4281 1044 4337 illis
1075 4299 1193 4353 qua:
1223 4300 1328 4338 non
1353 4285 1503 4339 habet
1543 4295 1592 4340 et
1630 4297 1804 4356 optat,

1908 3193 2088 3234 mores
2116 3179 2199 3234 sui
2231 3180 2284 3233 in
2316 3179 2463 3234 nullo
2491 3181 2871 3236 discordarent
2897 3222 2911 3246 ,
2945 3191 3110 3236 totam
3141 3198 3253 3237 sua:
3286 3185 3484 3238 mentis

1911 3271 2266 3327 intentionem
2316 3271 2371 3325 in
2422 3281 2790 3343 contemptum
2823 3274 3006 3328 mundi
3059 3277 3480 3344 composuisset,

1907 3371 1964 3419 et
1993 3364 2078 3419 his
2104 3362 2234 3419 solis
2259 3379 2380 3434 qua:
2410 3363 2506 3418 Dei
2545 3374 2708 3419 erant
2748 3373 2918 3421 totum
2949 3367 3186 3422 studium
3217 3384 3373 3422 suum
3402 3369 3484 3422 in-

1909 3454 2147 3518 tixissct,
2197 3455 2426 3523 conligit
2469 3463 2529 3508 ut
2564 3455 2882 3511 inﬁrmitate
2931 3469 3214 3528 correptus
3249 3461 3486 3531 graviter

1907 3544 2254 3616 aﬂligeretur.
2281 3547 2386 3602 Sed
2408 3547 2523 3617 ipse
2548 3547 2600 3601 in
2629 3547 2740 3604 Deo
2761 3563 2974 3620 semper
2997 3549 3090 3622 [al.
3147 3551 3319 3623 omit.]
3344 3552 3483 3607 idem

1906 3639 2176 3702 existens,
2223 3638 2480 3710 languore
2521 3639 2801 3710 paulisper
2845 3641 3061 3708 sedato,
3108 3653 3262 3697 extra
3295 3659 3353 3698 se
3389 3660 3486 3713 per

1909 3731 2105 3786 mentis
2126 3745 2406 3786 excessum
2430 3741 2614 3800 raptus
2638 3733 2772 3788 vidit
2793 3733 3008 3789 ﬂuvium
3041 3752 3205 3790 unum
3237 3737 3484 3806 rapidum

1907 3830 2068 3891 atque
2111 3823 2476 3892 prazcipitem,
2521 3824 2574 3876 in
2625 3838 2784 3892 quem
2841 3823 3184 3880 conﬂuebant
3235 3827 3482 3881 omnium

1912 3911 2149 3966 ﬂuxuum
2181 3911 2303 3982 [al.,
2336 3911 2644 3982 ﬂuminum]
2676 3924 3002 3982 purgatum,
3033 3924 3088 3969 et
3115 3931 3484 3983 quarumcun-

1907 4021 2014 4077 que
2042 4022 2224 4062 rerum
2272 4015 2432 4061 terrae
2478 4005 2756 4060 lavaturaa.
2792 4006 3297 4076 Videbaturitaque
3345 4022 3485 4075 aqua

1908 4096 2023 4166 ipsa
2056 4096 2220 4151 nimis
2250 4095 2464 4152 turbida
2491 4105 2546 4150 et
2574 4096 2882 4162 immunda,
2917 4105 2972 4150 et
2998 4096 3144 4150 onmi
3192 4097 3486 4166 spurcitia-

1909 4203 2030 4243 rum
2056 4187 2214 4244 sorde
2245 4187 2484 4243 horrida.
2521 4187 2785 4256 Rapiebat
2814 4188 2977 4258 igitur
3025 4189 3078 4243 in
3120 4204 3179 4244 se
3224 4189 3485 4260 quidquid

1907 4279 2176 4349 attingere
2218 4285 2465 4348 poterat,
2504 4287 2560 4332 et
2609 4277 2924 4334 devolvebat
2970 4287 3076 4333 tam
3126 4279 3273 4334 viros
3321 4295 3484 4350 quam
3521 4316 3533 4333 .

219 4369 502 4435 persentiat
523 4387 542 4434 ;
565 4370 716 4425 littus
739 4388 803 4425 ea:
822 4372 902 4426 his
925 4389 1040 4444 qua:
1061 4375 1278 4443 accepit,
1307 4373 1542 4444 largitati
1568 4393 1808 4446 superna:
1837 4387 1885 4448 υ
1914 4370 2202 4434 mulieres.
2233 4369 2428 4424 (“Viles
2455 4379 2510 4424 ει
2540 4370 2726 4439 ἰηορεε
2755 4369 2934 4424 δίηται·
2966 4370 3118 4436 Ουοά
3147 4385 3269 4425 cum
3298 4370 3489 4424 A950"

219 4461 422 4528 gratias
470 4461 662 4531 dignas
701 4463 980 4532 persolvat.
1029 4463 1098 4518 Et
1128 4466 1254 4534 quia
1288 4465 1359 4519 ad
1399 4465 1807 4538 qualemcunque

220 4563 430 4619 portum
451 4553 519 4607 de
547 4553 852 4622 procellosis
882 4556 1065 4609 mundi
1093 4555 1388 4610 turbinibus
1413 4557 1583 4627 potuit
1607 4558 1805 4626 pertin-

223 4659 367 4713 gere,
393 4658 581 4698 careat
610 4645 666 4699 in
693 4655 873 4714 portus
894 4647 1329 4713 tranquillitatem
1352 4657 1558 4703 ventum
1582 4649 1805 4704 levitatis

222 4745 268 4787 et
317 4735 666 4805 impatientia:
715 4737 972 4792 turbinem
1030 4740 1312 4798 inducere:
1359 4749 1614 4810 quatenus
1660 4758 1804 4796 mens

224 4827 520 4880 constantia
561 4837 610 4881 et
645 4829 1045 4900 mansuetudine
1075 4831 1362 4886 tutantibus
1409 4833 1613 4904 quieta,
1643 4835 1804 4889 divini

224 4916 426 4970 timoris
449 4916 801 4972 sollicitudini
841 4928 889 4973 et
932 4921 1128 4975 amoris
1150 4920 1484 4977 delectationi
1522 4924 1590 4978 sit
1617 4941 1800 4978 vacua.

226 5003 364 5060 Nam
384 5007 546 5062 timor
568 5024 660 5078 per
685 5009 1088 5065 sollicitudinem
1117 5014 1373 5079 custodit,
1397 5030 1548 5068 amor
1574 5030 1692 5069 vero
1713 5031 1806 5083 per

225 5097 618 5153 delectationem
656 5100 880 5168 perﬁcit.
929 5101 1054 5156 Scio
1094 5104 1220 5172 quia
1285 5103 1396 5158 hcce
1431 5104 1683 5174 majorem
1711 5115 1803 5160 aut

225 5190 484 5244 scribendi
521 5201 612 5244 aut
664 5190 994 5262 colloquendi
1030 5193 1241 5263 exigunt
1284 5192 1680 5264 amplitudinem
1704 5235 1718 5258 ,
1746 5207 1801 5250 ut

223 5277 426 5347 plenius
451 5279 802 5351 intelligatur,
826 5283 1014 5352 quibus
1035 5283 1232 5338 scilicet
1255 5285 1390 5340 dolis
1417 5285 1666 5356 antiquus
1691 5303 1802 5341 ser-

220 5383 347 5438 pens
373 5370 622 5440 ignarum
643 5373 960 5426 monachum
989 5373 1047 5428 in
1071 5375 1170 5429 hoc
1193 5392 1376 5446 genere
1408 5378 1710 5432 tentationis
1731 5377 1800 5431 il-

221 5456 456 5528 laqueet,
484 5467 536 5513 et
555 5469 737 5515 contra
783 5462 969 5531 quibus
1011 5464 1301 5519 rationibus
1347 5467 1576 5535 prudens
1612 5483 1800 5521 mona-

219 5554 348 5605 chus
372 5551 490 5622 ejus
512 5551 636 5624 [al..
662 5552 774 5625 eas]
807 5555 1028 5610 callidas
1069 5559 1428 5625 persuasiones
1474 5557 1721 5612 dissolvat
1750 5568 1798 5612 et

217 5643 473 5698 unnihilet
507 5658 521 5696 .‘
551 5643 643 5698 sed
679 5647 923 5715 quoniam
972 5647 1081 5716 iant
1130 5649 1424 5704 brevitatem
1450 5665 1608 5718 quam
1638 5649 1795 5721 exigit

1909 4477 2032 4518 mus
2063 4462 2316 4527 vidisset,
2349 4471 2403 4517 et
2435 4470 2541 4515 tam
2585 4462 2875 4516 obscenam
2925 4460 3314 4515 resolutionem
3365 4461 3484 4514 illo-

1907 4567 2026 4606 rum
2062 4551 2351 4606 miseratus
2398 4549 2540 4604 unde
2569 4549 2841 4614 viverent,
2870 4559 2963 4603 aut
2991 4549 3130 4604 unde
3153 4550 3298 4603 sitim
3329 4564 3482 4604 suam

1907 4639 2393 4710 refecillarentqui
2444 4639 2524 4694 sic
2573 4637 2901 4703 ferebantur,
2943 4639 3272 4709 inquireret;
3325 4656 3485 4696 accc-

1907 4733 2181 4802 pissetqne
2209 4743 2525 4800 responsum
2547 4770 2563 4796 ,
2594 4744 2689 4785 eos
2726 4744 2790 4786 ea
2820 4745 2927 4799 qua
2957 4731 3314 4786 trahebantur
3338 4747 3483 4800 aqua

1908 4823 2092 4877 vivere
2131 4819 2535 4890 delectarique,
2585 4820 2917 4890 indignantis
2963 4837 3096 4877 voce
3147 4823 3322 4894 inquit
3360 4823 3482 4895 [al.,

1905 4914 1950 4970 si
1985 4911 2182 4984 inquit]
2214 4930 2238 4965 ε.
2261 4911 2577 4978 Quomodo?
2601 4910 2714 4966 Tali
2743 4927 2812 4966 ne
2841 4911 3034 4981 aliquis
3058 4927 3216 4968 caeno
3245 4925 3475 4983 potatus.

1905 5004 1989 5060 vel
2020 5019 2118 5074 pro
2144 5005 2260 5074 ipso
2289 5003 2565 5058 hominum
2596 5002 2802 5072 pudore
2825 5017 2884 5056 se
2921 5001 3123 5058 ferret?
3150 5003 3228 5058 Ad
3260 5003 3361 5058 hoc
3395 5003 3483 5058 ille

1903 5098 1995 5167 qui
2044 5096 2409 5152 comitabatur
2453 5108 2576 5149 eum
2623 5111 2635 5147 :
2685 5093 2763 5149 Ne
2811 5093 3060 5159 mireris,
3109 5095 3216 5159 ait;
3269 5103 3482 5148 torrens

1905 5189 2089 5244 mundi
2114 5198 2198 5244 est
2227 5187 2369 5258 quod
2398 5185 2548 5241 vides
2567 5226 2582 5248 ,
2614 5200 2721 5256 quo
2750 5186 3037 5256 rapiuntur
3063 5194 3119 5241 et
3140 5184 3484 5239 involvuntur

1905 5282 2150 5337 homines
2176 5281 2390 5346 mundi;
2442 5287 2497 5334 et
2544 5280 2786 5350 adjecit:
2826 5279 2993 5335 Visne
3037 5279 3223 5332 videre
3257 5277 3384 5346 quid
3408 5276 3482 5332 sit

1901 5387 2064 5427 verus
2117 5371 2238 5443 [al.,
2289 5371 2440 5444 vere]
2505 5370 2894 5426 monacbatus?
2950 5367 3289 5438 Respondit:
3325 5367 3476 5424 Volo.

1903 5464 2066 5519 Duxit
2085 5479 2214 5535 ergo
2237 5463 2385 5519 illum
2407 5465 2561 5534 quasi
2583 5465 2637 5519 in
2659 5471 2974 5532 conseptum
2997 5459 3274 5529 cujusdam
3298 5459 3476 5528 magni

1901 5565 1955 5610 et
1979 5555 2142 5626 ampli
2181 5555 2427 5621 claustri,
2459 5566 2513 5611 et
2540 5555 2678 5610 dixit
2705 5552 3194 5622 ei:Circumspice.
3233 5551 3478 5620 Aspexit,

1899 5657 1954 5705 et
1982 5662 2108 5704 ecce
2131 5647 2362 5720 parietes
2411 5647 2632 5704 claustri
2658 5646 2799 5701 illius
2827 5645 3044 5700 obducti
3077 5654 3232 5699 erant
3255 5652 3477 5712 argento
