3882 6050
399 249 464 305 67
1476 234 1531 289 S.
1580 229 1876 288 ANSELMI
1913 225 2264 286 CANTUAB.
2291 223 2606 281 ARCHIEP.
3586 222 3657 281 οε

402 362 692 434 purissimo
724 358 844 431 [al.,
870 358 1017 412 omit.
1048 363 1104 410 et
1126 346 1744 419 eandidissimo.]llerba
1772 356 1984 415 quoque
2011 346 2060 403 Α
2090 340 2312 404 amoris,
2342 337 2473 393 nihil
2502 334 2743 434 pictatis,
2770 334 2911 434 nihil
2941 333 3500 434 benevoli-ntimtsive-
3540 339 3660 393 dul-

403 454 593 511 mediaa
620 451 863 521 planitiei
896 449 1078 503 virens
1114 454 1233 500 erat
1261 453 1319 499 et
1349 443 1461 512 ipsa
1492 448 1777 509 argentea,
1811 434 1986 491 mollis

402 545 702 616 quidemet
750 541 888 595 ultra
938 540 1227 594 humanam
1276 533 1584 603 opinionem
1634 528 1983 583 delcctabilis.

403 637 532 693 ilmc
561 634 692 707 [al.,
729 629 861 702 nec]
894 643 1042 684 more
1086 625 1308 681 alterius
1336 622 1518 678 herbae
1546 621 1647 676 sub
1693 618 1778 673 his
1810 618 1900 688 qui
1933 619 1985 672 in

407 742 472 783 ea
514 725 852 797 pausabant,
902 720 1095 775 leniter
1140 715 1459 772 flectebatur
1488 753 1504 779 ,
1550 721 1605 767 et
1645 710 1989 782 surgentibus

407 817 563 888 ipsis,
593 825 649 869 et
677 815 792 884 ipsa
823 812 1152 882 erigebatur.
1186 808 1371 875 Itaque
1398 804 1548 858 locus
1579 801 1668 857 ille
1696 810 1839 857 totus
1871 805 1990 854 erat

408 914 742 970 ammnus,et
763 903 1028 974 praecipua
1052 898 1386 969 iucunditate
1409 894 1664 963 repletus;
1699 893 1841 947 hunc
1862 904 1989 960 ergo

406 1003 475 1057 ad
507 998 914 1055 inhabitandam
956 992 1117 1063 elegit
1148 988 1250 1044 sibi
1275 986 1582 1047 Anselmus.
1621 983 1771 1036 Tunc
1799 980 1990 1035 ductor

405 1093 523 1162 ejus
559 1090 696 1145 dixit
740 1087 789 1142 ei
825 1105 837 1140 :
870 1084 1001 1140 Eia!
1060 1081 1142 1136 vis
1200 1079 1385 1132 videre
1435 1074 1562 1146 quid
1616 1074 1686 1128 sit
1732 1071 1988 1142 patientia

407 1184 580 1240 vera?
622 1183 703 1237 Ad
727 1179 868 1251 quod
899 1190 1022 1232 cum
1053 1173 1140 1228 ille
1170 1184 1365 1241 magno
1398 1168 1581 1224 cordis
1606 1163 1800 1220 affectu
1827 1164 1989 1235 gesti—

408 1286 530 1344 ret,
592 1285 646 1330 et
673 1289 731 1329 se
760 1272 813 1325 id
841 1266 1247 1339 quummaxime
1274 1261 1407 1317 velle
1440 1258 1811 1329 responderet,
1843 1256 1909 1311 ad
1933 1269 1991 1313 se

406 1368 585 1423 subito
613 1376 877 1426 reversus,
907 1371 963 1414 et
990 1357 1277 1418 visionem,
1308 1361 1363 1408 et
1396 1350 1622 1405 visionis
1653 1349 1990 1403 demonstra-

410 1470 581 1514 torem
614 1455 800 1511 dolens
854 1466 918 1505 ac
948 1445 1315 1521 gemebundus
1360 1442 1566 1512 pariter
1612 1439 1818 1494 amisit.
1848 1439 1989 1495 Duas

409 1557 590 1603 autem
622 1559 758 1615 quas
789 1542 1001 1596 viderat
1026 1537 1262 1593 visiones
1310 1533 1613 1603 intelligens
1637 1569 1653 1595 ,
1700 1543 1991 1598 secumque

410 1638 713 1702 revolvens,
728 1649 792 1689 eo
812 1632 982 1702 magis
1009 1629 1167 1684 unius
1184 1626 1463 1681 horrorem
1488 1623 1692 1694 fugere,
1721 1636 1829 1691 quo
1858 1619 1990 1675 alte-

2089 431 2293 487 ccdinis
2321 430 2466 484 circa
2490 444 2548 485 se
2579 430 2631 484 in
2664 428 2812 483 vobis
2849 428 3090 483 sentiunt
3112 466 3127 491 ,
3172 442 3272 482 nec
3316 427 3392 482 illi
3434 427 3662 501 alicujus

2090 520 2186 593 [αι.
2219 518 2390 592 omit.]
2430 521 2483 575 in
2536 519 2689 574 vobis
2718 518 2841 574 boni
2891 527 3076 589 postea
3100 518 3258 574 ﬁdem
3287 518 3544 585 habeant,
3564 524 3661 577 sed

2089 613 2269 668 omnia
2294 621 2475 668 vestra
2497 628 2563 667 ex
2587 612 2711 667 odio
2746 619 2800 665 et
2826 610 3026 665 invidia
3069 619 3257 665 contra
3284 625 3344 667 se
3368 614 3663 682 procedere

2089 708 2333 761 credant.
2383 703 2765 775 Contiugitque
2816 703 2975 759 modo
3033 689 3366 768 miserabili,
3416 716 3475 760 ut
3520 706 3661 762 sicut

2090 796 2341 865 deinceps
2366 809 2593 865 corpore
2621 802 2893 858 crescunt,
2922 793 3003 848 sic
3031 793 3084 847 in
3112 794 3193 848 eis
3219 794 3402 849 odium
3433 804 3489 850 et
3536 811 3661 851 sus-

2089 884 2232 953 pieio
2259 885 2434 939 omnis
2460 883 2584 938 mali
2611 891 2837 948 crescat,
2868 897 3081 952 semper
3105 883 3259 953 proni
3284 892 3340 938 et
3364 884 3573 940 incurvi
3592 886 3665 943 ad

2091 975 2240 1029 vitia.
2273 974 2513 1044 Cumque
2551 976 2617 1029 ad
2647 974 2851 1029 nullum
2881 974 3082 1029 fuerint
3128 976 3182 1028 in
3233 989 3356 1030 vera
3398 976 3665 1033 charitate

2092 1064 2300 1129 nutriti,
2349 1064 2551 1119 nullum
2596 1065 2696 1119 nisi
2749 1064 3021 1135 depressis
3065 1064 3409 1134 superciliis,
3439 1067 3663 1123 oculove

2090 1156 2308 1226 obliquo
2334 1155 2513 1210 valent
2542 1155 2760 1210 intueri.

2161 1250 2250 1303 3t.
2310 1245 2416 1303 Sed
2477 1258 2694 1317 prepter
2738 1248 2905 1302 Deum
2951 1245 3139 1302 vellem
3187 1246 3440 1302 diceretis
3487 1248 3618 1302 mihi
3649 1288 3664 1315 ,

2092 1339 2218 1409 quid
2247 1353 2424 1393 causze
2452 1339 2523 1392 sit
2546 1339 2688 1407 quod
2713 1337 2793 1393 eis
2837 1346 3043 1393 tantum
3072 1337 3251 1393 infesti
3278 1338 3444 1394 estis?
3478 1336 3667 1395 Nonne

2092 1430 2370 1495 homines;
2432 1445 2613 1486 nonne
2651 1429 2890 1497 ejusdem
2937 1439 3145 1485 naturas
3191 1440 3319 1485 sunt
3364 1429 3516 1499 cujus
3569 1446 3668 1487 vos

2094 1521 2269 1576 estis?
2301 1520 2589 1576 Velletisne
2618 1520 2769 1576 vobis
2812 1519 2931 1575 ﬁeri
2971 1520 3113 1590 quod
3149 1519 3253 1574 illis
3294 1518 3507 1577 infertis
3541 1519 3665 1592 [al.,

2094 1610 2327 1684 facitis]?
2358 1612 2413 1667 Si
2446 1612 2663 1682 quidem
2688 1613 2828 1682 quod
2861 1620 3007 1676 sunt,
3038 1626 3134 1667 vos
3153 1612 3367 1668 essetis?
3398 1611 3504 1667 Sed
3526 1621 3665 1668 esto.

411 1686 524 1782 rius
548 1686 860 1780 amoenitate
885 1686 1089 1776 sinuati
1132 1716 1408 1773 delectari.
1439 1686 1633 1769 Totum
1680 1727 1811 1783 ergo
1839 1712 1991 1768 dein-
2022 1686 2067 1744 Β
2098 1703 2237 1759 Solis
2268 1720 2361 1760 eos
2388 1704 2832 1775 percussionibus
2862 1712 2919 1760 et
2950 1702 3171 1772 ﬂagellis
3201 1704 3269 1758 ad
3295 1718 3473 1760 mores
3495 1704 3669 1760 bonos

410 1834 538 1888 ceps
562 1834 681 1874 sese
710 1817 855 1873 dedit
898 1815 950 1869 in
980 1814 1103 1877 hoc,
1143 1819 1206 1867 ut
1250 1825 1410 1866 verus
1457 1808 1577 1881 [al.,
1613 1808 1759 1882 vere]
1807 1825 1995 1864 mona-

410 1910 549 1964 chus
590 1914 773 1969 esset,
823 1914 878 1959 et
908 1911 965 1958 ut
992 1903 1158 1956 vitam
1190 1899 1563 1956 monachicam
1595 1897 1749 1953 ﬁrma
1784 1899 1994 1954 ratione

411 1993 912 2066 comprehenderet,
949 1990 1174 2058 aliisque
1199 1995 1526 2058 proponeret
1546 1985 1669 2058 [al.,
1709 2001 1989 2057 pmpone-

413 2087 542 2159 ret,]
572 2102 671 2141 nec
699 2094 784 2140 est
812 2084 1056 2152 privatus
1087 2079 1355 2137 desiderio
1392 2093 1506 2133 suo.
1551 2077 1704 2145 Quod
1751 2079 1989 2148 quidem,

412 2187 469 2233 ut
497 2176 726 2241 :estimo,
752 2173 1085 2240 aliquantum
1113 2169 1316 2240 percipi
1344 2168 1540 2238 poterit
1564 2184 1630 2224 ex
1656 2168 1834 2223 verbis
1853 2167 1990 2235 ejus,

412 2282 531 2336 qua:
553 2281 646 2335 per
672 2267 817 2319 vices
838 2262 964 2317 huic
990 2258 1248 2330 opuscqu
1270 2259 1456 2313 indere
1480 2259 1582 2315 rati
1606 2274 1811 2321 sumus.
1836 2258 1992 2327 juxta

413 2355 556 2426 quod
593 2355 763 2410 series
791 2360 957 2423 gestae
1006 2350 1082 2404 rei
1133 2363 1293 2419 quam
1352 2349 1685 2418 suscepimus
1736 2363 1993 2405 enarrare

410 2446 726 2517 postulabit.
766 2443 875 2498 Nec
909 2442 1053 2497 enim
1101 2441 1230 2496 mihi
1279 2440 1489 2497 videtur
1543 2441 1777 2511 pleniter
1831 2456 1994 2511 posse

412 2537 646 2608 pertingi
679 2534 745 2588 ad
777 2533 1023 2588 notitiam
1055 2530 1412 2585 institutionis
1466 2532 1590 2586 vita:
1627 2532 1789 2597 illius,
1819 2535 1865 2589 si
1899 2533 1990 2593 de-

414 2627 634 2697 scriptis
656 2625 866 2679 actibus
882 2622 998 2691 ejus
1021 2622 1143 2692 quis
1167 2620 1251 2676 vel
1271 2621 1446 2691 qualis
1475 2622 1635 2679 fuerit
1662 2625 1714 2679 in
1744 2640 1992 2683 sermone

416 2726 678 2774 taceatur.

486 2806 575 2860 50.
605 2804 848 2871 Quodam
900 2802 1065 2871 igitur
1113 2811 1357 2873 tempore
1403 2819 1526 2859 cum
1569 2806 1785 2875 quidam
1827 2807 1994 2865 abbas

419 2901 511 2971 qui
545 2898 835 2955 admodum
869 2897 1152 2969 religiosus
1179 2896 1482 2954 habebatur
1506 2939 1521 2965 ,
1570 2912 1751 2954 secum
1794 2897 1862 2954 de
1907 2899 1992 2954 his

2093 1796 2259 1852 vultis
2304 1797 2599 1852 informare
2655 1795 2779 1868 [al.,
2827 1794 3106 1867 minare]?
3163 1793 3381 1850 Vidistis
3430 1810 3668 1864 unquam

2094 1887 2356 1944 artiﬁcem
2386 1903 2452 1943 ex
2484 1887 2683 1944 lamina
2714 1888 2831 1941 auri
2862 1887 2947 1942 vel
2977 1887 3183 1958 argenti
3209 1887 3337 1944 solis
3364 1888 3668 1956 percussio-

2094 1975 2254 2032 nihus
2320 1977 2609 2049 imaginem
2658 1976 2959 2046 speciosam
3005 1975 3313 2032 formasse?
3357 1974 3474 2033 Non
3518 1986 3670 2047 puto.

2094 2069 2235 2137 Quid
2258 2071 2426 2127 tunc?
2459 2072 2736 2138 Quatenus
2764 2079 2944 2141 aptam
2975 2069 3199 2125 formam
3229 2085 3297 2126 ex
3326 2069 3527 2125 lamina
3556 2067 3672 2125 for-

2093 2169 2204 2216 met
2229 2159 2350 2232 [al.,
2379 2160 2574 2232 aptet],
2607 2176 2751 2217 nunc
2779 2175 2901 2217 eam
2947 2176 3047 2216 suo
3089 2161 3451 2217 instrumento
3479 2160 3675 2217 leniter

2094 2256 2292 2324 premit
2330 2266 2385 2310 et
2420 2257 2694 2325 percutit,
2737 2269 2883 2309 nunc
2912 2255 3147 2309 discreto
3191 2253 3454 2308 levamine
3504 2254 3676 2309 lenius

2093 2344 2237 2401 levat
2262 2354 2314 2402 et
2341 2345 2557 2401 format.
2592 2344 2684 2401 Sic
2710 2355 2765 2402 et
2798 2360 2895 2403 vos
2922 2345 2967 2401 si
3003 2358 3198 2414 pueros
3228 2351 3438 2399 vestros
3467 2344 3671 2413 cupitis

2093 2435 2302 2491 ornatis
2330 2435 2570 2491 moribus
2608 2450 2728 2493 esse
2752 2476 2766 2501 ,
2816 2445 3037 2493 necesse
3081 2441 3166 2490 est
3210 2442 3271 2490 ut
3300 2447 3422 2489 cum
3450 2433 3674 2503 depres-

2093 2527 2341 2585 siouibus
2373 2527 2659 2585 verberum
2686 2526 3012 2598 impendatis
3055 2527 3135 2582 eis
3173 2536 3413 2595 paterna:
3458 2526 3681 2595 pietatis

2094 2627 2150 2673 et
2180 2617 2608 2675 mansuetudinis
2638 2616 2879 2674 levamen
2910 2628 3074 2687 atque
3100 2616 3417 2673 subsidium.
3447 2616 3531 2675 Ad
3562 2618 3678 2671 haec

2093 2711 2262 2767 abbas
2293 2729 2306 2764 :
2345 2709 2497 2779 Quod
2526 2710 2803 2766 levamen?
2827 2711 2971 2779 quod
3007 2709 3351 2767 subsidium?
3376 2710 3458 2765 Ad
3484 2724 3681 2781 graves

2092 2811 2150 2858 et
2170 2812 2412 2860 maturos
2450 2802 2620 2861 moles
2647 2801 2767 2858 illos
2811 2802 3187 2874 constringere
3212 2802 3538 2859 laboramus.
3569 2803 3673 2859 Cui

2094 2892 2184 2950 ille
2207 2912 2221 2950 :
2254 2895 2397 2950 Bene
2416 2893 2650 2963 quidem.
2678 2894 2743 2949 Et
2766 2895 2921 2969 panis
2953 2905 3009 2950 et
3035 2895 3264 2965 quisque
3292 2895 3491 2951 solidus
3514 2896 3667 2951 utilis

414 3007 536 3061 quae
568 2989 882 3046 monastica:
915 2988 1196 3059 religionis
1216 2998 1374 3043 erant
1396 2988 1728 3057 loqueretur,
1759 3005 1823 3044 ac
1850 2990 1993 3044 inter
2024 3019 2067 3078 ρ
2096 2995 2154 3042 et
2177 2987 2352 3043 bonus
2376 2996 2478 3053 est,
2505 3000 2573 3042 eo
2602 2986 2681 3041 uti
2718 2986 2940 3042 valenti.
2977 2984 3174 3041 Verum
3201 2987 3475 3051 subtracto
3527 2986 3670 3043 laete

417 3083 520 3138 alia
560 3084 628 3139 de
656 3081 839 3154 pueris
865 3080 919 3135 in
947 3079 1186 3137 claustro
1230 3080 1450 3136 nutritis
1480 3083 1646 3136 verba
1690 3089 2001 3137 consereret

419 3171 542 3245 [al.,
571 3169 891 3243 conferret],
912 3171 1138 3240 adjecit:
1161 3169 1326 3236 Quid,
1356 3171 1603 3239 obsecro,
1632 3170 1725 3226 ﬁet
1751 3171 1819 3228 de
1844 3172 2003 3229 istis?

422 3263 670 3318 Perversi
703 3270 833 3318 sunt
869 3271 924 3321 et
955 3261 1355 3332 incorrigibiles
1383 3302 1399 3328 ,
1448 3262 1536 3319 die
1581 3278 1647 3318 ae
1693 3272 1853 3320 nocte
1895 3279 2001 3319 non

418 3368 696 3410 cessamus
730 3367 823 3409 eos
848 3352 1218 3417 verberantes,
1246 3362 1303 3407 et
1326 3367 1540 3423 semper
1571 3352 1708 3409 ﬁunt
1739 3354 1841 3410 sibi
1874 3354 2002 3425 ipsis

425 3445 746 3501 deteriores.
774 3443 854 3497 Ad
885 3457 1004 3511 qua:
1035 3442 1155 3513 [al.,
1187 3442 1372 3514 quem]
1404 3443 1631 3498 miratus
1672 3445 1999 3500 Anselmus:

420 3537 539 3593 Non
570 3535 818 3599 cessatis,
856 3534 1050 3602 inquit,
1073 3548 1170 3590 eos
1198 3535 1531 3591 verberare?
1576 3534 1645 3590 Et
1681 3550 1804 3591 cum
1835 3536 2002 3592 adulti

422 3636 568 3688 sunt,
602 3624 790 3695 quales
812 3624 981 3678 sunt?
1010 3622 1264 3693 Hebetes,
1300 3625 1498 3695 inquit,
1535 3634 1591 3680 et
1636 3626 1907 3682 bestiales.
1934 3629 2005 3681 At

422 3718 514 3773 ille
545 3734 558 3771 :
592 3716 710 3784 Quo
737 3717 879 3771 bono
906 3715 1088 3770 omine
1119 3716 1510 3774 nutrimentum
1540 3729 1775 3774 vestrum
1802 3735 2005 3790 expen—

428 3810 580 3873 ditis,
615 3809 708 3877 qui
735 3808 802 3865 de
829 3807 1141 3866 hominibus
1169 3809 1372 3866 bestias
1400 3810 1743 3867 nutrivistis?
1789 3812 1857 3868 Et
1884 3828 2001 3879 nos,

428 3900 530 3964 ait,
558 3899 688 3970 quid
715 3899 987 3969 possimus
1015 3900 1182 3959 inde?
1210 3900 1380 3957 Medis
1407 3901 1659 3961 omnibus
1682 3906 2006 3975 constringi-

424 4007 545 4047 mus
575 4005 670 4046 eos
696 4000 755 4046 ut
780 3991 1068 4063 proﬁciant
1094 4002 1150 4047 et
1175 3992 1306 4048 nihil
1335 3994 1670 4063 proﬁcimus.
1721 3995 2005 4051 Constrin-

421 4080 589 4148 gitis?
620 4081 707 4136 die
732 4080 885 4147 mihi,
913 4096 1096 4151 qumso
1119 4081 1238 4152 [al.,
1260 4083 1367 4147 die,
1403 4096 1606 4152 quaeso,
1649 4081 1765 4155 mi],
1789 4084 2006 4141 domine

422 4173 587 4237 abba,
616 4171 660 4226 si
684 4172 922 4241 plantam
957 4173 1165 4229 arboris
1194 4174 1244 4226 in
1279 4174 1437 4229 horto
1469 4184 1558 4230 tuo
1582 4174 1856 4244 plantares
1879 4215 1894 4242 ,
1951 4186 2008 4231 et

424 4276 554 4315 mox
586 4260 731 4314 illam
759 4262 905 4315 omni
929 4277 997 4315 ex
1025 4273 1177 4331 parte
1213 4263 1286 4316 ita
1313 4263 1683 4334 coneluderes,
1734 4273 1785 4322 ut
1825 4282 2005 4322 ramos

2101 3078 2220 3135 ciba
2255 3076 2379 3135 inde
2405 3076 2690 3135 lactentem
2721 3076 3004 3143 infantem,
3032 3086 3087 3132 et
3113 3078 3325 3133 videbis
3351 3093 3472 3133 eum
3503 3080 3681 3151 magis

2101 3181 2170 3222 ex
2193 3167 2296 3223 hoc
2322 3166 2673 3239 strangulari,
2706 3181 2870 3236 quam
2900 3167 3158 3222 recreari.
3185 3165 3296 3223 Cur
3321 3167 3464 3221 hoc?
3492 3167 3683 3223 Dicere

2104 3258 2248 3323 nolo,
2270 3259 2525 3328 quoniam
2548 3258 2733 3314 claret.
2760 3258 3011 3313 Attamen
3038 3258 3141 3314 hoc
3168 3267 3365 3325 tenete,
3389 3258 3512 3329 quia
3539 3259 3682 3319 sicut

2102 3348 2295 3419 fragile
2312 3357 2368 3402 et
2388 3347 2530 3408 forte
2555 3363 2751 3417 corpus
2774 3362 2872 3417 pro
2896 3363 2994 3402 sua
3020 3348 3281 3418 qualitate
3308 3350 3470 3404 habet
3500 3350 3680 3404 cibum

2104 3456 2290 3509 suum;
2340 3441 2415 3499 ita
2462 3439 2668 3511 fragilis
2709 3448 2767 3495 et
2813 3438 2969 3494 fortis
3017 3439 3196 3493 anima
3244 3438 3409 3492 habet
3452 3453 3554 3507 pro
3592 3440 3677 3495 sui

2104 3549 2355 3590 mensura
2385 3535 2584 3589 victum
2616 3547 2794 3588 suum.
2826 3532 3006 3586 Fortis
3048 3532 3228 3586 anima
3270 3529 3579 3587 delectatur
3626 3543 3684 3588 et

2102 3625 2346 3694 pascitur
2374 3623 2547 3679 solido
2590 3622 2734 3688 cibo,
2781 3623 3040 3693 patientia
3092 3622 3301 3678 scilicet
3353 3623 3406 3677 in
3456 3622 3686 3679 tribula-

2106 3718 2362 3782 tionibus,
2386 3732 2491 3774 non
2520 3717 2905 3786 concupiscere
2933 3715 3133 3780 aliena,
3165 3714 3484 3784 percutienti
3514 3730 3681 3772 unam

2102 3806 2380 3863 maxillam
2424 3807 2670 3875 praebere
2718 3805 2942 3860 alteram
2973 3845 2990 3871 ,
3044 3818 3202 3859 orare
3257 3817 3356 3872 pro
3404 3803 3681 3870 inimicis,

2104 3901 2346 3957 odientes
2377 3898 2620 3968 diligere,
2648 3906 2703 3952 et
2738 3895 2904 3952 multa
2932 3896 2987 3951 in
3009 3896 3155 3950 hunc
3186 3895 3422 3950 modum.
3451 3894 3683 3967 Fragilis

2102 3999 2284 4045 autem
2310 3998 2366 4044 et
2392 3989 2569 4043 adhuc
2597 3988 2649 4042 in
2679 3986 2771 4041 Dei
2807 3986 3031 4041 servitio
3066 3994 3249 4040 tenera
3291 3984 3408 4057 [al.,
3444 3987 3683 4058 tenere],

2104 4082 2250 4138 laete
2301 4081 2554 4150 indiget,
2620 4079 3032 4134 mansuetudine
3082 4079 3333 4134 videlicet
3402 4079 3632 4135 aliorum
3665 4122 3679 4145 ,

2103 4171 2454 4242 benignitate,
2487 4170 2878 4234 misericordia,
2911 4169 3067 4224 hilari
3097 4170 3471 4234 advocatione,
3500 4171 3684 4226 chari-

2107 4262 2271 4317 tativa
2336 4261 2778 4331 supportatione,
2832 4271 2886 4315 et
2943 4260 3187 4330 pluribus
3241 4261 3571 4330 hujusmodi.
3624 4261 3681 4316 Si

421 4365 561 4406 .suos
600 4350 909 4407 nullatenus
947 4353 1236 4407 extendere
1265 4363 1486 4422 posset,
1539 4371 1659 4410 cum
1713 4371 1830 4411 eam
1882 4367 2003 4428 post
2032 4358 2077 4413 l)
2105 4352 2286 4407 taliter
2310 4353 2506 4409 vestris
2530 4360 2587 4407 et
2615 4349 2845 4407 fortibus
2874 4359 2931 4406 et
2965 4350 3196 4406 inﬁrmis
3249 4367 3343 4407 vos
3370 4352 3680 4422 coaptatis;

423 4457 603 4498 annos
629 4442 966 4510 excluderes,
997 4442 1170 4511 qualis
1203 4444 1366 4501 arbor
1392 4445 1515 4500 inde
1542 4447 1822 4515 prodiret?
1873 4448 2002 4506 Prov

425 4533 575 4591 fet-to
594 4535 798 4591 initulis
818 4577 834 4603 ,
865 4536 1102 4593 incurvis
1125 4537 1287 4591 ramis
1311 4546 1360 4591 et
1398 4539 1684 4607 perplexis.
1717 4541 1783 4595 Et
1812 4541 1912 4597 hoc
1935 4558 2003 4598 ex

430 4620 587 4690 cujus
616 4625 772 4692 culpa
795 4624 1107 4692 procederet
1131 4624 1231 4678 nisi
1262 4633 1349 4681 tua
1374 4664 1389 4687 ,
1442 4627 1532 4693 qui
1580 4642 1698 4682 eam
1742 4630 2004 4686 immode-

433 4720 556 4767 rate
579 4711 887 4767 conclusisti
912 4712 935 4765 Ἰ
965 4711 1126 4768 Certe
1156 4714 1259 4769 hoc
1282 4714 1460 4771 facitis
1481 4716 1547 4772 de
1566 4719 1749 4787 pueris
1779 4723 2000 4789 vestris;

431 4799 662 4872 plantati
690 4810 817 4855 sunt
863 4816 960 4872 per
1006 4801 1332 4857 oblationem
1379 4805 1432 4860 in
1462 4806 1621 4861 horto
1662 4806 1917 4863 Ecclesiae
1948 4819 2004 4864 ut

434 4899 684 4946 crescant
728 4900 783 4946 et
828 4890 1156 4949 fructiﬁcent
1198 4894 1326 4955 Deo.
1361 4893 1465 4952 Vos
1506 4907 1683 4953 autem
1738 4900 2003 4956 intantum

438 4980 562 5054 [al.,
590 4978 855 5055 omnium]
886 4984 1204 5051 terroribus,
1227 4986 1411 5053 minis,
1436 4996 1493 5047 et
1511 4990 1824 5047 verberibus
1852 4993 2008 5048 undi-

435 5088 546 5144 que
597 5073 719 5129 illos
760 5076 1092 5143 eoarctatis,
1144 5086 1205 5132 ut
1244 5078 1386 5132 nulla
1429 5079 1530 5135 sibi
1578 5081 1792 5148 penitus
1844 5082 2008 5139 liceat

433 5162 689 5222 libertate
712 5166 895 5236 potiri.
926 5167 1112 5238 Itaque
1139 5169 1427 5226 indiscrete
1452 5173 1696 5239 oppressi
1727 5189 1922 5243 pravas
1952 5185 2008 5230 et

438 5256 715 5326 spinarum
741 5270 889 5312 more
914 5259 1198 5329 perplexas
1225 5260 1364 5313 intra
1393 5257 1517 5330 [al.,
1543 5258 1706 5334 infra]
1756 5277 1816 5319 se
1857 5264 2004 5335 engi-

437 5347 669 5403 tationes
700 5358 1018 5419 congerunt,
1048 5348 1251 5416 fovent,
1300 5351 1584 5418 nutriunt,
1630 5361 1886 5424 tantaque
1911 5369 2007 5411 eas

437 5436 491 5492 in
521 5438 807 5495 nutriendo
832 5439 1143 5496 sull‘ulciunt
1180 5440 1301 5512 [al.,
1351 5441 1672 5517 sufﬁciunt],
1721 5455 1779 5503 ut
1823 5448 2004 5504 omnia

438 5543 558 5596 qua)
585 5528 797 5585 illarum
823 5533 1144 5589 correctioni
1175 5541 1397 5602 possent
1425 5534 1797 5593 adminiculari
1838 5539 2006 5593 obsti-

438 5624 564 5670 nata
586 5626 763 5671 mente
793 5617 1205 5688 subterfugiant.
1241 5617 1393 5675 Unde
1440 5620 1537 5685 ﬁt,
1589 5630 1648 5675 ut
1697 5624 1821 5691 quia
1871 5624 2000 5678 nihil

2102 4458 2199 4514 per
2223 4442 2317 4498 Dei
2347 4443 2576 4512 gratiam
2598 4442 2819 4507 omnes,
2849 4450 3110 4511 quantum
3132 4448 3309 4496 vestra
3353 4440 3536 4504 refert,
3569 4442 3681 4497 Deo

2107 4533 2230 4605 [al.,
2272 4547 2401 4589 cura
2428 4531 2562 4604 Deo]
2593 4534 2905 4603 acquiretis.
2953 4532 3049 4587 His
3090 4533 3259 4588 abbas
3287 4533 3485 4588 auditis
3531 4534 3681 4603 inge-

2105 4625 2244 4681 muit
2301 4624 2486 4680 dicens
2524 4641 2537 4677 :
2584 4624 2723 4680 Vere
2751 4624 3054 4679 erravimus
3094 4638 3124 4678 a
3171 4624 3437 4691 veritate,
3486 4633 3543 4679 et
3587 4624 3679 4682 lux

2105 4711 2446 4767 discretionis
2492 4726 2600 4767 non
2645 4711 2783 4766 luxit
2833 4710 3010 4765 nobis.
3042 4711 3108 4765 Et
3148 4711 3349 4766 cadens
3379 4713 3431 4766 in
3475 4722 3679 4767 terram

2105 4813 2229 4861 ante
2258 4803 2422 4873 pedes
2444 4804 2562 4875 ejus
2588 4817 2647 4859 se
2675 4817 2949 4873 peccasse,
2974 4818 3033 4858 se
3061 4818 3210 4859 reum
3237 4819 3359 4860 esse
3398 4804 3680 4860 confessus

2104 4905 2207 4959 est,
2235 4896 2553 4964 veniamque
2574 4895 2641 4950 de
2660 4894 2951 4965 praeteritis
2975 4896 3149 4965 petiit,
3171 4903 3224 4950 et
3244 4896 3677 4951 emendationem

2105 4986 2172 5042 de
2188 4984 2387 5041 futuris
2413 4985 2744 5054 repromisit.
2771 4985 2896 5042 ﬂree
2916 4986 3116 5041 idcirco
3139 4986 3393 5053 diximus,
3414 4996 3681 5056 quatenus

2104 5089 2201 5145 per
2218 5075 2333 5129 haec
2358 5089 2520 5144 quam
2542 5074 2644 5142 pia:
2666 5073 3008 5130 discretionis
3032 5083 3085 5130 et
3113 5075 3361 5131 discreta
3381 5077 3602 5146 pietatis
3625 5079 3679 5133 in

2105 5182 2295 5222 omnes
2322 5166 2487 5221 fuerit
2515 5180 2893 5237 agnoscamus.

2172 5257 2262 5314 52.
2295 5257 2512 5312 Talibus
2546 5258 2740 5314 studiis
2767 5258 3099 5326 intendebat,
3142 5260 3195 5315 in
3227 5260 3348 5316 istis
3392 5259 3507 5316 Deo
3557 5277 3681 5318 ser-

2105 5348 2304 5411 viebat,
2334 5363 2431 5417 per
2454 5348 2570 5404 haec
2593 5347 2749 5404 bonis
2771 5350 3021 5405 omnibus
3044 5350 3196 5406 valde
3225 5352 3497 5421 placebat.
3523 5351 3683 5410 Unde

2104 5440 2243 5496 bona
2274 5438 2416 5496 fama
2443 5438 2562 5508 ejus
2582 5456 2688 5497 non
2713 5443 2872 5497 modo
2900 5441 3289 5500 Nortbmannia
3323 5454 3432 5499 tota
3456 5454 3540 5500 est
3563 5460 3679 5501 res-

2103 5547 2281 5601 persa,
2331 5547 2516 5588 verum
2547 5533 2706 5588 etiam
2758 5532 2986 5588 Francia
3035 5542 3148 5589 tota
3180 5577 3193 5602 ,
3249 5535 3501 5592 Flandria
3538 5544 3673 5598 tota,

2106 5624 2473 5694 contigtueque
2522 5624 2606 5680 his
2657 5633 2812 5679 terra:
2854 5639 3043 5682 omnes
3092 5624 3212 5698 [al.,
3258 5638 3398 5683 terra
3444 5626 3674 5699 omnis];
