3882 6050
265 271 336 326 69
1267 265 1414 320 Vle
1451 263 1776 320 AUCTORE
1807 260 2156 318 EADMERO.
2198 293 2266 302 —
2319 263 2448 318 LlB.
2485 265 2524 318 1.
3455 267 3525 326 7o

266 385 398 454 quin
429 394 482 438 et
509 399 662 440 mare
693 387 910 442 transiit
961 387 1314 456 Angliamque
1369 388 1612 456 replevit.
1671 386 1840 440 Exciti
1875 407 1918 458 ,ι
1947 395 2103 438 tenus
2133 384 2204 438 ibi
2233 395 2287 440 et
2309 387 2526 454 publice
2565 385 2616 440 in
2653 385 2890 455 capitulo
2930 385 3208 452 fratribus,
3241 395 3296 443 et
3330 403 3514 445 secum

267 486 394 529 sunt
411 493 626 546 quaque
647 480 884 548 gentium
907 479 1055 532 multi
1082 481 1310 542 nobiles,
1333 481 1622 548 prudentes
1645 480 1848 540 clerici.

269 566 474 618 strenui
505 567 706 620 milites
727 577 891 636 atque
913 569 980 620 ad
1003 583 1124 621 eum
1145 567 1471 633 conﬂuxere,
1497 583 1660 637 seque
1681 577 1736 622 et
1757 583 1850 622 sua

269 653 322 704 iu
353 653 524 720 ipsum
555 657 944 709 monasterium
969 657 1187 710 servitio
1217 657 1306 710 Dei
1335 657 1619 712 tradidere.
1645 655 1854 714 Crescit

267 744 578 798 r-(enobium
608 743 736 798 illud
765 745 910 800 intus
940 755 994 799 et
1016 755 1188 812 extra,
1239 747 1384 802 intus
1431 747 1484 802 in
1515 755 1700 804 sancta
1731 748 1854 802 reli-

265 833 452 900 gione,
479 845 636 888 extra
669 837 722 890 in
753 838 1068 892 multimoda
1099 839 1458 907 possessione.

339 965 430 1017 5'5.
457 965 591 1020 Cum
619 983 748 1022 vero
778 969 943 1022 abbas
969 969 1276 1034 llerluinus,
1300 969 1450 1040 cujus
1477 987 1636 1042 supra
1663 973 1852 1026 memi-

271 1057 603 1126 nimus,jam
639 1059 944 1130 decrepitus
989 1063 1301 1116 monasterii
1349 1064 1528 1118 causis
1572 1066 1851 1122 intendere

269 1157 322 1198 et
357 1163 510 1216 opem
544 1147 686 1202 ferre
712 1165 816 1201 non
845 1149 1072 1212 valeret,
1128 1152 1386 1221 quidquid
1437 1155 1518 1224 agi
1569 1159 1852 1222 oportebat

270 1235 372 1286 sub
417 1237 676 1302 Anselmi,
731 1245 918 1306 utpote
965 1239 1204 1308 prioris,
1258 1241 1608 1310 dispositione
1667 1243 1846 1298 fiebat.

272 1325 625 1394 Exigentibus
669 1328 832 1396 igitur
866 1329 1253 1398 multiplicibus
1301 1333 1504 1400 causis,
1543 1350 1664 1388 eum
1707 1335 1850 1390 foras

269 1419 662 1473 monasterium
703 1419 780 1474 ire
812 1435 956 1489 δωρεῇ
1001 1437 1221 1476 necesse
1247 1423 1368 1476 fuit.
1398 1423 1494 1478 Cui
1546 1425 1670 1478 dum
1716 1441 1850 1479 non-

271 1525 549 1578 nunquam
579 1511 700 1578 equi
727 1519 782 1565 et
811 1511 914 1565 alia
959 1527 1078 1582 qua:
1128 1523 1255 1566 sunt
1296 1515 1619 1583 equitaturis
1665 1531 1850 1570 neces-

269 1599 412 1652 saria
447 1601 726 1666 deessent,
760 1603 1014 1672 prmcepit
1059 1603 1226 1658 abbas
1266 1603 1314 1657 ei
1358 1605 1538 1658 omnia
1571 1620 1690 1674 qum
1717 1621 1850 1674 opus

271 1698 430 1741 erant
457 1691 660 1758 parari,
692 1701 745 1744 et
774 1692 844 1744 illi
877 1693 974 1746 soli
1008 1693 1148 1748 sicut
1177 1695 1397 1764 propria
1431 1695 1748 1750 ministrari.
1783 1697 1850 1750 At

267 1778 359 1832 ille
385 1781 450 1833 ad
482 1796 674 1834 nomen
701 1785 1047 1852 proprietatis
1089 1785 1376 1852 inhorruit,
1411 1795 1462 1841 et
1489 1801 1739 1842 reversus
1785 1790 1851 1843 de

267 1871 466 1924 itinere
495 1885 720 1941 qumque
748 1873 849 1927 sibi
880 1875 1184 1942 specialiter
1213 1875 1428 1930 fuerant
1453 1889 1772 1948 praeparata,
1797 1880 1847 1932 in

269 1958 411 2011 viam
439 1960 599 2014 ituris
634 1963 998 2016 communiter
1026 1965 1222 2032 exponi
1245 1963 1410 2031 jussit
1433 2007 1448 2032 ,
1497 1981 1598 2020 nec
1633 1977 1851 2038 propter

267 2057 578 2104 secuturam
632 2066 792 2118 quam
843 2049 1022 2106 forsan
1079 2061 1197 2106 erat
1237 2067 1496 2122 passurus
1545 2055 1846 2124 penuriam,

267 2155 504 2207 unquam
535 2155 594 2194 se
627 2141 938 2204 retraxerit,
967 2141 1094 2211 quin
1123 2157 1186 2196 ex
1216 2159 1310 2197 sua
1341 2145 1494 2212 copia
1534 2153 1850 2200 czeterorum

267 2231 542 2298 suppleret
567 2231 822 2300 inopiam.
872 2230 980 2286 Nec
1011 2233 1313 2288 mirandum
1353 2247 1475 2287 cum
1502 2231 1616 2302 jam
1650 2235 1851 2289 mundo

267 2305 514 2375 illuscrat
562 2319 684 2393 [nl.,
737 2321 1006 2394 illuxerat]
1055 2339 1176 2378 eum
1242 2337 1302 2378 se
1357 2323 1620 2379 fratribus
1679 2325 1845 2378 talem

267 2413 600 2477 exhibuisse,
652 2428 774 2468 cum
802 2413 942 2468 sicut
984 2415 1212 2484 ipsemet
1253 2411 1462 2468 referre
1497 2414 1686 2470 solitus
1733 2423 1852 2470 erat

269 2505 436 2558 etiam
465 2506 682 2574 quando
707 2505 880 2560 adhuc
925 2507 978 2558 in
1031 2505 1272 2561 saeculari
1326 2505 1434 2559 vita
1489 2506 1736 2576 degebat,
1787 2521 1851 2561 eo

267 2597 418 2648 circa
469 2595 606 2648 alios
654 2611 840 2650 amore
893 2595 1178 2663 fervebat,
1229 2604 1290 2649 ut
1334 2609 1707 2666 quemcunque
1767 2597 1850 2650 sui

265 2685 479 2746 ordinis
509 2687 686 2740 minus
716 2703 773 2741 se
801 2687 1084 2741 habentem
1118 2687 1344 2752 videret,
1373 2687 1488 2757 ejus
1525 2687 1756 2756 inopiam
1787 2689 1852 2744 de

271 2775 602 2830 abundantia
632 2793 726 2830 sua
753 2775 926 2830 libens
955 2791 1052 2846 pro
1083 2792 1240 2848 posse
1271 2777 1560 2848 suppleret.
1584 2773 1700 2830 ,ἰδίη
1726 2785 1854 2830 tunc

269 2867 420 2920 enim
453 2868 596 2920 ratio
627 2867 772 2920 illum
810 2867 1034 2921 docebat
1063 2883 1254 2922 omnes
1285 2869 1499 2922 divitias
1529 2869 1708 2922 mundi
1755 2883 1852 2938 pro

267 2959 549 3012 communi
603 2961 880 3014 hominum
913 2961 1146 3015 utilitate
1175 2960 1242 3015 ab
1273 2975 1378 3014 uno
1406 2963 1642 3016 omnium
1693 2961 1854 3016 Patre

273 3063 495 3106 creatas
522 3063 576 3106 et
601 3055 895 3108 secundum
942 3055 1242 3110 naturalem
1287 3055 1458 3126 legem
1501 3057 1630 3110 nihil
1673 3073 1852 3112 rerum
1881 3075 1926 3138 ρ

273 3145 452 3212 magis
477 3145 542 3198 ad
567 3147 708 3198 hunc
731 3161 892 3216 quam
925 3147 988 3198 ad
1007 3147 1176 3206 istum
1199 3147 1488 3216 pertinere.
1522 3147 1696 3204 Taceo
1715 3149 1855 3218 quod

273 3237 350 3289 illi
383 3253 527 3304 scr-pe
555 3237 706 3304 plura
737 3238 852 3292 auri
889 3249 943 3292 et
992 3240 1198 3308 argenti
1232 3239 1468 3308 pondera
1517 3255 1547 3294 a
1589 3242 1857 3298 nonnullis

273 3339 402 3382 sunt
433 3329 644 3396 oblata,
679 3341 946 3400 quatenus
989 3346 1052 3385 ea
1083 3331 1138 3384 in
1183 3347 1310 3386 suos
1354 3347 1681 3404 suorumque
1727 3351 1855 3390 usus

273 3423 602 3492 susciperet,
640 3433 907 3486 servaret,
939 3423 1329 3494 dispcndcret:
1384 3441 1504 3495 qum
1559 3427 1671 3496 ipse
1715 3427 1857 3482 nulla

275 3515 586 3580 patiebatur
637 3516 844 3568 ratione
891 3515 1203 3584 suscipere,
1253 3515 1356 3569 nisi
1401 3515 1540 3571 forte
1589 3519 1858 3572 communi

275 3603 508 3656 fratrum
553 3603 772 3658 utilitati
821 3603 1102 3676 profutura
1151 3605 1327 3662 abbati
1369 3616 1849 3676 prtesentarentur.

279 3693 385 3748 Sed
417 3711 538 3748 cum
569 3695 613 3749 is
640 3697 726 3764 qui
755 3713 848 3750 sua
878 3696 1161 3760 offerebat,
1190 3707 1410 3752 econtra
1440 3696 1644 3752 diceret
1670 3713 1726 3754 se
1748 3698 1864 3752 nul-

277 3787 383 3840 lam
418 3797 542 3841 tunc
565 3788 892 3843 voluntatem
925 3791 1122 3844 habere
1161 3799 1221 3842 ut
1263 3789 1442 3844 abbati
1473 3790 1556 3844 vel
1587 3790 1862 3844 monachis

277 3877 482 3946 aliquid
532 3879 714 3946 daret,
749 3880 852 3932 nisi
891 3879 941 3934 ei
991 3879 1129 3944 soli,
1163 3878 1430 3936 referebat
1473 3879 1560 3932 ille
1591 3895 1648 3934 se
1677 3879 1862 3933 talium

277 3983 416 4036 opus
447 3983 552 4022 non
587 3969 816 4035 habere,
845 3984 943 4024 nec
983 3969 1142 4024 aliter
1170 3986 1199 4024 a
1227 3985 1500 4040 quoquam
1529 3969 1667 4025 velle
1707 3969 1866 4040 quid-

277 4073 444 4124 quam
479 4057 746 4127 accipere.

347 4173 440 4226 31.
485 4173 614 4228 Illud
643 4183 820 4228 autem
851 4175 1085 4230 breviter
1119 4173 1238 4230 dico
1263 4175 1402 4242 quod
1441 4174 1580 4228 inter
1609 4170 1856 4240 hujusce—

279 4265 422 4318 modi
453 4265 632 4320 studia
651 4265 736 4320 die
753 4265 1144 4336 quadam,dum
1173 4264 1238 4318 ad
1269 4265 1464 4318 lectum
1495 4264 1716 4318 suumin
1743 4263 1868 4318 dor-

281 4355 504 4408 mitorio
524 4353 832 4416 diverteret,
860 4353 1114 4408 annulum
1143 4368 1364 4408 aureum
1387 4353 1437 4406 in
1467 4365 1532 4406 eo
1563 4353 1867 4420 insperatus

285 4446 514 4511 invenit,
559 4453 616 4499 et
665 4445 954 4518 admodum
999 4445 1228 4500 miratus
1265 4451 1370 4496 est.
1429 4441 1702 4512 Reputans
1737 4457 1865 4510 ergo

281 4541 424 4606 apud
453 4555 540 4600 se.
567 4554 636 4593 ne
663 4538 802 4592 forte
829 4538 1022 4606 aliquis
1051 4553 1262 4604 eorum,
1304 4536 1394 4605 qui
1434 4551 1522 4590 res
1553 4535 1864 4592 monasterii

284 4632 670 4701 procurabant.
721 4633 910 4700 quovis
963 4639 1158 4686 eventu
1209 4629 1456 4684 eumdem
1507 4627 1761 4682 annulum
1793 4625 1866 4684 ibi

287 4723 588 4792 reliquerit,
619 4722 816 4776 levavit
843 4737 966 4776 eum
1011 4729 1066 4776 et
1099 4720 1324 4790 singulis
1363 4719 1618 4776 ostendit.
1663 4717 1865 4772 Miran—

290 4827 374 4868 tur
405 4815 504 4880 illi,
539 4822 594 4867 et
629 4828 690 4866 se
717 4813 794 4866 rei
823 4812 1070 4868 conscios
1113 4813 1334 4866 omnino
1363 4818 1580 4878 negant.
1629 4807 1870 4864 Ostendi-

289 4914 373 4956 tur
413 4903 538 4956 aliis
573 4911 738 4970 atque
775 4901 916 4964 aliis,
951 4903 1048 4958 sed
1083 4901 1360 4970 hucusque
1398 4900 1576 4956 nullus
1619 4899 1746 4964 fuit,
1775 4897 1868 4967 qui

287 4995 662 5066 recognoverit
689 4993 831 5048 unde
855 4992 936 5048 vel
965 5009 994 5046 a
1021 5007 1128 5062 quo
1150 4992 1273 5048 illuc
1294 4991 1502 5048 delatus
1527 4993 1614 5046 sit.
1648 4991 1712 5044 Et
1745 4999 1871 5046 tunc

287 5085 506 5153 quidem
546 5083 778 5138 aiinulus
819 5083 872 5136 in
909 5097 1044 5152 opus
1087 5082 1338 5140 Ecclesiae
1379 5095 1648 5152 expensus
1685 5089 1788 5144 est,
1816 5089 1871 5138 et

291 5193 376 5230 res
409 5177 480 5230 ita
515 5177 798 5232 remansit.
831 5173 1182 5230 Postmodum
1226 5189 1356 5230 vero
1390 5189 1512 5228 cum
1545 5173 1646 5243 ipsi
1673 5171 1870 5228 Ansel-

291 5283 412 5320 mus
443 5267 508 5322 ad
541 5265 920 5336 pontificatum
973 5273 1222 5333 sumptus
1249 5273 1354 5329 est,
1403 5263 1622 5318 fuerunt
1651 5262 1742 5331 qui
1769 5263 1873 5318 hoc

291 5358 464 5426 ipsum
494 5373 593 5428 per
615 5357 868 5410 annulum
895 5356 1040 5410 illum
1065 5355 1176 5424 jam
1207 5365 1332 5411 tunc
1359 5355 1590 5426 quodam
1613 5354 1874 5425 praesagio

287 5447 676 5518 praesignatum
721 5445 887 5502 fuisse
914 5455 1238 5502 assererem.
1286 5445 1393 5501 Nos
1420 5455 1596 5500 autem
1627 5461 1748 5515 quae
1781 5459 1874 5516 ge-

287 5543 378 5590 sta
417 5543 568 5600 sunt,
601 5535 832 5604 simplici
859 5544 1068 5590 tantum
1097 5535 1238 5606 style
1265 5537 1576 5604 digerimus.

365 5647 454 5704 δεῖ.
493 5647 828 5704 invitabatur
855 5659 1114 5721 przeterea
1147 5665 1174 5704 a
1207 5649 1435 5706 diversis
1464 5650 1712 5718 abbatiis,
1741 5665 1872 5720 qua-

1955 477 2204 546 privatim
2248 477 2389 546 loqui
2431 477 2748 542 volentibus,
2793 480 2955 533 verba
3009 479 3134 534 vita!
3171 481 3526 534 ministraret.

1954 564 2200 634 Namque
2251 565 2488 621 solemne
2531 567 2813 622 exstiterat
2865 569 3135 636 omnibus,
3177 577 3236 622 ut
3269 568 3528 640 quidquid

1953 661 2020 714 ab
2041 675 2134 714 ore
2157 661 2297 715 illius
2324 661 2459 714 foret
2485 663 2744 728 auditum,
2773 662 2850 716 sic
2877 663 3172 716 haberetur
3197 663 3347 730 quasi
3373 663 3531 732 plane

1953 753 2190 806 divinum
2219 767 2558 822 responsum.
2588 754 2738 809 Unde
2765 753 3070 822 requirendi
3101 753 3308 808 consilii
3333 755 3528 824 gratia,

1954 857 2020 898 ex
2057 845 2294 900 diversis
2323 846 2388 897 ad
2418 861 2540 900 eum
2569 845 2704 899 locis
2743 845 3120 900 festinabatur.
3153 845 3282 911 Quae
3319 860 3404 900 res
3447 845 3530 898 in-

1951 934 2094 986 vidia
2149 936 2297 1004 gravi
2345 935 2612 989 diabolum
2665 936 2965 993 vulneravit
3015 935 3526 1008 [al.,vulucrabat].

1953 1023 2246 1079 Nonnullos
2274 1041 2402 1095 ergo
2431 1043 2566 1094 quos
2591 1027 2656 1080 ab
2681 1041 2740 1080 ea
2777 1027 3070 1080 intentione
3105 1035 3310 1080 secreta
3343 1026 3532 1080 fraude

1953 1131 2058 1170 non
2091 1125 2316 1186 poterat,
2342 1117 2622 1172 manifesta
2659 1119 3024 1188 increpatione
3051 1127 3298 1174 avertere
3319 1119 3526 1172 machi-

1953 1207 2198 1259 nabatur.
2230 1207 2470 1276 Exempli
2496 1223 2677 1272 causa,
2703 1209 2855 1262 miles
2884 1211 3102 1277 quidam
3133 1217 3268 1276 erat,
3293 1208 3530 1263 Cadulus

1953 1297 2190 1350 nomine.
2221 1297 2316 1352 llic
2344 1299 2573 1366 quadam
2601 1301 2716 1354 vice
2745 1300 2942 1370 vigiliis
2976 1308 3029 1354 et
3057 1300 3390 1354 orationibus
3419 1301 3528 1354 Deo

1953 1385 2189 1442 intentus
2215 1389 2416 1442 audivit
2443 1391 2546 1444 dial
2569 1391 2712 1445 olttm
2740 1391 2838 1444 sub
2867 1407 2996 1446 voce
3022 1392 3241 1445 scutarii
3267 1391 3348 1446 sui
3375 1400 3526 1444 extra

1951 1477 2230 1532 ecclesiam
2259 1479 2310 1533 in
2341 1497 2444 1550 qua
2475 1493 2590 1536 erat
2619 1482 3020 1546 vociferantem,
3050 1491 3104 1536 et
3140 1483 3352 1536 turbato
3381 1497 3528 1535 mur-

1953 1581 2104 1621 mure
2129 1581 2296 1636 equos
2318 1577 2370 1623 et
2391 1571 2570 1624 omnia
2601 1587 2694 1625 sua
2721 1571 2893 1626 fracto
2921 1571 3150 1640 ltospitio
3177 1587 3204 1624 a
3233 1572 3528 1626 latronibus

1946 1655 2056 1723 jam
2083 1665 2206 1712 tunc
2231 1657 2436 1728 direpta
2465 1675 2604 1724 esse,
2634 1670 2794 1730 atque
2823 1662 3050 1715 abducta
3081 1671 3525 1730 conquerentem,

1883 1743 1924 1802 Β
1955 1759 2054 1800 nec
2084 1746 2286 1814 aliquid
2319 1765 2506 1804 eorum
2545 1751 2770 1806 ulterius
2807 1751 3253 1820 retuperandum,
3287 1751 3340 1803 ni
3371 1749 3530 1804 citius

1952 1849 2279 1892 accurreret.
2319 1841 2394 1895 Ad
2417 1858 2536 1911 qua:
2561 1859 2682 1896 cum
2713 1841 2802 1896 ille
2829 1857 3165 1912 nequaquam
3197 1853 3526 1908 moveretur,

1952 1931 2124 2001 majus
2167 1932 2414 1987 videlicet
2455 1934 2707 1988 damnum
2755 1934 3018 2004 deputans
3047 1937 3276 1990 orationi
3313 1937 3528 2000 cedere,

1951 2035 2112 2090 quam
2142 2037 2234 2076 sua
2263 2025 2517 2092 perdere;
2550 2026 2734 2080 dolens
2756 2025 2998 2080 diabolus
3024 2041 3081 2082 se
3109 2026 3440 2095 despectum,
3473 2027 3526 2078 in

1951 2113 2186 2180 Speciem
2221 2114 2329 2167 ursi
2362 2115 2668 2170 demutatus
2707 2127 2810 2182 cet,
2848 2126 2902 2172 ct
2937 2117 3176 2172 ecdcsia:
3205 2133 3300 2186 per
3329 2127 3528 2171 tectum

1953 2201 2207 2270 dilapsus,
2252 2211 2376 2256 ante
2425 2205 2594 2272 ipsum
2643 2221 2878 2274 prtereps
2927 2209 3153 2271 corruit,
3202 2218 3260 2260 ut
3304 2209 3530 2262 horrore

1953 2289 2140 2344 saltem
2179 2299 2232 2344 et
2267 2291 2478 2361 fragore
2516 2296 2594 2348 sui
2633 2309 2792 2350 casus
2817 2297 2988 2350 virum
3037 2313 3066 2352 a
3098 2307 3277 2368 coepto
3305 2313 3526 2367 promr-

1957 2381 2113 2436 baret
2141 2381 2262 2454 [al.,
2297 2385 2680 2458 perturbaret].
2731 2387 2834 2442 Sed
2882 2388 3034 2444 miles
3079 2391 3368 2446 immobilis
3403 2407 3526 2462 prr-

1953 2483 2152 2539 manet,
2192 2485 2246 2528 ct
2276 2485 2573 2530 monstrum
2605 2493 2824 2534 securus
2855 2481 3058 2535 irridet.
3092 2481 3218 2536 Post
3251 2499 3370 2552 qua:
3411 2495 3524 2537 sta-

1953 2571 2066 2614 ttnn
2111 2564 2234 2618 vita:
2280 2579 2390 2618 suat
2435 2567 2708 2635 proposito
2757 2571 3010 2624 sanctiori
3063 2569 3288 2627 fundare
3318 2573 3532 2630 deside-

1955 2641 2421 2711 ranslnselmum
2451 2657 2602 2724 adiit,
2636 2659 2918 2714 consilium
2965 2661 3081 2730 ejus
3110 2679 3271 2732 super
3299 2665 3400 2719 hoc
3429 2667 3526 2719 ad-

1957 2747 2170 2800 discere
2215 2749 2458 2816 cupicns.
2499 2751 2694 2804 Verum
2727 2751 2850 2804 dum
2884 2753 2949 2804 ad
2985 2752 3158 2821 ipsum
3189 2753 3392 2808 vadens
3433 2755 3536 2810 iter

1957 2836 2310 2902 acceleraret,
2344 2853 2472 2894 ecce
2505 2841 2772 2910 malignus
2805 2841 2976 2896 hostis
3017 2843 3306 2896 humanam
3347 2860 3536 2900 vocem

1955 2937 2021 2977 ex
2055 2925 2280 2980 adverso
2326 2927 2513 2992 edens,
2553 2929 2606 2981 in
2639 2929 2754 2982 huic
2794 2931 2954 2983 verba
3002 2932 3246 3000 prorupit
3271 2950 3282 2984 :
3311 2933 3531 3002 Cadule,

1956 3015 2176 3079 Cadule,
2219 3033 2324 3085 quo
2353 3017 2565 3072 tendis?
2601 3019 2762 3090 Igitur
2787 3035 2909 3076 cum
2943 3021 3032 3074 ille
3073 3023 3138 3076 ad
3167 3038 3354 3077 vocem
3395 3023 3535 3080 hanc

1959 3106 2296 3172 subsisteret,
2325 3109 2464 3163 scire
2495 3109 2678 3164 volens
2703 3111 2792 3179 qui
2844 3119 2984 3165 esset
3013 3112 3104 3180 qui
3151 3113 3273 3165 talia
3309 3115 3532 3180 diceret,

1957 3198 2210 3268 repetivit
2251 3200 2482 3268 da'mon,
2513 3211 2568 3255 ct
2596 3201 2710 3255 ait:
2735 3199 2851 3268 Quo
2899 3203 3092 3266 tendis,
3123 3201 3352 3256 Cadule?
3396 3203 3534 3270 Quid

1961 3298 2012 3342 te
2043 3297 2320 3359 tantopere
2349 3291 2584 3359 priorem
2633 3289 2778 3344 illum
2817 3292 3151 3362 bypocritam
3180 3293 3322 3362 cogit
3351 3295 3536 3349 adire?

1957 3379 2152 3450 Opinio
2203 3381 2464 3451 siquidem
2511 3382 2627 3451 ejus
2673 3383 2894 3437 omnino
2928 3382 3031 3436 alia
3059 3393 3144 3438 est
3181 3400 3208 3436 a
3241 3399 3532 3440 conversa-

1959 3473 2106 3528 tione
2131 3473 2251 3528 vita:
2277 3473 2438 3527 illius.
2465 3473 2800 3542 Quapropter
2827 3475 3050 3536 suadeo.
3085 3475 3333 3530 consulto
3361 3485 3422 3530 ut
3449 3491 3542 3529 ce-

1959 3565 2125 3620 lerius
2155 3567 2364 3633 redeas,
2394 3581 2462 3620 ne
2488 3567 2737 3620 seductus
2766 3567 2833 3621 ab
2858 3581 2923 3622 eo
2949 3567 3195 3632 stultitia,
3224 3584 3328 3636 qua
3359 3567 3538 3632 modo,

1963 3657 2213 3722 traheris,
2245 3657 2442 3726 illaque
2480 3658 2606 3710 eris.
2651 3655 2960 3727 llypocrisis
3021 3671 3250 3726 namque
3303 3671 3398 3710 sua
3425 3655 3482 3726 ja
3509 3675 3538 3708 ιι

1962 3745 2156 3798 multos
2193 3745 2424 3812 decepit,
2460 3755 2514 3799 et
2543 3759 2636 3814 spe
2660 3761 2797 3799 vana
2837 3746 3100 3800 delibutos
3130 3747 3240 3800 suis
3271 3761 3466 3800 vacuos
3488 3753 3544 3800 (1.

1964 3833 2230 3888 immunes
2257 3831 2452 3887 effecit.
2479 3833 2605 3888 Hmc
2635 3835 2720 3888 ille
2747 3835 2984 3894 audiens,
3015 3845 3068 3888 et
3097 3836 3393 3890 (laritouem
3419 3851 3542 3888 esse

1963 3925 2052 3994 qui
2089 3923 2398 3994 loquebatur
2441 3939 2854 3994 recognoscens,
2883 3925 3036 3992 signo
3065 3939 3123 3978 se
3158 3927 3336 3978 crucis
3363 3925 3542 3978 muzti-

1963 4020 2060 4082 vit,
2090 4025 2143 4072 et
2169 4025 2350 4086 spreto
2381 4017 2556 4080 hoste,
2604 4029 2708 4084 quo
2737 4021 3094 4085 proposuerat
3137 4015 3235 4079 ire,
3285 4014 3540 4082 pertexit.

1966 4109 2102 4173 Quid
2125 4107 2310 4177 plura?
2337 4107 2530 4162 Audito
2555 4106 2830 4170 Anselmo,
2863 4107 3130 4176 abnegato
3155 4105 3330 4174 seipso
3355 4114 3410 4158 et
3437 4119 3540 4159 sa:-

1966 4201 2087 4256 culo
2113 4201 2376 4270 religiosa:
2399 4201 2522 4254 vitae
2550 4213 2609 4254 se
2633 4199 2873 4263 tradidit,
2907 4207 2960 4252 et
2989 4199 3128 4267 apud
3159 4196 3544 4265 Majas-Mona-

1968 4293 2190 4347 sterium
2243 4291 2540 4346 monachus
2585 4289 2759 4345 factus
2791 4299 2893 4345 est.
2945 4289 3098 4343 iiunc
3143 4289 3342 4343 etenim
3387 4301 3543 4342 usum

1969 4380 2253 4434 Anselmus
2295 4379 2541 4438 habebat.
2589 4387 2646 4431 ut
2695 4393 2967 4447 nunquam
3006 4378 3232 4446 alicujus
3276 4377 3546 4432 commodi

1968 4485 2128 4525 causa
2192 4471 2442 4525 suaderet
2491 4471 2646 4523 alicui
2709 4468 2904 4523 sacculo
2968 4467 3278 4521 renuntiare
3325 4467 3543 4528 volenti,

1967 4571 2231 4632 quatenus
2257 4562 2308 4614 in
2337 4577 2432 4614 suo
2461 4559 2785 4614 monasterio
2813 4559 2992 4626 potius
3021 4573 3183 4626 quam
3209 4557 3260 4610 in
3289 4557 3465 4612 alieno
3495 4557 3544 4610 i.l

1969 4651 2189 4706 faceret.
2215 4649 2364 4716 Quod
2394 4649 2644 4702 nimirum
2673 4663 2736 4702 eo
2767 4649 2984 4712 intuitu,
3015 4663 3076 4702 ea
3103 4647 3540 4702 consideratione

1971 4741 2226 4806 faciebat,
2253 4755 2320 4796 ne
2346 4739 2486 4793 nllus
2515 4739 2850 4809 postmodum
2885 4739 3003 4792 loco
3033 4753 3190 4808 quem
3235 4751 3300 4790 cx
3325 4736 3542 4808 propria

1967 4833 2350 4889 deliberatione
2387 4847 2490 4886 non
2522 4834 2841 4894 intraverat,
2874 4831 3051 4901 aliqua
3101 4839 3158 4884 ut
3199 4831 3258 4883 fit
3305 4829 3550 4898 pulsatus

1974 4925 2223 4980 molestia
2265 4925 2592 4984 detraheret,
2626 4933 2680 4978 et
2715 4923 2952 4978 scandali
2993 4923 3076 4977 sui
3111 4937 3174 4976 ac
3203 4919 3552 4990 impatientia:

1971 5031 2214 5070 murmur
2237 5015 2572 5086 persuasioni
2613 5013 2752 5068 illius
2783 5015 3090 5084 imputaret,
3123 5013 3302 5080 itaque
3339 5025 3398 5065 sc
3435 5008 3550 5064 aliis

1971 5116 2028 5162 et
2055 5109 2188 5162 alios
2213 5109 2315 5162 sibi
2356 5107 2422 5161 ad
2453 5107 2616 5160 multa
2645 5107 2848 5161 divisus
2871 5121 3062 5174 graves
3093 5103 3345 5158 efficeret.

2594 5239 2818 5296 CAPUT
2861 5241 2924 5294 Υ.

1977 5397 2190 5452 Abbati:
2223 5395 2372 5454 electi
2407 5395 2694 5462 benignitas
2733 5409 2854 5462 erga
2895 5391 3118 5462 hospites
3147 5399 3194 5462 et
3223 5389 3550 5462 domesticas.

2047 5467 2156 5520 Iter
2187 5469 2242 5519 in
2266 5457 2542 5532 Angliam:
2565 5457 2890 5530 Colloquium
2923 5457 3038 5513 cum
3071 5458 3136 5513 Β.
3163 5457 3460 5528 Lanfranco
3489 5459 3556 5512 de

2047 5537 2188 5592 cultu
2223 5535 2279 5590 S.
2297 5533 2538 5604 Elphegi.

2046 5651 2132 5706 36.
2175 5648 2464 5712 Defuncto,
2511 5659 2651 5714 saepe
2709 5643 2956 5713 superius
3007 5643 3316 5708 nominato,
3365 5639 3559 5696 abbate
