3882 6050
341 277 401 333 τί
1401 258 1458 315 S.
1499 253 1799 313 ANSELMI
1835 248 2188 308 CANTUAR.
2221 245 2536 304 ARCIIIEP.
3527 246 3597 300 τὶ

329 390 587 448 llerluino
616 386 752 458 (2|),
796 399 902 439 uno
944 385 1184 439 omnium
1221 381 1341 454 [al.,
1377 375 1622 448 omnino]
1671 374 1898 429 fratrum
1931 373 1975 428 Α
2005 369 2122 425 fieri
2168 368 2354 423 nollet.
2399 368 2535 422 Ilinc
2575 367 2898 436 procedebat
2927 366 3070 435 quod
3103 365 3245 421 inter
3273 364 3596 436 placitantes

330 480 677 541 Beccensium
707 491 973 534 consensu
1005 477 1057 529 in
1085 474 1330 528 abbatem
1359 469 1594 539 eligitur.
1618 465 1769 533 Quod
1799 464 1912 532 ipse

330 571 478 628 omni
521 569 700 626 studio
744 563 1115 634 subterfugere
1153 561 1412 631 gestiens,
1440 556 1637 612 multas
1659 553 1913 609 etdiver-

333 677 423 718 sas
460 660 700 715 rationes
737 671 807 711 ne
855 656 906 710 id
950 653 1106 708 fieret
1133 650 1477 708 obtendebat.
1525 644 1631 701 Sed
1675 642 1780 698 illis
1813 655 1914 700 nec

333 752 576 807 auditum
620 747 839 817 quidem
886 743 1190 798 rationibus
1234 738 1351 809 ejus
1396 737 1665 807 patienter
1703 745 1917 787 accom-

334 843 556 896 modare
584 836 912 900 volentibus,
943 834 1194 888 anxiatus
1222 841 1306 886 est
1342 831 1394 884 in
1424 842 1490 883 eo
1519 825 1743 896 spiritus
1771 823 1912 892 ejus,

333 932 536 1002 etquid
567 938 749 1001 ageret
789 927 1093 998 ignorabat.
1145 922 1504 979 Transierunt
1545 919 1598 972 in
1642 916 1760 972 iStis
1800 915 1916 969 dies

333 1021 574 1091 quidam.
615 1016 812 1070 Verum
844 1015 934 1070 ubi
959 1012 1246 1068 Anselmus
1271 1010 1404 1063 vidit
1439 1023 1496 1063 se
1528 1005 1916 1060 monachorum

336 1110 642 1167 unanimem
691 1105 1054 1162 constantiam
1107 1117 1212 1157 non
1258 1113 1418 1170 posse
1463 1096 1645 1151 verbis
1685 1102 1916 1159 mutare,

337 1202 568 1258 tentavit
594 1199 639 1254 si
674 1199 945 1268 quomodo
981 1210 1105 1250 eam
1131 1193 1333 1248 valeret
1360 1190 1441 1244 vel
1473 1189 1722 1260 precibus
1767 1185 1920 1240 incli-

338 1307 490 1347 nare.
522 1291 614 1345 Eis
640 1289 823 1356 itaque
847 1286 1026 1356 priore
1049 1284 1148 1338 sub
1175 1298 1283 1338 uno
1313 1279 1642 1342 constitutis,
1675 1291 1739 1330 ac
1764 1275 1813 1330 ei
1841 1285 1918 1339 ut,

335 1381 552 1437 omissis
576 1377 968 1447 objectionibns
993 1373 1187 1438 solitis,
1223 1373 1388 1427 abbas
1415 1369 1530 1424 fieri
1555 1365 1923 1435 acquiesceret

338 1472 731 1536 insistentibus,
753 1470 840 1523 ille
860 1467 994 1523 ﬂens
1016 1475 1070 1520 et
1092 1463 1428 1519 miserandos
1448 1459 1715 1530 singultus
1734 1458 1920 1519 edens,

335 1561 698 1634 prosternitur
749 1561 803 1615 in
839 1560 1030 1614 faciem
1085 1572 1270 1612 coram
1321 1553 1597 1618 omnibus,
1654 1564 1821 1605 orans
1869 1555 1925 1601 et

339 1658 616 1713 obtestans
653 1667 746 1708 eos
774 1667 871 1723 per
908 1665 1102 1704 nomen
1147 1648 1239 1702 Dei
1287 1642 1692 1714 omnipotentis,
1739 1653 1836 1710 per
1877 1636 1923 1693 si

2016 460 2281 524 residens,
2313 473 2437 514 cum
2468 457 2766 512 adversarii
2809 457 2926 526 ejus
2955 471 3051 526 per
3079 472 3175 511 sua
3215 456 3443 512 consilia
3487 459 3598 513 dis-

2014 552 2294 624 quirerent
2319 565 2426 619 quo
2453 549 2690 620 ingenio,
2719 563 2896 618 quave
2925 547 3243 612 calliditate,
3275 564 3387 604 sua:
3421 565 3598 604 causa!

2015 641 2414 707 adminiculari,
2461 650 2516 696 et
2562 639 2705 694 illius
2746 639 2993 694 valerent
3040 639 3416 694 fraudulenter
3465 640 3600 694 insi-

2016 735 2182 802 diari;
2224 734 2340 803 ipse
2368 731 2494 785 talia
2525 730 2834 786 nullatenus
2857 744 3077 796 curans,
3103 729 3184 784 eis
3206 730 3297 799 qui
3327 731 3428 785 sibi
3455 729 3603 784 vole-

2015 825 2147 881 bant
2181 823 2463 879 intendere
2494 833 2588 876 aut
2613 821 2680 875 de
2706 820 3015 890 Evangelio,
3051 830 3145 875 aut
3181 822 3248 876 de
3275 821 3453 890 aliqua
3495 820 3599 873 alia

2020 917 2198 973 divina
2228 915 2528 985 Scriptura,
2566 922 2655 966 aut
2689 921 2836 967 certe
2873 911 3074 981 aliquid
3111 912 3178 966 de
3218 910 3600 967 informatione

2020 1023 2231 1063 morum
2276 1007 2542 1061 bonorum
2579 1002 2899 1059 disserebat.
2938 1001 3092 1072 Saepe
3137 1002 3299 1056 etiam
3331 1015 3452 1056 cum
3503 1001 3601 1054 lut-

2014 1100 2168 1168 jusce
2195 1098 2472 1153 auditores
2501 1098 2746 1161 deerant,
2777 1095 3016 1150 suaviter
3045 1095 3096 1148 in
3130 1093 3211 1148 sui
3242 1093 3420 1147 cordis
3446 1092 3600 1162 puri-

2023 1197 2134 1244 tate
2179 1187 2499 1257 quiescens,
2550 1199 2780 1254 corpore
2824 1183 3148 1240 dormiebat.
3206 1181 3603 1251 Eveniebatque

2022 1292 2410 1348 nonnunquam
2447 1285 2508 1331 ut
2536 1275 2754 1330 frandes
2792 1273 2974 1330 subtili
3018 1272 3418 1328 machinatione
3455 1287 3607 1326 com-

2022 1372 2229 1442 positae,
2275 1384 2401 1424 mox
2447 1369 2536 1424 ubi
2584 1376 2708 1422 sunt
2762 1366 2814 1420 in
2860 1365 3185 1419 audientiam
3220 1361 3358 1418 illius
3393 1361 3604 1430 delatae,

2025 1477 2131 1517 non
2177 1461 2334 1532 quasi
2387 1475 2418 1513 ει
2466 1458 2769 1514 dormiente
2797 1497 2810 1522 ,
2853 1456 2946 1526 qui
2989 1466 3118 1510 tunc
3151 1463 3292 1519 erat,
3333 1455 3424 1509 sed
3466 1454 3610 1508 sicut

2026 1569 2055 1608 a
2083 1551 2469 1623 perspicaciter
2497 1550 2749 1620 vigilante
2787 1557 2840 1603 et
2883 1547 3196 1602 intendente
3235 1545 3347 1600 sint
3381 1545 3608 1599 detecta:

2027 1654 2188 1716 atque
2218 1644 2485 1700 disseetae.
2524 1641 2776 1696 Charitas
2819 1639 2965 1694 enim
3003 1653 3122 1706 quae
3163 1652 3268 1691 non
3301 1635 3607 1700 :emulatur,

341 1761 448 1816 qua
477 1745 529 1799 in
557 1744 639 1800 eis
663 1751 820 1800 erant
850 1739 1064 1811 pietatis
1099 1737 1220 1809 [al.,
1248 1729 1656 1801 misericordiae]
1685 1729 1920 1790 viscera,
1956 1709 1996 1766 Β
2028 1709 2148 1808 qu};
2181 1749 2286 1788 non
2317 1733 2429 1804 agit
2465 1745 2779 1801 perperam,
2811 1744 2932 1798 qua;
2969 1743 3075 1782 non
3114 1728 3306 1798 quaerit
3347 1742 3467 1796 quae
3508 1742 3608 1783 sua

342 1845 613 1908 quatenus
660 1840 908 1903 respectu
955 1827 1345 1884 misericordia:
1394 1822 1518 1895 [al.,
1546 1816 1788 1890 pietatis]
1833 1815 1929 1870 Dei

343 1943 508 1999 super
554 1940 680 1981 eum
732 1922 1037 1985 intendant,
1066 1929 1119 1974 et
1155 1917 1223 1972 ab
1249 1917 1468 1984 incepto
1515 1911 1837 1968 desistentes
1871 1921 1930 1962 se

344 2037 375 2074 a
404 1998 553 2074 tanto
586 2031 752 2072 onere
799 2015 1043 2084 quietum
1091 2023 1314 2064 manere
1357 2004 1694 2076 permittant.
1748 2000 1817 2054 At
1853 1998 1929 2053 illi

344 2125 535 2166 omnes
581 2114 804 2162 econtra
843 2106 897 2159 in
940 2113 1142 2158 terram
1195 2097 1475 2168 prostrati,
1523 2100 1685 2149 orant
1719 2099 1779 2145 ut
1816 2089 1931 2158 ipse

346 2201 523 2270 potius
549 2197 653 2253 loci
684 2195 826 2251 illius
852 2203 1118 2250 eteorum
1170 2190 1510 2250 misereatur,
1544 2198 1611 2238 ne
1636 2179 1932 2252 postposita

345 2291 582 2346 utilitate
618 2285 894 2343 communi
927 2299 985 2340 se
1012 2281 1185 2338 solum
1211 2295 1325 2350 prae
1351 2277 1562 2332 cmteris
1584 2271 1933 2344 singulariter

348 2398 532 2438 amare
567 2379 945 2436 convincatur.
975 2374 1113 2430 Acta
1152 2379 1280 2427 sunt
1312 2371 1380 2426 de
1409 2369 1493 2423 his
1528 2366 1781 2434 utrinque
1818 2362 1934 2432 plu-

349 2477 486 2529 rima
518 2472 570 2526 in
595 2471 740 2525 hunc
766 2468 1015 2532 modum;
1047 2465 1142 2520 sed
1167 2461 1279 2532 jam
1310 2475 1453 2514 nunc
1478 2457 1558 2512 eis
1588 2457 1747 2511 istum
1775 2453 1934 2523 poni-

351 2579 472 2619 mus
497 2559 708 2617 dicendi
743 2557 983 2612 modum.
1015 2554 1158 2610 Vicit
1185 2551 1400 2606 tandem
1429 2547 1658 2618 diligens
1705 2543 1827 2616 [al.,
1855 2543 1938 2597 di-

349 2649 530 2721 cendi]
569 2646 944 2716 importunitas
979 2652 1035 2698 et
1059 2642 1367 2711 importuna
1392 2636 1667 2707 diligentia
1704 2633 1936 2687 fratrum

347 2740 533 2812 jngum
562 2737 777 2794 Domini
809 2737 910 2792 sub
957 2733 1074 2802 ejus
1109 2731 1369 2803 regimine
1417 2729 1558 2784 ferre
1603 2725 1935 2788 volentium;

352 2831 485 2886 vicit
528 2843 741 2900 quoque
789 2836 846 2881 et
892 2823 1062 2879 multo
1120 2822 1356 2878 maxime
1399 2819 1532 2874 vicit
1580 2823 1934 2888 praeceptum,

353 2920 518 2990 quod,
551 2928 606 2972 ut
635 2932 798 2988 supra
823 2913 1128 2978 retulimus,
1154 2913 1204 2968 ei
1236 2910 1414 2966 fuerat
1439 2909 1506 2964 ab
1531 2906 1940 2976 archiepiscopo

356 3007 602 3064 Maurilio
631 3022 728 3078 per
753 3005 1114 3062 obedientiam
1143 2999 1467 3070 injunctum,
1501 2996 1768 3063 videlicet,
1807 3005 1866 3050 ut
1893 2994 1939 3049 si

356 3099 528 3170 major
553 3097 794 3169 prtelatio
819 3111 982 3167 quam
1017 3094 1161 3150 illius
1186 3083 1461 3165 prioratus
1497 3088 1801 3153 exstiterat,
1834 3086 1938 3157 ipsi

356 3192 649 3262 aliquando
693 3189 1086 3260 injungeretur,
1135 3184 1444 3242 nullatenus
1491 3196 1612 3238 eam
1663 3178 1941 3249 suscipere

356 3289 658 3339 recusaret.
695 3278 851 3344 Nam,
888 3278 1028 3334 sicut
1071 3277 1186 3347 ipse
1228 3275 1550 3338 testabatur,
1577 3284 1854 3340 nunquam
1880 3283 1942 3324 se

357 3373 608 3430 abbatem
643 3371 760 3426 fieri
791 3369 1175 3437 consensisset,
1216 3367 1322 3423 nisi
1349 3380 1474 3422 eum
1509 3364 1613 3419 hoc
1637 3361 1780 3432 quod
1807 3361 1943 3416 dici-

358 3481 480 3521 mus
507 3463 793 3534 imperium
824 3462 892 3518 ad
917 3461 1019 3518 hoc
1050 3459 1485 3516 constrinxisset.
1515 3455 1631 3510 Tali
1675 3469 1804 3524 ergo
1828 3453 1943 3507 vio-

361 3555 526 3610 lentia
551 3563 634 3609 cst
657 3553 828 3609 abbas
852 3550 1098 3620 effectus,
1123 3565 1188 3606 ac
1212 3550 1365 3606 Becci
1388 3547 1569 3604 debito
1593 3561 1715 3601 cum
1739 3545 1944 3617 honore

360 3653 607 3701 sacratus
655 3642 790 3714 (Ἡ).
838 3642 1060 3710 Qualem
1101 3654 1232 3696 vero
1270 3653 1328 3694 se
1358 3637 1612 3706 deinceps
1649 3635 1702 3689 in
1735 3633 1946 3689 cunctis

360 3746 673 3793 sanctarum
696 3735 973 3792 exercitiis
992 3734 1251 3792 virtutum
1273 3729 1600 3794 exhibuerit,
1621 3725 1745 3782 inde
1769 3723 1947 3794 colligi

359 3836 542 3898 potest
576 3827 722 3897 quod
760 3839 1038 3896 nunquam
1072 3823 1140 3878 de
1182 3829 1453 3878 retroacta
1495 3815 1802 3874 sanctitatis
1836 3828 1949 3870 suae

361 3917 777 3973 conversatione
829 3930 994 3971 causa
1048 3913 1280 3970 abbatize
1329 3913 1531 3984 aliquid
1577 3914 1808 3980 minuit,
1853 3911 1950 3968 sed

361 4022 577 4080 semper
603 4007 671 4063 de
691 4007 890 4062 virtute
929 4005 980 4059 in
1009 4004 1290 4072 virtutem,
1340 4014 1402 4059 ut
1425 4003 1595 4059 Deum
1641 4005 1864 4058 deorum
1897 4001 1950 4056 in

363 4097 496 4152 Sion
529 4104 830 4152 mereretur
852 4094 1058 4158 videre,
1089 4092 1457 4149 conscendere
1484 4091 1710 4145 studuit.

2028 1834 2152 1880 sunt
2192 1823 2242 1894 (1
2268 1823 2389 1878 Cor.
2424 1837 2544 1886 xm,
2571 1821 2654 1890 4),
2692 1821 2746 1874 in
2775 1833 2840 1874 eo
2865 1819 3101 1888 vigebat,
3145 1833 3241 1888 per
3277 1833 3437 1887 quam
3489 1835 3610 1886 qua:

2026 1915 2258 1970 videnda
2290 1922 2449 1968 erant
2475 1913 2702 1967 veritate
2732 1918 3068 1966 monstrante
3093 1909 3364 1979 extemplo
3405 1909 3614 1980 perspi-

2029 2009 2224 2064 ciebat.

2098 2097 2188 2152 58.
2229 2096 2401 2163 Quam
2427 2094 2555 2164 vigil
2585 2103 2762 2148 autem
2796 2101 2959 2163 atque
2986 2091 3248 2147 sollicitus
3278 2091 3442 2146 fuerit
3465 2091 3612 2146 circa

2030 2187 2301 2257 hospitum
2333 2186 2758 2254 susceptionem,
2785 2199 3080 2254 eorumque
3107 2184 3159 2238 in
3191 2185 3335 2238 omni
3364 2181 3620 2238 humani-

2031 2280 2159 2336 tatis
2210 2275 2701 2350 [al.,lmmilitatis]
2747 2275 2923 2332 ofIicio
2970 2276 3390 2341 relevationem,
3439 2290 3508 2330 ex
3549 2288 3617 2330 eo

2031 2371 2296 2439 probatur
2332 2368 2476 2438 quod
2520 2367 2668 2422 illum
2702 2366 2790 2436 pio
2831 2365 3013 2420 studio
3041 2365 3092 2420 in
3121 2366 3222 2420 hoc
3249 2373 3304 2419 et
3333 2379 3394 2421 se
3434 2374 3491 2420 et
3517 2379 3618 2421 sua

2035 2463 2283 2516 novimus
2312 2460 2669 2530 expendisse;
2718 2472 2776 2512 se
2823 2456 2876 2510 in
2905 2455 3050 2510 omni
3097 2455 3384 2518 hilaritate,
3414 2469 3515 2510 sua
3561 2454 3620 2509 in

2034 2550 2182 2606 omni
2228 2548 2500 2619 largitate.
2537 2546 2690 2614 Quod
2729 2545 2775 2600 si
2821 2545 3108 2614 aliquando
3155 2544 3223 2599 ad
3269 2543 3620 2598 refectionem

2035 2656 2322 2712 corporum
2366 2639 2544 2695 victus
2572 2637 2796 2694 omnino
2824 2652 2924 2704 pro
2958 2644 3085 2692 voto
3111 2649 3208 2690 suo
3239 2649 3347 2690 non
3393 2631 3624 2688 sufficie-

2035 2732 2150 2796 bat,
2181 2731 2284 2784 hoc
2313 2728 2458 2799 quod
2489 2729 2678 2784 deerat
2725 2726 2843 2794 ejus
2878 2727 3018 2781 bona
3066 2725 3316 2780 voluntas
3364 2732 3420 2779 et
3443 2723 3624 2778 vultus

2038 2821 2294 2878 alacritas
2323 2819 2464 2890 apud
2490 2818 2733 2888 hospites
2754 2817 2988 2889 gratiose
3013 2814 3312 2886 supplebat.
3352 2813 3626 2879 Praeterea

2039 2927 2428 2982 nonnunquam
2456 2911 2610 2966 cibus
2640 2908 2870 2964 fratrum
2901 2922 3000 2964 suo
3034 2909 3190 2978 jussu
3233 2908 3301 2961 de
3333 2904 3627 2960 refectorio

2041 3004 2301 3069 sublatus,
2340 3011 2393 3056 et
2422 3001 2728 3071 hospitibus
2757 3009 2844 3054 est
2889 2998 3082 3053 allatus
3123 3006 3286 3065 atque
3326 2994 3621 3065 appositus.

2043 3095 2230 3166 Neque
2263 3093 2407 3150 enim
2456 3100 2584 3147 tunc
2626 3091 2679 3145 in
2726 3097 2974 3159 promptu
3020 3086 3163 3141 aliud
3206 3093 3341 3148 erat,
3373 3083 3514 3156 quod
3543 3080 3628 3138 eis

2045 3196 2170 3258 apte
2199 3191 2386 3255 posset
2411 3182 2625 3253 apponi.
2657 3180 2846 3235 Victus
2875 3183 3056 3234 autem
3095 3176 3483 3232 monachorum
3526 3171 3626 3237 ita,

2041 3276 2156 3333 Deo
2182 3274 2498 3345 providente
2516 3313 2530 3339 ,
2561 3271 2993 3341 dispensabatnr,
3030 3275 3089 3322 ut
3118 3265 3251 3322 nihil
3290 3280 3478 3323 eorum
3507 3278 3632 3334 qua

2044 3370 2338 3425 necessitas
2365 3365 2650 3436 expetebat
2687 3362 2791 3418 illis
2814 3362 3045 3426 deesset,
3087 3361 3215 3415 licet
3242 3360 3539 3430 saepissime
3571 3356 3629 3414 in

2044 3463 2148 3516 hoc
2181 3466 2387 3522 essent,
2416 3465 2474 3511 ut
2504 3457 2785 3512 timeretur
2811 3470 2882 3510 ne
2917 3454 2968 3508 in
2996 3452 3292 3508 crastinum
3328 3452 3408 3506 eis
3433 3459 3632 3508 cuncta

2046 3551 2313 3605 deessent.
2343 3547 2542 3616 Sicque
2571 3559 2952 3627 nonnunquam
2985 3542 3130 3597 inter
3156 3541 3360 3610 aliquid
3388 3549 3443 3596 et
3473 3539 3632 3605 quasi

2045 3639 2180 3694 nihil
2208 3638 2540 3701 ferebantur,
2567 3645 2627 3691 ut
2653 3635 2854 3706 aliquid
2889 3634 2970 3689 eis
3004 3649 3112 3688 non
3148 3630 3531 3704 superflueret;
3578 3638 3636 3686 et

2048 3730 2190 3798 quod
2229 3737 2348 3783 erat
2379 3727 2535 3798 quasi
2578 3725 2713 3782 nihil
2750 3739 2845 3782 eos
2883 3737 3227 3795 nequaquam
3263 3736 3359 3793 per
3395 3721 3634 3791 inopiam

2051 3821 2321 3891 fatigaret.

2120 3911 2210 3967 '59.
2233 3907 2386 3976 Quod
2412 3907 2625 3978 penitus
2653 3906 2758 3961 illis
2781 3904 3124 3976 contingebat
3149 3901 3442 3958 secundum
3467 3901 3637 3955 verba

2052 4000 2132 4055 sui
2158 3997 2347 4068 patris,
2377 3996 2467 4066 qui
2497 4009 2559 4050 ea
2584 3994 2933 4064 praedicebat,
2964 3993 3088 4046 dum
3115 3990 3344 4046 ministri
3379 3986 3639 4044 Ecclesiae

2053 4090 2195 4158 apud
2243 4103 2365 4142 eum
2419 4085 2788 4156 querebantur
2839 4083 2907 4138 de
2949 4081 3237 4137 formidine
3301 4080 3637 4134 imminentis

433 4186 525 4240 57.
565 4185 836 4256 Delegatis
885 4184 1068 4252 itaque
1116 4182 1433 4238 monasterii
1480 4182 1660 4238 causis
1702 4196 1847 4237 curae
1892 4195 1958 4236 ac
2055 4175 2772 4245 necessitatiszfrequenter
2801 4188 3036 4243 namque
3069 4187 3103 4226 a
3127 4169 3441 4234 cellerariis,
3479 4183 3509 4221 a
3539 4182 3639 4222 ca-

365 4273 721 4330 sollicitudini
766 4272 1029 4340 fratrum,
1061 4274 1129 4327 de
1159 4287 1387 4342 quorum
1417 4272 1526 4326 vita
1555 4280 1610 4326 et
1637 4271 1956 4327 strenuitate
2057 4268 2326 4334 merariis,
2377 4283 2408 4320 a
2453 4265 2765 4322 secretariis
2809 4263 2988 4319 aditus
3034 4271 3138 4326 est,
3175 4260 3386 4330 etquid
3427 4257 3640 4314 consilii

367 4377 554 4422 certus
592 4374 730 4431 erat,
773 4365 887 4435 ipse
922 4365 1014 4419 Dei
1062 4363 1525 4436 contemplationi,
1564 4364 1952 4419 monachorum
1985 4402 2035 4464 υ

367 4457 683 4522 eruditioni,
723 4455 1100 4523 admonitioni,
1139 4455 1464 4512 correctioni
1498 4455 1703 4527 jugiter
1741 4455 1956 4510 insiste-

370 4547 482 4601 bat.
515 4545 741 4614 Quando
771 4555 955 4600 autem
979 4544 1184 4616 aliquid
1215 4546 1393 4616 magni
1434 4545 1487 4599 in
1516 4545 1747 4615 negotiis
1768 4544 1957 4600 Eccle-

370 4639 466 4693 siae
506 4646 623 4692 erat
653 4638 921 4708 agendum
961 4639 1106 4707 quod
1144 4639 1198 4692 in
1229 4637 1344 4707 ejus
1387 4637 1628 4692 absentia
1679 4652 1784 4691 non
1811 4638 1957 4692 testi-

373 4733 626 4788 mabatur
661 4742 917 4803 oportere
943 4733 1178 4798 definiri,
1213 4741 1341 4787 tunc
1376 4747 1474 4802 pro
1510 4740 1751 4802 tempore
1783 4741 1841 4787 et
1871 4745 1957 4786 ra-

374 4823 521 4877 tione
557 4822 832 4893 negotium
867 4823 1012 4891 quod
1053 4821 1384 4886 imminebat,
1416 4823 1689 4878 mediante
1721 4821 1953 4889 justitia,

373 4911 710 4981 disponebat.
732 4911 1109 4966 Abominabile
1135 4911 1330 4982 quippe
1352 4911 1647 4980 judicabat,
1674 4910 1719 4966 si
1743 4911 1960 4981 quidvis

375 5003 510 5059 lucri
543 5011 928 5072 assequeretur
953 5017 1021 5056 ex
1049 5017 1114 5057 eo
1140 5002 1283 5071 quod
1313 5003 1449 5057 alius
1482 5011 1670 5056 contra
1712 5003 1961 5058 modera-

377 5094 526 5150 mina
550 5093 689 5166 juris
716 5093 906 5162 quavis
934 5093 1138 5148 astutia
1162 5093 1389 5162 perdere
1418 5101 1620 5163 posset.
1670 5091 1824 5148 Unde
1869 5108 1961 5148 ne-

377 5186 580 5242 minem
620 5185 675 5239 in
721 5184 932 5255 placitis
980 5183 1285 5254 patiebatur
1327 5198 1359 5237 a
1400 5183 1512 5238 suis
1545 5181 1724 5253 aliqua
1771 5182 1962 5238 fraude

376 5275 784 5344 circumveniri,
827 5275 1125 5332 observans
1172 5289 1240 5329 ne
1283 5273 1367 5328 eui
1416 5272 1620 5330 faceret
1667 5274 1813 5343 quod
1859 5272 1960 5327 sibi

2055 4367 2246 4415 contra
2276 4356 2557 4428 penuriam
2583 4370 2705 4424 quae
2728 4352 2986 4423 cujusque
3017 4350 3381 4406 obedientiam
3412 4361 3640 4417 pessun-

2057 4448 2220 4504 dabat
2264 4447 2420 4502 daret
2462 4445 2772 4516 inquisitus.
2826 4443 3033 4510 Quibus
3079 4456 3202 4496 eum
3254 4437 3638 4509 responderet;

2059 4539 2285 4609 Sperate
2332 4539 2386 4591 in
2412 4535 2661 4600 Domino,
2699 4542 2754 4589 et
2783 4545 2942 4602 spero
2992 4531 3124 4601 quia
3173 4530 3288 4600 ipse
3336 4525 3640 4580 necessaria

2057 4629 2210 4685 vobis
2231 4641 2456 4698 qumque
2489 4622 2842 4687 ministrabit;
2890 4619 3122 4675 mirabili
3153 4617 3312 4672 modo
3341 4630 3443 4670 non
3470 4627 3631 4668 secus

2057 4719 2340 4776 eveniebat
2365 4718 2418 4771 in
2442 4731 2523 4780 re,
2544 4729 2705 4785 quam
2732 4713 2852 4783 ipse
2877 4711 3092 4766 dicebat
3118 4724 3176 4765 se
3203 4709 3404 4763 habere
3434 4705 3488 4758 in
3517 4716 3638 4773 Spe.

2062 4812 2284 4867 Videres
2327 4809 2472 4864 enim
2513 4815 2632 4878 post
2675 4806 2790 4860 haec
2832 4801 2994 4858 verba
3038 4802 3220 4857 statim
3271 4799 3386 4869 ipsa
3435 4795 3523 4850 die
3553 4793 3642 4847 vel

2063 4911 2214 4957 certe
2247 4898 2493 4970 sequenti
2539 4910 2721 4960 mane,
2762 4895 2876 4949 sive
2917 4892 3058 4963 quod
3109 4890 3217 4944 falli
3269 4903 3373 4942 non
3403 4890 3640 4955 poterat,

2060 4993 2378 5065 priusquam
2407 4987 2634 5059 penuria
2671 4985 2854 5055 aliquo
2883 4983 3047 5038 ullum
3079 4980 3358 5050 afﬂigeret,
3387 4983 3444 5030 ut
3475 4987 3640 5065 naves

2059 5064 2127 5140 de
2144 5083 2333 5154 Anglia
2357 5088 2610 5135 oneratas
2633 5077 2780 5133 omni
2808 5075 2961 5145 cupia
2989 5074 3042 5128 in
3069 5086 3224 5126 usum
3250 5069 3464 5124 illorum
3482 5064 3640 5132 juxta

2063 5173 2275 5244 appelli,
2307 5180 2400 5226 aut
2429 5169 2720 5240 quemlibet
2757 5168 2821 5222 de
2849 5165 3104 5221 divitibus
3135 5171 3290 5216 terra:
3321 5155 3638 5213 fraternita-

2063 5273 2172 5320 tem
2210 5262 2464 5320 Ecclesite
2499 5268 2830 5332 quaerentem
2873 5271 2997 5314 eum
3043 5266 3238 5324 magna
3278 5248 3506 5320 pecunia
3546 5245 3644 5300 ad-

1675 5403 2090 5461 HENSCHENII
2125 5400 2356 5457 NOTJE.

385 5519 901 5662 ‘ggﬁDefunctus
928 5532 1011 5581 est
1056 5522 1114 5576 Β.
1165 5519 1456 5578 Herluinus
1500 5535 1648 5576 anno
1695 5519 1855 5589 1.078,
1889 5517 1960 5573 26

455 5657 570 5734 (ΞΩ)
611 5663 862 5719 Sacratus
905 5672 987 5719 est
1019 5665 1306 5721 Anselmus
1345 5665 1396 5719 in
1434 5662 1569 5719 festo
1613 5660 1670 5717 S.
1710 5659 1853 5716 Petri
1896 5657 1963 5712 ad

2069 5518 2382 5645 gztbgdram
2413 5529 2554 5574 anno
2574 5513 2728 5578 l079,
2761 5512 2830 5570 ab
2845 5505 3160 5570 Ebroicensi
3185 5503 3438 5577 episcopo
3467 5499 3648 5557 Gisle-
