  <div class='ocr_page' id='page_1' title='image "/cluster/home/n/w/nwhite01/storage/ocr_20150623/158/hvd.32044054760160/042.png"; bbox 0 0 3882 6050; ppageno 0'>
   <div class='ocr_carea' id='block_1_1' title="bbox 307 270 3560 350">
    <p class='ocr_par' dir='ltr' id='par_1_1' title="bbox 307 270 3560 350">
     <span class='ocr_line' id='line_1_1' title="bbox 307 270 3560 350; baseline 0 -22"><span class='ocrx_word' id='word_1_1' title='bbox 307 271 380 328; x_wconf 78' lang='lat'><strong>7&#39;5</strong></span> <span class='ocrx_word' id='word_1_2' title='bbox 1310 273 1464 350; x_wconf 65' lang='lat' dir='ltr'><strong>V&#39;U‘A</strong></span> <span class='ocrx_word' id='word_1_3' title='bbox 1500 273 1822 329; x_wconf 79' lang='lat' dir='ltr'><strong>AUCTORE</strong></span> <span class='ocrx_word' id='word_1_4' title='bbox 1861 270 2212 326; x_wconf 72' lang='lat' dir='ltr'><strong>EADMERO.</strong></span> <span class='ocrx_word' id='word_1_5' title='bbox 2257 302 2320 309; x_wconf 90' lang='lat'><strong>—-</strong></span> <span class='ocrx_word' id='word_1_6' title='bbox 2347 271 2476 324; x_wconf 78' lang='lat' dir='ltr'><strong>LIB.</strong></span> <span class='ocrx_word' id='word_1_7' title='bbox 2521 272 2560 324; x_wconf 86' lang='grc' dir='ltr'><strong>Ι.</strong></span> <span class='ocrx_word' id='word_1_8' title='bbox 2721 347 2724 350; x_wconf 18' lang='lat'><strong><em>.</em></strong></span> <span class='ocrx_word' id='word_1_9' title='bbox 3488 276 3560 328; x_wconf 79' lang='grc' dir='ltr'>Ἠ</span> 
     </span>
    </p>
   </div>
   <div class='ocr_carea' id='block_1_2' title="bbox 311 384 3562 460">
    <p class='ocr_par' dir='ltr' id='par_1_2' title="bbox 311 384 3562 460">
     <span class='ocr_line' id='line_1_2' title="bbox 311 384 3562 460; baseline 0.002 -21"><span class='ocrx_word' id='word_1_10' title='bbox 311 396 567 452; x_wconf 88' lang='lat' dir='ltr'><strong>ventarc;</strong></span> <span class='ocrx_word' id='word_1_11' title='bbox 599 393 690 440; x_wconf 87' lang='lat' dir='ltr'><strong>aut</strong></span> <span class='ocrx_word' id='word_1_12' title='bbox 719 385 1565 455; x_wconf 84' lang='lat' dir='ltr'><strong>aliquemrelinqueremundum</strong></span> <span class='ocrx_word' id='word_1_13' title='bbox 1597 387 1884 448; x_wconf 85' lang='lat' dir='ltr'><strong>volentem,</strong></span> <span class='ocrx_word' id='word_1_14' title='bbox 1920 393 1962 447; x_wconf 75' lang='grc' dir='ltr'>Α</span> <span class='ocrx_word' id='word_1_15' title='bbox 1995 385 2166 454; x_wconf 89' lang='lat' dir='ltr'><strong>magis</strong></span> <span class='ocrx_word' id='word_1_16' title='bbox 2216 384 2369 439; x_wconf 86' lang='lat' dir='ltr'><strong>nobis</strong></span> <span class='ocrx_word' id='word_1_17' title='bbox 2417 400 2538 439; x_wconf 86' lang='lat' dir='ltr'><strong>esse</strong></span> <span class='ocrx_word' id='word_1_18' title='bbox 2584 386 2946 455; x_wconf 83' lang='lat' dir='ltr'><strong>gaudendum,</strong></span> <span class='ocrx_word' id='word_1_19' title='bbox 3003 389 3046 442; x_wconf 89' lang='lat' dir='ltr'><strong>si</strong></span> <span class='ocrx_word' id='word_1_20' title='bbox 3094 388 3226 443; x_wconf 89' lang='lat' dir='ltr'><strong>alios</strong></span> <span class='ocrx_word' id='word_1_21' title='bbox 3275 389 3562 460; x_wconf 82' lang='lat' dir='ltr'><strong>diligimus,</strong></span> 
     </span>
    </p>
   </div>
   <div class='ocr_carea' id='block_1_3' title="bbox 310 475 1892 544">
    <p class='ocr_par' dir='ltr' id='par_1_3' title="bbox 310 475 1892 544">
     <span class='ocr_line' id='line_1_3' title="bbox 310 475 1892 544; baseline -0.001 -16"><span class='ocrx_word' id='word_1_22' title='bbox 310 491 373 529; x_wconf 86' lang='lat' dir='ltr'><strong>se</strong></span> <span class='ocrx_word' id='word_1_23' title='bbox 392 483 445 529; x_wconf 80' lang='lat' dir='ltr'><strong>et</strong></span> <span class='ocrx_word' id='word_1_24' title='bbox 466 491 561 529; x_wconf 91' lang='lat' dir='ltr'><strong>sua</strong></span> <span class='ocrx_word' id='word_1_25' title='bbox 587 476 638 530; x_wconf 91' lang='lat' dir='ltr'><strong>in</strong></span> <span class='ocrx_word' id='word_1_26' title='bbox 663 477 1045 530; x_wconf 74' lang='lat' dir='ltr'><strong>monasterium</strong></span> <span class='ocrx_word' id='word_1_27' title='bbox 1067 475 1288 540; x_wconf 70' lang='lat' dir='ltr'><strong>offerre;</strong></span> <span class='ocrx_word' id='word_1_28' title='bbox 1316 484 1408 528; x_wconf 89' lang='lat' dir='ltr'><strong>aut</strong></span> <span class='ocrx_word' id='word_1_29' title='bbox 1428 476 1657 544; x_wconf 90' lang='lat' dir='ltr'><strong>denique</strong></span> <span class='ocrx_word' id='word_1_30' title='bbox 1679 475 1892 527; x_wconf 81' lang='lat' dir='ltr'><strong>aliunde</strong></span> 
     </span>
    </p>
   </div>
   <div class='ocr_carea' id='block_1_4' title="bbox 309 565 1888 636">
    <p class='ocr_par' dir='ltr' id='par_1_4' title="bbox 309 565 1888 636">
     <span class='ocr_line' id='line_1_4' title="bbox 309 565 1888 636; baseline 0 -19"><span class='ocrx_word' id='word_1_31' title='bbox 309 565 513 634; x_wconf 86' lang='lat' dir='ltr'><strong>aliquid</strong></span> <span class='ocrx_word' id='word_1_32' title='bbox 545 567 842 636; x_wconf 76' lang='lat' dir='ltr'><strong>apportari,</strong></span> <span class='ocrx_word' id='word_1_33' title='bbox 869 569 1009 621; x_wconf 90' lang='lat' dir='ltr'><strong>unde</strong></span> <span class='ocrx_word' id='word_1_34' title='bbox 1037 581 1133 636; x_wconf 90' lang='lat' dir='ltr'><strong>per</strong></span> <span class='ocrx_word' id='word_1_35' title='bbox 1158 566 1417 635; x_wconf 88' lang='lat' dir='ltr'><strong>plurimos</strong></span> <span class='ocrx_word' id='word_1_36' title='bbox 1440 566 1556 619; x_wconf 89' lang='lat' dir='ltr'><strong>dies</strong></span> <span class='ocrx_word' id='word_1_37' title='bbox 1586 565 1888 620; x_wconf 85' lang='lat' dir='ltr'><strong>necessaria</strong></span> 
     </span>
    </p>
   </div>
   <div class='ocr_carea' id='block_1_5' title="bbox 309 658 1164 728">
    <p class='ocr_par' dir='ltr' id='par_1_5' title="bbox 309 658 1164 728">
     <span class='ocr_line' id='line_1_5' title="bbox 309 658 1164 728; baseline -0.001 -18"><span class='ocrx_word' id='word_1_38' title='bbox 309 674 540 728; x_wconf 69' lang='lat' dir='ltr'><strong>quaeque</strong></span> <span class='ocrx_word' id='word_1_39' title='bbox 568 666 818 727; x_wconf 90' lang='lat' dir='ltr'><strong>poterant</strong></span> <span class='ocrx_word' id='word_1_40' title='bbox 849 658 1164 712; x_wconf 85' lang='lat' dir='ltr'><strong>ministrari.</strong></span> 
     </span>
    </p>
   </div>
   <div class='ocr_carea' id='block_1_6' title="bbox 385 748 1894 820">
    <p class='ocr_par' dir='ltr' id='par_1_6' title="bbox 385 748 1894 820">
     <span class='ocr_line' id='line_1_6' title="bbox 385 748 1894 820; baseline 0.001 -17"><span class='ocrx_word' id='word_1_41' title='bbox 385 749 472 803; x_wconf 67' lang='lat'><strong>£0.</strong></span> <span class='ocrx_word' id='word_1_42' title='bbox 527 748 774 803; x_wconf 84' lang='lat' dir='ltr'><strong>Habebat</strong></span> <span class='ocrx_word' id='word_1_43' title='bbox 823 760 1081 818; x_wconf 62' lang='lat' dir='ltr'><strong>praeterea</strong></span> <span class='ocrx_word' id='word_1_44' title='bbox 1138 750 1312 820; x_wconf 90' lang='lat' dir='ltr'><strong>ipsum</strong></span> <span class='ocrx_word' id='word_1_45' title='bbox 1358 750 1665 804; x_wconf 79' lang='lat' dir='ltr'><strong>coenobium</strong></span> <span class='ocrx_word' id='word_1_46' title='bbox 1715 749 1894 817; x_wconf 87' lang='lat' dir='ltr'><strong>plures</strong></span> 
     </span>
    </p>
   </div>
   <div class='ocr_carea' id='block_1_7' title="bbox 313 837 1891 908">
    <p class='ocr_par' dir='ltr' id='par_1_7' title="bbox 313 837 1891 908">
     <span class='ocr_line' id='line_1_7' title="bbox 313 837 1891 908; baseline -0.002 -17"><span class='ocrx_word' id='word_1_47' title='bbox 313 837 688 907; x_wconf 81' lang='lat' dir='ltr'><strong>possessiones</strong></span> <span class='ocrx_word' id='word_1_48' title='bbox 723 839 776 892; x_wconf 92' lang='lat' dir='ltr'><strong>in</strong></span> <span class='ocrx_word' id='word_1_49' title='bbox 809 837 1022 908; x_wconf 81' lang='lat' dir='ltr'><strong>Anglia,</strong></span> <span class='ocrx_word' id='word_1_50' title='bbox 1053 853 1190 907; x_wconf 88' lang='lat' dir='ltr'><strong>quas</strong></span> <span class='ocrx_word' id='word_1_51' title='bbox 1235 853 1332 906; x_wconf 93' lang='lat' dir='ltr'><strong>pro</strong></span> <span class='ocrx_word' id='word_1_52' title='bbox 1363 837 1631 892; x_wconf 90' lang='lat' dir='ltr'><strong>communi</strong></span> <span class='ocrx_word' id='word_1_53' title='bbox 1665 837 1891 890; x_wconf 83' lang='lat' dir='ltr'><strong>fratrum</strong></span> 
     </span>
    </p>
   </div>
   <div class='ocr_carea' id='block_1_8' title="bbox 314 928 1890 999">
    <p class='ocr_par' dir='ltr' id='par_1_8' title="bbox 314 928 1890 999">
     <span class='ocr_line' id='line_1_8' title="bbox 314 928 1890 999; baseline -0.002 -17"><span class='ocrx_word' id='word_1_54' title='bbox 314 929 550 983; x_wconf 83' lang='lat' dir='ltr'><strong>utilitate</strong></span> <span class='ocrx_word' id='word_1_55' title='bbox 599 943 823 984; x_wconf 90' lang='lat' dir='ltr'><strong>necesse</strong></span> <span class='ocrx_word' id='word_1_56' title='bbox 850 938 962 983; x_wconf 92' lang='lat' dir='ltr'><strong>erat</strong></span> <span class='ocrx_word' id='word_1_57' title='bbox 1001 943 1096 999; x_wconf 90' lang='lat' dir='ltr'><strong>per</strong></span> <span class='ocrx_word' id='word_1_58' title='bbox 1123 928 1333 983; x_wconf 86' lang='lat' dir='ltr'><strong>abbatis</strong></span> <span class='ocrx_word' id='word_1_59' title='bbox 1370 928 1711 998; x_wconf 61' lang='lat' dir='ltr'><strong>praesentiam</strong></span> <span class='ocrx_word' id='word_1_60' title='bbox 1754 942 1890 981; x_wconf 88' lang='lat' dir='ltr'><strong>non-</strong></span> 
     </span>
    </p>
   </div>
   <div class='ocr_carea' id='block_1_9' title="bbox 314 1019 1888 1089">
    <p class='ocr_par' dir='ltr' id='par_1_9' title="bbox 314 1019 1888 1089">
     <span class='ocr_line' id='line_1_9' title="bbox 314 1019 1888 1089; baseline 0.001 -18"><span class='ocrx_word' id='word_1_61' title='bbox 314 1034 588 1088; x_wconf 86' lang='lat' dir='ltr'><strong>nunquam</strong></span> <span class='ocrx_word' id='word_1_62' title='bbox 611 1019 843 1074; x_wconf 89' lang='lat' dir='ltr'><strong>visitari.</strong></span> <span class='ocrx_word' id='word_1_63' title='bbox 873 1019 991 1089; x_wconf 89' lang='lat' dir='ltr'><strong>Ipso</strong></span> <span class='ocrx_word' id='word_1_64' title='bbox 1015 1021 1195 1088; x_wconf 82' lang='lat' dir='ltr'><strong>itaque</strong></span> <span class='ocrx_word' id='word_1_65' title='bbox 1218 1034 1330 1072; x_wconf 78' lang='lat' dir='ltr'><strong>sua:</strong></span> <span class='ocrx_word' id='word_1_66' title='bbox 1353 1019 1707 1072; x_wconf 85' lang='lat' dir='ltr'><strong>ordinationis</strong></span> <span class='ocrx_word' id='word_1_67' title='bbox 1729 1032 1888 1080; x_wconf 89' lang='lat' dir='ltr'><strong>anno,</strong></span> 
     </span>
    </p>
   </div>
   <div class='ocr_carea' id='block_1_10' title="bbox 311 1108 1896 1180">
    <p class='ocr_par' dir='ltr' id='par_1_10' title="bbox 311 1108 1896 1180">
     <span class='ocr_line' id='line_1_10' title="bbox 311 1108 1896 1180; baseline -0.001 -16"><span class='ocrx_word' id='word_1_68' title='bbox 311 1110 600 1164; x_wconf 70' lang='lat' dir='ltr'><strong>Ausehnus</strong></span> <span class='ocrx_word' id='word_1_69' title='bbox 641 1111 693 1164; x_wconf 93' lang='lat' dir='ltr'><strong>in</strong></span> <span class='ocrx_word' id='word_1_70' title='bbox 737 1110 981 1180; x_wconf 81' lang='lat' dir='ltr'><strong>Angliam</strong></span> <span class='ocrx_word' id='word_1_71' title='bbox 1019 1110 1292 1175; x_wconf 88' lang='lat' dir='ltr'><strong>profectus</strong></span> <span class='ocrx_word' id='word_1_72' title='bbox 1317 1120 1421 1165; x_wconf 89' lang='lat' dir='ltr'><strong>est.</strong></span> <span class='ocrx_word' id='word_1_73' title='bbox 1466 1110 1546 1164; x_wconf 83' lang='lat' dir='ltr'><strong>Ad</strong></span> <span class='ocrx_word' id='word_1_74' title='bbox 1573 1108 1738 1180; x_wconf 89' lang='lat' dir='ltr'><strong>quod,</strong></span> <span class='ocrx_word' id='word_1_75' title='bbox 1771 1109 1896 1162; x_wconf 87' lang='lat' dir='ltr'><strong>licet</strong></span> 
     </span>
    </p>
   </div>
   <div class='ocr_carea' id='block_1_11' title="bbox 313 1200 1892 1270">
    <p class='ocr_par' dir='ltr' id='par_1_11' title="bbox 313 1200 1892 1270">
     <span class='ocr_line' id='line_1_11' title="bbox 313 1200 1892 1270; baseline 0.001 -17"><span class='ocrx_word' id='word_1_76' title='bbox 313 1201 450 1266; x_wconf 76' lang='lat' dir='ltr'><strong>inec,</strong></span> <span class='ocrx_word' id='word_1_77' title='bbox 481 1217 643 1270; x_wconf 83' lang='lat' dir='ltr'><strong>quant</strong></span> <span class='ocrx_word' id='word_1_78' title='bbox 676 1202 807 1266; x_wconf 81' lang='lat' dir='ltr'><strong>dixi,</strong></span> <span class='ocrx_word' id='word_1_79' title='bbox 846 1202 979 1257; x_wconf 89' lang='lat' dir='ltr'><strong>satis</strong></span> <span class='ocrx_word' id='word_1_80' title='bbox 1009 1202 1165 1256; x_wconf 80' lang='lat' dir='ltr'><strong>firma</strong></span> <span class='ocrx_word' id='word_1_81' title='bbox 1217 1217 1379 1257; x_wconf 87' lang='lat' dir='ltr'><strong>causa</strong></span> <span class='ocrx_word' id='word_1_82' title='bbox 1424 1202 1734 1267; x_wconf 84' lang='lat' dir='ltr'><strong>exstiteret;</strong></span> <span class='ocrx_word' id='word_1_83' title='bbox 1789 1200 1892 1254; x_wconf 88' lang='lat' dir='ltr'><strong>alia</strong></span> 
     </span>
    </p>
   </div>
   <div class='ocr_carea' id='block_1_12' title="bbox 314 1291 1898 1358">
    <p class='ocr_par' dir='ltr' id='par_1_12' title="bbox 314 1291 1898 1358">
     <span class='ocr_line' id='line_1_12' title="bbox 314 1291 1898 1358; baseline 0.001 -17"><span class='ocrx_word' id='word_1_84' title='bbox 314 1301 492 1344; x_wconf 89' lang='lat' dir='ltr'><strong>tamen</strong></span> <span class='ocrx_word' id='word_1_85' title='bbox 526 1301 643 1345; x_wconf 90' lang='lat' dir='ltr'><strong>erat</strong></span> <span class='ocrx_word' id='word_1_86' title='bbox 683 1307 788 1345; x_wconf 91' lang='lat' dir='ltr'><strong>non</strong></span> <span class='ocrx_word' id='word_1_87' title='bbox 829 1291 1092 1345; x_wconf 74' lang='lat' dir='ltr'><strong>infirmior</strong></span> <span class='ocrx_word' id='word_1_88' title='bbox 1125 1291 1248 1358; x_wconf 90' lang='lat' dir='ltr'><strong>ista,</strong></span> <span class='ocrx_word' id='word_1_89' title='bbox 1280 1291 1529 1346; x_wconf 82' lang='lat' dir='ltr'><strong>videlicet</strong></span> <span class='ocrx_word' id='word_1_90' title='bbox 1559 1298 1617 1344; x_wconf 91' lang='lat' dir='ltr'><strong>ut</strong></span> <span class='ocrx_word' id='word_1_91' title='bbox 1646 1305 1898 1345; x_wconf 85' lang='lat' dir='ltr'><strong>reveren-</strong></span> 
     </span>
    </p>
   </div>
   <div class='ocr_carea' id='block_1_13' title="bbox 310 1381 1898 1452">
    <p class='ocr_par' dir='ltr' id='par_1_13' title="bbox 310 1381 1898 1452">
     <span class='ocr_line' id='line_1_13' title="bbox 310 1381 1898 1452; baseline 0.003 -21"><span class='ocrx_word' id='word_1_92' title='bbox 310 1382 438 1433; x_wconf 91' lang='lat' dir='ltr'><strong>dnm</strong></span> <span class='ocrx_word' id='word_1_93' title='bbox 470 1381 855 1446; x_wconf 86' lang='lat' dir='ltr'><strong>Lanfraucum,</strong></span> <span class='ocrx_word' id='word_1_94' title='bbox 897 1383 1052 1450; x_wconf 87' lang='lat' dir='ltr'><strong>cujus</strong></span> <span class='ocrx_word' id='word_1_95' title='bbox 1089 1397 1250 1452; x_wconf 85' lang='lat' dir='ltr'><strong>supra</strong></span> <span class='ocrx_word' id='word_1_96' title='bbox 1291 1383 1657 1448; x_wconf 85' lang='lat' dir='ltr'><strong>meminimus,</strong></span> <span class='ocrx_word' id='word_1_97' title='bbox 1691 1383 1898 1436; x_wconf 78' lang='lat' dir='ltr'><strong>videret</strong></span> 
     </span>
    </p>
   </div>
   <div class='ocr_carea' id='block_1_14' title="bbox 310 1473 1894 1544">
    <p class='ocr_par' dir='ltr' id='par_1_14' title="bbox 310 1473 1894 1544">
     <span class='ocr_line' id='line_1_14' title="bbox 310 1473 1894 1544; baseline 0.003 -22"><span class='ocrx_word' id='word_1_98' title='bbox 310 1483 368 1524; x_wconf 88' lang='lat' dir='ltr'><strong>et</strong></span> <span class='ocrx_word' id='word_1_99' title='bbox 395 1487 516 1526; x_wconf 92' lang='lat' dir='ltr'><strong>cum</strong></span> <span class='ocrx_word' id='word_1_100' title='bbox 543 1488 608 1527; x_wconf 91' lang='lat' dir='ltr'><strong>eo</strong></span> <span class='ocrx_word' id='word_1_101' title='bbox 634 1475 700 1530; x_wconf 90' lang='lat' dir='ltr'><strong>de</strong></span> <span class='ocrx_word' id='word_1_102' title='bbox 740 1474 822 1528; x_wconf 92' lang='lat' dir='ltr'><strong>his</strong></span> <span class='ocrx_word' id='word_1_103' title='bbox 848 1489 966 1544; x_wconf 76' lang='lat' dir='ltr'><strong>qua:</strong></span> <span class='ocrx_word' id='word_1_104' title='bbox 994 1475 1156 1530; x_wconf 86' lang='lat' dir='ltr'><strong>corde</strong></span> <span class='ocrx_word' id='word_1_105' title='bbox 1202 1475 1422 1544; x_wconf 84' lang='lat' dir='ltr'><strong>gerebat</strong></span> <span class='ocrx_word' id='word_1_106' title='bbox 1451 1474 1702 1528; x_wconf 89' lang='lat' dir='ltr'><strong>familiari</strong></span> <span class='ocrx_word' id='word_1_107' title='bbox 1730 1473 1894 1528; x_wconf 68' lang='lat' dir='ltr'><strong>affatu</strong></span> 
     </span>
    </p>
   </div>
   <div class='ocr_carea' id='block_1_15' title="bbox 311 1563 1894 1635">
    <p class='ocr_par' dir='ltr' id='par_1_15' title="bbox 311 1563 1894 1635">
     <span class='ocr_line' id='line_1_15' title="bbox 311 1563 1894 1635; baseline 0.004 -21"><span class='ocrx_word' id='word_1_108' title='bbox 311 1574 518 1632; x_wconf 87' lang='lat' dir='ltr'><strong>ageret.</strong></span> <span class='ocrx_word' id='word_1_109' title='bbox 565 1563 682 1632; x_wconf 83' lang='lat' dir='ltr'><strong>Ipse</strong></span> <span class='ocrx_word' id='word_1_110' title='bbox 718 1565 985 1634; x_wconf 89' lang='lat' dir='ltr'><strong>siquidem</strong></span> <span class='ocrx_word' id='word_1_111' title='bbox 1014 1565 1334 1621; x_wconf 89' lang='lat' dir='ltr'><strong>venerabilis</strong></span> <span class='ocrx_word' id='word_1_112' title='bbox 1363 1566 1444 1618; x_wconf 94' lang='lat' dir='ltr'><strong>vir</strong></span> <span class='ocrx_word' id='word_1_113' title='bbox 1463 1566 1577 1635; x_wconf 90' lang='lat' dir='ltr'><strong>jam</strong></span> <span class='ocrx_word' id='word_1_114' title='bbox 1607 1566 1672 1620; x_wconf 89' lang='lat' dir='ltr'><strong>de</strong></span> <span class='ocrx_word' id='word_1_115' title='bbox 1701 1565 1894 1621; x_wconf 88' lang='lat' dir='ltr'><strong>abbate</strong></span> 
     </span>
    </p>
   </div>
   <div class='ocr_carea' id='block_1_16' title="bbox 311 1652 1894 1726">
    <p class='ocr_par' dir='ltr' id='par_1_16' title="bbox 311 1652 1894 1726">
     <span class='ocr_line' id='line_1_16' title="bbox 311 1652 1894 1726; baseline 0.003 -22"><span class='ocrx_word' id='word_1_116' title='bbox 311 1653 636 1707; x_wconf 74' lang='lat' dir='ltr'><strong>Cadomensi</strong></span> <span class='ocrx_word' id='word_1_117' title='bbox 679 1652 854 1708; x_wconf 88' lang='lat' dir='ltr'><strong>factus</strong></span> <span class='ocrx_word' id='word_1_118' title='bbox 902 1654 1078 1710; x_wconf 78' lang='lat' dir='ltr'><strong>fuerat</strong></span> <span class='ocrx_word' id='word_1_119' title='bbox 1113 1655 1224 1726; x_wconf 64' lang='lat'><strong>(95)</strong></span> <span class='ocrx_word' id='word_1_120' title='bbox 1272 1655 1710 1726; x_wconf 86' lang='lat' dir='ltr'><strong>archiepisc0pus</strong></span> <span class='ocrx_word' id='word_1_121' title='bbox 1757 1655 1894 1710; x_wconf 78' lang='lat' dir='ltr'><strong>Cau-</strong></span> 
     </span>
    </p>
   </div>
   <div class='ocr_carea' id='block_1_17' title="bbox 1995 475 3567 548">
    <p class='ocr_par' dir='ltr' id='par_1_17' title="bbox 1995 475 3567 548">
     <span class='ocr_line' id='line_1_17' title="bbox 1995 475 3567 548; baseline 0.006 -20"><span class='ocrx_word' id='word_1_122' title='bbox 1995 490 2155 544; x_wconf 91' lang='lat' dir='ltr'><strong>quam</strong></span> <span class='ocrx_word' id='word_1_123' title='bbox 2199 476 2243 530; x_wconf 88' lang='lat' dir='ltr'><strong>si</strong></span> <span class='ocrx_word' id='word_1_124' title='bbox 2280 475 2553 544; x_wconf 88' lang='lat' dir='ltr'><strong>diligimttr</strong></span> <span class='ocrx_word' id='word_1_125' title='bbox 2591 477 2657 530; x_wconf 89' lang='lat' dir='ltr'><strong>ab</strong></span> <span class='ocrx_word' id='word_1_126' title='bbox 2697 478 2838 532; x_wconf 86' lang='lat' dir='ltr'><strong>aliis.</strong></span> <span class='ocrx_word' id='word_1_127' title='bbox 2876 479 3026 544; x_wconf 86' lang='lat' dir='ltr'><strong>Quod</strong></span> <span class='ocrx_word' id='word_1_128' title='bbox 3067 479 3192 548; x_wconf 86' lang='lat' dir='ltr'><strong>quia</strong></span> <span class='ocrx_word' id='word_1_129' title='bbox 3230 495 3335 535; x_wconf 91' lang='lat' dir='ltr'><strong>non</strong></span> <span class='ocrx_word' id='word_1_130' title='bbox 3380 497 3567 538; x_wconf 91' lang='lat' dir='ltr'><strong>omnes</strong></span> 
     </span>
    </p>
   </div>
   <div class='ocr_carea' id='block_1_18' title="bbox 1996 565 3568 638">
    <p class='ocr_par' dir='ltr' id='par_1_18' title="bbox 1996 565 3568 638">
     <span class='ocr_line' id='line_1_18' title="bbox 1996 565 3568 638; baseline 0.007 -20"><span class='ocrx_word' id='word_1_131' title='bbox 1996 565 2238 628; x_wconf 88' lang='lat' dir='ltr'><strong>faciunt,</strong></span> <span class='ocrx_word' id='word_1_132' title='bbox 2284 567 2436 620; x_wconf 91' lang='lat' dir='ltr'><strong>multi</strong></span> <span class='ocrx_word' id='word_1_133' title='bbox 2484 568 2660 636; x_wconf 91' lang='lat' dir='ltr'><strong>potius</strong></span> <span class='ocrx_word' id='word_1_134' title='bbox 2699 569 2764 622; x_wconf 88' lang='lat' dir='ltr'><strong>ab</strong></span> <span class='ocrx_word' id='word_1_135' title='bbox 2800 569 2920 624; x_wconf 90' lang='lat' dir='ltr'><strong>aliis</strong></span> <span class='ocrx_word' id='word_1_136' title='bbox 2963 571 3135 624; x_wconf 83' lang='lat' dir='ltr'><strong>amari</strong></span> <span class='ocrx_word' id='word_1_137' title='bbox 3179 586 3341 638; x_wconf 91' lang='lat' dir='ltr'><strong>quam</strong></span> <span class='ocrx_word' id='word_1_138' title='bbox 3383 588 3568 629; x_wconf 88' lang='lat' dir='ltr'><strong>amare</strong></span> 
     </span>
    </p>
   </div>
   <div class='ocr_carea' id='block_1_19' title="bbox 1996 654 3564 726">
    <p class='ocr_par' dir='ltr' id='par_1_19' title="bbox 1996 654 3564 726">
     <span class='ocr_line' id='line_1_19' title="bbox 1996 654 3564 726; baseline 0.007 -19"><span class='ocrx_word' id='word_1_139' title='bbox 1996 654 2130 708; x_wconf 87' lang='lat' dir='ltr'><strong>alios</strong></span> <span class='ocrx_word' id='word_1_140' title='bbox 2158 655 2397 723; x_wconf 87' lang='lat' dir='ltr'><strong>cupiunt.</strong></span> <span class='ocrx_word' id='word_1_141' title='bbox 2423 675 2440 708; x_wconf 77' lang='grc' dir='ltr'><strong><em>ι</em></strong></span> <span class='ocrx_word' id='word_1_142' title='bbox 2483 656 2602 712; x_wconf 65' lang='lat' dir='ltr'><strong>llaec</strong></span> <span class='ocrx_word' id='word_1_143' title='bbox 2625 666 2681 711; x_wconf 91' lang='lat' dir='ltr'><strong>et</strong></span> <span class='ocrx_word' id='word_1_144' title='bbox 2708 658 3014 726; x_wconf 87' lang='lat' dir='ltr'><strong>lmjusmodi</strong></span> <span class='ocrx_word' id='word_1_145' title='bbox 3047 660 3213 714; x_wconf 91' lang='lat' dir='ltr'><strong>multa</strong></span> <span class='ocrx_word' id='word_1_146' title='bbox 3229 659 3438 716; x_wconf 90' lang='lat' dir='ltr'><strong>locutus</strong></span> <span class='ocrx_word' id='word_1_147' title='bbox 3461 674 3564 726; x_wconf 90' lang='lat' dir='ltr'><strong>est,</strong></span> 
     </span>
    </p>
   </div>
   <div class='ocr_carea' id='block_1_20' title="bbox 1994 746 3570 815">
    <p class='ocr_par' dir='ltr' id='par_1_20' title="bbox 1994 746 3570 815">
     <span class='ocr_line' id='line_1_20' title="bbox 1994 746 3570 815; baseline 0.006 -15"><span class='ocrx_word' id='word_1_148' title='bbox 1994 755 2048 800; x_wconf 88' lang='lat' dir='ltr'><strong>et</strong></span> <span class='ocrx_word' id='word_1_149' title='bbox 2071 757 2289 815; x_wconf 88' lang='lat' dir='ltr'><strong>accepta</strong></span> <span class='ocrx_word' id='word_1_150' title='bbox 2318 746 2655 803; x_wconf 77' lang='lat' dir='ltr'><strong>fraternitate</strong></span> <span class='ocrx_word' id='word_1_151' title='bbox 2684 751 3092 814; x_wconf 87' lang='lat' dir='ltr'><strong>monachorum,</strong></span> <span class='ocrx_word' id='word_1_152' title='bbox 3117 751 3293 808; x_wconf 89' lang='lat' dir='ltr'><strong>factus</strong></span> <span class='ocrx_word' id='word_1_153' title='bbox 3320 764 3402 808; x_wconf 89' lang='lat' dir='ltr'><strong>est</strong></span> <span class='ocrx_word' id='word_1_154' title='bbox 3428 755 3570 809; x_wconf 83' lang='lat' dir='ltr'><strong>inter</strong></span> 
     </span>
    </p>
   </div>
   <div class='ocr_carea' id='block_1_21' title="bbox 1995 843 3570 916">
    <p class='ocr_par' dir='ltr' id='par_1_21' title="bbox 1995 843 3570 916">
     <span class='ocr_line' id='line_1_21' title="bbox 1995 843 3570 916; baseline 0.004 -21"><span class='ocrx_word' id='word_1_155' title='bbox 1995 856 2090 895; x_wconf 89' lang='lat' dir='ltr'><strong>eos</strong></span> <span class='ocrx_word' id='word_1_156' title='bbox 2124 858 2263 896; x_wconf 92' lang='lat' dir='ltr'><strong>unus</strong></span> <span class='ocrx_word' id='word_1_157' title='bbox 2292 859 2357 898; x_wconf 80' lang='lat' dir='ltr'><strong>ex</strong></span> <span class='ocrx_word' id='word_1_158' title='bbox 2395 844 2492 897; x_wconf 94' lang='lat' dir='ltr'><strong>eis.</strong></span> <span class='ocrx_word' id='word_1_159' title='bbox 2548 843 2756 913; x_wconf 83' lang='lat' dir='ltr'><strong>Degens</strong></span> <span class='ocrx_word' id='word_1_160' title='bbox 2786 860 2883 913; x_wconf 88' lang='lat' dir='ltr'><strong>per</strong></span> <span class='ocrx_word' id='word_1_161' title='bbox 2911 846 3027 899; x_wconf 90' lang='lat' dir='ltr'><strong>dies</strong></span> <span class='ocrx_word' id='word_1_162' title='bbox 3062 847 3267 916; x_wconf 85' lang='lat' dir='ltr'><strong>aliquot</strong></span> <span class='ocrx_word' id='word_1_163' title='bbox 3311 848 3452 902; x_wconf 92' lang='lat' dir='ltr'><strong>inter</strong></span> <span class='ocrx_word' id='word_1_164' title='bbox 3476 863 3570 904; x_wconf 89' lang='lat' dir='ltr'><strong>eos</strong></span> 
     </span>
    </p>
   </div>
   <div class='ocr_carea' id='block_1_22' title="bbox 1995 933 3568 1004">
    <p class='ocr_par' dir='ltr' id='par_1_22' title="bbox 1995 933 3568 1004">
     <span class='ocr_line' id='line_1_22' title="bbox 1995 933 3568 1004; baseline 0.005 -19"><span class='ocrx_word' id='word_1_165' title='bbox 1995 943 2053 986; x_wconf 92' lang='lat' dir='ltr'><strong>et</strong></span> <span class='ocrx_word' id='word_1_166' title='bbox 2083 933 2344 1001; x_wconf 84' lang='lat' dir='ltr'><strong>quotidie,</strong></span> <span class='ocrx_word' id='word_1_167' title='bbox 2393 942 2486 986; x_wconf 88' lang='lat' dir='ltr'><strong>aut</strong></span> <span class='ocrx_word' id='word_1_168' title='bbox 2534 935 2586 988; x_wconf 91' lang='lat' dir='ltr'><strong>in</strong></span> <span class='ocrx_word' id='word_1_169' title='bbox 2628 936 2884 1004; x_wconf 89' lang='lat' dir='ltr'><strong>capitulo,</strong></span> <span class='ocrx_word' id='word_1_170' title='bbox 2929 945 3022 989; x_wconf 88' lang='lat' dir='ltr'><strong>aut</strong></span> <span class='ocrx_word' id='word_1_171' title='bbox 3063 937 3113 990; x_wconf 93' lang='lat' dir='ltr'><strong>in</strong></span> <span class='ocrx_word' id='word_1_172' title='bbox 3158 937 3396 992; x_wconf 88' lang='lat' dir='ltr'><strong>claustro</strong></span> <span class='ocrx_word' id='word_1_173' title='bbox 3433 939 3568 993; x_wconf 89' lang='lat' dir='ltr'><strong>mira</strong></span> 
     </span>
    </p>
   </div>
   <div class='ocr_carea' id='block_1_23' title="bbox 1995 1022 3571 1092">
    <p class='ocr_par' dir='ltr' id='par_1_23' title="bbox 1995 1022 3571 1092">
     <span class='ocr_line' id='line_1_23' title="bbox 1995 1022 3571 1092; baseline 0.004 -17"><span class='ocrx_word' id='word_1_174' title='bbox 1995 1022 2239 1090; x_wconf 66' lang='lat' dir='ltr'><strong>quatdam</strong></span> <span class='ocrx_word' id='word_1_175' title='bbox 2266 1031 2320 1078; x_wconf 88' lang='lat' dir='ltr'><strong>et</strong></span> <span class='ocrx_word' id='word_1_176' title='bbox 2347 1023 2450 1078; x_wconf 93' lang='lat' dir='ltr'><strong>illis</strong></span> <span class='ocrx_word' id='word_1_177' title='bbox 2477 1022 2654 1078; x_wconf 90' lang='lat' dir='ltr'><strong>adhuc</strong></span> <span class='ocrx_word' id='word_1_178' title='bbox 2685 1024 3011 1092; x_wconf 89' lang='lat' dir='ltr'><strong>temporibus</strong></span> <span class='ocrx_word' id='word_1_179' title='bbox 3041 1025 3254 1080; x_wconf 89' lang='lat' dir='ltr'><strong>insolita</strong></span> <span class='ocrx_word' id='word_1_180' title='bbox 3285 1027 3352 1081; x_wconf 92' lang='lat' dir='ltr'><strong>de</strong></span> <span class='ocrx_word' id='word_1_181' title='bbox 3381 1027 3486 1081; x_wconf 91' lang='lat' dir='ltr'><strong>vita</strong></span> <span class='ocrx_word' id='word_1_182' title='bbox 3515 1038 3571 1082; x_wconf 88' lang='lat' dir='ltr'><strong>ct</strong></span> 
     </span>
    </p>
   </div>
   <div class='ocr_carea' id='block_1_24' title="bbox 1996 1110 3571 1171">
    <p class='ocr_par' dir='ltr' id='par_1_24' title="bbox 1996 1110 3571 1171">
     <span class='ocr_line' id='line_1_24' title="bbox 1996 1110 3571 1171; baseline 0.004 -8"><span class='ocrx_word' id='word_1_183' title='bbox 1996 1110 2239 1166; x_wconf 87' lang='lat' dir='ltr'><strong>moribus</strong></span> <span class='ocrx_word' id='word_1_184' title='bbox 2280 1112 2666 1166; x_wconf 85' lang='lat' dir='ltr'><strong>monachorum</strong></span> <span class='ocrx_word' id='word_1_185' title='bbox 2717 1126 2898 1166; x_wconf 90' lang='lat' dir='ltr'><strong>coram</strong></span> <span class='ocrx_word' id='word_1_186' title='bbox 2929 1113 3006 1168; x_wconf 91' lang='lat' dir='ltr'><strong>eis</strong></span> <span class='ocrx_word' id='word_1_187' title='bbox 3033 1115 3338 1170; x_wconf 79' lang='lat' dir='ltr'><strong>rationabili</strong></span> <span class='ocrx_word' id='word_1_188' title='bbox 3387 1116 3571 1171; x_wconf 87' lang='lat' dir='ltr'><strong>facun-</strong></span> 
     </span>
    </p>
   </div>
   <div class='ocr_carea' id='block_1_25' title="bbox 1996 1201 3570 1276">
    <p class='ocr_par' dir='ltr' id='par_1_25' title="bbox 1996 1201 3570 1276">
     <span class='ocr_line' id='line_1_25' title="bbox 1996 1201 3570 1276; baseline 0.004 -22"><span class='ocrx_word' id='word_1_189' title='bbox 1996 1201 2082 1254; x_wconf 90' lang='lat' dir='ltr'><strong>dia</strong></span> <span class='ocrx_word' id='word_1_190' title='bbox 2110 1202 2401 1256; x_wconf 85' lang='lat' dir='ltr'><strong>disserens.</strong></span> <span class='ocrx_word' id='word_1_191' title='bbox 2441 1202 2701 1256; x_wconf 81' lang='lat' dir='ltr'><strong>Privatim</strong></span> <span class='ocrx_word' id='word_1_192' title='bbox 2745 1218 2960 1273; x_wconf 85' lang='lat' dir='ltr'><strong>quoque</strong></span> <span class='ocrx_word' id='word_1_193' title='bbox 3000 1205 3120 1260; x_wconf 88' lang='lat' dir='ltr'><strong>aliis</strong></span> <span class='ocrx_word' id='word_1_194' title='bbox 3163 1206 3312 1260; x_wconf 89' lang='lat' dir='ltr'><strong>horis</strong></span> <span class='ocrx_word' id='word_1_195' title='bbox 3357 1207 3570 1276; x_wconf 84' lang='lat' dir='ltr'><strong>agebat,</strong></span> 
     </span>
    </p>
   </div>
   <div class='ocr_carea' id='block_1_26' title="bbox 1996 1293 3572 1366">
    <p class='ocr_par' dir='ltr' id='par_1_26' title="bbox 1996 1293 3572 1366">
     <span class='ocr_line' id='line_1_26' title="bbox 1996 1293 3572 1366; baseline 0.004 -20"><span class='ocrx_word' id='word_1_196' title='bbox 1996 1307 2117 1346; x_wconf 90' lang='lat' dir='ltr'><strong>cum</strong></span> <span class='ocrx_word' id='word_1_197' title='bbox 2159 1293 2241 1346; x_wconf 92' lang='lat' dir='ltr'><strong>bis</strong></span> <span class='ocrx_word' id='word_1_198' title='bbox 2274 1293 2362 1361; x_wconf 90' lang='lat' dir='ltr'><strong>qui</strong></span> <span class='ocrx_word' id='word_1_199' title='bbox 2401 1294 2766 1363; x_wconf 91' lang='lat' dir='ltr'><strong>profundioris</strong></span> <span class='ocrx_word' id='word_1_200' title='bbox 2814 1296 3015 1364; x_wconf 83' lang='lat' dir='ltr'><strong>ingenii</strong></span> <span class='ocrx_word' id='word_1_201' title='bbox 3060 1306 3236 1362; x_wconf 88' lang='lat' dir='ltr'><strong>erant,</strong></span> <span class='ocrx_word' id='word_1_202' title='bbox 3278 1295 3572 1366; x_wconf 87' lang='lat' dir='ltr'><strong>profundas</strong></span> 
     </span>
    </p>
   </div>
   <div class='ocr_carea' id='block_1_27' title="bbox 1995 1383 3572 1457">
    <p class='ocr_par' dir='ltr' id='par_1_27' title="bbox 1995 1383 3572 1457">
     <span class='ocr_line' id='line_1_27' title="bbox 1995 1383 3572 1457; baseline 0.004 -21"><span class='ocrx_word' id='word_1_203' title='bbox 1995 1383 2074 1437; x_wconf 82' lang='lat' dir='ltr'><strong>eis</strong></span> <span class='ocrx_word' id='word_1_204' title='bbox 2103 1383 2168 1438; x_wconf 93' lang='lat' dir='ltr'><strong>de</strong></span> <span class='ocrx_word' id='word_1_205' title='bbox 2199 1383 2394 1438; x_wconf 83' lang='lat' dir='ltr'><strong>divinis</strong></span> <span class='ocrx_word' id='word_1_206' title='bbox 2423 1400 2524 1444; x_wconf 86' lang='lat' dir='ltr'><strong>nec</strong></span> <span class='ocrx_word' id='word_1_207' title='bbox 2553 1399 2656 1438; x_wconf 86' lang='lat' dir='ltr'><strong>non</strong></span> <span class='ocrx_word' id='word_1_208' title='bbox 2695 1386 3045 1440; x_wconf 67' lang='lat' dir='ltr'><strong>smeularibns</strong></span> <span class='ocrx_word' id='word_1_209' title='bbox 3071 1386 3222 1441; x_wconf 87' lang='lat' dir='ltr'><strong>libris</strong></span> <span class='ocrx_word' id='word_1_210' title='bbox 3248 1389 3572 1457; x_wconf 76' lang='lat' dir='ltr'><strong>quzestiones</strong></span> 
     </span>
    </p>
   </div>
   <div class='ocr_carea' id='block_1_28' title="bbox 1995 1475 3573 1548">
    <p class='ocr_par' dir='ltr' id='par_1_28' title="bbox 1995 1475 3573 1548">
     <span class='ocr_line' id='line_1_28' title="bbox 1995 1475 3573 1548; baseline 0.006 -24"><span class='ocrx_word' id='word_1_211' title='bbox 1995 1487 2318 1540; x_wconf 87' lang='lat' dir='ltr'><strong>proponens,</strong></span> <span class='ocrx_word' id='word_1_212' title='bbox 2369 1475 2780 1544; x_wconf 80' lang='lat' dir='ltr'><strong>propositasque</strong></span> <span class='ocrx_word' id='word_1_213' title='bbox 2831 1490 3122 1546; x_wconf 78' lang='lat' dir='ltr'><strong>exponens.</strong></span> <span class='ocrx_word' id='word_1_214' title='bbox 3173 1478 3292 1545; x_wconf 87' lang='lat' dir='ltr'><strong>Quo</strong></span> <span class='ocrx_word' id='word_1_215' title='bbox 3333 1488 3573 1548; x_wconf 87' lang='lat' dir='ltr'><strong>tempore</strong></span> 
     </span>
    </p>
   </div>
   <div class='ocr_carea' id='block_1_29' title="bbox 1996 1563 3571 1637">
    <p class='ocr_par' dir='ltr' id='par_1_29' title="bbox 1996 1563 3571 1637">
     <span class='ocr_line' id='line_1_29' title="bbox 1996 1563 3571 1637; baseline 0.006 -23"><span class='ocrx_word' id='word_1_216' title='bbox 1996 1570 2050 1614; x_wconf 93' lang='lat' dir='ltr'><strong>et</strong></span> <span class='ocrx_word' id='word_1_217' title='bbox 2079 1575 2178 1632; x_wconf 88' lang='lat' dir='ltr'><strong>ego</strong></span> <span class='ocrx_word' id='word_1_218' title='bbox 2209 1563 2274 1616; x_wconf 90' lang='lat' dir='ltr'><strong>ad</strong></span> <span class='ocrx_word' id='word_1_219' title='bbox 2311 1565 2618 1619; x_wconf 86' lang='lat' dir='ltr'><strong>sanctitatis</strong></span> <span class='ocrx_word' id='word_1_220' title='bbox 2645 1564 2760 1632; x_wconf 82' lang='lat' dir='ltr'><strong>ejus</strong></span> <span class='ocrx_word' id='word_1_221' title='bbox 2790 1567 3032 1621; x_wconf 84' lang='lat' dir='ltr'><strong>notitiam</strong></span> <span class='ocrx_word' id='word_1_222' title='bbox 3068 1569 3347 1637; x_wconf 85' lang='lat' dir='ltr'><strong>pervenire</strong></span> <span class='ocrx_word' id='word_1_223' title='bbox 3377 1572 3571 1635; x_wconf 87' lang='lat' dir='ltr'><strong>merui,</strong></span> 
     </span>
    </p>
   </div>
   <div class='ocr_carea' id='block_1_30' title="bbox 1997 1655 3575 1726">
    <p class='ocr_par' dir='ltr' id='par_1_30' title="bbox 1997 1655 3575 1726">
     <span class='ocr_line' id='line_1_30' title="bbox 1997 1655 3575 1726; baseline 0.006 -19"><span class='ocrx_word' id='word_1_224' title='bbox 1997 1669 2061 1708; x_wconf 87' lang='lat' dir='ltr'><strong>ac</strong></span> <span class='ocrx_word' id='word_1_225' title='bbox 2091 1670 2188 1724; x_wconf 91' lang='lat' dir='ltr'><strong>pro</strong></span> <span class='ocrx_word' id='word_1_226' title='bbox 2217 1655 2432 1709; x_wconf 87' lang='lat' dir='ltr'><strong>modulo</strong></span> <span class='ocrx_word' id='word_1_227' title='bbox 2459 1657 2742 1726; x_wconf 89' lang='lat' dir='ltr'><strong>parvitatis</strong></span> <span class='ocrx_word' id='word_1_228' title='bbox 2773 1673 2905 1713; x_wconf 68' lang='lat' dir='ltr'><strong>mea:</strong></span> <span class='ocrx_word' id='word_1_229' title='bbox 2933 1659 3088 1714; x_wconf 88' lang='lat' dir='ltr'><strong>beata</strong></span> <span class='ocrx_word' id='word_1_230' title='bbox 3123 1661 3264 1716; x_wconf 87' lang='lat' dir='ltr'><strong>illius</strong></span> <span class='ocrx_word' id='word_1_231' title='bbox 3294 1661 3575 1717; x_wconf 87' lang='lat' dir='ltr'><strong>familiari-</strong></span> 
     </span>
    </p>
   </div>
   <div class='ocr_carea' id='block_1_31' title="bbox 313 1743 3574 1822">
    <p class='ocr_par' dir='ltr' id='par_1_31' title="bbox 313 1743 3574 1822">
     <span class='ocr_line' id='line_1_31' title="bbox 313 1743 3574 1822; baseline 0.004 -28"><span class='ocrx_word' id='word_1_232' title='bbox 313 1743 898 1806; x_wconf 87' lang='lat' dir='ltr'><strong>tnarieusis,oumibus</strong></span> <span class='ocrx_word' id='word_1_233' title='bbox 912 1746 1065 1800; x_wconf 82' lang='lat' dir='ltr'><strong>valde</strong></span> <span class='ocrx_word' id='word_1_234' title='bbox 1093 1747 1424 1801; x_wconf 88' lang='lat' dir='ltr'><strong>honorabilis</strong></span> <span class='ocrx_word' id='word_1_235' title='bbox 1447 1755 1502 1802; x_wconf 93' lang='lat' dir='ltr'><strong>et</strong></span> <span class='ocrx_word' id='word_1_236' title='bbox 1524 1745 1736 1801; x_wconf 85' lang='lat' dir='ltr'><strong>sublimi</strong></span> <span class='ocrx_word' id='word_1_237' title='bbox 1765 1761 1889 1816; x_wconf 85' lang='lat' dir='ltr'><strong>pro-</strong></span> <span class='ocrx_word' id='word_1_238' title='bbox 1928 1747 1970 1807; x_wconf 82' lang='grc' dir='ltr'><strong>Β</strong></span> <span class='ocrx_word' id='word_1_239' title='bbox 2000 1751 2110 1797; x_wconf 83' lang='lat' dir='ltr'><strong>tate</strong></span> <span class='ocrx_word' id='word_1_240' title='bbox 2147 1752 2330 1814; x_wconf 87' lang='lat' dir='ltr'><strong>utpote</strong></span> <span class='ocrx_word' id='word_1_241' title='bbox 2374 1745 2707 1813; x_wconf 85' lang='lat' dir='ltr'><strong>adolescens,</strong></span> <span class='ocrx_word' id='word_1_242' title='bbox 2743 1747 2834 1816; x_wconf 89' lang='lat' dir='ltr'><strong>qui</strong></span> <span class='ocrx_word' id='word_1_243' title='bbox 2885 1757 3010 1804; x_wconf 91' lang='lat' dir='ltr'><strong>tunc</strong></span> <span class='ocrx_word' id='word_1_244' title='bbox 3050 1764 3219 1818; x_wconf 91' lang='lat' dir='ltr'><strong>eram,</strong></span> <span class='ocrx_word' id='word_1_245' title='bbox 3249 1766 3352 1806; x_wconf 93' lang='lat' dir='ltr'><strong>non</strong></span> <span class='ocrx_word' id='word_1_246' title='bbox 3381 1766 3574 1822; x_wconf 88' lang='lat' dir='ltr'><strong>parum</strong></span> 
     </span>
    </p>
   </div>
   <div class='ocr_carea' id='block_1_32' title="bbox 311 1832 1023 1908">
    <p class='ocr_par' dir='ltr' id='par_1_32' title="bbox 311 1832 1023 1908">
     <span class='ocr_line' id='line_1_32' title="bbox 311 1832 1023 1908; baseline 0.007 -24"><span class='ocrx_word' id='word_1_247' title='bbox 311 1832 340 1883; x_wconf 74' lang='grc' dir='ltr'><strong>Ι,</strong></span> <span class='ocrx_word' id='word_1_248' title='bbox 353 1832 481 1886; x_wconf 88' lang='lat' dir='ltr'><strong>itate</strong></span> <span class='ocrx_word' id='word_1_249' title='bbox 510 1835 854 1904; x_wconf 90' lang='lat' dir='ltr'><strong>conspicuus.</strong></span> <span class='ocrx_word' id='word_1_250' title='bbox 1020 1906 1023 1908; x_wconf 3' lang='lat' dir='ltr'><strong>g</strong></span> 
     </span>
    </p>
   </div>
   <div class='ocr_carea' id='block_1_33' title="bbox 387 1922 1896 1994">
    <p class='ocr_par' dir='ltr' id='par_1_33' title="bbox 387 1922 1896 1994">
     <span class='ocr_line' id='line_1_33' title="bbox 387 1922 1896 1994; baseline 0.005 -20"><span class='ocrx_word' id='word_1_251' title='bbox 387 1922 470 1976; x_wconf 73' lang='grc'><strong>41.</strong></span> <span class='ocrx_word' id='word_1_252' title='bbox 509 1922 644 1977; x_wconf 84' lang='lat' dir='ltr'><strong>Cum</strong></span> <span class='ocrx_word' id='word_1_253' title='bbox 698 1924 860 1994; x_wconf 86' lang='lat' dir='ltr'><strong>igitur</strong></span> <span class='ocrx_word' id='word_1_254' title='bbox 885 1924 1172 1980; x_wconf 83' lang='lat' dir='ltr'><strong>Auselmus</strong></span> <span class='ocrx_word' id='word_1_255' title='bbox 1218 1926 1447 1982; x_wconf 88' lang='lat' dir='ltr'><strong>transito</strong></span> <span class='ocrx_word' id='word_1_256' title='bbox 1494 1927 1631 1981; x_wconf 90' lang='lat' dir='ltr'><strong>mari</strong></span> <span class='ocrx_word' id='word_1_257' title='bbox 1661 1926 1896 1982; x_wconf 87' lang='lat' dir='ltr'><strong>Cantua-</strong></span> 
     </span>
    </p>
   </div>
   <div class='ocr_carea' id='block_1_34' title="bbox 313 2011 1894 2082">
    <p class='ocr_par' dir='ltr' id='par_1_34' title="bbox 313 2011 1894 2082">
     <span class='ocr_line' id='line_1_34' title="bbox 313 2011 1894 2082; baseline 0.003 -18"><span class='ocrx_word' id='word_1_258' title='bbox 313 2011 451 2065; x_wconf 87' lang='lat' dir='ltr'><strong>riam</strong></span> <span class='ocrx_word' id='word_1_259' title='bbox 480 2013 708 2078; x_wconf 79' lang='lat' dir='ltr'><strong>veniret,</strong></span> <span class='ocrx_word' id='word_1_260' title='bbox 759 2029 855 2082; x_wconf 91' lang='lat' dir='ltr'><strong>pro</strong></span> <span class='ocrx_word' id='word_1_261' title='bbox 899 2029 996 2068; x_wconf 90' lang='lat' dir='ltr'><strong>sua</strong></span> <span class='ocrx_word' id='word_1_262' title='bbox 1039 2015 1341 2069; x_wconf 87' lang='lat' dir='ltr'><strong>reverentia</strong></span> <span class='ocrx_word' id='word_1_263' title='bbox 1392 2023 1446 2070; x_wconf 88' lang='lat' dir='ltr'><strong>et</strong></span> <span class='ocrx_word' id='word_1_264' title='bbox 1485 2016 1735 2071; x_wconf 90' lang='lat' dir='ltr'><strong>omnibus</strong></span> <span class='ocrx_word' id='word_1_265' title='bbox 1770 2026 1894 2070; x_wconf 90' lang='lat' dir='ltr'><strong>nota</strong></span> 
     </span>
    </p>
   </div>
   <div class='ocr_carea' id='block_1_35' title="bbox 311 2103 1894 2178">
    <p class='ocr_par' dir='ltr' id='par_1_35' title="bbox 311 2103 1894 2178">
     <span class='ocr_line' id='line_1_35' title="bbox 311 2103 1894 2178; baseline 0.004 -22"><span class='ocrx_word' id='word_1_266' title='bbox 311 2103 622 2170; x_wconf 86' lang='lat' dir='ltr'><strong>sanctitate,</strong></span> <span class='ocrx_word' id='word_1_267' title='bbox 639 2104 933 2160; x_wconf 82' lang='lat' dir='ltr'><strong>honorifice</strong></span> <span class='ocrx_word' id='word_1_268' title='bbox 953 2120 982 2158; x_wconf 88' lang='lat' dir='ltr'><strong>a</strong></span> <span class='ocrx_word' id='word_1_269' title='bbox 1003 2115 1268 2160; x_wconf 88' lang='lat' dir='ltr'><strong>conventu</strong></span> <span class='ocrx_word' id='word_1_270' title='bbox 1286 2105 1537 2162; x_wconf 74' lang='lat' dir='ltr'><strong>Ecclesia:</strong></span> <span class='ocrx_word' id='word_1_271' title='bbox 1561 2107 1671 2178; x_wconf 69' lang='lat'><strong>(24)</strong></span> <span class='ocrx_word' id='word_1_272' title='bbox 1695 2107 1894 2163; x_wconf 89' lang='lat' dir='ltr'><strong>Christi</strong></span> 
     </span>
    </p>
   </div>
   <div class='ocr_carea' id='block_1_36' title="bbox 315 2194 1895 2270">
    <p class='ocr_par' dir='ltr' id='par_1_36' title="bbox 315 2194 1895 2270">
     <span class='ocr_line' id='line_1_36' title="bbox 315 2194 1895 2270; baseline 0.003 -23"><span class='ocrx_word' id='word_1_273' title='bbox 315 2195 372 2248; x_wconf 94' lang='lat' dir='ltr'><strong>in</strong></span> <span class='ocrx_word' id='word_1_274' title='bbox 406 2194 517 2264; x_wconf 90' lang='lat' dir='ltr'><strong>ipsa</strong></span> <span class='ocrx_word' id='word_1_275' title='bbox 545 2195 763 2250; x_wconf 89' lang='lat' dir='ltr'><strong>civitate</strong></span> <span class='ocrx_word' id='word_1_276' title='bbox 796 2195 915 2251; x_wconf 71' lang='lat' dir='ltr'><strong>sitae</strong></span> <span class='ocrx_word' id='word_1_277' title='bbox 951 2208 1234 2266; x_wconf 89' lang='lat' dir='ltr'><strong>susceptus</strong></span> <span class='ocrx_word' id='word_1_278' title='bbox 1264 2207 1367 2252; x_wconf 89' lang='lat' dir='ltr'><strong>est.</strong></span> <span class='ocrx_word' id='word_1_279' title='bbox 1418 2197 1524 2252; x_wconf 89' lang='lat' dir='ltr'><strong>Pro</strong></span> <span class='ocrx_word' id='word_1_280' title='bbox 1557 2213 1664 2270; x_wconf 91' lang='lat' dir='ltr'><strong>quo</strong></span> <span class='ocrx_word' id='word_1_281' title='bbox 1693 2200 1895 2254; x_wconf 88' lang='lat' dir='ltr'><strong>honore</strong></span> 
     </span>
    </p>
   </div>
   <div class='ocr_carea' id='block_1_37' title="bbox 315 2285 1897 2360">
    <p class='ocr_par' dir='ltr' id='par_1_37' title="bbox 315 2285 1897 2360">
     <span class='ocr_line' id='line_1_37' title="bbox 315 2285 1897 2360; baseline 0.004 -22"><span class='ocrx_word' id='word_1_282' title='bbox 315 2285 502 2341; x_wconf 87' lang='lat' dir='ltr'><strong>nolens</strong></span> <span class='ocrx_word' id='word_1_283' title='bbox 531 2288 778 2358; x_wconf 89' lang='lat' dir='ltr'><strong>ingratus</strong></span> <span class='ocrx_word' id='word_1_284' title='bbox 807 2288 1065 2352; x_wconf 77' lang='lat' dir='ltr'><strong>existere,</strong></span> <span class='ocrx_word' id='word_1_285' title='bbox 1104 2290 1446 2359; x_wconf 84' lang='lat' dir='ltr'><strong>postmodum</strong></span> <span class='ocrx_word' id='word_1_286' title='bbox 1478 2289 1576 2360; x_wconf 92' lang='lat' dir='ltr'><strong>ipsi</strong></span> <span class='ocrx_word' id='word_1_287' title='bbox 1605 2291 1897 2346; x_wconf 86' lang='lat' dir='ltr'><strong>monacho-</strong></span> 
     </span>
    </p>
   </div>
   <div class='ocr_carea' id='block_1_38' title="bbox 315 2379 1896 2452">
    <p class='ocr_par' dir='ltr' id='par_1_38' title="bbox 315 2379 1896 2452">
     <span class='ocr_line' id='line_1_38' title="bbox 315 2379 1896 2452; baseline 0.004 -22"><span class='ocrx_word' id='word_1_288' title='bbox 315 2393 434 2431; x_wconf 89' lang='lat' dir='ltr'><strong>rum</strong></span> <span class='ocrx_word' id='word_1_289' title='bbox 467 2379 754 2434; x_wconf 89' lang='lat' dir='ltr'><strong>conventui</strong></span> <span class='ocrx_word' id='word_1_290' title='bbox 793 2394 823 2432; x_wconf 92' lang='lat' dir='ltr'><strong>a</strong></span> <span class='ocrx_word' id='word_1_291' title='bbox 855 2381 1154 2450; x_wconf 84' lang='lat' dir='ltr'><strong>gratiarum</strong></span> <span class='ocrx_word' id='word_1_292' title='bbox 1202 2382 1414 2436; x_wconf 85' lang='lat' dir='ltr'><strong>actione</strong></span> <span class='ocrx_word' id='word_1_293' title='bbox 1461 2382 1740 2448; x_wconf 90' lang='lat' dir='ltr'><strong>iucboans,</strong></span> <span class='ocrx_word' id='word_1_294' title='bbox 1774 2398 1896 2452; x_wconf 83' lang='lat' dir='ltr'><strong>pro-</strong></span> 
     </span>
    </p>
   </div>
   <div class='ocr_carea' id='block_1_39' title="bbox 313 2469 1896 2528">
    <p class='ocr_par' dir='ltr' id='par_1_39' title="bbox 313 2469 1896 2528">
     <span class='ocr_line' id='line_1_39' title="bbox 313 2469 1896 2528; baseline 0.005 -8"><span class='ocrx_word' id='word_1_295' title='bbox 313 2469 538 2523; x_wconf 89' lang='lat' dir='ltr'><strong>cedente</strong></span> <span class='ocrx_word' id='word_1_296' title='bbox 571 2469 623 2522; x_wconf 91' lang='lat' dir='ltr'><strong>in</strong></span> <span class='ocrx_word' id='word_1_297' title='bbox 654 2469 759 2524; x_wconf 89' lang='lat' dir='ltr'><strong>hoc</strong></span> <span class='ocrx_word' id='word_1_298' title='bbox 788 2470 1074 2524; x_wconf 88' lang='lat' dir='ltr'><strong>verborum</strong></span> <span class='ocrx_word' id='word_1_299' title='bbox 1113 2470 1254 2526; x_wconf 90' lang='lat' dir='ltr'><strong>serie</strong></span> <span class='ocrx_word' id='word_1_300' title='bbox 1279 2470 1346 2526; x_wconf 93' lang='lat' dir='ltr'><strong>de</strong></span> <span class='ocrx_word' id='word_1_301' title='bbox 1379 2470 1645 2525; x_wconf 89' lang='lat' dir='ltr'><strong>charitate</strong></span> <span class='ocrx_word' id='word_1_302' title='bbox 1687 2471 1896 2528; x_wconf 91' lang='lat' dir='ltr'><strong>locutus</strong></span> 
     </span>
    </p>
   </div>
   <div class='ocr_carea' id='block_1_40' title="bbox 312 2560 1894 2633">
    <p class='ocr_par' dir='ltr' id='par_1_40' title="bbox 312 2560 1894 2633">
     <span class='ocr_line' id='line_1_40' title="bbox 312 2560 1894 2633; baseline 0.002 -20"><span class='ocrx_word' id='word_1_303' title='bbox 312 2569 418 2623; x_wconf 88' lang='lat' dir='ltr'><strong>est,</strong></span> <span class='ocrx_word' id='word_1_304' title='bbox 454 2560 842 2614; x_wconf 88' lang='lat' dir='ltr'><strong>rationabiliter</strong></span> <span class='ocrx_word' id='word_1_305' title='bbox 862 2561 1150 2617; x_wconf 89' lang='lat' dir='ltr'><strong>ostendens</strong></span> <span class='ocrx_word' id='word_1_306' title='bbox 1170 2577 1290 2616; x_wconf 91' lang='lat' dir='ltr'><strong>eum</strong></span> <span class='ocrx_word' id='word_1_307' title='bbox 1316 2562 1402 2630; x_wconf 86' lang='lat' dir='ltr'><strong>qui</strong></span> <span class='ocrx_word' id='word_1_308' title='bbox 1428 2561 1748 2616; x_wconf 81' lang='lat' dir='ltr'><strong>charitatem</strong></span> <span class='ocrx_word' id='word_1_309' title='bbox 1767 2577 1894 2633; x_wconf 86' lang='lat' dir='ltr'><strong>erga</strong></span> 
     </span>
    </p>
   </div>
   <div class='ocr_carea' id='block_1_41' title="bbox 311 2652 1897 2726">
    <p class='ocr_par' dir='ltr' id='par_1_41' title="bbox 311 2652 1897 2726">
     <span class='ocr_line' id='line_1_41' title="bbox 311 2652 1897 2726; baseline 0.001 -20"><span class='ocrx_word' id='word_1_310' title='bbox 311 2654 543 2708; x_wconf 89' lang='lat' dir='ltr'><strong>alterum</strong></span> <span class='ocrx_word' id='word_1_311' title='bbox 591 2652 686 2725; x_wconf 80' lang='grc' dir='ltr'><strong>[αι.</strong></span> <span class='ocrx_word' id='word_1_312' title='bbox 735 2655 882 2708; x_wconf 88' lang='lat' dir='ltr'><strong>omit.</strong></span> <span class='ocrx_word' id='word_1_313' title='bbox 915 2669 965 2708; x_wconf 92' lang='lat' dir='ltr'><strong>e.</strong></span> <span class='ocrx_word' id='word_1_314' title='bbox 999 2653 1076 2726; x_wconf 85' lang='lat' dir='ltr'><strong>a.j</strong></span> <span class='ocrx_word' id='word_1_315' title='bbox 1121 2655 1301 2721; x_wconf 89' lang='lat' dir='ltr'><strong>habet,</strong></span> <span class='ocrx_word' id='word_1_316' title='bbox 1355 2653 1527 2724; x_wconf 88' lang='lat' dir='ltr'><strong>majus</strong></span> <span class='ocrx_word' id='word_1_317' title='bbox 1568 2654 1770 2724; x_wconf 89' lang='lat' dir='ltr'><strong>aliquid</strong></span> <span class='ocrx_word' id='word_1_318' title='bbox 1803 2655 1897 2709; x_wconf 87' lang='lat' dir='ltr'><strong>ha-</strong></span> 
     </span>
    </p>
   </div>
   <div class='ocr_carea' id='block_1_42' title="bbox 311 2745 1892 2819">
    <p class='ocr_par' dir='ltr' id='par_1_42' title="bbox 311 2745 1892 2819">
     <span class='ocr_line' id='line_1_42' title="bbox 311 2745 1892 2819; baseline 0.002 -21"><span class='ocrx_word' id='word_1_319' title='bbox 311 2745 464 2810; x_wconf 86' lang='lat' dir='ltr'><strong>bere,</strong></span> <span class='ocrx_word' id='word_1_320' title='bbox 495 2761 655 2815; x_wconf 90' lang='lat' dir='ltr'><strong>quam</strong></span> <span class='ocrx_word' id='word_1_321' title='bbox 688 2746 834 2800; x_wconf 89' lang='lat' dir='ltr'><strong>illum</strong></span> <span class='ocrx_word' id='word_1_322' title='bbox 878 2747 944 2801; x_wconf 88' lang='lat' dir='ltr'><strong>ad</strong></span> <span class='ocrx_word' id='word_1_323' title='bbox 990 2763 1150 2819; x_wconf 88' lang='lat' dir='ltr'><strong>quem</strong></span> <span class='ocrx_word' id='word_1_324' title='bbox 1195 2748 1435 2802; x_wconf 86' lang='lat' dir='ltr'><strong>charitas</strong></span> <span class='ocrx_word' id='word_1_325' title='bbox 1481 2747 1595 2818; x_wconf 89' lang='lat' dir='ltr'><strong>ipsa</strong></span> <span class='ocrx_word' id='word_1_326' title='bbox 1633 2747 1892 2803; x_wconf 87' lang='lat' dir='ltr'><strong>habetur:</strong></span> 
     </span>
    </p>
   </div>
   <div class='ocr_carea' id='block_1_43' title="bbox 317 2837 1892 2910">
    <p class='ocr_par' dir='ltr' id='par_1_43' title="bbox 317 2837 1892 2910">
     <span class='ocr_line' id='line_1_43' title="bbox 317 2837 1892 2910; baseline 0.006 -24"><span class='ocrx_word' id='word_1_327' title='bbox 317 2855 336 2886; x_wconf 77' lang='grc' dir='ltr'><strong><em>ι</em></strong></span> <span class='ocrx_word' id='word_1_328' title='bbox 365 2837 479 2907; x_wconf 85' lang='lat' dir='ltr'><strong>ipse</strong></span> <span class='ocrx_word' id='word_1_329' title='bbox 505 2839 649 2893; x_wconf 88' lang='lat' dir='ltr'><strong>enim</strong></span> <span class='ocrx_word' id='word_1_330' title='bbox 678 2841 819 2895; x_wconf 90' lang='lat' dir='ltr'><strong>inter</strong></span> <span class='ocrx_word' id='word_1_331' title='bbox 848 2840 975 2906; x_wconf 89' lang='lat' dir='ltr'><strong>alia,</strong></span> <span class='ocrx_word' id='word_1_332' title='bbox 1006 2841 1202 2910; x_wconf 87' lang='lat' dir='ltr'><strong>iuqttit,</strong></span> <span class='ocrx_word' id='word_1_333' title='bbox 1229 2840 1319 2910; x_wconf 91' lang='lat' dir='ltr'><strong>qui</strong></span> <span class='ocrx_word' id='word_1_334' title='bbox 1361 2840 1679 2894; x_wconf 88' lang='lat' dir='ltr'><strong>charitatem</strong></span> <span class='ocrx_word' id='word_1_335' title='bbox 1708 2841 1892 2908; x_wconf 86' lang='lat' dir='ltr'><strong>habet,</strong></span> 
     </span>
    </p>
   </div>
   <div class='ocr_carea' id='block_1_44' title="bbox 311 2929 1898 3002">
    <p class='ocr_par' dir='ltr' id='par_1_44' title="bbox 311 2929 1898 3002">
     <span class='ocr_line' id='line_1_44' title="bbox 311 2929 1898 3002; baseline 0.003 -18"><span class='ocrx_word' id='word_1_336' title='bbox 311 2929 419 2985; x_wconf 85' lang='lat' dir='ltr'><strong>hoc</strong></span> <span class='ocrx_word' id='word_1_337' title='bbox 466 2932 607 2985; x_wconf 89' lang='lat' dir='ltr'><strong>unde</strong></span> <span class='ocrx_word' id='word_1_338' title='bbox 646 2931 790 2986; x_wconf 91' lang='lat' dir='ltr'><strong>Deus</strong></span> <span class='ocrx_word' id='word_1_339' title='bbox 818 2934 866 2987; x_wconf 93' lang='lat' dir='ltr'><strong>ei</strong></span> <span class='ocrx_word' id='word_1_340' title='bbox 907 2935 1011 2987; x_wconf 90' lang='lat' dir='ltr'><strong>scit</strong></span> <span class='ocrx_word' id='word_1_341' title='bbox 1050 2933 1252 3002; x_wconf 86' lang='lat' dir='ltr'><strong>gratias</strong></span> <span class='ocrx_word' id='word_1_342' title='bbox 1304 2931 1502 2998; x_wconf 90' lang='lat' dir='ltr'><strong>habet;</strong></span> <span class='ocrx_word' id='word_1_343' title='bbox 1538 2931 1626 2986; x_wconf 89' lang='lat' dir='ltr'><strong>ille</strong></span> <span class='ocrx_word' id='word_1_344' title='bbox 1672 2946 1801 2986; x_wconf 90' lang='lat' dir='ltr'><strong>vero</strong></span> <span class='ocrx_word' id='word_1_345' title='bbox 1830 2933 1898 2988; x_wconf 90' lang='lat' dir='ltr'><strong>ad</strong></span> 
     </span>
    </p>
   </div>
   <div class='ocr_carea' id='block_1_45' title="bbox 313 3025 1894 3092">
    <p class='ocr_par' dir='ltr' id='par_1_45' title="bbox 313 3025 1894 3092">
     <span class='ocr_line' id='line_1_45' title="bbox 313 3025 1894 3092; baseline 0.004 -17"><span class='ocrx_word' id='word_1_346' title='bbox 313 3038 478 3092; x_wconf 86' lang='lat' dir='ltr'><strong>quem</strong></span> <span class='ocrx_word' id='word_1_347' title='bbox 522 3025 890 3080; x_wconf 87' lang='lat' dir='ltr'><strong>tantummodo</strong></span> <span class='ocrx_word' id='word_1_348' title='bbox 935 3025 1186 3089; x_wconf 88' lang='lat' dir='ltr'><strong>habetur,</strong></span> <span class='ocrx_word' id='word_1_349' title='bbox 1229 3025 1469 3079; x_wconf 91' lang='lat' dir='ltr'><strong>minime.</strong></span> <span class='ocrx_word' id='word_1_350' title='bbox 1521 3025 1666 3092; x_wconf 89' lang='lat' dir='ltr'><strong>Quas</strong></span> <span class='ocrx_word' id='word_1_351' title='bbox 1696 3028 1894 3081; x_wconf 92' lang='lat' dir='ltr'><strong>etenim</strong></span> 
     </span>
    </p>
   </div>
   <div class='ocr_carea' id='block_1_46' title="bbox 1997 1834 2180 1902">
    <p class='ocr_par' dir='ltr' id='par_1_46' title="bbox 1997 1834 2180 1902">
     <span class='ocr_line' id='line_1_46' title="bbox 1997 1834 2180 1902; baseline -0.005 -14"><span class='ocrx_word' id='word_1_352' title='bbox 1997 1834 2180 1902; x_wconf 89' lang='lat' dir='ltr'><strong>potiri.</strong></span> 
     </span>
    </p>
   </div>
   <div class='ocr_carea' id='block_1_47' title="bbox 2063 1944 3576 2022">
    <p class='ocr_par' dir='ltr' id='par_1_47' title="bbox 2063 1944 3576 2022">
     <span class='ocr_line' id='line_1_47' title="bbox 2063 1944 3576 2022; baseline 0.007 -25"><span class='ocrx_word' id='word_1_353' title='bbox 2063 1944 2154 1998; x_wconf 72' lang='grc'><strong>42.</strong></span> <span class='ocrx_word' id='word_1_354' title='bbox 2195 1944 2341 2000; x_wconf 90' lang='lat' dir='ltr'><strong>lnter</strong></span> <span class='ocrx_word' id='word_1_355' title='bbox 2375 1949 2731 2004; x_wconf 89' lang='lat' dir='ltr'><strong>reverendum</strong></span> <span class='ocrx_word' id='word_1_356' title='bbox 2773 1958 2950 2004; x_wconf 88' lang='lat' dir='ltr'><strong>autem</strong></span> <span class='ocrx_word' id='word_1_357' title='bbox 2978 1952 3285 2022; x_wconf 87' lang='lat' dir='ltr'><strong>pontificem</strong></span> <span class='ocrx_word' id='word_1_358' title='bbox 3314 1952 3576 2008; x_wconf 82' lang='lat' dir='ltr'><strong>Lanfran-</strong></span> 
     </span>
    </p>
   </div>
   <div class='ocr_carea' id='block_1_48' title="bbox 1996 2037 3576 2110">
    <p class='ocr_par' dir='ltr' id='par_1_48' title="bbox 1996 2037 3576 2110">
     <span class='ocr_line' id='line_1_48' title="bbox 1996 2037 3576 2110; baseline 0.006 -21"><span class='ocrx_word' id='word_1_359' title='bbox 1996 2049 2141 2100; x_wconf 90' lang='lat' dir='ltr'><strong>cum,</strong></span> <span class='ocrx_word' id='word_1_360' title='bbox 2164 2045 2217 2090; x_wconf 89' lang='lat' dir='ltr'><strong>et</strong></span> <span class='ocrx_word' id='word_1_361' title='bbox 2246 2037 2388 2092; x_wconf 90' lang='lat' dir='ltr'><strong>hunc</strong></span> <span class='ocrx_word' id='word_1_362' title='bbox 2417 2037 2666 2094; x_wconf 84' lang='lat' dir='ltr'><strong>abbatem</strong></span> <span class='ocrx_word' id='word_1_363' title='bbox 2691 2039 3005 2096; x_wconf 82' lang='lat' dir='ltr'><strong>Anselmum</strong></span> <span class='ocrx_word' id='word_1_364' title='bbox 3035 2042 3162 2110; x_wconf 90' lang='lat' dir='ltr'><strong>quid</strong></span> <span class='ocrx_word' id='word_1_365' title='bbox 3187 2042 3237 2094; x_wconf 92' lang='lat' dir='ltr'><strong>in</strong></span> <span class='ocrx_word' id='word_1_366' title='bbox 3262 2041 3367 2096; x_wconf 92' lang='lat' dir='ltr'><strong>illis</strong></span> <span class='ocrx_word' id='word_1_367' title='bbox 3389 2042 3576 2098; x_wconf 90' lang='lat' dir='ltr'><strong>diebus</strong></span> 
     </span>
    </p>
   </div>
   <div class='ocr_carea' id='block_1_49' title="bbox 1998 2123 3572 2199">
    <p class='ocr_par' dir='ltr' id='par_1_49' title="bbox 1998 2123 3572 2199">
     <span class='ocr_line' id='line_1_49' title="bbox 1998 2123 3572 2199; baseline 0.004 -23"><span class='ocrx_word' id='word_1_368' title='bbox 1998 2131 2176 2177; x_wconf 89' lang='lat' dir='ltr'><strong>actum</strong></span> <span class='ocrx_word' id='word_1_369' title='bbox 2209 2123 2484 2181; x_wconf 91' lang='lat' dir='ltr'><strong>dictumve</strong></span> <span class='ocrx_word' id='word_1_370' title='bbox 2521 2127 2610 2192; x_wconf 88' lang='lat' dir='ltr'><strong>sit,</strong></span> <span class='ocrx_word' id='word_1_371' title='bbox 2642 2127 2862 2196; x_wconf 82' lang='lat' dir='ltr'><strong>planum</strong></span> <span class='ocrx_word' id='word_1_372' title='bbox 2898 2138 2982 2182; x_wconf 82' lang='lat' dir='ltr'><strong>est</strong></span> <span class='ocrx_word' id='word_1_373' title='bbox 3021 2129 3322 2198; x_wconf 73' lang='lat' dir='ltr'><strong>intelligere</strong></span> <span class='ocrx_word' id='word_1_374' title='bbox 3370 2130 3453 2183; x_wconf 93' lang='lat' dir='ltr'><strong>his</strong></span> <span class='ocrx_word' id='word_1_375' title='bbox 3481 2132 3572 2199; x_wconf 89' lang='lat' dir='ltr'><strong>qui</strong></span> 
     </span>
    </p>
   </div>
   <div class='ocr_carea' id='block_1_50' title="bbox 1996 2213 3571 2289">
    <p class='ocr_par' dir='ltr' id='par_1_50' title="bbox 1996 2213 3571 2289">
     <span class='ocr_line' id='line_1_50' title="bbox 1996 2213 3571 2289; baseline 0.006 -23"><span class='ocrx_word' id='word_1_376' title='bbox 1996 2213 2159 2267; x_wconf 88' lang='lat' dir='ltr'><strong>vitam</strong></span> <span class='ocrx_word' id='word_1_377' title='bbox 2187 2222 2242 2268; x_wconf 83' lang='lat' dir='ltr'><strong>et</strong></span> <span class='ocrx_word' id='word_1_378' title='bbox 2265 2231 2445 2271; x_wconf 90' lang='lat' dir='ltr'><strong>mores</strong></span> <span class='ocrx_word' id='word_1_379' title='bbox 2474 2227 2738 2272; x_wconf 89' lang='lat' dir='ltr'><strong>noverunt</strong></span> <span class='ocrx_word' id='word_1_380' title='bbox 2771 2227 3144 2289; x_wconf 90' lang='lat' dir='ltr'><strong>utrorumque.</strong></span> <span class='ocrx_word' id='word_1_381' title='bbox 3177 2219 3278 2287; x_wconf 86' lang='lat' dir='ltr'><strong>Qui</strong></span> <span class='ocrx_word' id='word_1_382' title='bbox 3308 2235 3436 2276; x_wconf 88' lang='lat' dir='ltr'><strong>vero</strong></span> <span class='ocrx_word' id='word_1_383' title='bbox 3465 2237 3571 2276; x_wconf 89' lang='lat' dir='ltr'><strong>non</strong></span> 
     </span>
    </p>
   </div>
   <div class='ocr_carea' id='block_1_51' title="bbox 1995 2309 3574 2381">
    <p class='ocr_par' dir='ltr' id='par_1_51' title="bbox 1995 2309 3574 2381">
     <span class='ocr_line' id='line_1_51' title="bbox 1995 2309 3574 2381; baseline 0.004 -21"><span class='ocrx_word' id='word_1_384' title='bbox 1995 2315 2281 2370; x_wconf 90' lang='lat' dir='ltr'><strong>noverunt,</strong></span> <span class='ocrx_word' id='word_1_385' title='bbox 2314 2323 2379 2361; x_wconf 82' lang='lat' dir='ltr'><strong>ex</strong></span> <span class='ocrx_word' id='word_1_386' title='bbox 2407 2323 2472 2362; x_wconf 88' lang='lat' dir='ltr'><strong>eo</strong></span> <span class='ocrx_word' id='word_1_387' title='bbox 2499 2309 2802 2378; x_wconf 86' lang='lat' dir='ltr'><strong>intelligant</strong></span> <span class='ocrx_word' id='word_1_388' title='bbox 2825 2309 2991 2379; x_wconf 89' lang='lat' dir='ltr'><strong>quod,</strong></span> <span class='ocrx_word' id='word_1_389' title='bbox 3024 2311 3076 2364; x_wconf 94' lang='lat' dir='ltr'><strong>in</strong></span> <span class='ocrx_word' id='word_1_390' title='bbox 3103 2320 3357 2381; x_wconf 87' lang='lat' dir='ltr'><strong>quantum</strong></span> <span class='ocrx_word' id='word_1_391' title='bbox 3386 2323 3574 2368; x_wconf 79' lang='lat' dir='ltr'><strong>ucstra</strong></span> 
     </span>
    </p>
   </div>
   <div class='ocr_carea' id='block_1_52' title="bbox 1995 2394 3575 2471">
    <p class='ocr_par' dir='ltr' id='par_1_52' title="bbox 1995 2394 3575 2471">
     <span class='ocr_line' id='line_1_52' title="bbox 1995 2394 3575 2471; baseline 0.006 -22"><span class='ocrx_word' id='word_1_392' title='bbox 1995 2403 2050 2449; x_wconf 92' lang='lat' dir='ltr'><strong>et</strong></span> <span class='ocrx_word' id='word_1_393' title='bbox 2079 2394 2367 2452; x_wconf 87' lang='lat' dir='ltr'><strong>multorum</strong></span> <span class='ocrx_word' id='word_1_394' title='bbox 2396 2396 2500 2450; x_wconf 91' lang='lat' dir='ltr'><strong>fert</strong></span> <span class='ocrx_word' id='word_1_395' title='bbox 2529 2399 2732 2467; x_wconf 88' lang='lat' dir='ltr'><strong>opinio,</strong></span> <span class='ocrx_word' id='word_1_396' title='bbox 2763 2413 2868 2452; x_wconf 93' lang='lat' dir='ltr'><strong>non</strong></span> <span class='ocrx_word' id='word_1_397' title='bbox 2895 2407 3014 2454; x_wconf 90' lang='lat' dir='ltr'><strong>erat</strong></span> <span class='ocrx_word' id='word_1_398' title='bbox 3043 2399 3135 2454; x_wconf 91' lang='lat' dir='ltr'><strong>illo</strong></span> <span class='ocrx_word' id='word_1_399' title='bbox 3167 2410 3407 2471; x_wconf 83' lang='lat' dir='ltr'><strong>tempore</strong></span> <span class='ocrx_word' id='word_1_400' title='bbox 3429 2402 3575 2458; x_wconf 84' lang='lat' dir='ltr'><strong>ullus</strong></span> 
     </span>
    </p>
   </div>
   <div class='ocr_carea' id='block_1_53' title="bbox 1997 2485 3572 2563">
    <p class='ocr_par' dir='ltr' id='par_1_53' title="bbox 1997 2485 3572 2563">
     <span class='ocr_line' id='line_1_53' title="bbox 1997 2485 3572 2563; baseline 0.004 -24"><span class='ocrx_word' id='word_1_401' title='bbox 1997 2487 2088 2555; x_wconf 81' lang='lat' dir='ltr'><strong>qui</strong></span> <span class='ocrx_word' id='word_1_402' title='bbox 2121 2496 2212 2540; x_wconf 90' lang='lat' dir='ltr'><strong>aut</strong></span> <span class='ocrx_word' id='word_1_403' title='bbox 2240 2485 2549 2542; x_wconf 85' lang='lat' dir='ltr'><strong>Lanfranco</strong></span> <span class='ocrx_word' id='word_1_404' title='bbox 2579 2487 2633 2541; x_wconf 93' lang='lat' dir='ltr'><strong>in</strong></span> <span class='ocrx_word' id='word_1_405' title='bbox 2663 2490 2986 2544; x_wconf 88' lang='lat' dir='ltr'><strong>auctoritate</strong></span> <span class='ocrx_word' id='word_1_406' title='bbox 3017 2489 3100 2545; x_wconf 88' lang='lat' dir='ltr'><strong>vel</strong></span> <span class='ocrx_word' id='word_1_407' title='bbox 3133 2490 3412 2561; x_wconf 90' lang='lat' dir='ltr'><strong>multiplici</strong></span> <span class='ocrx_word' id='word_1_408' title='bbox 3452 2491 3572 2563; x_wconf 83' lang='lat' dir='ltr'><strong>[al.,</strong></span> 
     </span>
    </p>
   </div>
   <div class='ocr_carea' id='block_1_54' title="bbox 2000 2575 3576 2650">
    <p class='ocr_par' dir='ltr' id='par_1_54' title="bbox 2000 2575 3576 2650">
     <span class='ocr_line' id='line_1_54' title="bbox 2000 2575 3576 2650; baseline 0.006 -22"><span class='ocrx_word' id='word_1_409' title='bbox 2000 2575 2222 2648; x_wconf 77' lang='lat' dir='ltr'><strong>triplici]</strong></span> <span class='ocrx_word' id='word_1_410' title='bbox 2273 2590 2453 2631; x_wconf 90' lang='lat' dir='ltr'><strong>rerum</strong></span> <span class='ocrx_word' id='word_1_411' title='bbox 2505 2576 2756 2642; x_wconf 84' lang='lat' dir='ltr'><strong>scientia,</strong></span> <span class='ocrx_word' id='word_1_412' title='bbox 2800 2587 2894 2632; x_wconf 90' lang='lat' dir='ltr'><strong>aut</strong></span> <span class='ocrx_word' id='word_1_413' title='bbox 2918 2578 3176 2635; x_wconf 83' lang='lat' dir='ltr'><strong>Anselmo</strong></span> <span class='ocrx_word' id='word_1_414' title='bbox 3209 2591 3492 2650; x_wconf 73' lang='lat' dir='ltr'><strong>praestaret</strong></span> <span class='ocrx_word' id='word_1_415' title='bbox 3519 2583 3576 2638; x_wconf 86' lang='lat' dir='ltr'><strong>iu</strong></span> 
     </span>
    </p>
   </div>
   <div class='ocr_carea' id='block_1_55' title="bbox 1998 2665 3578 2740">
    <p class='ocr_par' dir='ltr' id='par_1_55' title="bbox 1998 2665 3578 2740">
     <span class='ocr_line' id='line_1_55' title="bbox 1998 2665 3578 2740; baseline 0.004 -20"><span class='ocrx_word' id='word_1_416' title='bbox 1998 2666 2288 2721; x_wconf 87' lang='lat' dir='ltr'><strong>sanctitate</strong></span> <span class='ocrx_word' id='word_1_417' title='bbox 2314 2665 2396 2720; x_wconf 89' lang='lat' dir='ltr'><strong>vel</strong></span> <span class='ocrx_word' id='word_1_418' title='bbox 2425 2665 2518 2722; x_wconf 89' lang='lat' dir='ltr'><strong>Dei</strong></span> <span class='ocrx_word' id='word_1_419' title='bbox 2547 2667 2835 2736; x_wconf 88' lang='lat' dir='ltr'><strong>sapientia.</strong></span> <span class='ocrx_word' id='word_1_420' title='bbox 2867 2669 2999 2723; x_wconf 85' lang='lat' dir='ltr'><strong>Erat</strong></span> <span class='ocrx_word' id='word_1_421' title='bbox 3027 2680 3285 2740; x_wconf 64' lang='lat' dir='ltr'><strong>praeterea</strong></span> <span class='ocrx_word' id='word_1_422' title='bbox 3316 2671 3578 2726; x_wconf 83' lang='lat' dir='ltr'><strong>Lanfrau-</strong></span> 
     </span>
    </p>
   </div>
   <div class='ocr_carea' id='block_1_56' title="bbox 1999 2756 3577 2832">
    <p class='ocr_par' dir='ltr' id='par_1_56' title="bbox 1999 2756 3577 2832">
     <span class='ocr_line' id='line_1_56' title="bbox 1999 2756 3577 2832; baseline 0.005 -22"><span class='ocrx_word' id='word_1_423' title='bbox 1999 2771 2096 2810; x_wconf 84' lang='lat' dir='ltr'><strong>cus</strong></span> <span class='ocrx_word' id='word_1_424' title='bbox 2125 2756 2299 2811; x_wconf 89' lang='lat' dir='ltr'><strong>adhuc</strong></span> <span class='ocrx_word' id='word_1_425' title='bbox 2327 2757 2482 2826; x_wconf 89' lang='lat' dir='ltr'><strong>quasi</strong></span> <span class='ocrx_word' id='word_1_426' title='bbox 2521 2758 2669 2812; x_wconf 92' lang='lat' dir='ltr'><strong>rudis</strong></span> <span class='ocrx_word' id='word_1_427' title='bbox 2698 2759 2920 2830; x_wconf 80' lang='lat' dir='ltr'><strong>Anglus,</strong></span> <span class='ocrx_word' id='word_1_428' title='bbox 2954 2761 3288 2832; x_wconf 89' lang='lat' dir='ltr'><strong>necdumque</strong></span> <span class='ocrx_word' id='word_1_429' title='bbox 3323 2763 3577 2818; x_wconf 81' lang='lat' dir='ltr'><strong>sederant</strong></span> 
     </span>
    </p>
   </div>
   <div class='ocr_carea' id='block_1_57' title="bbox 1947 2845 3574 2925">
    <p class='ocr_par' dir='ltr' id='par_1_57' title="bbox 1947 2845 3574 2925">
     <span class='ocr_line' id='line_1_57' title="bbox 1947 2845 3574 2925; baseline 0.007 -26"><span class='ocrx_word' id='word_1_430' title='bbox 1947 2879 1954 2886; x_wconf 67' lang='grc' dir='ltr'><strong><em>ρ</em></strong></span> <span class='ocrx_word' id='word_1_431' title='bbox 1999 2847 2182 2900; x_wconf 88' lang='lat' dir='ltr'><strong>animo</strong></span> <span class='ocrx_word' id='word_1_432' title='bbox 2221 2845 2340 2916; x_wconf 86' lang='lat' dir='ltr'><strong>ejus</strong></span> <span class='ocrx_word' id='word_1_433' title='bbox 2387 2848 2631 2917; x_wconf 64' lang='lat' dir='ltr'><strong>quaedam</strong></span> <span class='ocrx_word' id='word_1_434' title='bbox 2679 2850 3062 2917; x_wconf 90' lang='lat' dir='ltr'><strong>institutiones,</strong></span> <span class='ocrx_word' id='word_1_435' title='bbox 3119 2869 3256 2923; x_wconf 88' lang='lat' dir='ltr'><strong>quas</strong></span> <span class='ocrx_word' id='word_1_436' title='bbox 3297 2865 3574 2925; x_wconf 82' lang='lat' dir='ltr'><strong>repererat</strong></span> 
     </span>
    </p>
   </div>
   <div class='ocr_carea' id='block_1_58' title="bbox 2002 2935 3575 3015">
    <p class='ocr_par' dir='ltr' id='par_1_58' title="bbox 2002 2935 3575 3015">
     <span class='ocr_line' id='line_1_58' title="bbox 2002 2935 3575 3015; baseline 0.006 -25"><span class='ocrx_word' id='word_1_437' title='bbox 2002 2936 2055 2990; x_wconf 87' lang='lat' dir='ltr'><strong>itt</strong></span> <span class='ocrx_word' id='word_1_438' title='bbox 2083 2935 2294 3007; x_wconf 75' lang='lat' dir='ltr'><strong>Anglia.</strong></span> <span class='ocrx_word' id='word_1_439' title='bbox 2356 2936 2697 3008; x_wconf 86' lang='lat' dir='ltr'><strong>Quapropter</strong></span> <span class='ocrx_word' id='word_1_440' title='bbox 2744 2954 2865 2994; x_wconf 89' lang='lat' dir='ltr'><strong>cum</strong></span> <span class='ocrx_word' id='word_1_441' title='bbox 2896 2941 3078 3009; x_wconf 87' lang='lat' dir='ltr'><strong>plures</strong></span> <span class='ocrx_word' id='word_1_442' title='bbox 3123 2944 3189 2998; x_wconf 90' lang='lat' dir='ltr'><strong>de</strong></span> <span class='ocrx_word' id='word_1_443' title='bbox 3234 2943 3340 2998; x_wconf 86' lang='lat' dir='ltr'><strong>illis</strong></span> <span class='ocrx_word' id='word_1_444' title='bbox 3381 2960 3575 3015; x_wconf 91' lang='lat' dir='ltr'><strong>magna</strong></span> 
     </span>
    </p>
   </div>
   <div class='ocr_carea' id='block_1_59' title="bbox 2001 3026 3576 3106">
    <p class='ocr_par' dir='ltr' id='par_1_59' title="bbox 2001 3026 3576 3106">
     <span class='ocr_line' id='line_1_59' title="bbox 2001 3026 3576 3106; baseline 0.005 -25"><span class='ocrx_word' id='word_1_445' title='bbox 2001 3027 2172 3082; x_wconf 86' lang='lat' dir='ltr'><strong>fretus</strong></span> <span class='ocrx_word' id='word_1_446' title='bbox 2203 3026 2433 3090; x_wconf 91' lang='lat' dir='ltr'><strong>ratione.</strong></span> <span class='ocrx_word' id='word_1_447' title='bbox 2467 3037 2576 3082; x_wconf 89' lang='lat' dir='ltr'><strong>tum</strong></span> <span class='ocrx_word' id='word_1_448' title='bbox 2599 3030 2856 3098; x_wconf 86' lang='lat' dir='ltr'><strong>quasdam</strong></span> <span class='ocrx_word' id='word_1_449' title='bbox 2881 3030 2974 3103; x_wconf 83' lang='grc' dir='ltr'><strong>[αι.</strong></span> <span class='ocrx_word' id='word_1_450' title='bbox 3003 3036 3146 3089; x_wconf 80' lang='lat' dir='ltr'><strong>omit.</strong></span> <span class='ocrx_word' id='word_1_451' title='bbox 3176 3045 3214 3089; x_wconf 89' lang='grc' dir='ltr'><strong>ι.</strong></span> <span class='ocrx_word' id='word_1_452' title='bbox 3239 3033 3320 3106; x_wconf 83' lang='lat' dir='ltr'><strong>q.J</strong></span> <span class='ocrx_word' id='word_1_453' title='bbox 3346 3038 3576 3090; x_wconf 86' lang='lat' dir='ltr'><strong>mutavit</strong></span> 
     </span>
    </p>
   </div>
   <div class='ocr_carea' id='block_1_60' title="bbox 310 3103 3577 3198">
    <p class='ocr_par' dir='ltr' id='par_1_60' title="bbox 310 3103 3577 3198">
     <span class='ocr_line' id='line_1_60' title="bbox 310 3103 3577 3198; baseline 0.004 -30"><span class='ocrx_word' id='word_1_454' title='bbox 310 3117 520 3187; x_wconf 85' lang='lat' dir='ltr'><strong>gratias</strong></span> <span class='ocrx_word' id='word_1_455' title='bbox 561 3117 687 3170; x_wconf 92' lang='lat' dir='ltr'><strong>mihi</strong></span> <span class='ocrx_word' id='word_1_456' title='bbox 729 3117 890 3172; x_wconf 83' lang='lat' dir='ltr'><strong>debet</strong></span> <span class='ocrx_word' id='word_1_457' title='bbox 918 3118 1078 3183; x_wconf 86' lang='lat' dir='ltr'><strong>Deus,</strong></span> <span class='ocrx_word' id='word_1_458' title='bbox 1108 3117 1154 3172; x_wconf 92' lang='lat' dir='ltr'><strong>si</strong></span> <span class='ocrx_word' id='word_1_459' title='bbox 1189 3127 1240 3171; x_wconf 92' lang='lat' dir='ltr'><strong>tu</strong></span> <span class='ocrx_word' id='word_1_460' title='bbox 1275 3133 1360 3172; x_wconf 88' lang='lat' dir='ltr'><strong>me</strong></span> <span class='ocrx_word' id='word_1_461' title='bbox 1391 3118 1473 3172; x_wconf 88' lang='lat' dir='ltr'><strong>vel</strong></span> <span class='ocrx_word' id='word_1_462' title='bbox 1509 3119 1732 3188; x_wconf 85' lang='lat' dir='ltr'><strong>quilibet</strong></span> <span class='ocrx_word' id='word_1_463' title='bbox 1760 3118 1898 3175; x_wconf 88' lang='lat' dir='ltr'><strong>alius</strong></span> <span class='ocrx_word' id='word_1_464' title='bbox 1923 3103 1966 3161; x_wconf 65' lang='grc' dir='ltr'><strong>(ἶ</strong></span> <span class='ocrx_word' id='word_1_465' title='bbox 1999 3119 2112 3173; x_wconf 89' lang='lat' dir='ltr'><strong>sola</strong></span> <span class='ocrx_word' id='word_1_466' title='bbox 2166 3119 2505 3174; x_wconf 81' lang='lat' dir='ltr'><strong>auctoritatis</strong></span> <span class='ocrx_word' id='word_1_467' title='bbox 2575 3136 2685 3174; x_wconf 74' lang='lat' dir='ltr'><strong>sua:</strong></span> <span class='ocrx_word' id='word_1_468' title='bbox 2743 3122 3150 3180; x_wconf 89' lang='lat' dir='ltr'><strong>deliberatione.</strong></span> <span class='ocrx_word' id='word_1_469' title='bbox 3213 3103 3402 3198; x_wconf 77' lang='lat' dir='ltr'><strong>Itaque</strong></span> <span class='ocrx_word' id='word_1_470' title='bbox 3447 3130 3577 3182; x_wconf 90' lang='lat' dir='ltr'><strong>dum</strong></span> 
     </span>
    </p>
   </div>
   <div class='ocr_carea' id='block_1_61' title="bbox 312 3203 1897 3275">
    <p class='ocr_par' dir='ltr' id='par_1_61' title="bbox 312 3203 1897 3275">
     <span class='ocr_line' id='line_1_61' title="bbox 312 3203 1897 3275; baseline 0.004 -19"><span class='ocrx_word' id='word_1_471' title='bbox 312 3203 524 3275; x_wconf 79' lang='lat' dir='ltr'><strong>diligit?</strong></span> <span class='ocrx_word' id='word_1_472' title='bbox 551 3205 700 3272; x_wconf 87' lang='lat' dir='ltr'><strong>Quod</strong></span> <span class='ocrx_word' id='word_1_473' title='bbox 727 3206 770 3260; x_wconf 93' lang='lat' dir='ltr'><strong>si</strong></span> <span class='ocrx_word' id='word_1_474' title='bbox 804 3207 974 3275; x_wconf 88' lang='lat' dir='ltr'><strong>majus</strong></span> <span class='ocrx_word' id='word_1_475' title='bbox 1000 3217 1082 3261; x_wconf 88' lang='lat' dir='ltr'><strong>est</strong></span> <span class='ocrx_word' id='word_1_476' title='bbox 1108 3207 1308 3262; x_wconf 88' lang='lat' dir='ltr'><strong>habere</strong></span> <span class='ocrx_word' id='word_1_477' title='bbox 1335 3209 1437 3262; x_wconf 93' lang='lat' dir='ltr'><strong>hoc</strong></span> <span class='ocrx_word' id='word_1_478' title='bbox 1465 3209 1606 3263; x_wconf 90' lang='lat' dir='ltr'><strong>unde</strong></span> <span class='ocrx_word' id='word_1_479' title='bbox 1629 3209 1768 3266; x_wconf 87' lang='lat' dir='ltr'><strong>Deus</strong></span> <span class='ocrx_word' id='word_1_480' title='bbox 1794 3210 1897 3264; x_wconf 89' lang='lat' dir='ltr'><strong>scit</strong></span> 
     </span>
    </p>
   </div>
   <div class='ocr_carea' id='block_1_62' title="bbox 314 3295 1894 3370">
    <p class='ocr_par' dir='ltr' id='par_1_62' title="bbox 314 3295 1894 3370">
     <span class='ocr_line' id='line_1_62' title="bbox 314 3295 1894 3370; baseline 0.005 -23"><span class='ocrx_word' id='word_1_481' title='bbox 314 3295 522 3349; x_wconf 90' lang='lat' dir='ltr'><strong>homini</strong></span> <span class='ocrx_word' id='word_1_482' title='bbox 568 3304 770 3366; x_wconf 87' lang='lat' dir='ltr'><strong>grates,</strong></span> <span class='ocrx_word' id='word_1_483' title='bbox 813 3313 976 3366; x_wconf 83' lang='lat' dir='ltr'><strong>quant</strong></span> <span class='ocrx_word' id='word_1_484' title='bbox 1026 3298 1128 3352; x_wconf 93' lang='lat' dir='ltr'><strong>hoc</strong></span> <span class='ocrx_word' id='word_1_485' title='bbox 1176 3300 1316 3352; x_wconf 90' lang='lat' dir='ltr'><strong>unde</strong></span> <span class='ocrx_word' id='word_1_486' title='bbox 1367 3299 1573 3366; x_wconf 90' lang='lat' dir='ltr'><strong>nullas;</strong></span> <span class='ocrx_word' id='word_1_487' title='bbox 1623 3315 1746 3354; x_wconf 92' lang='lat' dir='ltr'><strong>cum</strong></span> <span class='ocrx_word' id='word_1_488' title='bbox 1795 3316 1894 3370; x_wconf 91' lang='lat' dir='ltr'><strong>pro</strong></span> 
     </span>
    </p>
   </div>
   <div class='ocr_carea' id='block_1_63' title="bbox 315 3388 1890 3462">
    <p class='ocr_par' dir='ltr' id='par_1_63' title="bbox 315 3388 1890 3462">
     <span class='ocr_line' id='line_1_63' title="bbox 315 3388 1890 3462; baseline 0.004 -20"><span class='ocrx_word' id='word_1_489' title='bbox 315 3388 500 3443; x_wconf 86' lang='lat' dir='ltr'><strong>habita</strong></span> <span class='ocrx_word' id='word_1_490' title='bbox 551 3389 817 3446; x_wconf 90' lang='lat' dir='ltr'><strong>charitate</strong></span> <span class='ocrx_word' id='word_1_491' title='bbox 863 3391 1062 3460; x_wconf 87' lang='lat' dir='ltr'><strong>gratias</strong></span> <span class='ocrx_word' id='word_1_492' title='bbox 1118 3390 1274 3456; x_wconf 89' lang='lat' dir='ltr'><strong>sciat,</strong></span> <span class='ocrx_word' id='word_1_493' title='bbox 1326 3405 1425 3459; x_wconf 90' lang='lat' dir='ltr'><strong>pro</strong></span> <span class='ocrx_word' id='word_1_494' title='bbox 1482 3402 1731 3462; x_wconf 81' lang='lat' dir='ltr'><strong>suscepta</strong></span> <span class='ocrx_word' id='word_1_495' title='bbox 1787 3409 1890 3448; x_wconf 90' lang='lat' dir='ltr'><strong>non</strong></span> 
     </span>
    </p>
   </div>
   <div class='ocr_carea' id='block_1_64' title="bbox 317 3482 1896 3555">
    <p class='ocr_par' dir='ltr' id='par_1_64' title="bbox 317 3482 1896 3555">
     <span class='ocr_line' id='line_1_64' title="bbox 317 3482 1896 3555; baseline 0.004 -21"><span class='ocrx_word' id='word_1_496' title='bbox 317 3482 489 3547; x_wconf 88' lang='lat' dir='ltr'><strong>adeo;</strong></span> <span class='ocrx_word' id='word_1_497' title='bbox 529 3483 802 3554; x_wconf 90' lang='lat' dir='ltr'><strong>colligitur</strong></span> <span class='ocrx_word' id='word_1_498' title='bbox 828 3500 950 3540; x_wconf 91' lang='lat' dir='ltr'><strong>eum</strong></span> <span class='ocrx_word' id='word_1_499' title='bbox 978 3485 1066 3555; x_wconf 90' lang='lat' dir='ltr'><strong>qui</strong></span> <span class='ocrx_word' id='word_1_500' title='bbox 1098 3484 1418 3540; x_wconf 87' lang='lat' dir='ltr'><strong>charitatcm</strong></span> <span class='ocrx_word' id='word_1_501' title='bbox 1455 3500 1583 3555; x_wconf 90' lang='lat' dir='ltr'><strong>erga</strong></span> <span class='ocrx_word' id='word_1_502' title='bbox 1611 3487 1772 3542; x_wconf 89' lang='lat' dir='ltr'><strong>alium</strong></span> <span class='ocrx_word' id='word_1_503' title='bbox 1801 3487 1896 3541; x_wconf 91' lang='lat' dir='ltr'><strong>ha-</strong></span> 
     </span>
    </p>
   </div>
   <div class='ocr_carea' id='block_1_65' title="bbox 316 3574 1892 3654">
    <p class='ocr_par' dir='ltr' id='par_1_65' title="bbox 316 3574 1892 3654">
     <span class='ocr_line' id='line_1_65' title="bbox 316 3574 1892 3654; baseline 0.004 -27"><span class='ocrx_word' id='word_1_504' title='bbox 316 3575 428 3639; x_wconf 84' lang='lat' dir='ltr'><strong>bet,</strong></span> <span class='ocrx_word' id='word_1_505' title='bbox 460 3574 631 3643; x_wconf 89' lang='lat' dir='ltr'><strong>majus</strong></span> <span class='ocrx_word' id='word_1_506' title='bbox 657 3577 782 3646; x_wconf 90' lang='lat' dir='ltr'><strong>quid</strong></span> <span class='ocrx_word' id='word_1_507' title='bbox 809 3577 1008 3632; x_wconf 89' lang='lat' dir='ltr'><strong>habere</strong></span> <span class='ocrx_word' id='word_1_508' title='bbox 1031 3593 1191 3647; x_wconf 91' lang='lat' dir='ltr'><strong>quam</strong></span> <span class='ocrx_word' id='word_1_509' title='bbox 1223 3583 1395 3654; x_wconf 86' lang='lat' dir='ltr'><strong>ipsum</strong></span> <span class='ocrx_word' id='word_1_510' title='bbox 1423 3579 1516 3648; x_wconf 91' lang='lat' dir='ltr'><strong>qui</strong></span> <span class='ocrx_word' id='word_1_511' title='bbox 1546 3579 1892 3648; x_wconf 84' lang='lat' dir='ltr'><strong>impenditur.</strong></span> 
     </span>
    </p>
   </div>
   <div class='ocr_carea' id='block_1_66' title="bbox 319 3665 1897 3734">
    <p class='ocr_par' dir='ltr' id='par_1_66' title="bbox 319 3665 1897 3734">
     <span class='ocr_line' id='line_1_66' title="bbox 319 3665 1897 3734; baseline 0.004 -16"><span class='ocrx_word' id='word_1_512' title='bbox 319 3665 601 3734; x_wconf 81' lang='lat' dir='ltr'><strong>Amplius:</strong></span> <span class='ocrx_word' id='word_1_513' title='bbox 639 3666 687 3719; x_wconf 92' lang='lat' dir='ltr'><strong>ls</strong></span> <span class='ocrx_word' id='word_1_514' title='bbox 715 3668 798 3722; x_wconf 93' lang='lat' dir='ltr'><strong>cui</strong></span> <span class='ocrx_word' id='word_1_515' title='bbox 832 3668 1047 3723; x_wconf 90' lang='lat' dir='ltr'><strong>dilectio</strong></span> <span class='ocrx_word' id='word_1_516' title='bbox 1081 3670 1303 3726; x_wconf 80' lang='lat' dir='ltr'><strong>alterius</strong></span> <span class='ocrx_word' id='word_1_517' title='bbox 1333 3673 1523 3734; x_wconf 90' lang='lat' dir='ltr'><strong>servit,</strong></span> <span class='ocrx_word' id='word_1_518' title='bbox 1559 3670 1725 3726; x_wconf 91' lang='lat' dir='ltr'><strong>solius</strong></span> <span class='ocrx_word' id='word_1_519' title='bbox 1751 3686 1897 3726; x_wconf 91' lang='lat' dir='ltr'><strong>com-</strong></span> 
     </span>
    </p>
   </div>
   <div class='ocr_carea' id='block_1_67' title="bbox 322 3759 1901 3835">
    <p class='ocr_par' dir='ltr' id='par_1_67' title="bbox 322 3759 1901 3835">
     <span class='ocr_line' id='line_1_67' title="bbox 322 3759 1901 3835; baseline 0.004 -25"><span class='ocrx_word' id='word_1_520' title='bbox 322 3759 466 3812; x_wconf 90' lang='lat' dir='ltr'><strong>modi</strong></span> <span class='ocrx_word' id='word_1_521' title='bbox 499 3774 695 3815; x_wconf 91' lang='lat' dir='ltr'><strong>munus</strong></span> <span class='ocrx_word' id='word_1_522' title='bbox 726 3760 1092 3828; x_wconf 83' lang='lat' dir='ltr'><strong>perfunctorie</strong></span> <span class='ocrx_word' id='word_1_523' title='bbox 1122 3765 1374 3834; x_wconf 89' lang='lat' dir='ltr'><strong>suscipit;</strong></span> <span class='ocrx_word' id='word_1_524' title='bbox 1407 3764 1555 3819; x_wconf 88' lang='lat' dir='ltr'><strong>verbi</strong></span> <span class='ocrx_word' id='word_1_525' title='bbox 1584 3764 1775 3835; x_wconf 89' lang='lat' dir='ltr'><strong>gratia,</strong></span> <span class='ocrx_word' id='word_1_526' title='bbox 1803 3765 1901 3818; x_wconf 85' lang='lat' dir='ltr'><strong>ho-</strong></span> 
     </span>
    </p>
   </div>
   <div class='ocr_carea' id='block_1_68' title="bbox 324 3851 1896 3925">
    <p class='ocr_par' dir='ltr' id='par_1_68' title="bbox 324 3851 1896 3925">
     <span class='ocr_line' id='line_1_68' title="bbox 324 3851 1896 3925; baseline 0.004 -22"><span class='ocrx_word' id='word_1_527' title='bbox 324 3866 511 3905; x_wconf 90' lang='lat' dir='ltr'><strong>norem</strong></span> <span class='ocrx_word' id='word_1_528' title='bbox 553 3867 736 3918; x_wconf 90' lang='lat' dir='ltr'><strong>unum,</strong></span> <span class='ocrx_word' id='word_1_529' title='bbox 780 3851 1101 3908; x_wconf 80' lang='lat' dir='ltr'><strong>beneficium</strong></span> <span class='ocrx_word' id='word_1_530' title='bbox 1150 3871 1336 3921; x_wconf 92' lang='lat' dir='ltr'><strong>unum,</strong></span> <span class='ocrx_word' id='word_1_531' title='bbox 1381 3856 1668 3925; x_wconf 89' lang='lat' dir='ltr'><strong>prandium</strong></span> <span class='ocrx_word' id='word_1_532' title='bbox 1709 3870 1896 3918; x_wconf 86' lang='lat' dir='ltr'><strong>unum,</strong></span> 
     </span>
    </p>
   </div>
   <div class='ocr_carea' id='block_1_69' title="bbox 322 3941 1901 4014">
    <p class='ocr_par' dir='ltr' id='par_1_69' title="bbox 322 3941 1901 4014">
     <span class='ocr_line' id='line_1_69' title="bbox 322 3941 1901 4014; baseline 0.004 -20"><span class='ocrx_word' id='word_1_533' title='bbox 322 3941 407 3995; x_wconf 81' lang='lat' dir='ltr'><strong>vel</strong></span> <span class='ocrx_word' id='word_1_534' title='bbox 438 3941 716 4011; x_wconf 88' lang='lat' dir='ltr'><strong>quodlibet</strong></span> <span class='ocrx_word' id='word_1_535' title='bbox 758 3941 917 3997; x_wconf 84' lang='lat' dir='ltr'><strong>ollicii</strong></span> <span class='ocrx_word' id='word_1_536' title='bbox 961 3960 1129 4014; x_wconf 90' lang='lat' dir='ltr'><strong>genus</strong></span> <span class='ocrx_word' id='word_1_537' title='bbox 1169 3946 1222 3999; x_wconf 91' lang='lat' dir='ltr'><strong>in</strong></span> <span class='ocrx_word' id='word_1_538' title='bbox 1269 3947 1412 4000; x_wconf 90' lang='lat' dir='ltr'><strong>hunc</strong></span> <span class='ocrx_word' id='word_1_539' title='bbox 1462 3945 1701 4000; x_wconf 90' lang='lat' dir='ltr'><strong>modum.</strong></span> <span class='ocrx_word' id='word_1_540' title='bbox 1749 3945 1901 4000; x_wconf 84' lang='lat' dir='ltr'><strong>Alius</strong></span> 
     </span>
    </p>
   </div>
   <div class='ocr_carea' id='block_1_70' title="bbox 322 4034 1898 4106">
    <p class='ocr_par' dir='ltr' id='par_1_70' title="bbox 322 4034 1898 4106">
     <span class='ocr_line' id='line_1_70' title="bbox 322 4034 1898 4106; baseline 0.001 -20"><span class='ocrx_word' id='word_1_541' title='bbox 322 4047 455 4088; x_wconf 80' lang='lat' dir='ltr'><strong>vero</strong></span> <span class='ocrx_word' id='word_1_542' title='bbox 485 4035 805 4088; x_wconf 84' lang='lat' dir='ltr'><strong>charitatem</strong></span> <span class='ocrx_word' id='word_1_543' title='bbox 836 4051 955 4106; x_wconf 76' lang='lat' dir='ltr'><strong>qua:</strong></span> <span class='ocrx_word' id='word_1_544' title='bbox 986 4037 1250 4092; x_wconf 88' lang='lat' dir='ltr'><strong>commodi</strong></span> <span class='ocrx_word' id='word_1_545' title='bbox 1276 4053 1472 4092; x_wconf 91' lang='lat' dir='ltr'><strong>munus</strong></span> <span class='ocrx_word' id='word_1_546' title='bbox 1501 4037 1763 4099; x_wconf 74' lang='lat' dir='ltr'><strong>exhibuit,</strong></span> <span class='ocrx_word' id='word_1_547' title='bbox 1799 4034 1898 4090; x_wconf 88' lang='lat' dir='ltr'><strong>sibi</strong></span> 
     </span>
    </p>
   </div>
   <div class='ocr_carea' id='block_1_71' title="bbox 323 4127 1896 4196">
    <p class='ocr_par' dir='ltr' id='par_1_71' title="bbox 323 4127 1896 4196">
     <span class='ocr_line' id='line_1_71' title="bbox 323 4127 1896 4196; baseline 0.002 -17"><span class='ocrx_word' id='word_1_548' title='bbox 323 4127 567 4180; x_wconf 88' lang='lat' dir='ltr'><strong>retinuit.</strong></span> <span class='ocrx_word' id='word_1_549' title='bbox 600 4127 751 4194; x_wconf 90' lang='lat' dir='ltr'><strong>Quod</strong></span> <span class='ocrx_word' id='word_1_550' title='bbox 781 4127 831 4180; x_wconf 87' lang='lat' dir='ltr'><strong>itt</strong></span> <span class='ocrx_word' id='word_1_551' title='bbox 856 4127 1008 4182; x_wconf 90' lang='lat' dir='ltr'><strong>vobis</strong></span> <span class='ocrx_word' id='word_1_552' title='bbox 1033 4137 1086 4182; x_wconf 91' lang='lat' dir='ltr'><strong>et</strong></span> <span class='ocrx_word' id='word_1_553' title='bbox 1110 4128 1163 4182; x_wconf 91' lang='lat' dir='ltr'><strong>in</strong></span> <span class='ocrx_word' id='word_1_554' title='bbox 1192 4145 1297 4196; x_wconf 90' lang='lat' dir='ltr'><strong>me,</strong></span> <span class='ocrx_word' id='word_1_555' title='bbox 1326 4129 1654 4184; x_wconf 90' lang='lat' dir='ltr'><strong>sanctissimi</strong></span> <span class='ocrx_word' id='word_1_556' title='bbox 1681 4127 1896 4193; x_wconf 87' lang='lat' dir='ltr'><strong>fratres,</strong></span> 
     </span>
    </p>
   </div>
   <div class='ocr_carea' id='block_1_72' title="bbox 322 4218 1902 4288">
    <p class='ocr_par' dir='ltr' id='par_1_72' title="bbox 322 4218 1902 4288">
     <span class='ocr_line' id='line_1_72' title="bbox 322 4218 1902 4288; baseline 0.001 -16"><span class='ocrx_word' id='word_1_557' title='bbox 322 4218 457 4272; x_wconf 86' lang='lat' dir='ltr'><strong>libet</strong></span> <span class='ocrx_word' id='word_1_558' title='bbox 493 4219 546 4272; x_wconf 92' lang='lat' dir='ltr'><strong>iu</strong></span> <span class='ocrx_word' id='word_1_559' title='bbox 575 4219 830 4288; x_wconf 74' lang='lat' dir='ltr'><strong>prznsenti</strong></span> <span class='ocrx_word' id='word_1_560' title='bbox 860 4219 1224 4274; x_wconf 89' lang='lat' dir='ltr'><strong>considerare.</strong></span> <span class='ocrx_word' id='word_1_561' title='bbox 1256 4219 1396 4274; x_wconf 90' lang='lat' dir='ltr'><strong>Ecce</strong></span> <span class='ocrx_word' id='word_1_562' title='bbox 1427 4235 1590 4274; x_wconf 91' lang='lat' dir='ltr'><strong>unum</strong></span> <span class='ocrx_word' id='word_1_563' title='bbox 1620 4218 1902 4273; x_wconf 91' lang='lat' dir='ltr'><strong>charitatis</strong></span> 
     </span>
    </p>
   </div>
   <div class='ocr_carea' id='block_1_73' title="bbox 321 4308 1899 4380">
    <p class='ocr_par' dir='ltr' id='par_1_73' title="bbox 321 4308 1899 4380">
     <span class='ocr_line' id='line_1_73' title="bbox 321 4308 1899 4380; baseline 0.002 -20"><span class='ocrx_word' id='word_1_564' title='bbox 321 4308 555 4363; x_wconf 73' lang='lat' dir='ltr'><strong>ofﬁcium</strong></span> <span class='ocrx_word' id='word_1_565' title='bbox 581 4309 710 4363; x_wconf 90' lang='lat' dir='ltr'><strong>mihi</strong></span> <span class='ocrx_word' id='word_1_566' title='bbox 740 4309 1092 4379; x_wconf 84' lang='lat' dir='ltr'><strong>impendistis.</strong></span> <span class='ocrx_word' id='word_1_567' title='bbox 1120 4309 1484 4379; x_wconf 90' lang='lat' dir='ltr'><strong>lmpeudistis,</strong></span> <span class='ocrx_word' id='word_1_568' title='bbox 1515 4309 1751 4380; x_wconf 90' lang='lat' dir='ltr'><strong>inquam,</strong></span> <span class='ocrx_word' id='word_1_569' title='bbox 1771 4309 1899 4363; x_wconf 90' lang='lat' dir='ltr'><strong>mihi</strong></span> 
     </span>
    </p>
   </div>
   <div class='ocr_carea' id='block_1_74' title="bbox 322 4399 1900 4471">
    <p class='ocr_par' dir='ltr' id='par_1_74' title="bbox 322 4399 1900 4471">
     <span class='ocr_line' id='line_1_74' title="bbox 322 4399 1900 4471; baseline 0 -17"><span class='ocrx_word' id='word_1_570' title='bbox 322 4401 607 4456; x_wconf 90' lang='lat' dir='ltr'><strong>charitatis</strong></span> <span class='ocrx_word' id='word_1_571' title='bbox 632 4399 865 4455; x_wconf 81' lang='lat' dir='ltr'><strong>oﬂicium</strong></span> <span class='ocrx_word' id='word_1_572' title='bbox 890 4417 1074 4467; x_wconf 89' lang='lat' dir='ltr'><strong>unum,</strong></span> <span class='ocrx_word' id='word_1_573' title='bbox 1101 4411 1154 4457; x_wconf 90' lang='lat' dir='ltr'><strong>et</strong></span> <span class='ocrx_word' id='word_1_574' title='bbox 1183 4418 1210 4454; x_wconf 93' lang='lat' dir='ltr'><strong>a</strong></span> <span class='ocrx_word' id='word_1_575' title='bbox 1239 4417 1322 4454; x_wconf 92' lang='lat' dir='ltr'><strong>me</strong></span> <span class='ocrx_word' id='word_1_576' title='bbox 1341 4402 1450 4471; x_wconf 89' lang='lat' dir='ltr'><strong>jatn</strong></span> <span class='ocrx_word' id='word_1_577' title='bbox 1479 4401 1648 4470; x_wconf 90' lang='lat' dir='ltr'><strong>ipsmn</strong></span> <span class='ocrx_word' id='word_1_578' title='bbox 1666 4399 1900 4454; x_wconf 84' lang='lat' dir='ltr'><strong>oiIicium</strong></span> 
     </span>
    </p>
   </div>
   <div class='ocr_carea' id='block_1_75' title="bbox 325 4491 1902 4563">
    <p class='ocr_par' dir='ltr' id='par_1_75' title="bbox 325 4491 1902 4563">
     <span class='ocr_line' id='line_1_75' title="bbox 325 4491 1902 4563; baseline 0.001 -17"><span class='ocrx_word' id='word_1_579' title='bbox 325 4492 571 4559; x_wconf 78' lang='lat' dir='ltr'><strong>transiit;</strong></span> <span class='ocrx_word' id='word_1_580' title='bbox 600 4493 839 4548; x_wconf 88' lang='lat' dir='ltr'><strong>charitas</strong></span> <span class='ocrx_word' id='word_1_581' title='bbox 864 4509 988 4548; x_wconf 89' lang='lat' dir='ltr'><strong>vero</strong></span> <span class='ocrx_word' id='word_1_582' title='bbox 1018 4495 1150 4563; x_wconf 89' lang='lat' dir='ltr'><strong>ipsa,</strong></span> <span class='ocrx_word' id='word_1_583' title='bbox 1179 4508 1298 4562; x_wconf 70' lang='lat' dir='ltr'><strong>qua:</strong></span> <span class='ocrx_word' id='word_1_584' title='bbox 1321 4492 1429 4548; x_wconf 87' lang='lat' dir='ltr'><strong>Deo</strong></span> <span class='ocrx_word' id='word_1_585' title='bbox 1452 4501 1534 4546; x_wconf 90' lang='lat' dir='ltr'><strong>est</strong></span> <span class='ocrx_word' id='word_1_586' title='bbox 1557 4501 1727 4562; x_wconf 90' lang='lat' dir='ltr'><strong>grata,</strong></span> <span class='ocrx_word' id='word_1_587' title='bbox 1751 4491 1902 4548; x_wconf 89' lang='lat' dir='ltr'><strong>vobis</strong></span> 
     </span>
    </p>
   </div>
   <div class='ocr_carea' id='block_1_76' title="bbox 326 4583 1902 4659">
    <p class='ocr_par' dir='ltr' id='par_1_76' title="bbox 326 4583 1902 4659">
     <span class='ocr_line' id='line_1_76' title="bbox 326 4583 1902 4659; baseline 0.001 -17"><span class='ocrx_word' id='word_1_588' title='bbox 326 4589 608 4643; x_wconf 91' lang='lat' dir='ltr'><strong>remansit.</strong></span> <span class='ocrx_word' id='word_1_589' title='bbox 639 4590 826 4646; x_wconf 83' lang='lat' dir='ltr'><strong>Nonne</strong></span> <span class='ocrx_word' id='word_1_590' title='bbox 855 4590 1046 4645; x_wconf 90' lang='lat' dir='ltr'><strong>melius</strong></span> <span class='ocrx_word' id='word_1_591' title='bbox 1069 4589 1324 4659; x_wconf 88' lang='lat' dir='ltr'><strong>judicatis</strong></span> <span class='ocrx_word' id='word_1_592' title='bbox 1351 4583 1547 4644; x_wconf 86' lang='lat' dir='ltr'><strong>bonum</strong></span> <span class='ocrx_word' id='word_1_593' title='bbox 1576 4602 1902 4658; x_wconf 87' lang='lat' dir='ltr'><strong>permanens</strong></span> 
     </span>
    </p>
   </div>
   <div class='ocr_carea' id='block_1_77' title="bbox 325 4678 1903 4750">
    <p class='ocr_par' dir='ltr' id='par_1_77' title="bbox 325 4678 1903 4750">
     <span class='ocr_line' id='line_1_77' title="bbox 325 4678 1903 4750; baseline -0.001 -17"><span class='ocrx_word' id='word_1_594' title='bbox 325 4680 467 4733; x_wconf 91' lang='lat' dir='ltr'><strong>bono</strong></span> <span class='ocrx_word' id='word_1_595' title='bbox 503 4680 855 4735; x_wconf 84' lang='lat' dir='ltr'><strong>transeunte?</strong></span> <span class='ocrx_word' id='word_1_596' title='bbox 883 4680 1084 4735; x_wconf 78' lang='lat' dir='ltr'><strong>Adhch</strong></span> <span class='ocrx_word' id='word_1_597' title='bbox 1113 4681 1156 4734; x_wconf 90' lang='lat' dir='ltr'><strong>si</strong></span> <span class='ocrx_word' id='word_1_598' title='bbox 1187 4696 1252 4735; x_wconf 76' lang='lat' dir='ltr'><strong>ex</strong></span> <span class='ocrx_word' id='word_1_599' title='bbox 1288 4679 1403 4750; x_wconf 92' lang='lat' dir='ltr'><strong>ipso</strong></span> <span class='ocrx_word' id='word_1_600' title='bbox 1429 4678 1605 4733; x_wconf 85' lang='lat' dir='ltr'><strong>ollicio</strong></span> <span class='ocrx_word' id='word_1_601' title='bbox 1635 4678 1778 4733; x_wconf 89' lang='lat' dir='ltr'><strong>circa</strong></span> <span class='ocrx_word' id='word_1_602' title='bbox 1807 4694 1903 4733; x_wconf 83' lang='lat' dir='ltr'><strong>vos</strong></span> 
     </span>
    </p>
   </div>
   <div class='ocr_carea' id='block_1_78' title="bbox 325 4771 1903 4843">
    <p class='ocr_par' dir='ltr' id='par_1_78' title="bbox 325 4771 1903 4843">
     <span class='ocr_line' id='line_1_78' title="bbox 325 4771 1903 4843; baseline 0.001 -18"><span class='ocrx_word' id='word_1_603' title='bbox 325 4773 527 4843; x_wconf 87' lang='lat' dir='ltr'><strong>aliquid</strong></span> <span class='ocrx_word' id='word_1_604' title='bbox 579 4773 863 4828; x_wconf 83' lang='lat' dir='ltr'><strong>charitatis</strong></span> <span class='ocrx_word' id='word_1_605' title='bbox 897 4773 951 4828; x_wconf 91' lang='lat' dir='ltr'><strong>in</strong></span> <span class='ocrx_word' id='word_1_606' title='bbox 985 4789 1071 4828; x_wconf 91' lang='lat' dir='ltr'><strong>me</strong></span> <span class='ocrx_word' id='word_1_607' title='bbox 1097 4773 1286 4837; x_wconf 89' lang='lat' dir='ltr'><strong>crevit,</strong></span> <span class='ocrx_word' id='word_1_608' title='bbox 1318 4781 1370 4826; x_wconf 89' lang='lat' dir='ltr'><strong>et</strong></span> <span class='ocrx_word' id='word_1_609' title='bbox 1412 4773 1513 4826; x_wconf 94' lang='lat' dir='ltr'><strong>hoc</strong></span> <span class='ocrx_word' id='word_1_610' title='bbox 1546 4771 1720 4842; x_wconf 91' lang='lat' dir='ltr'><strong>ipsum</strong></span> <span class='ocrx_word' id='word_1_611' title='bbox 1749 4771 1903 4826; x_wconf 91' lang='lat' dir='ltr'><strong>vobis</strong></span> 
     </span>
    </p>
   </div>
   <div class='ocr_carea' id='block_1_79' title="bbox 327 4862 1902 4931">
    <p class='ocr_par' dir='ltr' id='par_1_79' title="bbox 327 4862 1902 4931">
     <span class='ocr_line' id='line_1_79' title="bbox 327 4862 1902 4931; baseline 0 -15"><span class='ocrx_word' id='word_1_612' title='bbox 327 4866 394 4917; x_wconf 78' lang='lat' dir='ltr'><strong>ad</strong></span> <span class='ocrx_word' id='word_1_613' title='bbox 440 4863 719 4918; x_wconf 89' lang='lat' dir='ltr'><strong>cumulum</strong></span> <span class='ocrx_word' id='word_1_614' title='bbox 768 4863 1138 4918; x_wconf 91' lang='lat' dir='ltr'><strong>retributionis</strong></span> <span class='ocrx_word' id='word_1_615' title='bbox 1183 4864 1318 4928; x_wconf 91' lang='lat' dir='ltr'><strong>erit,</strong></span> <span class='ocrx_word' id='word_1_616' title='bbox 1371 4863 1459 4931; x_wconf 94' lang='lat' dir='ltr'><strong>qui</strong></span> <span class='ocrx_word' id='word_1_617' title='bbox 1509 4862 1716 4917; x_wconf 88' lang='lat' dir='ltr'><strong>fecistis</strong></span> <span class='ocrx_word' id='word_1_618' title='bbox 1760 4863 1902 4916; x_wconf 89' lang='lat' dir='ltr'><strong>unde</strong></span> 
     </span>
    </p>
   </div>
   <div class='ocr_carea' id='block_1_80' title="bbox 328 4953 1900 5026">
    <p class='ocr_par' dir='ltr' id='par_1_80' title="bbox 328 4953 1900 5026">
     <span class='ocr_line' id='line_1_80' title="bbox 328 4953 1900 5026; baseline -0.002 -17"><span class='ocrx_word' id='word_1_619' title='bbox 328 4957 460 5010; x_wconf 90' lang='lat' dir='ltr'><strong>mihi</strong></span> <span class='ocrx_word' id='word_1_620' title='bbox 508 4965 715 5009; x_wconf 87' lang='lat' dir='ltr'><strong>tantum</strong></span> <span class='ocrx_word' id='word_1_621' title='bbox 746 4956 944 5010; x_wconf 92' lang='lat' dir='ltr'><strong>bonum</strong></span> <span class='ocrx_word' id='word_1_622' title='bbox 988 4956 1252 5026; x_wconf 88' lang='lat' dir='ltr'><strong>provenit.</strong></span> <span class='ocrx_word' id='word_1_623' title='bbox 1305 4953 1361 5008; x_wconf 88' lang='lat' dir='ltr'><strong>Si</strong></span> <span class='ocrx_word' id='word_1_624' title='bbox 1395 4971 1499 5011; x_wconf 92' lang='lat' dir='ltr'><strong>non</strong></span> <span class='ocrx_word' id='word_1_625' title='bbox 1537 4955 1687 5010; x_wconf 91' lang='lat' dir='ltr'><strong>vobis</strong></span> <span class='ocrx_word' id='word_1_626' title='bbox 1723 4962 1900 5008; x_wconf 90' lang='lat' dir='ltr'><strong>tamen</strong></span> 
     </span>
    </p>
   </div>
   <div class='ocr_carea' id='block_1_81' title="bbox 329 5045 1903 5120">
    <p class='ocr_par' dir='ltr' id='par_1_81' title="bbox 329 5045 1903 5120">
     <span class='ocr_line' id='line_1_81' title="bbox 329 5045 1903 5120; baseline 0.001 -20"><span class='ocrx_word' id='word_1_627' title='bbox 329 5048 450 5119; x_wconf 73' lang='lat' dir='ltr'><strong>[al.,</strong></span> <span class='ocrx_word' id='word_1_628' title='bbox 481 5047 710 5120; x_wconf 89' lang='lat' dir='ltr'><strong>tantum]</strong></span> <span class='ocrx_word' id='word_1_629' title='bbox 736 5048 970 5103; x_wconf 89' lang='lat' dir='ltr'><strong>charitas</strong></span> <span class='ocrx_word' id='word_1_630' title='bbox 993 5058 1171 5103; x_wconf 88' lang='lat' dir='ltr'><strong>vestra</strong></span> <span class='ocrx_word' id='word_1_631' title='bbox 1195 5047 1472 5112; x_wconf 89' lang='lat' dir='ltr'><strong>remansit,</strong></span> <span class='ocrx_word' id='word_1_632' title='bbox 1503 5061 1532 5100; x_wconf 89' lang='lat' dir='ltr'><strong>a</strong></span> <span class='ocrx_word' id='word_1_633' title='bbox 1560 5061 1644 5101; x_wconf 91' lang='lat' dir='ltr'><strong>me</strong></span> <span class='ocrx_word' id='word_1_634' title='bbox 1671 5045 1903 5101; x_wconf 76' lang='lat' dir='ltr'><strong>ofﬁcium</strong></span> 
     </span>
    </p>
   </div>
   <div class='ocr_carea' id='block_1_82' title="bbox 330 5139 1904 5210">
    <p class='ocr_par' dir='ltr' id='par_1_82' title="bbox 330 5139 1904 5210">
     <span class='ocr_line' id='line_1_82' title="bbox 330 5139 1904 5210; baseline 0 -18"><span class='ocrx_word' id='word_1_635' title='bbox 330 5143 472 5210; x_wconf 88' lang='lat' dir='ltr'><strong>quod</strong></span> <span class='ocrx_word' id='word_1_636' title='bbox 493 5142 818 5197; x_wconf 76' lang='lat' dir='ltr'><strong>exhibuistis</strong></span> <span class='ocrx_word' id='word_1_637' title='bbox 841 5142 1053 5210; x_wconf 88' lang='lat' dir='ltr'><strong>penitus</strong></span> <span class='ocrx_word' id='word_1_638' title='bbox 1080 5139 1312 5194; x_wconf 87' lang='lat' dir='ltr'><strong>transiit.</strong></span> <span class='ocrx_word' id='word_1_639' title='bbox 1340 5139 1465 5194; x_wconf 65' lang='lat' dir='ltr'><strong>llaec</strong></span> <span class='ocrx_word' id='word_1_640' title='bbox 1491 5139 1656 5210; x_wconf 87' lang='lat' dir='ltr'><strong>igitur</strong></span> <span class='ocrx_word' id='word_1_641' title='bbox 1681 5139 1722 5194; x_wconf 94' lang='lat' dir='ltr'><strong>si</strong></span> <span class='ocrx_word' id='word_1_642' title='bbox 1757 5148 1904 5195; x_wconf 92' lang='lat' dir='ltr'><strong>recta</strong></span> 
     </span>
    </p>
   </div>
   <div class='ocr_carea' id='block_1_83' title="bbox 331 5232 1905 5304">
    <p class='ocr_par' dir='ltr' id='par_1_83' title="bbox 331 5232 1905 5304">
     <span class='ocr_line' id='line_1_83' title="bbox 331 5232 1905 5304; baseline -0.003 -14"><span class='ocrx_word' id='word_1_643' title='bbox 331 5235 765 5292; x_wconf 90' lang='lat' dir='ltr'><strong>consideratione</strong></span> <span class='ocrx_word' id='word_1_644' title='bbox 807 5235 1172 5301; x_wconf 88' lang='lat' dir='ltr'><strong>attendimus,</strong></span> <span class='ocrx_word' id='word_1_645' title='bbox 1228 5232 1470 5304; x_wconf 88' lang='lat' dir='ltr'><strong>profecto</strong></span> <span class='ocrx_word' id='word_1_646' title='bbox 1518 5233 1905 5303; x_wconf 87' lang='lat' dir='ltr'><strong>perspiciemus</strong></span> 
     </span>
    </p>
   </div>
   <div class='ocr_carea' id='block_1_84' title="bbox 1997 3208 3578 3290">
    <p class='ocr_par' dir='ltr' id='par_1_84' title="bbox 1997 3208 3578 3290">
     <span class='ocr_line' id='line_1_84' title="bbox 1997 3208 3578 3290; baseline 0.008 -28"><span class='ocrx_word' id='word_1_647' title='bbox 1997 3208 2210 3262; x_wconf 81' lang='lat' dir='ltr'><strong>illarum</strong></span> <span class='ocrx_word' id='word_1_648' title='bbox 2236 3210 2516 3263; x_wconf 88' lang='lat' dir='ltr'><strong>umtationi</strong></span> <span class='ocrx_word' id='word_1_649' title='bbox 2543 3210 2861 3277; x_wconf 89' lang='lat' dir='ltr'><strong>intenderet,</strong></span> <span class='ocrx_word' id='word_1_650' title='bbox 2893 3223 2945 3268; x_wconf 91' lang='lat' dir='ltr'><strong>et</strong></span> <span class='ocrx_word' id='word_1_651' title='bbox 2969 3215 3281 3270; x_wconf 88' lang='lat' dir='ltr'><strong>Anselmum</strong></span> <span class='ocrx_word' id='word_1_652' title='bbox 3315 3217 3437 3290; x_wconf 90' lang='lat' dir='ltr'><strong>[al.,</strong></span> <span class='ocrx_word' id='word_1_653' title='bbox 3462 3220 3578 3274; x_wconf 82' lang='lat' dir='ltr'><strong>Au-</strong></span> 
     </span>
    </p>
   </div>
   <div class='ocr_carea' id='block_1_85' title="bbox 1997 3301 3575 3373">
    <p class='ocr_par' dir='ltr' id='par_1_85' title="bbox 1997 3301 3575 3373">
     <span class='ocr_line' id='line_1_85' title="bbox 1997 3301 3575 3373; baseline 0.01 -17"><span class='ocrx_word' id='word_1_654' title='bbox 1997 3301 2218 3373; x_wconf 90' lang='lat' dir='ltr'><strong>selmus]</strong></span> <span class='ocrx_word' id='word_1_655' title='bbox 2247 3302 2556 3357; x_wconf 86' lang='lat' dir='ltr'><strong>unanimem</strong></span> <span class='ocrx_word' id='word_1_656' title='bbox 2583 3303 2788 3359; x_wconf 80' lang='lat' dir='ltr'><strong>scilicet</strong></span> <span class='ocrx_word' id='word_1_657' title='bbox 2812 3306 3043 3360; x_wconf 88' lang='lat' dir='ltr'><strong>amicqu</strong></span> <span class='ocrx_word' id='word_1_658' title='bbox 3073 3317 3124 3362; x_wconf 88' lang='lat' dir='ltr'><strong>et</strong></span> <span class='ocrx_word' id='word_1_659' title='bbox 3146 3307 3369 3365; x_wconf 88' lang='lat' dir='ltr'><strong>fratrem</strong></span> <span class='ocrx_word' id='word_1_660' title='bbox 3391 3328 3575 3371; x_wconf 87' lang='lat' dir='ltr'><strong>secum</strong></span> 
     </span>
    </p>
   </div>
   <div class='ocr_carea' id='block_1_86' title="bbox 1996 3394 3576 3474">
    <p class='ocr_par' dir='ltr' id='par_1_86' title="bbox 1996 3394 3576 3474">
     <span class='ocr_line' id='line_1_86' title="bbox 1996 3394 3576 3474; baseline 0.008 -25"><span class='ocrx_word' id='word_1_661' title='bbox 1996 3394 2244 3459; x_wconf 89' lang='lat' dir='ltr'><strong>haberet,</strong></span> <span class='ocrx_word' id='word_1_662' title='bbox 2288 3394 2521 3465; x_wconf 90' lang='lat' dir='ltr'><strong>quadam</strong></span> <span class='ocrx_word' id='word_1_663' title='bbox 2562 3399 2650 3454; x_wconf 90' lang='lat' dir='ltr'><strong>die</strong></span> <span class='ocrx_word' id='word_1_664' title='bbox 2690 3397 3013 3453; x_wconf 85' lang='lat' dir='ltr'><strong>familiarius</strong></span> <span class='ocrx_word' id='word_1_665' title='bbox 3052 3413 3173 3453; x_wconf 87' lang='lat' dir='ltr'><strong>cum</strong></span> <span class='ocrx_word' id='word_1_666' title='bbox 3217 3416 3282 3455; x_wconf 91' lang='lat' dir='ltr'><strong>eo</strong></span> <span class='ocrx_word' id='word_1_667' title='bbox 3328 3403 3576 3474; x_wconf 88' lang='lat' dir='ltr'><strong>loquens,</strong></span> 
     </span>
    </p>
   </div>
   <div class='ocr_carea' id='block_1_87' title="bbox 1997 3486 3580 3560">
    <p class='ocr_par' dir='ltr' id='par_1_87' title="bbox 1997 3486 3580 3560">
     <span class='ocr_line' id='line_1_87' title="bbox 1997 3486 3580 3560; baseline 0.008 -20"><span class='ocrx_word' id='word_1_668' title='bbox 1997 3486 2133 3540; x_wconf 75' lang='lat' dir='ltr'><strong>dixit</strong></span> <span class='ocrx_word' id='word_1_669' title='bbox 2157 3486 2206 3540; x_wconf 90' lang='lat' dir='ltr'><strong>ei</strong></span> <span class='ocrx_word' id='word_1_670' title='bbox 2235 3504 2248 3540; x_wconf 87' lang='lat'><strong>:</strong></span> <span class='ocrx_word' id='word_1_671' title='bbox 2278 3505 2295 3538; x_wconf 74' lang='grc' dir='ltr'><strong><em>ι</em></strong></span> <span class='ocrx_word' id='word_1_672' title='bbox 2320 3487 2476 3559; x_wconf 82' lang='lat' dir='ltr'><strong>Angli</strong></span> <span class='ocrx_word' id='word_1_673' title='bbox 2508 3489 2616 3553; x_wconf 91' lang='lat' dir='ltr'><strong>isti,</strong></span> <span class='ocrx_word' id='word_1_674' title='bbox 2648 3489 3580 3560; x_wconf 82' lang='lat' dir='ltr'><strong>interquosdcgimus,instituerunt</strong></span> 
     </span>
    </p>
   </div>
   <div class='ocr_carea' id='block_1_88' title="bbox 1998 3574 3575 3651">
    <p class='ocr_par' dir='ltr' id='par_1_88' title="bbox 1998 3574 3575 3651">
     <span class='ocr_line' id='line_1_88' title="bbox 1998 3574 3575 3651; baseline 0.008 -23"><span class='ocrx_word' id='word_1_675' title='bbox 1998 3574 2100 3629; x_wconf 80' lang='lat' dir='ltr'><strong>sibi</strong></span> <span class='ocrx_word' id='word_1_676' title='bbox 2129 3578 2392 3646; x_wconf 89' lang='lat' dir='ltr'><strong>quosdam</strong></span> <span class='ocrx_word' id='word_1_677' title='bbox 2426 3593 2562 3648; x_wconf 92' lang='lat' dir='ltr'><strong>quos</strong></span> <span class='ocrx_word' id='word_1_678' title='bbox 2591 3578 2830 3634; x_wconf 90' lang='lat' dir='ltr'><strong>colerent</strong></span> <span class='ocrx_word' id='word_1_679' title='bbox 2857 3588 3095 3634; x_wconf 88' lang='lat' dir='ltr'><strong>sanctos.</strong></span> <span class='ocrx_word' id='word_1_680' title='bbox 3125 3580 3200 3635; x_wconf 91' lang='lat' dir='ltr'><strong>De</strong></span> <span class='ocrx_word' id='word_1_681' title='bbox 3229 3582 3424 3651; x_wconf 91' lang='lat' dir='ltr'><strong>quibus</strong></span> <span class='ocrx_word' id='word_1_682' title='bbox 3451 3600 3575 3640; x_wconf 93' lang='lat' dir='ltr'><strong>cum</strong></span> 
     </span>
    </p>
   </div>
   <div class='ocr_carea' id='block_1_89' title="bbox 1998 3667 3576 3742">
    <p class='ocr_par' dir='ltr' id='par_1_89' title="bbox 1998 3667 3576 3742">
     <span class='ocr_line' id='line_1_89' title="bbox 1998 3667 3576 3742; baseline 0.006 -21"><span class='ocrx_word' id='word_1_683' title='bbox 1998 3667 2286 3738; x_wconf 85' lang='lat' dir='ltr'><strong>aliquando</strong></span> <span class='ocrx_word' id='word_1_684' title='bbox 2310 3671 2399 3738; x_wconf 92' lang='lat' dir='ltr'><strong>qui</strong></span> <span class='ocrx_word' id='word_1_685' title='bbox 2432 3669 2653 3736; x_wconf 85' lang='lat' dir='ltr'><strong>fuerint,</strong></span> <span class='ocrx_word' id='word_1_686' title='bbox 2684 3670 2977 3726; x_wconf 91' lang='lat' dir='ltr'><strong>secundum</strong></span> <span class='ocrx_word' id='word_1_687' title='bbox 3009 3675 3150 3742; x_wconf 87' lang='lat' dir='ltr'><strong>quod</strong></span> <span class='ocrx_word' id='word_1_688' title='bbox 3190 3674 3404 3742; x_wconf 90' lang='lat' dir='ltr'><strong>ipsimet</strong></span> <span class='ocrx_word' id='word_1_689' title='bbox 3435 3677 3576 3732; x_wconf 77' lang='lat' dir='ltr'><strong>refe-</strong></span> 
     </span>
    </p>
   </div>
   <div class='ocr_carea' id='block_1_90' title="bbox 2001 3763 3578 3826">
    <p class='ocr_par' dir='ltr' id='par_1_90' title="bbox 2001 3763 3578 3826">
     <span class='ocr_line' id='line_1_90' title="bbox 2001 3763 3578 3826; baseline 0.006 -12"><span class='ocrx_word' id='word_1_690' title='bbox 2001 3769 2146 3823; x_wconf 88' lang='lat' dir='ltr'><strong>runt,</strong></span> <span class='ocrx_word' id='word_1_691' title='bbox 2183 3770 2364 3816; x_wconf 88' lang='lat' dir='ltr'><strong>mente</strong></span> <span class='ocrx_word' id='word_1_692' title='bbox 2403 3763 2652 3826; x_wconf 80' lang='lat' dir='ltr'><strong>revolvo,</strong></span> <span class='ocrx_word' id='word_1_693' title='bbox 2696 3764 2761 3818; x_wconf 92' lang='lat' dir='ltr'><strong>de</strong></span> <span class='ocrx_word' id='word_1_694' title='bbox 2802 3764 3108 3819; x_wconf 87' lang='lat' dir='ltr'><strong>sanctitatis</strong></span> <span class='ocrx_word' id='word_1_695' title='bbox 3147 3781 3334 3820; x_wconf 91' lang='lat' dir='ltr'><strong>eorum</strong></span> <span class='ocrx_word' id='word_1_696' title='bbox 3386 3772 3578 3824; x_wconf 82' lang='lat' dir='ltr'><strong>merito</strong></span> 
     </span>
    </p>
   </div>
   <div class='ocr_carea' id='block_1_91' title="bbox 2000 3853 3105 3919">
    <p class='ocr_par' dir='ltr' id='par_1_91' title="bbox 2000 3853 3105 3919">
     <span class='ocr_line' id='line_1_91' title="bbox 2000 3853 3105 3919; baseline 0.003 -13"><span class='ocrx_word' id='word_1_697' title='bbox 2000 3853 2240 3906; x_wconf 88' lang='lat' dir='ltr'><strong>animum</strong></span> <span class='ocrx_word' id='word_1_698' title='bbox 2269 3869 2298 3905; x_wconf 92' lang='lat' dir='ltr'><strong>a</strong></span> <span class='ocrx_word' id='word_1_699' title='bbox 2328 3853 2600 3908; x_wconf 87' lang='lat' dir='ltr'><strong>dubietate</strong></span> <span class='ocrx_word' id='word_1_700' title='bbox 2628 3854 2842 3908; x_wconf 85' lang='lat' dir='ltr'><strong>ﬂectere</strong></span> <span class='ocrx_word' id='word_1_701' title='bbox 2876 3869 3105 3919; x_wconf 88' lang='lat' dir='ltr'><strong>nequeo.</strong></span> 
     </span>
    </p>
   </div>
   <div class='ocr_carea' id='block_1_92' title="bbox 2071 3928 3577 3996">
    <p class='ocr_par' dir='ltr' id='par_1_92' title="bbox 2071 3928 3577 3996">
     <span class='ocr_line' id='line_1_92' title="bbox 2071 3928 3577 3996; baseline -0.005 -7"><span class='ocrx_word' id='word_1_702' title='bbox 2071 3935 2158 3991; x_wconf 74' lang='grc'><strong>45.</strong></span> <span class='ocrx_word' id='word_1_703' title='bbox 2208 3953 2227 3987; x_wconf 71' lang='grc' dir='ltr'><strong><em>ι</em></strong></span> <span class='ocrx_word' id='word_1_704' title='bbox 2270 3934 2334 3990; x_wconf 87' lang='lat' dir='ltr'><strong>Et</strong></span> <span class='ocrx_word' id='word_1_705' title='bbox 2370 3950 2502 3991; x_wconf 90' lang='lat' dir='ltr'><strong>ecce</strong></span> <span class='ocrx_word' id='word_1_706' title='bbox 2544 3949 2687 3988; x_wconf 85' lang='lat' dir='ltr'><strong>unus</strong></span> <span class='ocrx_word' id='word_1_707' title='bbox 2725 3935 2942 3989; x_wconf 90' lang='lat' dir='ltr'><strong>illorum</strong></span> <span class='ocrx_word' id='word_1_708' title='bbox 2986 3944 3072 3989; x_wconf 86' lang='lat' dir='ltr'><strong>est</strong></span> <span class='ocrx_word' id='word_1_709' title='bbox 3127 3933 3180 3987; x_wconf 91' lang='lat' dir='ltr'><strong>in</strong></span> <span class='ocrx_word' id='word_1_710' title='bbox 3220 3942 3443 3996; x_wconf 89' lang='lat' dir='ltr'><strong>sancta,</strong></span> <span class='ocrx_word' id='word_1_711' title='bbox 3485 3928 3577 3985; x_wconf 88' lang='lat' dir='ltr'><strong>cui</strong></span> 
     </span>
    </p>
   </div>
   <div class='ocr_carea' id='block_1_93' title="bbox 2016 4024 3557 4101">
    <p class='ocr_par' dir='ltr' id='par_1_93' title="bbox 2016 4024 3557 4101">
     <span class='ocr_line' id='line_1_93' title="bbox 2016 4024 3557 4101; baseline -0.004 -19"><span class='ocrx_word' id='word_1_712' title='bbox 2016 4043 2180 4094; x_wconf 90' lang='lat' dir='ltr'><strong>nunc,</strong></span> <span class='ocrx_word' id='word_1_713' title='bbox 2222 4028 2331 4082; x_wconf 93' lang='lat' dir='ltr'><strong>Deo</strong></span> <span class='ocrx_word' id='word_1_714' title='bbox 2369 4039 2619 4101; x_wconf 81' lang='lat' dir='ltr'><strong>auctore,</strong></span> <span class='ocrx_word' id='word_1_715' title='bbox 2672 4029 3030 4100; x_wconf 73' lang='lat' dir='ltr'><strong>prrrsidcmus</strong></span> <span class='ocrx_word' id='word_1_716' title='bbox 3084 4027 3213 4080; x_wconf 80' lang='lat' dir='ltr'><strong>sede</strong></span> <span class='ocrx_word' id='word_1_717' title='bbox 3267 4024 3557 4092; x_wconf 57' lang='lat' dir='ltr'><strong>quiescens</strong></span> 
     </span>
    </p>
   </div>
   <div class='ocr_carea' id='block_1_94' title="bbox 2003 4124 3578 4196">
    <p class='ocr_par' dir='ltr' id='par_1_94' title="bbox 2003 4124 3578 4196">
     <span class='ocr_line' id='line_1_94' title="bbox 2003 4124 3578 4196; baseline -0.001 -15"><span class='ocrx_word' id='word_1_718' title='bbox 2003 4126 2224 4196; x_wconf 85' lang='lat' dir='ltr'><strong>Elfegus</strong></span> <span class='ocrx_word' id='word_1_719' title='bbox 2251 4124 2361 4196; x_wconf 72' lang='grc'><strong>(25)</strong></span> <span class='ocrx_word' id='word_1_720' title='bbox 2390 4126 2628 4192; x_wconf 88' lang='lat' dir='ltr'><strong>nomine,</strong></span> <span class='ocrx_word' id='word_1_721' title='bbox 2657 4125 2742 4179; x_wconf 93' lang='lat' dir='ltr'><strong>vir</strong></span> <span class='ocrx_word' id='word_1_722' title='bbox 2767 4125 2938 4180; x_wconf 91' lang='lat' dir='ltr'><strong>bonus</strong></span> <span class='ocrx_word' id='word_1_723' title='bbox 2963 4125 3212 4196; x_wconf 71' lang='lat' dir='ltr'><strong>quidem,</strong></span> <span class='ocrx_word' id='word_1_724' title='bbox 3231 4134 3287 4182; x_wconf 88' lang='lat' dir='ltr'><strong>et</strong></span> <span class='ocrx_word' id='word_1_725' title='bbox 3313 4139 3414 4182; x_wconf 90' lang='lat' dir='ltr'><strong>suo</strong></span> <span class='ocrx_word' id='word_1_726' title='bbox 3441 4133 3578 4181; x_wconf 82' lang='lat' dir='ltr'><strong>tem-</strong></span> 
     </span>
    </p>
   </div>
   <div class='ocr_carea' id='block_1_95' title="bbox 2003 4215 3576 4288">
    <p class='ocr_par' dir='ltr' id='par_1_95' title="bbox 2003 4215 3576 4288">
     <span class='ocr_line' id='line_1_95' title="bbox 2003 4215 3576 4288; baseline -0.001 -15"><span class='ocrx_word' id='word_1_727' title='bbox 2003 4233 2136 4288; x_wconf 88' lang='lat' dir='ltr'><strong>pore</strong></span> <span class='ocrx_word' id='word_1_728' title='bbox 2195 4215 2384 4286; x_wconf 87' lang='lat' dir='ltr'><strong>gradui</strong></span> <span class='ocrx_word' id='word_1_729' title='bbox 2443 4215 2938 4286; x_wconf 80' lang='lat' dir='ltr'><strong>archiepiscopatus</strong></span> <span class='ocrx_word' id='word_1_730' title='bbox 2995 4216 3290 4286; x_wconf 66' lang='lat' dir='ltr'><strong>prtesideus</strong></span> <span class='ocrx_word' id='word_1_731' title='bbox 3357 4216 3576 4271; x_wconf 70' lang='lat' dir='ltr'><strong>ibidem.</strong></span> 
     </span>
    </p>
   </div>
   <div class='ocr_carea' id='block_1_96' title="bbox 2005 4309 3576 4371">
    <p class='ocr_par' dir='ltr' id='par_1_96' title="bbox 2005 4309 3576 4371">
     <span class='ocr_line' id='line_1_96' title="bbox 2005 4309 3576 4371; baseline -0.004 -5"><span class='ocrx_word' id='word_1_732' title='bbox 2005 4311 2160 4366; x_wconf 81' lang='lat' dir='ltr'><strong>llunc</strong></span> <span class='ocrx_word' id='word_1_733' title='bbox 2191 4327 2297 4367; x_wconf 89' lang='lat' dir='ltr'><strong>non</strong></span> <span class='ocrx_word' id='word_1_734' title='bbox 2329 4311 2488 4365; x_wconf 90' lang='lat' dir='ltr'><strong>modo</strong></span> <span class='ocrx_word' id='word_1_735' title='bbox 2520 4309 2661 4364; x_wconf 89' lang='lat' dir='ltr'><strong>inter</strong></span> <span class='ocrx_word' id='word_1_736' title='bbox 2695 4316 2935 4371; x_wconf 88' lang='lat' dir='ltr'><strong>sanctos,</strong></span> <span class='ocrx_word' id='word_1_737' title='bbox 2965 4324 3150 4362; x_wconf 88' lang='lat' dir='ltr'><strong>verum</strong></span> <span class='ocrx_word' id='word_1_738' title='bbox 3182 4318 3235 4362; x_wconf 90' lang='lat' dir='ltr'><strong>et</strong></span> <span class='ocrx_word' id='word_1_739' title='bbox 3266 4309 3404 4362; x_wconf 94' lang='lat' dir='ltr'><strong>inter</strong></span> <span class='ocrx_word' id='word_1_740' title='bbox 3432 4323 3576 4362; x_wconf 86' lang='lat' dir='ltr'><strong>mar-</strong></span> 
     </span>
    </p>
   </div>
   <div class='ocr_carea' id='block_1_97' title="bbox 2008 4398 3581 4475">
    <p class='ocr_par' dir='ltr' id='par_1_97' title="bbox 2008 4398 3581 4475">
     <span class='ocr_line' id='line_1_97' title="bbox 2008 4398 3581 4475; baseline -0.004 -17"><span class='ocrx_word' id='word_1_741' title='bbox 2008 4414 2154 4475; x_wconf 84' lang='lat' dir='ltr'><strong>tyres</strong></span> <span class='ocrx_word' id='word_1_742' title='bbox 2189 4409 2506 4466; x_wconf 88' lang='lat' dir='ltr'><strong>numerant;</strong></span> <span class='ocrx_word' id='word_1_743' title='bbox 2542 4399 2666 4454; x_wconf 91' lang='lat' dir='ltr'><strong>licet</strong></span> <span class='ocrx_word' id='word_1_744' title='bbox 2694 4414 2816 4455; x_wconf 92' lang='lat' dir='ltr'><strong>eum</strong></span> <span class='ocrx_word' id='word_1_745' title='bbox 2849 4415 2954 4453; x_wconf 92' lang='lat' dir='ltr'><strong>non</strong></span> <span class='ocrx_word' id='word_1_746' title='bbox 2990 4415 3087 4468; x_wconf 93' lang='lat' dir='ltr'><strong>pro</strong></span> <span class='ocrx_word' id='word_1_747' title='bbox 3118 4398 3455 4453; x_wconf 85' lang='lat' dir='ltr'><strong>confessione</strong></span> <span class='ocrx_word' id='word_1_748' title='bbox 3483 4415 3581 4453; x_wconf 91' lang='lat' dir='ltr'><strong>no-</strong></span> 
     </span>
    </p>
   </div>
   <div class='ocr_carea' id='block_1_98' title="bbox 2007 4491 3577 4562">
    <p class='ocr_par' dir='ltr' id='par_1_98' title="bbox 2007 4491 3577 4562">
     <span class='ocr_line' id='line_1_98' title="bbox 2007 4491 3577 4562; baseline -0.004 -12"><span class='ocrx_word' id='word_1_749' title='bbox 2007 4495 2168 4550; x_wconf 82' lang='lat' dir='ltr'><strong>minis</strong></span> <span class='ocrx_word' id='word_1_750' title='bbox 2211 4493 2432 4555; x_wconf 87' lang='lat' dir='ltr'><strong>Christi,</strong></span> <span class='ocrx_word' id='word_1_751' title='bbox 2484 4491 2577 4546; x_wconf 90' lang='lat' dir='ltr'><strong>sed</strong></span> <span class='ocrx_word' id='word_1_752' title='bbox 2624 4493 2749 4562; x_wconf 84' lang='lat' dir='ltr'><strong>quia</strong></span> <span class='ocrx_word' id='word_1_753' title='bbox 2797 4505 2854 4544; x_wconf 93' lang='lat' dir='ltr'><strong>se</strong></span> <span class='ocrx_word' id='word_1_754' title='bbox 2883 4491 3107 4560; x_wconf 88' lang='lat' dir='ltr'><strong>pecunia</strong></span> <span class='ocrx_word' id='word_1_755' title='bbox 3156 4491 3423 4546; x_wconf 91' lang='lat' dir='ltr'><strong>redimere</strong></span> <span class='ocrx_word' id='word_1_756' title='bbox 3472 4508 3577 4545; x_wconf 91' lang='lat' dir='ltr'><strong>non</strong></span> 
     </span>
    </p>
   </div>
   <div class='ocr_carea' id='block_1_99' title="bbox 2004 4579 3579 4652">
    <p class='ocr_par' dir='ltr' id='par_1_99' title="bbox 2004 4579 3579 4652">
     <span class='ocr_line' id='line_1_99' title="bbox 2004 4579 3579 4652; baseline -0.003 -10"><span class='ocrx_word' id='word_1_757' title='bbox 2004 4588 2196 4652; x_wconf 84' lang='lat' dir='ltr'><strong>voluit,</strong></span> <span class='ocrx_word' id='word_1_758' title='bbox 2247 4586 2486 4641; x_wconf 89' lang='lat' dir='ltr'><strong>occismn</strong></span> <span class='ocrx_word' id='word_1_759' title='bbox 2537 4599 2640 4636; x_wconf 90' lang='lat' dir='ltr'><strong>non</strong></span> <span class='ocrx_word' id='word_1_760' title='bbox 2694 4591 2908 4652; x_wconf 89' lang='lat' dir='ltr'><strong>negent.</strong></span> <span class='ocrx_word' id='word_1_761' title='bbox 2962 4579 3094 4634; x_wconf 84' lang='lat' dir='ltr'><strong>Nam</strong></span> <span class='ocrx_word' id='word_1_762' title='bbox 3137 4597 3259 4636; x_wconf 92' lang='lat' dir='ltr'><strong>cum</strong></span> <span class='ocrx_word' id='word_1_763' title='bbox 3303 4581 3472 4645; x_wconf 90' lang='lat' dir='ltr'><strong>illum,</strong></span> <span class='ocrx_word' id='word_1_764' title='bbox 3520 4591 3579 4637; x_wconf 78' lang='lat' dir='ltr'><strong>ut</strong></span> 
     </span>
    </p>
   </div>
   <div class='ocr_carea' id='block_1_100' title="bbox 2005 4672 3579 4745">
    <p class='ocr_par' dir='ltr' id='par_1_100' title="bbox 2005 4672 3579 4745">
     <span class='ocr_line' id='line_1_100' title="bbox 2005 4672 3579 4745; baseline -0.001 -15"><span class='ocrx_word' id='word_1_765' title='bbox 2005 4679 2187 4733; x_wconf 90' lang='lat' dir='ltr'><strong>verbis</strong></span> <span class='ocrx_word' id='word_1_766' title='bbox 2229 4685 2350 4731; x_wconf 91' lang='lat' dir='ltr'><strong>utar</strong></span> <span class='ocrx_word' id='word_1_767' title='bbox 2390 4675 2718 4745; x_wconf 86' lang='lat' dir='ltr'><strong>Anglorum,</strong></span> <span class='ocrx_word' id='word_1_768' title='bbox 2766 4672 2944 4728; x_wconf 69' lang='lat' dir='ltr'><strong>aemuli</strong></span> <span class='ocrx_word' id='word_1_769' title='bbox 2995 4673 3111 4742; x_wconf 85' lang='lat' dir='ltr'><strong>ejus</strong></span> <span class='ocrx_word' id='word_1_770' title='bbox 3155 4682 3208 4727; x_wconf 92' lang='lat' dir='ltr'><strong>et</strong></span> <span class='ocrx_word' id='word_1_771' title='bbox 3253 4674 3455 4728; x_wconf 87' lang='lat' dir='ltr'><strong>iuituici</strong></span> <span class='ocrx_word' id='word_1_772' title='bbox 3487 4674 3579 4730; x_wconf 89' lang='lat' dir='ltr'><strong>Dei</strong></span> 
     </span>
    </p>
   </div>
   <div class='ocr_carea' id='block_1_101' title="bbox 2005 4765 3579 4840">
    <p class='ocr_par' dir='ltr' id='par_1_101' title="bbox 2005 4765 3579 4840">
     <span class='ocr_line' id='line_1_101' title="bbox 2005 4765 3579 4840; baseline -0.002 -17"><span class='ocrx_word' id='word_1_773' title='bbox 2005 4767 2198 4840; x_wconf 88' lang='lat' dir='ltr'><strong>pagani</strong></span> <span class='ocrx_word' id='word_1_774' title='bbox 2237 4767 2533 4838; x_wconf 88' lang='lat' dir='ltr'><strong>cepissent;</strong></span> <span class='ocrx_word' id='word_1_775' title='bbox 2577 4775 2631 4820; x_wconf 87' lang='lat' dir='ltr'><strong>et</strong></span> <span class='ocrx_word' id='word_1_776' title='bbox 2667 4775 2847 4820; x_wconf 86' lang='lat' dir='ltr'><strong>tamen</strong></span> <span class='ocrx_word' id='word_1_777' title='bbox 2888 4780 2985 4834; x_wconf 92' lang='lat' dir='ltr'><strong>pro</strong></span> <span class='ocrx_word' id='word_1_778' title='bbox 3021 4765 3323 4819; x_wconf 89' lang='lat' dir='ltr'><strong>reverentia</strong></span> <span class='ocrx_word' id='word_1_779' title='bbox 3359 4765 3502 4820; x_wconf 90' lang='lat' dir='ltr'><strong>illius</strong></span> <span class='ocrx_word' id='word_1_780' title='bbox 3530 4767 3579 4820; x_wconf 91' lang='lat' dir='ltr'><strong>ei</strong></span> 
     </span>
    </p>
   </div>
   <div class='ocr_carea' id='block_1_102' title="bbox 2006 4858 3580 4932">
    <p class='ocr_par' dir='ltr' id='par_1_102' title="bbox 2006 4858 3580 4932">
     <span class='ocr_line' id='line_1_102' title="bbox 2006 4858 3580 4932; baseline -0.003 -16"><span class='ocrx_word' id='word_1_781' title='bbox 2006 4868 2325 4932; x_wconf 89' lang='lat' dir='ltr'><strong>potestatem</strong></span> <span class='ocrx_word' id='word_1_782' title='bbox 2363 4874 2421 4914; x_wconf 89' lang='lat' dir='ltr'><strong>se</strong></span> <span class='ocrx_word' id='word_1_783' title='bbox 2465 4858 2760 4912; x_wconf 88' lang='lat' dir='ltr'><strong>redimendi</strong></span> <span class='ocrx_word' id='word_1_784' title='bbox 2810 4858 3222 4923; x_wconf 88' lang='lat' dir='ltr'><strong>concessissent,</strong></span> <span class='ocrx_word' id='word_1_785' title='bbox 3263 4859 3580 4913; x_wconf 86' lang='lat' dir='ltr'><strong>immensam</strong></span> 
     </span>
    </p>
   </div>
   <div class='ocr_carea' id='block_1_103' title="bbox 2007 4949 3578 5025">
    <p class='ocr_par' dir='ltr' id='par_1_103' title="bbox 2007 4949 3578 5025">
     <span class='ocr_line' id='line_1_103' title="bbox 2007 4949 3578 5025; baseline -0.004 -16"><span class='ocrx_word' id='word_1_786' title='bbox 2007 4970 2106 5025; x_wconf 91' lang='lat' dir='ltr'><strong>pro</strong></span> <span class='ocrx_word' id='word_1_787' title='bbox 2141 4953 2242 5008; x_wconf 92' lang='lat' dir='ltr'><strong>hoc</strong></span> <span class='ocrx_word' id='word_1_788' title='bbox 2273 4951 2339 5006; x_wconf 89' lang='lat' dir='ltr'><strong>ab</strong></span> <span class='ocrx_word' id='word_1_789' title='bbox 2373 4967 2438 5007; x_wconf 90' lang='lat' dir='ltr'><strong>eo</strong></span> <span class='ocrx_word' id='word_1_790' title='bbox 2466 4951 2748 5022; x_wconf 89' lang='lat' dir='ltr'><strong>pecuniam</strong></span> <span class='ocrx_word' id='word_1_791' title='bbox 2790 4950 3191 5020; x_wconf 75' lang='lat' dir='ltr'><strong>expetiverunt.</strong></span> <span class='ocrx_word' id='word_1_792' title='bbox 3240 4949 3412 5016; x_wconf 88' lang='lat' dir='ltr'><strong>Quam</strong></span> <span class='ocrx_word' id='word_1_793' title='bbox 3451 4951 3578 5018; x_wconf 89' lang='lat' dir='ltr'><strong>quia</strong></span> 
     </span>
    </p>
   </div>
   <div class='ocr_carea' id='block_1_104' title="bbox 2009 5043 3582 5116">
    <p class='ocr_par' dir='ltr' id='par_1_104' title="bbox 2009 5043 3582 5116">
     <span class='ocr_line' id='line_1_104' title="bbox 2009 5043 3582 5116; baseline -0.003 -15"><span class='ocrx_word' id='word_1_794' title='bbox 2009 5045 2157 5101; x_wconf 89' lang='lat' dir='ltr'><strong>nullo</strong></span> <span class='ocrx_word' id='word_1_795' title='bbox 2185 5053 2344 5116; x_wconf 89' lang='lat' dir='ltr'><strong>pacto</strong></span> <span class='ocrx_word' id='word_1_796' title='bbox 2373 5052 2581 5114; x_wconf 89' lang='lat' dir='ltr'><strong>poterat</strong></span> <span class='ocrx_word' id='word_1_797' title='bbox 2600 5043 2818 5105; x_wconf 84' lang='lat' dir='ltr'><strong>habere,</strong></span> <span class='ocrx_word' id='word_1_798' title='bbox 2843 5043 2942 5096; x_wconf 78' lang='lat' dir='ltr'><strong>nisi</strong></span> <span class='ocrx_word' id='word_1_799' title='bbox 2970 5043 3216 5096; x_wconf 87' lang='lat' dir='ltr'><strong>homines</strong></span> <span class='ocrx_word' id='word_1_800' title='bbox 3241 5057 3368 5096; x_wconf 72' lang='lat' dir='ltr'><strong>suos</strong></span> <span class='ocrx_word' id='word_1_801' title='bbox 3393 5054 3474 5096; x_wconf 86' lang='lat' dir='ltr'><strong>co</strong></span> <span class='ocrx_word' id='word_1_802' title='bbox 3492 5057 3582 5096; x_wconf 92' lang='lat' dir='ltr'><strong>um</strong></span> 
     </span>
    </p>
   </div>
   <div class='ocr_carea' id='block_1_105' title="bbox 2009 5133 3580 5210">
    <p class='ocr_par' dir='ltr' id='par_1_105' title="bbox 2009 5133 3580 5210">
     <span class='ocr_line' id='line_1_105' title="bbox 2009 5133 3580 5210; baseline -0.004 -18"><span class='ocrx_word' id='word_1_803' title='bbox 2009 5140 2232 5210; x_wconf 86' lang='lat' dir='ltr'><strong>pecunia</strong></span> <span class='ocrx_word' id='word_1_804' title='bbox 2272 5137 2526 5207; x_wconf 90' lang='lat' dir='ltr'><strong>spoliaret</strong></span> <span class='ocrx_word' id='word_1_805' title='bbox 2551 5143 2604 5189; x_wconf 91' lang='lat' dir='ltr'><strong>et</strong></span> <span class='ocrx_word' id='word_1_806' title='bbox 2633 5134 2917 5188; x_wconf 90' lang='lat' dir='ltr'><strong>nonnullos</strong></span> <span class='ocrx_word' id='word_1_807' title='bbox 2946 5133 3170 5188; x_wconf 89' lang='lat' dir='ltr'><strong>forsitan</strong></span> <span class='ocrx_word' id='word_1_808' title='bbox 3211 5133 3394 5186; x_wconf 71' lang='lat' dir='ltr'><strong>invisa:</strong></span> <span class='ocrx_word' id='word_1_809' title='bbox 3425 5147 3580 5186; x_wconf 89' lang='lat' dir='ltr'><strong>men-</strong></span> 
     </span>
    </p>
   </div>
   <div class='ocr_carea' id='block_1_106' title="bbox 2009 5225 3583 5298">
    <p class='ocr_par' dir='ltr' id='par_1_106' title="bbox 2009 5225 3583 5298">
     <span class='ocr_line' id='line_1_106' title="bbox 2009 5225 3583 5298; baseline -0.004 -12"><span class='ocrx_word' id='word_1_810' title='bbox 2009 5231 2215 5286; x_wconf 90' lang='lat' dir='ltr'><strong>dicitati</strong></span> <span class='ocrx_word' id='word_1_811' title='bbox 2243 5227 2580 5298; x_wconf 74' lang='lat' dir='ltr'><strong>sulijngaret;</strong></span> <span class='ocrx_word' id='word_1_812' title='bbox 2615 5225 2776 5296; x_wconf 87' lang='lat' dir='ltr'><strong>elegit</strong></span> <span class='ocrx_word' id='word_1_813' title='bbox 2803 5226 2966 5280; x_wconf 87' lang='lat' dir='ltr'><strong>vitam</strong></span> <span class='ocrx_word' id='word_1_814' title='bbox 2995 5225 3239 5294; x_wconf 83' lang='lat' dir='ltr'><strong>perdere,</strong></span> <span class='ocrx_word' id='word_1_815' title='bbox 3271 5237 3432 5291; x_wconf 89' lang='lat' dir='ltr'><strong>quam</strong></span> <span class='ocrx_word' id='word_1_816' title='bbox 3463 5238 3583 5280; x_wconf 90' lang='lat' dir='ltr'><strong>eam</strong></span> 
     </span>
    </p>
   </div>
   <div class='ocr_carea' id='block_1_107' title="bbox 1620 5345 2289 5404">
    <p class='ocr_par' dir='ltr' id='par_1_107' title="bbox 1620 5345 2289 5404">
     <span class='ocr_line' id='line_1_107' title="bbox 1620 5345 2289 5404; baseline -0.001 -2"><span class='ocrx_word' id='word_1_817' title='bbox 1620 5345 2029 5404; x_wconf 80' lang='lat' dir='ltr'><strong>HENSCHENII</strong></span> <span class='ocrx_word' id='word_1_818' title='bbox 2063 5346 2289 5402; x_wconf 66' lang='grc' dir='ltr'><strong>ΝΟΤιΕ.</strong></span> 
     </span>
    </p>
   </div>
   <div class='ocr_carea' id='block_1_108' title="bbox 406 5461 901 5537">
    <p class='ocr_par' dir='ltr' id='par_1_108' title="bbox 406 5461 901 5537">
     <span class='ocr_line' id='line_1_108' title="bbox 406 5461 901 5537; baseline -0.01 -17"><span class='ocrx_word' id='word_1_819' title='bbox 406 5466 521 5537; x_wconf 68' lang='grc' dir='ltr'><strong>(ἓὸ)</strong></span> <span class='ocrx_word' id='word_1_820' title='bbox 560 5467 714 5537; x_wconf 63' lang='lat' dir='ltr'><strong>Anno</strong></span> <span class='ocrx_word' id='word_1_821' title='bbox 745 5461 901 5537; x_wconf 65' lang='lat'><strong>1070.</strong></span> 
     </span>
    </p>
   </div>
   <div class='ocr_carea' id='block_1_109' title="bbox 409 5528 1908 5607">
    <p class='ocr_par' dir='ltr' id='par_1_109' title="bbox 409 5528 1908 5607">
     <span class='ocr_line' id='line_1_109' title="bbox 409 5528 1908 5607; baseline -0.004 -17"><span class='ocrx_word' id='word_1_822' title='bbox 409 5528 519 5607; x_wconf 74' lang='grc'><strong>(9.4)</strong></span> <span class='ocrx_word' id='word_1_823' title='bbox 560 5536 656 5589; x_wconf 87' lang='lat' dir='ltr'><strong>Est</strong></span> <span class='ocrx_word' id='word_1_824' title='bbox 701 5534 939 5607; x_wconf 69' lang='lat' dir='ltr'><strong>ecclesia</strong></span> <span class='ocrx_word' id='word_1_825' title='bbox 980 5529 1307 5607; x_wconf 80' lang='lat' dir='ltr'><strong>cathedralis</strong></span> <span class='ocrx_word' id='word_1_826' title='bbox 1332 5570 1348 5595; x_wconf 94' lang='lat'><strong>,</strong></span> <span class='ocrx_word' id='word_1_827' title='bbox 1415 5528 1552 5607; x_wconf 69' lang='lat' dir='ltr'><strong>a_s.</strong></span> <span class='ocrx_word' id='word_1_828' title='bbox 1607 5528 1908 5607; x_wconf 69' lang='lat' dir='ltr'><strong>Augustino</strong></span> 
     </span>
    </p>
   </div>
   <div class='ocr_carea' id='block_1_110' title="bbox 334 5597 1905 5677">
    <p class='ocr_par' dir='ltr' id='par_1_110' title="bbox 334 5597 1905 5677">
     <span class='ocr_line' id='line_1_110' title="bbox 334 5597 1905 5677; baseline -0.003 -19"><span class='ocrx_word' id='word_1_829' title='bbox 334 5597 514 5677; x_wconf 77' lang='lat' dir='ltr'><strong>primo</strong></span> <span class='ocrx_word' id='word_1_830' title='bbox 538 5607 799 5677; x_wconf 66' lang='lat' dir='ltr'><strong>episco,~o_</strong></span> <span class='ocrx_word' id='word_1_831' title='bbox 820 5603 1065 5677; x_wconf 77' lang='lat' dir='ltr'><strong>dedicata</strong></span> <span class='ocrx_word' id='word_1_832' title='bbox 1093 5601 1146 5677; x_wconf 79' lang='lat' dir='ltr'><strong>in</strong></span> <span class='ocrx_word' id='word_1_833' title='bbox 1176 5603 1430 5654; x_wconf 88' lang='lat' dir='ltr'><strong>honorem</strong></span> <span class='ocrx_word' id='word_1_834' title='bbox 1460 5597 1759 5677; x_wconf 68' lang='lat' dir='ltr'><strong>Salvatoris</strong></span> <span class='ocrx_word' id='word_1_835' title='bbox 1779 5599 1905 5654; x_wconf 82' lang='lat' dir='ltr'><strong>Jesu</strong></span> 
     </span>
    </p>
   </div>
   <div class='ocr_carea' id='block_1_111' title="bbox 331 5669 1903 5742">
    <p class='ocr_par' dir='ltr' id='par_1_111' title="bbox 331 5669 1903 5742">
     <span class='ocr_line' id='line_1_111' title="bbox 331 5669 1903 5742; baseline -0.007 -9"><span class='ocrx_word' id='word_1_836' title='bbox 331 5669 678 5742; x_wconf 52' lang='lat' dir='ltr'><strong>Christi,&#39;cui</strong></span> <span class='ocrx_word' id='word_1_837' title='bbox 720 5669 1002 5741; x_wconf 82' lang='lat' dir='ltr'><strong>adjunctus</strong></span> <span class='ocrx_word' id='word_1_838' title='bbox 1037 5671 1136 5723; x_wconf 89' lang='lat' dir='ltr'><strong>fuit</strong></span> <span class='ocrx_word' id='word_1_839' title='bbox 1173 5679 1467 5726; x_wconf 85' lang='lat' dir='ltr'><strong>conventus</strong></span> <span class='ocrx_word' id='word_1_840' title='bbox 1493 5669 1903 5724; x_wconf 87' lang='lat' dir='ltr'><strong>monachorum.</strong></span> 
     </span>
    </p>
   </div>
   <div class='ocr_carea' id='block_1_112' title="bbox 617 5760 1186 5827">
    <p class='ocr_par' dir='ltr' id='par_1_112' title="bbox 617 5760 1186 5827">
     <span class='ocr_line' id='line_1_112' title="bbox 617 5760 1186 5827; baseline -0.009 0"><span class='ocrx_word' id='word_1_841' title='bbox 617 5768 889 5827; x_wconf 71' lang='lat' dir='ltr'><strong>Parnm.</strong></span> <span class='ocrx_word' id='word_1_842' title='bbox 930 5760 1186 5825; x_wconf 81' lang='lat' dir='ltr'><strong>CLVIII.</strong></span> 
     </span>
    </p>
   </div>
   <div class='ocr_carea' id='block_1_113' title="bbox 2006 5449 3580 5530">
    <p class='ocr_par' dir='ltr' id='par_1_113' title="bbox 2006 5449 3580 5530">
     <span class='ocr_line' id='line_1_113' title="bbox 2006 5449 3580 5530; baseline -0.006 -14"><span class='ocrx_word' id='word_1_843' title='bbox 2006 5464 2084 5516; x_wconf 88' lang='lat' dir='ltr'><strong>De</strong></span> <span class='ocrx_word' id='word_1_844' title='bbox 2110 5462 2227 5530; x_wconf 83' lang='lat' dir='ltr'><strong>ejus</strong></span> <span class='ocrx_word' id='word_1_845' title='bbox 2257 5459 2578 5529; x_wconf 89' lang='lat' dir='ltr'><strong>antiquitate</strong></span> <span class='ocrx_word' id='word_1_846' title='bbox 2611 5466 2663 5512; x_wconf 90' lang='lat' dir='ltr'><strong>et</strong></span> <span class='ocrx_word' id='word_1_847' title='bbox 2701 5451 3131 5530; x_wconf 76' lang='lat' dir='ltr'><strong>possessionibus</strong></span> <span class='ocrx_word' id='word_1_848' title='bbox 3174 5449 3353 5521; x_wconf 86' lang='lat' dir='ltr'><strong>agitur</strong></span> <span class='ocrx_word' id='word_1_849' title='bbox 3387 5457 3534 5506; x_wconf 84' lang='lat' dir='ltr'><strong>torno</strong></span> <span class='ocrx_word' id='word_1_850' title='bbox 3563 5451 3580 5506; x_wconf 83' lang='grc' dir='ltr'><strong>Ι</strong></span> 
     </span>
    </p>
   </div>
   <div class='ocr_carea' id='block_1_114' title="bbox 2010 5525 3204 5602">
    <p class='ocr_par' dir='ltr' id='par_1_114' title="bbox 2010 5525 3204 5602">
     <span class='ocr_line' id='line_1_114' title="bbox 2010 5525 3204 5602; baseline 0.006 -18"><span class='ocrx_word' id='word_1_851' title='bbox 2010 5525 2288 5602; x_wconf 68' lang='lat' dir='ltr'><strong>Monastici</strong></span> <span class='ocrx_word' id='word_1_852' title='bbox 2317 5525 2752 5602; x_wconf 12' lang='lat' dir='ltr'><strong>iAtt—gticaniJiag.</strong></span> <span class='ocrx_word' id='word_1_853' title='bbox 2789 5525 2852 5578; x_wconf 77' lang='grc'><strong>18</strong></span> <span class='ocrx_word' id='word_1_854' title='bbox 2874 5532 3108 5602; x_wconf 35' lang='grc' dir='ltr'><strong>ειιξθσιςῐ·</strong></span> 
     </span>
    </p>
   </div>
   <div class='ocr_carea' id='block_1_115' title="bbox 2084 5590 3582 5670">
    <p class='ocr_par' dir='ltr' id='par_1_115' title="bbox 2084 5590 3582 5670">
     <span class='ocr_line' id='line_1_115' title="bbox 2084 5590 3582 5670; baseline -0.005 -17"><span class='ocrx_word' id='word_1_855' title='bbox 2084 5600 2196 5670; x_wconf 71' lang='lat'><strong>(25)</strong></span> <span class='ocrx_word' id='word_1_856' title='bbox 2233 5590 2441 5655; x_wconf 56' lang='lat' dir='ltr'><strong>Colitur</strong></span> <span class='ocrx_word' id='word_1_857' title='bbox 2482 5600 2540 5653; x_wconf 90' lang='lat' dir='ltr'><strong>S.</strong></span> <span class='ocrx_word' id='word_1_858' title='bbox 2596 5590 2864 5670; x_wconf 82' lang='lat' dir='ltr'><strong>Elphegus</strong></span> <span class='ocrx_word' id='word_1_859' title='bbox 2920 5592 2985 5647; x_wconf 78' lang='lat' dir='ltr'><strong>l9</strong></span> <span class='ocrx_word' id='word_1_860' title='bbox 3038 5591 3258 5660; x_wconf 77' lang='lat' dir='ltr'><strong>Aprilis,</strong></span> <span class='ocrx_word' id='word_1_861' title='bbox 3309 5590 3379 5646; x_wconf 89' lang='lat' dir='ltr'><strong>ad</strong></span> <span class='ocrx_word' id='word_1_862' title='bbox 3423 5605 3582 5660; x_wconf 87' lang='lat' dir='ltr'><strong>quem</strong></span> 
     </span>
    </p>
   </div>
   <div class='ocr_carea' id='block_1_116' title="bbox 2017 5669 3118 5736">
    <p class='ocr_par' dir='ltr' id='par_1_116' title="bbox 2017 5669 3118 5736">
     <span class='ocr_line' id='line_1_116' title="bbox 2017 5669 3118 5736; baseline -0.012 -10"><span class='ocrx_word' id='word_1_863' title='bbox 2017 5671 2156 5726; x_wconf 88' lang='lat' dir='ltr'><strong>diem</strong></span> <span class='ocrx_word' id='word_1_864' title='bbox 2185 5671 2433 5726; x_wconf 87' lang='lat' dir='ltr'><strong>nonnulla</strong></span> <span class='ocrx_word' id='word_1_865' title='bbox 2458 5672 2523 5726; x_wconf 89' lang='lat' dir='ltr'><strong>de</strong></span> <span class='ocrx_word' id='word_1_866' title='bbox 2551 5669 2693 5725; x_wconf 91' lang='lat' dir='ltr'><strong>cultu</strong></span> <span class='ocrx_word' id='word_1_867' title='bbox 2727 5671 3118 5736; x_wconf 89' lang='lat' dir='ltr'><strong>proponuntur.</strong></span> 
     </span>
    </p>
   </div>
   <div class='ocr_carea' id='block_1_117' title="bbox 3155 5755 3194 5815">
    <p class='ocr_par' dir='ltr' id='par_1_117' title="bbox 3155 5755 3194 5815">
     <span class='ocr_line' id='line_1_117' title="bbox 3155 5755 3194 5815; baseline 0 0"><span class='ocrx_word' id='word_1_868' title='bbox 3155 5755 3194 5815; x_wconf 87' lang='lat'><strong>3</strong></span> 
     </span>
    </p>
   </div>
  </div>
