3882 6050
260 247 330 304 ’25
1326 230 1385 286 ε.
1420 227 1723 287 ANSELMI
1756 219 2109 281 CANTUAR.
2153 215 2447 274 ARClllEI’
3450 210 3525 262 7G

263 364 353 421 tali
388 360 548 419 modo
575 354 865 415 custodire.
896 351 1034 420 Quid
1062 350 1188 405 hinc
1217 349 1380 420 igitur
1405 357 1496 404 tua
1528 346 1844 402 fraternitas
1872 344 1917 401 Α
1950 338 2165 398 modum
2216 339 2413 392 devote
2466 332 2738 389 exercitus
2783 338 2868 386 est
2889 370 2906 395 ,
2956 328 3087 399 quin
3136 335 3191 382 et
3240 324 3530 383 historiam

260 458 483 523 sentiat,
510 453 701 508 audire
724 447 1000 504 desidem.
1025 464 1045 497 ι
1084 444 1148 498 Et
1176 443 1392 513 quidem
1415 440 1526 509 ille,
1548 440 1713 496 siculi
1739 453 1841 494 no-

264 564 362 606 vus
383 546 589 618 Aug-lite
619 541 775 607 civis,
811 540 928 595 hare
972 535 1285 592 summatim
1332 534 1704 604 perstringens
1725 531 1840 585 An-

264 640 435 697 selmo
461 632 762 708 proposuit.
790 629 1040 683 Attamen
1068 639 1291 680 causam
1316 622 1472 678 necis
1497 622 1645 677 beati
1670 618 1842 691 Επδεί

265 727 620 789 historialiter
671 723 950 777 intuentes
997 717 1243 772 videmus
1290 727 1396 768 non
1446 711 1596 767 illam
1644 708 1841 776 solam,

266 821 360 877 sed
388 818 550 874 aliam
576 814 743 870 fuisse
767 812 870 866 ista
894 807 1277 878 antiquiorem.
1303 802 1546 872 Denique
1578 815 1688 855 non
1724 799 1846 854 ideo

268 921 473 968 tantum
512 908 640 979 quia
667 920 727 966 se
754 902 982 975 pecunia
1028 899 1300 955 redimere
1328 896 1520 959 noluit,
1552 894 1647 950 sed
1676 891 1847 948 etiam

267 1003 390 1073 quia
416 998 644 1072 paganis
667 990 1111 1067 persecutoribus
1142 988 1258 1044 suis
1293 987 1572 1042 civitatem
1602 984 1843 1039 Cantua-

269 1096 401 1148 riam
434 1101 487 1147 et
512 1087 799 1144 ecclesiam
822 1082 1024 1139 Christi
1066 1080 1120 1134 in
1157 1094 1220 1134 ea
1249 1079 1408 1133 sitam
1440 1073 1847 1133 concremantio

270 1191 406 1252 hos,
461 1178 1027 1250 civesqneinnocuos
1069 1171 1243 1227 atroci
1294 1177 1471 1224 morte
1527 1166 1850 1223 necantibus

269 1276 369 1349 [aL
406 1276 553 1330 omit.
582 1286 632 1326 c.
659 1285 718 1340 q.
737 1269 773 1323 i.
808 1282 858 1321 a.
897 1262 1077 1335 m.n.]
1102 1260 1409 1318 Christiana
1431 1258 1680 1313 libertate
1700 1254 1845 1311 obsi-

269 1380 413 1425 stere
442 1379 646 1435 eosque
669 1377 698 1416 a
724 1375 824 1417 sua
852 1357 1172 1412 inﬁdelitate
1207 1360 1524 1410 convertere
1557 1349 1728 1416 nisus,
1767 1355 1849 1403 est

270 1463 337 1518 ab
379 1461 458 1516 eis
492 1466 700 1528 captus,
726 1463 786 1508 et
823 1448 1026 1506 crudeli
1058 1445 1462 1502 exanimatione
1492 1451 1579 1497 est
1609 1440 1847 1496 occisus.

335 1553 426 1608 4i.
464 1550 572 1605 Sed
606 1544 914 1607 Anselmns,
947 1549 1006 1595 ut
1032 1539 1115 1594 vir
1148 1537 1408 1607 prudens,
1446 1533 1563 1587 viro
1594 1529 1852 1602 prudenti

265 1646 417 1714 juxta
470 1637 950 1710 interrogationem
1002 1631 1104 1688 sibi
1158 1628 1486 1700 propositam
1533 1622 1853 1695 simpliciter

272 1741 344 1792 ita
385 1733 691 1806 respondit,
734 1729 957 1784 dicens:
1004 1742 1023 1776 ι
1051 1722 1236 1779 Palam
1268 1718 1523 1791 estquod
1552 1717 1617 1782 is,
1653 1716 1745 1786 qui
1785 1727 1854 1769 ne

273 1831 387 1883 leve
424 1825 641 1897 quidem
672 1830 863 1877 contra
904 1818 1070 1873 Demn
1103 1824 1387 1886 peccatum
1409 1810 1677 1874 admittat,
1717 1806 1853 1862 mori

274 1935 379 1976 non
414 1919 656 1981 dubitat;
692 1912 865 1969 multo
917 1910 1153 1964 niaxime
1193 1906 1331 1962 mori
1378 1919 1486 1959 non
1537 1902 1853 1964 dubitaret,

273 2014 586 2083 priusquam
615 2007 801 2077 aliquo
836 2002 990 2075 gravi
1024 2008 1249 2071 peccato
1276 1998 1447 2054 Deum
1478 1992 1852 2051 exacerbatet.

274 2107 338 2161 Et
364 2117 553 2160 revera
591 2101 813 2173 gravius
848 2105 1127 2167 peccatum
1159 2091 1375 2149 videtur
1412 2101 1534 2144 esse
1573 2085 1855 2142 Christum

275 2206 507 2265 negare,
550 2205 713 2262 quam
758 2184 1057 2257 quemlibet
1104 2191 1376 2236 terrenum
1430 2177 1715 2232 Dominum
1757 2187 1859 2246 pro

277 2284 647 2355 redemptione
678 2280 804 2336 vita:
839 2290 953 2333 suae
978 2273 1227 2329 homines
1255 2284 1384 2326 suos
1411 2282 1508 2340 per
1528 2266 1856 2322 ablutionem

275 2376 514 2448 pecunias
561 2373 774 2429 illorum
828 2370 895 2424 ad
943 2365 1220 2422 modicum
1290 2374 1539 2433 gravare.
1594 2358 1704 2414 Sed
1755 2358 1859 2413 hoc

274 2468 420 2539 quod
446 2467 630 2521 minus
658 2472 774 2526 est,
808 2459 1029 2530 Elfegus
1060 2456 1235 2510 noluit
1264 2454 1469 2509 facere.
1508 2449 1674 2506 Multo
1696 2449 1861 2522 igitur

277 2558 454 2610 minus
483 2553 757 2609 Christum
787 2556 1014 2616 negaret
1035 2586 1050 2612 ,
1084 2546 1128 2601 si
1163 2558 1366 2598 vesana
1400 2555 1592 2597 manus
1620 2555 1744 2596 eum
1790 2539 1860 2594 ad

278 2651 379 2702 hoc
406 2654 635 2700 mortem
695 2639 1014 2697 intentaudo
1060 2637 1476 2705 constringeret.
1510 2632 1665 2689 Unde
1703 2633 1862 2688 datur

277 2738 502 2808 intelligi
557 2735 751 2790 miram
804 2742 995 2803 pectus
1022 2729 1142 2800 ejus
1193 2727 1465 2798 justitiam
1513 2725 1859 2797 possedisse,

277 2831 494 2903 quando
520 2829 686 2883 vitam
713 2840 865 2884 suam
898 2822 1089 2878 maluit
1112 2823 1268 2888 dare,
1288 2835 1451 2891 quam
1473 2859 1488 2885 ,
1516 2827 1696 2889 spreta
1727 2817 1861 2872 cha-

282 2927 461 2988 ritate,
476 2920 751 2994 proximos
765 2931 891 2974 suos
906 2915 1212 2972 scandaliza
1220 2929 1296 2969 re.
1323 2911 1685 2980 Quamobrem
1706 2909 1864 2980 longe

1945 430 2071 486 vita:
2094 444 2161 484 ac
2190 427 2465 498 passionis
2495 424 2614 494 ejus
2651 421 2903 493 diligenti
2934 421 3116 475 studio
3144 417 3290 473 ﬁerit
3314 431 3529 487 pracc-

1945 524 2043 595 pit.
2070 523 2246 590 Quam
2273 520 2492 592 quidem
2520 518 2806 574 historiam
2832 531 2943 570 non
2966 513 3139 569 solum
3169 512 3330 583 plano
3355 511 3530 566 dicta-

1944 617 2090 672 mine
2115 616 2183 670 ad
2215 613 2537 685 legendum,
2587 624 2772 666 verum
2816 609 2984 664 etiam
3027 605 3238 661 nmsico
3279 604 3529 660 modula-

1946 709 2094 764 mine
2142 708 2209 762 ad
2251 706 2555 763 canendum
2602 718 2632 759 a
2668 701 2927 774 jucunda
2960 698 3235 755 memoriae
3281 695 3530 753 Osberno

1946 798 2355 857 Cantuariensis
2372 796 2626 854 Ecclesia:
2647 793 2915 851 monacho
2934 792 3002 846 ad
3031 797 3356 861 praeceptum
3385 788 3528 844 illius

1948 890 2204 946 nobiliter
2221 889 2421 946 editam
2440 929 2455 954 ,
2490 888 2605 958 ipse
2629 901 2725 941 sua
2751 883 3036 957 prudentia
3062 896 3162 952 pro
3182 895 3369 937 amore
3385 879 3529 936 illius

1952 983 2208 1053 martyris
2236 982 2436 1037 celsius
2467 978 2772 1049 insignivit,
2807 975 3117 1047 insignitum
3147 971 3526 1038 auctorisavit,

1948 1075 2338 1130 auctorisatam
2382 1074 2437 1128 in
2470 1072 2713 1127 Ecclesia
2744 1069 2839 1125 Dei
2872 1067 2976 1139 legi
3005 1066 3329 1136 cantarique
3371 1063 3528 1119 iustis

1951 1169 2090 1234 tuit,
2123 1180 2431 1238 nomenque
2459 1164 2715 1237 martyris
2744 1164 2847 1219 hac
2884 1162 2939 1217 in
2983 1168 3139 1231 parte
3182 1174 3290 1213 non
3336 1172 3531 1229 parum

1949 1259 2291 1334 gloriﬁcavit.

2561 1349 2786 1408 CAPUT
2842 1349 2929 1408 Vl.

2131 1444 2457 1500 Munitorum
2486 1445 2718 1500 suavitas
2742 1453 2789 1498 et
2818 1443 3046 1515 eﬁicucia
3074 1438 3353 1496 miracula.

2022 1539 2112 1595 45.
2151 1539 2400 1595 Posthzee
2445 1536 2737 1592 Anselmus
2774 1538 2843 1592 ad
2893 1535 3101 1607 agenda
3151 1538 3372 1608 propter
3416 1544 3541 1602 quae

1957 1640 2200 1700 venerat,
2219 1642 2395 1687 terras
2412 1629 2673 1686 Ecclesia:
2685 1627 2973 1684 Beccensis
2994 1642 3092 1699 per
3108 1625 3354 1697 Angliam
3380 1623 3535 1686 adiit,

1958 1723 2177 1779 utilitati
2224 1721 2611 1776 monachorum
2649 1734 2869 1775 suorum
2916 1731 3019 1787 per
3063 1714 3244 1771 omnia
3295 1712 3543 1769 studiose

1955 1815 2249 1871 secundum
2298 1815 2467 1870 Deum
2508 1812 2773 1868 serviens.
2804 1809 3016 1865 Vadens
3043 1815 3223 1863 autem
3255 1814 3312 1861 et
3355 1804 3422 1859 ad
3452 1804 3540 1860 di-

1955 1920 2111 1961 versa
2139 1903 2470 1960 monasteria
2496 1901 2922 1963 monachorum,
2957 1886 3342 1954 canonicoruin
3363 1936 3380 1963 ,
3408 1907 3542 1950 san-

1957 1998 2385 2067 ctimonialium,
2412 2012 2516 2052 nec
2544 2010 2650 2050 non
2681 1994 2748 2049 ad
2793 1992 2973 2048 curias
3016 2002 3355 2062 quorumque
3386 1985 3536 2041 nobi-

1950 2091 2120 2158 lium,
2159 2099 2322 2162 prout
2358 2104 2483 2145 eum
2526 2088 2664 2142 ratio
2712 2085 2943 2141 ducebat
2987 2081 3329 2156 perveniens,
3380 2078 3546 2134 laetis-

1952 2184 2095 2239 sime
2124 2181 2548 2254 suscipiebatur,
2580 2186 2636 2235 et
2685 2187 2937 2248 suscepto
2984 2190 3211 2247 quisque
3255 2174 3545 2230 cbaritalis

1946 2277 2219 2347 obsequia
2251 2274 2560 2345 gratissime
2588 2273 3060 2328 ministrabantur.
3093 2270 3232 2340 Quid
3265 2270 3358 2326 ille
3380 2270 3404 2324 ?
3430 2268 3542 2325 So-

1958 2368 2057 2426 lito
2088 2383 2239 2425 more
2271 2369 2484 2424 cunctis
2513 2383 2572 2423 se
2594 2365 2889 2435 jucundum
2920 2375 2975 2420 et
3013 2362 3279 2418 all'abilem
3311 2361 3544 2418 exhibe-

1959 2461 2083 2524 bat,
2121 2475 2407 2529 moresque
2436 2450 2853 2529 singulorumin
2880 2464 3138 2526 quantum
3177 2453 3295 2509 sine
3321 2460 3550 2524 peccato

1949 2564 2209 2628 .poterat,
2242 2554 2296 2609 in
2344 2568 2403 2608 se
2437 2551 2786 2622 suscipiebat.
2821 2548 2979 2616 Nam,
3007 2549 3161 2621 juxta
3194 2545 3547 2616 Apostolum,

1960 2648 2050 2705 his
2096 2648 2187 2718 qui
2241 2645 2359 2700 sine
2408 2645 2527 2716 lege
2577 2653 2735 2700 erant
2782 2654 3044 2712 tanquam
3093 2640 3210 2696 sine
3243 2640 3358 2711 lege
3402 2649 3546 2694 esset

1965 2742 2015 2814 (l
2057 2741 2180 2797 Cor.
2217 2759 2303 2808 ix,
2333 2739 2449 2809 2|),
2481 2754 2603 2793 cum
2642 2737 2761 2792 sine
2786 2736 2905 2807 lege
2950 2735 3043 2792 Dei
3091 2749 3197 2790 non
3246 2743 3420 2800 esset,
3451 2734 3549 2788 sed

1965 2837 2018 2893 in
2051 2837 2168 2909 lege
2196 2834 2399 2891 Christi
2430 2840 2605 2896 esset,
2638 2845 2697 2885 se
2744 2832 3063 2900 coaptabat,
3097 2836 3158 2883 nt
3200 2826 3549 2882 lucril‘acerct

1962 2944 2058 2985 eos
2084 2929 2176 2998 qui
2209 2944 2317 2984 non
2345 2927 2506 2983 modo
2538 2925 2659 2980 sine
2685 2922 2824 2995 lege,
2860 2931 2918 2976 ut
2941 2920 3236 2992 putabatur
3272 2918 3414 2975 beati
3442 2916 3549 2970 Be-

281 3018 381 3072 l‘uit
410 3016 479 3071 ab
503 3029 574 3069 eo
602 3011 733 3067 illud
766 3025 872 3074 rte,
928 3007 1072 3078 quod
1110 3004 1370 3061 Dominus
1400 3003 1642 3058 minatur
1671 3001 1721 3055 ei
1763 3014 1858 3071 per

1968 3021 2191 3087 nedicti,
2218 3021 2313 3077 sed
2342 3029 2399 3075 et
2432 3034 2526 3076 eos
2554 3018 2647 3089 qui
2684 3013 2930 3071 saeculari
2956 3013 3079 3068 vita:
3103 3012 3267 3068 dediti
3287 3012 3341 3067 in
3366 3010 3552 3066 multis

278 3122 439 3179 quem
467 3102 779 3162 scandalum
805 3100 954 3155 venit
979 3097 1199 3169 (Matth.
1230 3111 1397 3175 mu,
1424 3096 1503 3166 Ἰ).
1535 3093 1644 3148 Nec
1674 3093 1863 3148 imme-

279 3203 420 3264 rito,
449 3207 508 3253 ut
552 3210 697 3261 reor,
728 3193 873 3248 inter
912 3199 1182 3261 martyres
1216 3194 1584 3260 computatur,
1634 3185 1724 3256 qui
1764 3199 1865 3252 pro

282 3302 430 3349 tanta
456 3288 669 3361 iustitia
698 3293 928 3341 mortem
982 3290 1177 3353 sponte
1222 3279 1553 3336 sustinuisse
1595 3278 1867 3332 veraciter

281 3382 623 3453 praidicatur.
661 3376 795 3433 Nam
843 3383 899 3430 et
949 3375 1140 3431 beatus
1177 3373 1414 3430 Joannes
1453 3370 1720 3440 Baptista,
1772 3369 1865 3439 qui

284 3472 590 3543 praecipuus
640 3475 846 3538 martyr
872 3475 931 3522 et
976 3471 1271 3521 veneratur
1295 3470 1355 3516 et
1394 3459 1644 3516 creditur
1679 3473 1712 3513 a
1757 3468 1866 3515 tota

286 3564 376 3619 Dei
406 3561 647 3617 Ecclesia
668 3600 683 3626 ,
714 3574 822 3615 non
858 3557 986 3627 quia
1016 3556 1292 3612 Christum
1322 3566 1525 3623 negare
1551 3591 1567 3618 ,
1613 3552 1710 3607 sed
1741 3553 1865 3622 quia

284 3655 565 3708 veritatem
597 3659 779 3705 tacere
809 3648 1011 3714 noluit,
1042 3647 1257 3702 occisus
1283 3652 1390 3700 est.
1441 3642 1511 3698 Et
1539 3642 1671 3714 quid
1703 3644 1867 3698 distat

285 3747 429 3800 inter
452 3744 589 3798 mori
635 3757 735 3812 pro
771 3740 1078 3810 justitia-et
1123 3737 1265 3793 mori
1303 3752 1403 3808 pro
1439 3735 1707 3792 veritate?
1732 3736 1866 3792 Am-

286 3836 454 3907 plius:
488 3849 609 3890 cum
644 3841 878 3888 testante
911 3845 1073 3886 sacro
1108 3830 1357 3901 eloquio,
1387 3841 1446 3886 ut
1473 3841 1655 3888 vestra
1685 3839 1871 3900 pater-

286 3931 428 3985 nitas
459 3927 662 3997 optime
691 3926 875 3992 novit,
917 3922 1169 3981 Christus
1210 3925 1412 3980 veritas
1448 3922 1630 3997 (Joan.
1671 3938 1783 3991 MV,
1813 3923 1867 3990 6)

285 4032 338 4077 ct
368 4021 578 4092 iustitia
628 4020 730 4085 sit;
763 4018 854 4089 qui
896 4034 995 4089 pro
1039 4017 1244 4085 iustitia
1273 4026 1328 4073 et
1355 4017 1584 4072 veritate
1614 4018 1869 4084 moritur,

287 4130 382 4185 pro
403 4111 620 4169 Christo
645 4111 902 4176 inuritur;
924 4109 1015 4177 qui
1042 4119 1224 4163 autem
1245 4123 1346 4178 pro
1362 4106 1584 4163 Christo
1610 4109 1868 4172 moritur,

290 4204 529 4260 Ecclesia
560 4210 695 4257 teste
718 4244 733 4270 ,
773 4210 978 4271 martyr
1006 4200 1261 4254 habetur.
1295 4199 1496 4254 Beatus
1539 4213 1674 4253 vero
1719 4197 1869 4254 Ell‘e-

288 4311 389 4368 gus
438 4310 592 4366 teque
637 4310 734 4365 pro
769 4292 1012 4362 justitia,
1060 4301 1118 4346 ut
1154 4291 1348 4347 beatus
1395 4288 1631 4346 Joannes
1670 4305 1863 4361 passus

290 4396 382 4444 est
408 4364 787 4459 pro—veritate.
836 4382 951 4440 Cur
995 4398 1126 4453 ergo
1174 4383 1344 4452 magis
1382 4382 1450 4438 de
1499 4383 1656 4438 unius
1704 4397 1868 4452 quam
1898 4364 1948 4426 Ι)

291 4482 358 4536 de
414 4480 637 4534 alterius
699 4491 829 4533 vero
891 4485 1189 4548 sanctoque
1254 4474 1516 4547 martyrio
1582 4474 1871 4545 quisquam

289 4572 571 4642 ambigat,
621 4584 745 4625 cum
788 4582 892 4639 par
945 4582 1107 4622 causa
1156 4569 1211 4623 in
1271 4567 1463 4622 mortis
1521 4567 1874 4638 perpessione

296 4671 582 4732 utrumque
627 4659 899 4715 detineat?
954 4658 1080 4715 llaec
1140 4675 1224 4714 me
1273 4659 1525 4730 quidem,
1573 4658 1873 4715 reverende

292 4755 455 4807 t’ater
486 4792 503 4819 ,
578 4753 634 4806 in
700 4760 960 4822 quantum
1029 4752 1336 4823 perspicere
1406 4766 1688 4822 possum,
1756 4763 1874 4807 rata

293 4861 415 4902 esse
463 4846 576 4916 ipsa
636 4846 773 4900 ratio
820 4846 1029 4909 docet,
1084 4855 1323 4900 attamen
1379 4857 1579 4902 vestra:
1633 4847 1874 4917 pruden-

299 4940 387 4994 tiae
417 4947 529 5004 est,
580 4946 635 4992 et
681 4950 767 4992 me
807 4938 852 4992 si
902 4937 1059 4992 aliter
1091 4938 1255 4995 sentit
1300 4938 1369 4994 ab
1414 4940 1517 4995 hoc
1553 4940 1878 5012 corrigendo

1963 3113 2223 3170 vivebant
2287 3113 2407 3169 sine
2463 3111 2581 3182 lege
2618 3108 2846 3165 Christi.
2894 3104 3048 3162 Unde
3092 3105 3258 3161 corda
3307 3104 3551 3159 omnium

1959 3208 2108 3263 .miro
2136 3207 2294 3262 modo
2324 3207 2377 3260 in
2407 3218 2649 3259 amorem
2682 3200 2802 3270 ejus
2845 3201 3220 3265 vertebantur,
3249 3208 3303 3255 et
3328 3199 3396 3255 ad
3423 3184 3552 3254 enin

1968 3297 2293 3354 audiendum
2323 3295 2571 3352 famelica
2601 3295 2866 3349 aviditate
2893 3293 3264 3364 replebantur.
3352 3280 3362 3289 ’

2038 3390 2128 3448 46.
2159 3389 2308 3446 Dicta
2337 3389 2499 3444 etiam
2529 3403 2626 3444 sua
2658 3386 2738 3442 sic
2764 3385 3051 3454 unicuique
3076 3383 3354 3438 hominum
3374 3380 3554 3438 ordini

1969 3481 2379 3547 conl'ormabat,
2426 3486 2483 3534 ut
2526 3477 2804 3532 auditores
2852 3475 2936 3530 sui
2974 3472 3115 3528 nihil
3148 3471 3392 3526 moribus
3439 3473 3558 3526 suis

1969 3572 2298 3630 concordins
2332 3570 2438 3627 dici
2470 3583 2628 3640 posse
2667 3567 2994 3624 faterentur.
3020 3564 3112 3620 lllc
3140 3562 3440 3629 monachis,
3467 3563 3558 3617 ille

1970 3665 2217 3732 clericis,
2257 3662 2348 3719 ille
2401 3662 2591 3726 laicis,
2642 3660 2709 3716 ad
2756 3659 3020 3730 cujusque
3068 3654 3402 3728 propositum
3454 3670 3558 3710 sua

1973 3760 2139 3815 verba
2166 3755 2529 3829 dispensabat.
2567 3755 2858 3811 Monachus
2889 3762 2947 3809 ut
2987 3766 3053 3806 ne
3084 3750 3306 3804 minitna
3335 3750 3555 3823 quidem

1972 3850 2054 3906 sui
2109 3849 2318 3904 ordinis
2369 3853 2782 3923 contemnerent
2832 3832 3193 3909 admonebat,
3239 3850 3559 3897 contestans

1972 3944 2099 4013 quia
2122 3958 2220 4013 per
2243 3949 2611 4010 contemptum
2639 3937 2987 3994 minimarum
3020 3944 3236 3991 ruerent
3263 3934 3316 3988 in
3342 3933 3558 3989 destru-

1973 4033 2206 4086 ctionem
2233 4038 2289 4084 et
2316 4030 2626 4100 despectum
2672 4025 2914 4081 omnium
2962 4025 3248 4083 bonorum.
3277 4022 3428 4092 Quod
3468 4025 3555 4081 di-

1974 4133 2121 4178 ctum
2156 4121 2256 4176 sub
2280 4119 2530 4190 exetnplo
2556 4116 2745 4174 vivarii
2774 4118 3142 4188 proponebat,
3187 4116 3373 4173 dicens
3410 4114 3560 4173 clau-

1974 4230 2160 4271 suram
2185 4212 2329 4269 illius
2348 4210 2680 4268 districtioni
2708 4211 2918 4267 ordinis
2945 4209 3227 4266 monastici
3245 4209 3557 4266 assimilari.

1975 4306 2474 4378 Quandoquidem,
2532 4304 2746 4375 inquit,
2803 4305 2945 4360 sicut
3006 4304 3182 4376 pisces
3235 4303 3561 4360 dccurrente

1973 4415 2112 4470 aqua
2143 4398 2336 4455 vivarii
2367 4398 2695 4463 moriuntur,
2723 4397 2767 4451 si
2814 4396 3080 4451 clausurte
3108 4394 3280 4466 ipsius
3324 4395 3562 4448 minuta-

1974 4491 2071 4546 tim
2109 4507 2173 4546 ac
2211 4506 2356 4563 smpe
2392 4497 2615 4559 crepant
2646 4503 2744 4543 nec
2783 4487 3134 4552 reﬁciuntur;
3167 4486 3240 4539 ita
3271 4485 3449 4541 omnis
3473 4499 3560 4539 reo

1974 4581 2103 4653 ligio
2151 4579 2439 4637 monastici
2471 4578 2681 4634 ordinis
2725 4576 2972 4632 funditus
3006 4577 3176 4647 perit,
3228 4575 3274 4630 si
3309 4574 3561 4630 custodia

1975 4674 2093 4745 ejus
2120 4666 2220 4746 per
2252 4671 2585 4729 modicarum
2628 4679 2999 4741 contemptum
3041 4668 3324 4739 culparum
3368 4665 3561 4736 paula-

1979 4769 2134 4823 lima
2178 4766 2390 4821 fervore
2440 4764 2521 4818 sui
2579 4762 2831 4833 tepescit,
2888 4771 3180 4818 attestante
3232 4760 3558 4831 Scriptura,

1976 4875 2098 4931 qua:
2156 4859 2286 4914 ait:
2342 4855 2446 4923 Qui
2499 4857 2705 4913 modica
2758 4857 3009 4927 despicit,
3060 4856 3315 4925 paulatim
3365 4854 3558 4909 decidit

1980 4946 2173 5021 (Ereti.
2204 4964 2293 5002 six
2313 4987 2328 5015 ,
2357 4949 2429 5019 ι).
2460 4944 2697 5003 Clericos
2735 4961 2949 5018 quoque
2976 4945 3208 5016 qualiter
3242 4960 3300 5001 se
3331 4944 3383 4999 in
3412 4951 3585 5025 sorte,

296 5045 571 5092 revocare,
595 5028 797 5098 etquid
825 5030 1163 5098 potissimum
1196 5029 1249 5084 in
1283 5038 1433 5085 tanta
1453 5045 1511 5084 re
1528 5031 1858 5086 sentiendum

1980 5039 2075 5094 Dei
2108 5040 2382 5095 custodire
2420 5039 2678 5093 deberent
2724 5039 3024 5094 instruebat
3050 5080 3065 5103 ,
3114 5037 3302 5108 eisque
3330 5036 3583 5107 magno-7

297 5122 668 5191 sit,Ecclcsia:
683 5121 1033 5178 Dcidoeendo
1059 5132 1386 5178 monstrare.
1415 5142 1434 5175 ι
1469 5125 1549 5178 Ad
1569 5126 1713 5194 quod
1739 5125 1879 5179 Lan-
1982 5148 2110 5205 perc
2137 5146 2255 5187 esse
2281 5133 2611 5197 cavendum,
2642 5149 2709 5187 ,ιθ
2734 5132 2778 5187 si
2810 5149 2840 5187 ε,
2875 5143 3022 5189 sane
3052 5134 3143 5188 υεί
3178 5132 3434 5187 cadere,“
3459 5169 3474 5193 ,
3506 5129 3563 5183 ἢ,

300 5215 549 5273 (rancus:
583 5232 606 5267 ε
631 5214 848 5282 Fateor.
879 5217 1076 5287 inquit.
1109 5214 1361 5270 subtilem
1387 5218 1799 5287 perspicaciam,
1827 5227 1884 5276 et
1982 5231 2182 5278 sortem
2212 5222 2410 5277 diaboli
2440 5237 2537 5292 per
2564 5223 2869 5294 neglectum
2915 5222 3341 5278 conversationis
3379 5228 3436 5276 et
3464 5235 3561 5273 or-

300 5307 664 5378 pcrspicacem
717 5307 1072 5363 subtilitatem
1126 5308 1327 5379 ingenii
1391 5308 1471 5363 tui
1532 5311 1884 5368 vehementer
1979 5310 2124 5367 diuis
2152 5311 2236 5366 sui
2266 5311 2597 5366 deciderent.
2625 5312 2952 5383 Conjugatos
2976 5313 3140 5367 etiam
3170 5326 3274 5380 qua
3302 5310 3427 5374 ﬁde,
3451 5321 3563 5378 qua

302 5397 537 5465 approbo
571 5407 627 5451 et
670 5414 919 5467 veneror,
957 5398 1223 5470 ﬁrmaque
1267 5401 1478 5456 ratione
1520 5410 1612 5457 tua
1660 5405 1882 5460 edoctus
1916 5455 1929 5468 ,
1984 5391 2302 5467 dilectione,
2327 5417 2431 5472 qua
2459 5401 2859 5468 familiaritate,
2886 5401 3181 5458 secundum
3213 5408 3322 5454 tam
3354 5398 3562 5461 Deum,

303 5485 516 5540 beatum
548 5487 789 5559 Ell‘egum
833 5499 892 5546 ut
919 5505 1318 5564 veremugnum
1346 5502 1399 5547 et
1425 5493 1714 5563 gloriosum
1739 5506 1879 5550 m‘ar—
1985 5510 2147 5567 quam
2179 5496 2475 5552 secundum
2504 5495 2758 5551 saeculum
2786 5494 2891 5550 sibi
2931 5492 3163 5548 invicem
3197 5488 3437 5560 copulari
3465 5489 3564 5543 dc-

304 5584 473 5679 tyrem
509 5577 1011 5679 Chrislindeinceps
1054 5598 1139 5638 me
1184 5584 1361 5639 colere
1409 5594 1465 5640 ct
1513 5588 1762 5652 venerari
1816 5602 1879 5644 es
1985 5588 2179 5644 herent
2218 5587 2512 5652 edocebat;
2552 5588 2724 5643 virum
2773 5587 2992 5658 quidem
3037 5594 3095 5641 ut
3134 5600 3284 5641 suam
3333 5595 3563 5637 uxorem

307 5666 486 5732 corde,
518 5668 689 5737 gratia
716 5667 1065 5737 Dcijuvante,
1087 5673 1318 5730 confido.
1345 5695 1362 5727 ι
1401 5672 1553 5741 Quod
1583 5676 1695 5747 ipse
1723 5687 1858 5747 posti

1989 5682 2129 5737 sicut
2154 5682 2389 5753 scipsum
2420 5681 2695 5753 diligeret,
2728 5695 2827 5738 nec
2853 5689 3050 5752 prmter
3080 5677 3223 5735 illam
3252 5676 3414 5731 aliam
3437 5686 3564 5728 nos-
