3882 6050
273 290 345 343 τι
1313 283 1472 337 \‘lTA
1512 281 1846 341 AUC'I'ORE
1883 277 2235 333 EADMERO.
2265 310 2332 318 —-
2360 278 2484 333 LIB.
2527 280 2565 332 l.
3493 287 3564 341 78

279 414 394 469 set,
427 404 655 476 ejusque
682 405 823 460 sicut
853 403 934 459 sui
968 401 1215 472 corporis
1243 402 1445 472 absque
1475 400 1620 455 omni
1655 399 1872 454 sinistra
1906 393 1947 450 A
1980 393 2194 447 crebris
2220 394 2559 448 orationibus
2585 409 2707 450 eum
2747 395 3218 465 elcemcsynarum
3264 399 3566 470 largitioni-

281 499 596 570 suspicione
637 513 823 552 curam
857 497 1105 552 haberet.
1139 494 1418 550 Mulierem
1459 509 1590 549 vero
1609 500 1877 562 quatenus

279 591 403 644 viro
433 604 532 645 suo
561 604 684 643 cum
715 587 861 644 omni
897 586 1236 656 snbjeetioue
1265 597 1319 641 et
1367 600 1551 640 amore
1597 585 1876 653 obtempe-

279 689 468 745 raret,
511 694 746 749 eumque
777 681 843 734 ad
874 679 1012 734 bene
1042 678 1306 748 agentium
1354 675 1538 732 sedula
1582 675 1830 729 incitaret
1859 715 1873 737 ,

281 788 385 828 nec
428 788 536 827 non
585 773 827 827 animum
876 770 992 841 ejus
1039 772 1086 827 si
1137 773 1277 827 forte
1327 781 1513 826 contra
1563 785 1774 842 acquum
1820 769 1873 822 in

277 879 611 935 quemquam
651 873 901 931 tumeret,
927 879 1032 934 qua
1061 863 1374 920 affabilitate
1403 863 1694 934 mitigaret.

273 966 276 968 ‘
354 957 442 1010 57.
487 955 613 1011 Haec
639 966 816 1012 autem
852 972 973 1027 qua:
1012 972 1133 1010 cum
1159 956 1247 1010 vel
1283 957 1648 1022 admonuisse,
1679 954 1762 1011 vel
1793 956 1875 1010 in-

275 1035 575 1114 struxisse,
602 1047 685 1102 vel
713 1047 999 1102 edocuisse
1019 1047 1273 1113 dicimus,
1300 1063 1406 1102 non
1429 1063 1495 1103 eo
1518 1056 1574 1102 ut
1598 1047 1720 1102 aliis
1752 1062 1872 1103 mos

281 1139 611 1194 estdncendi
639 1140 798 1195 modo
822 1141 1115 1194 exercebat
1133 1181 1146 1204 ,
1174 1140 1266 1195 sed
1299 1140 1453 1210 longe
1478 1139 1635 1195 aliter
1659 1139 1871 1210 singula

281 1249 515 1303 quaeque
547 1234 648 1288 sub
674 1232 986 1303 vulgaribus
1009 1243 1063 1286 et
1083 1234 1230 1288 notis
1252 1233 1512 1303 exemplis
1542 1247 1872 1303 proponens,

275 1323 578 1393 solidaeque
613 1323 840 1378 rationis
878 1323 1188 1378 testimonio
1229 1323 1458 1380 fulciens
1485 1365 1500 1389 ,
1554 1339 1617 1378 ac
1663 1331 1871 1379 remota

279 1414 428 1469 omni
454 1414 826 1484 ambiguitate,
856 1413 908 1468 in
942 1414 1218 1469 mentibus
1243 1414 1550 1468 auditorum
1577 1416 1869 1484 deponens.

279 1504 602 1561 Letabatur
627 1518 758 1575 ergo
786 1503 1035 1574 quisquis
1064 1503 1208 1559 illius
1237 1503 1506 1573 colloquio
1535 1503 1610 1557 uti
1639 1512 1870 1572 poterat,

278 1597 540 1664 quoniam
578 1595 630 1652 in
659 1611 724 1650 eo
756 1597 1115 1666 quodcunque
1159 1597 1446 1666 petebatur
1473 1596 1714 1651 divinum
1743 1610 1868 1649 con-

279 1690 468 1744 silium
501 1691 553 1742 in
586 1697 840 1759 promptu
870 1697 1010 1744 erat.
1055 1688 1191 1743 [line
1229 1704 1352 1743 eum
1393 1687 1572 1744 omnis
1610 1701 1772 1757 sexus
1820 1694 1874 1742 et

1979 483 2082 538 bus
2107 499 2262 553 opem
2292 485 2359 540 ab
2390 500 2455 540 eo
2483 486 2827 556 precabatur.
2878 487 2993 542 Una
3030 489 3196 558 igitur
3227 491 3467 546 noctium
3512 498 3561 548 ci

1975 585 2076 640 per
2102 573 2277 628 visum
2311 575 2533 644 quidam
2561 577 2847 645 apparuit,
2881 593 3104 634 mouens
3148 587 3208 633 ut
3249 581 3292 635 si
3321 583 3564 650 pristina:

1979 664 2201 720 sanitati
2249 666 2462 720 restitui
2493 667 2690 733 vellet,
2723 667 2953 722 Beccum
2987 670 3119 736 iret,
3150 680 3203 725 et
3229 672 3372 740 apud
3400 673 3560 727 abba-

1976 765 2085 811 tem
2150 756 2466 811 Anselmum
2523 757 2765 814 efficeret
2812 769 3081 829 quatenus
3131 778 3369 832 aquam,
3423 765 3564 816 unde

1979 862 2170 902 manus
2215 850 2357 902 inter
2405 849 2627 904 missam
2671 864 2824 905 suam
2859 854 3098 920 lavaret,
3149 855 3202 907 in
3252 863 3436 923 potum
3486 855 3560 908 illi

1944 966 1950 972 -
1973 938 2268 993 conferret.
2293 938 2394 1006 Qui
2427 939 2622 994 visioni
2649 940 2902 995 credulus
2928 956 3041 1011 quo
3067 945 3412 1009 monebatur,
3461 946 3563 999 im-

1975 1031 2129 1099 piger
2161 1031 2364 1098 tendit,
2403 1039 2569 1100 atque
2613 1031 2870 1086 Anselmo
2899 1048 2997 1086 cur
3042 1034 3322 1088 adveniret
3349 1047 3561 1090 secreto

1975 1122 2230 1177 innotuit.
2273 1122 2466 1192 Stupet
2498 1123 2584 1179 ille
2614 1125 2680 1178 ad
2728 1126 2928 1190 verba,
2960 1137 3014 1180 et
3054 1127 3327 1182 hominem
3376 1139 3433 1182 ut
3481 1139 3560 1183 ta-

1975 1211 2117 1266 libus
2145 1213 2371 1268 desistat
2403 1214 2586 1269 ntultis
2616 1215 2794 1270 modis
2823 1217 3062 1284 adjurat.
3091 1219 3158 1272 At
3189 1219 3302 1288 ipse
3340 1220 3394 1273 in
3439 1237 3560 1290 pre-

1975 1302 2129 1357 cibus
2159 1311 2403 1373 perstat,
2442 1314 2498 1359 et
2536 1305 2706 1360 multo
2754 1307 2928 1378 magis
2974 1317 3036 1362 ut
3081 1309 3182 1362 sibi
3236 1311 3562 1368 misereatur

1972 1403 2197 1458 exorat,
2247 1408 2347 1453 nec
2398 1396 2638 1464 patiatur
2690 1406 2748 1452 ut
2799 1411 2864 1452 ea
2921 1400 3190 1459 medicina
3241 1402 3557 1468 fraudetur,

1976 1484 2118 1539 unde
2166 1484 2268 1539 sibi
2301 1485 2532 1541 celerem
2580 1487 2808 1543 salutem
2849 1490 2914 1544 ad
2959 1489 3196 1546 futuram
3237 1506 3334 1563 pro
3378 1495 3561 1552 divino

1971 1576 2244 1644 promisso
2273 1576 2558 1633 credebat.
2591 1579 2729 1646 Quid
2767 1580 2958 1650 plura?
2988 1583 3126 1637 Vicit
3172 1585 3345 1653 pietas
3375 1599 3564 1656 pectus

1978 1665 2328 1733 humilitatis,
2362 1677 2416 1723 et
2444 1682 2542 1738 pro
2572 1669 2791 1725 homine
2821 1671 2988 1727 Deum
3027 1675 3399 1744 postulaturus
3442 1695 3560 1734 ma-

281 1789 418 1834 mas
446 1755 769 1843 mim'bmur"
812 1788 867 1835 et
911 1780 1158 1836 mirando
1187 1781 1628 1851 amplectebatur,
1659 1755 1874 1850 quoque
1905 1755 1950 1816 B
1982 1757 2153 1811 tutino
2181 1766 2422 1829 tempore
2459 1761 2684 1816 missam
2723 1765 2988 1820 secretius
3015 1766 3276 1822 celebrat.
3305 1769 3564 1826 Admitti-

283 1871 560 1941 potentior
607 1871 837 1942 aliisque
888 1872 1252 1942 praestantior,
1305 1887 1371 1928 eo
1423 1871 1598 1942 magis
1644 1872 1874 1941 quisque

276 1972 403 2016 erat
431 1963 498 2016 ad
527 1962 944 2017 ministraudum
993 1963 1046 2018 ei
1095 1963 1340 2018 devotiur
1371 1971 1532 2033 atque
1563 1963 1872 2032 proclivior.

285 2050 402 2106 Non
435 2051 534 2105 fuit
564 2067 747 2107 comes
797 2052 851 2106 in
906 2052 1098 2122 Anglia
1142 2067 1234 2107 seu
1286 2053 1594 2117 comitissa,
1636 2052 1718 2107 vel
1768 2053 1873 2106 ulla

281 2158 516 2212 persona
556 2152 772 2211 potens,
811 2157 932 2210 quae
975 2158 1080 2197 non
1125 2142 1399 2210 judicaret
1444 2159 1503 2197 se
1548 2159 1643 2198 sua
1691 2159 1873 2199 coram

289 2235 402 2289 Deo
443 2236 636 2289 merita
687 2234 1010 2304 perdidisse,
1049 2234 1093 2288 si
1139 2234 1480 2305 contingeret
1520 2248 1578 2288 se
1619 2233 1875 2290 Anschno

285 2325 470 2380 abbati
499 2323 754 2398 Beccensi
783 2326 1013 2395 gratiam
1045 2323 1282 2392 cujusvis
1320 2324 1476 2379 officii
1508 2333 1634 2379 tunc
1670 2334 1875 2394 tempo-

286 2420 363 2473 ris
391 2433 499 2474 non
534 2417 849 2473 exhibuisse
881 2416 1005 2490 [al.,
1033 2414 1330 2490 habuisse].
1365 2415 1476 2469 Rex
1509 2417 1622 2486 ipse
1647 2413 1872 2471 Wilhel-

285 2523 410 2564 mus
435 2509 573 2578 (‘26),
597 2507 690 2578 qui
717 2508 884 2564 armis
910 2508 1162 2580 Angliam
1205 2517 1423 2576 ceperat
1461 2518 1515 2561 et
1563 2521 1624 2561 ea
1670 2516 1875 2578 tempe-

284 2609 430 2656 state
458 2601 752 2672 regnabat,
781 2601 1029 2671 quamvis
1056 2600 1125 2655 nb
1154 2599 1579 2669 magnitudinem
1609 2599 1690 2654 sui
1737 2615 1873 2655 cun-

287 2695 395 2748 etis
420 2692 534 2748 fere
557 2692 832 2748 videretur
860 2692 1068 2763 rigidus
1103 2706 1166 2747 ac
1193 2690 1552 2746 formidabilis
1571 2734 1585 2757 ,
1611 2691 1870 2748 Anselmo

287 2793 472 2838 tamen
503 2783 577 2837 ita
617 2791 737 2839 erat
762 2783 994 2838 inclinus
1021 2781 1142 2856 [al.,
1173 2780 1484 2853 inclinatus]
1525 2791 1580 2836 et
1623 2781 1872 2849 affabilis,

286 2883 344 2927 ut
379 2874 496 2942 ipso
519 2881 782 2943 praesente
809 2874 1031 2930 omnino
1057 2887 1220 2944 quam
1247 2885 1366 2928 esse
1390 2871 1620 2938 solebat,
1651 2883 1872 2945 stupen-

287 2967 434 3020 tibus
466 2954 614 3034 aliis,
643 2966 796 3022 fieret
824 2965 979 3023 alius.

360 3057 447 3114 48.
492 3057 595 3113 Pro
632 3072 728 3113 sua
761 3058 924 3130 igitur
969 3059 1256 3115 excellenti
1296 3061 1438 3114 fama
1469 3061 1757 3119 Ansclmus
1793 3071 1874 3118 to-

367 3107 447 3114 ---
493 3107 512 3112 -
537 3107 590 3113 --
632 3107 728 3113 ___
762 3107 913 3130 την-
974 3107 1256 3115 -.--------..
1469 3107 1757 3119 .-..νν.......,

284 3149 397 3204 tius
427 3149 632 3220 Anglia:
654 3151 900 3220 partibus
927 3159 1108 3217 notus,
1137 3167 1200 3206 ac
1223 3167 1319 3221 pro
1349 3156 1638 3207 reverenda
1671 3156 1875 3211 sancti~
1903 3107 1947 3168 ς

286 3246 411 3299 ιιιῐὲ
443 3247 644 3300 charus
683 3245 892 3300 cunctis
931 3245 1172 3311 effectus,
1207 3246 1312 3302 iter
1355 3246 1630 3316 repetendi
1677 3246 1878 3303 North—

283 3340 565 3393 manniam
599 3338 900 3408 ingreditur
934 3340 1136 3394 dilatus
1184 3338 1466 3408 multiplici
1519 3340 1678 3407 dono,
1731 3341 1873 3410 quod

289 3427 484 3481 honori
514 3442 578 3481 ac
607 3427 823 3481 utilitati
850 3427 1111 3483 Ecclesiae
1141 3443 1251 3482 sua:
1279 3443 1450 3498 usque
1479 3429 1641 3484 hodie
1669 3433 1875 3485 servire

295 3517 651 3588 dignoscitur.
684 3516 996 3572 Familiaris
1034 3533 1164 3589 ergo
1193 3519 1242 3573 ei
1275 3518 1472 3574 dehinc
1513 3519 1702 3588 Anglia
1735 3519 1873 3574 facta

284 3621 394 3675 est,
426 3620 480 3664 et
529 3621 694 3680 prout
741 3610 1028 3665 diversitas
1075 3625 1366 3666 causarum
1415 3610 1659 3676 ferebat,
1701 3611 1769 3666 ab
1807 3627 1872 3666 eo

288 3701 657 3771 frequentata.
689 3699 760 3756 Ut
788 3711 968 3757 autem
997 3701 1340 3770 omnipotens
1372 3701 1511 3755 Deus
1539 3701 1871 3756 demonstra-

287 3803 375 3848 ret
414 3809 472 3848 se
500 3795 692 3863 gratia:
721 3793 892 3862 ipsius
928 3808 1090 3863 quam
1123 3792 1404 3846 invenerat
1453 3792 1595 3861 apud
1627 3793 1874 3848 homines

283 3899 412 3939 (sse
441 3893 718 3950 auctorem
738 3924 752 3948 ,
785 3892 839 3937 et
873 3882 1023 3937 illum
1052 3881 1193 3952 apud
1218 3896 1280 3936 se
1302 3896 1470 3951 quam
1514 3883 1658 3953 apud
1697 3883 1874 3939 horni-

285 3991 388 4030 ncs
409 3977 644 4045 gratiam
676 3975 948 4032 invenisse
973 3976 1240 4046 potiorem
1259 4016 1273 4040 ,
1303 3977 1568 4046 quosdam
1602 3978 1749 4032 viros
1780 3991 1874 4046 per

286 4067 468 4121 visum
507 4067 761 4137 dignatus
789 4077 873 4123 est
906 4067 1144 4130 visitare,
1174 4077 1230 4122 et
1258 4066 1494 4137 qualiter
1525 4081 1624 4136 per
1650 4081 1776 4122 eum
1803 4071 1874 4120 ab

287 4157 646 4224 iutirmitate,
681 4172 786 4226 qua
819 4157 982 4213 nimis
1007 4157 1251 4229 graviter
1277 4157 1636 4221 vexabantur,
1669 4171 1870 4212 conva-

289 4247 564 4304 lescerent
588 4250 844 4306 edocere.
886 4249 1094 4305 Horum
1131 4263 1271 4318 quos
1314 4249 1461 4314 dico,
1491 4248 1628 4302 duos
1653 4247 1745 4316 qui
1785 4248 1870 4301 iu-

287 4355 374 4394 tcr
402 4355 532 4395 suos
571 4356 676 4396 non
709 4341 962 4412 ignobilis
991 4341 1146 4395 fama:
1172 4348 1362 4405 erant.
1395 4339 1628 4409 exempli
1667 4354 1831 4395 causa
1854 4377 1869 4402 ,

1979 1856 2067 1900 tur
2110 1863 2274 1919 (eger,
2306 1860 2360 1906 et
2391 1867 2554 1922 quam
2583 1857 2800 1922 petebat
2826 1871 3022 1926 aquam
3060 1857 3128 1913 de
3156 1873 3320 1915 manu
3349 1862 3450 1915 viri
3481 1877 3564 1917 ac-

1975 1941 2137 2009 cepit.
2190 1942 2320 2008 Quae
2374 1943 2425 1997 in
2467 1953 2653 2013 potum
2705 1946 2848 2001 illico
2893 1958 3134 2019 sumpta,
3185 1960 3241 2004 et
3285 1951 3564 2006 hominem

1976 2032 2282 2087 morbidum
2326 2034 2688 2106 integerrima:
2715 2040 2934 2094 sanitati
2969 2044 3238 2109 restituit,
3272 2054 3326 2099 et
3355 2046 3406 2100 in
3436 2045 3556 2099 lau-

1975 2124 2097 2179 dem
2127 2126 2220 2180 Dei
2246 2128 2541 2183 multorum
2567 2146 2665 2185 ora
2695 2131 2963 2188 dissolvit.
2996 2135 3146 2189 Clam
3175 2137 3358 2206 itaque
3386 2140 3562 2194 virum

1976 2219 2068 2287 qui
2117 2231 2340 2274 venerat
2379 2237 2410 2274 a
2449 2238 2508 2277 se
2546 2224 2836 2280 Ansclmus
2879 2229 3093 2294 emisit,
3144 2233 3472 2288 dentmtians
3513 2239 3561 2289 ei

1979 2311 2030 2363 in
2057 2311 2276 2365 nomine
2301 2312 2513 2366 Domini
2544 2328 2612 2367 ne
2635 2330 2875 2384 unquam
2905 2319 3007 2372 hoc
3035 2319 3236 2375 factmn
3266 2322 3366 2377 sibi
3395 2323 3566 2378 ascri-

1977 2402 2152 2467 beret,
2189 2403 2295 2457 sed
2343 2403 2456 2457 sola
2495 2404 2679 2458 divina
2723 2407 3075 2464 miseratione
3119 2411 3418 2479 perfectum
3444 2429 3566 2470 esse

1977 2494 2285 2548 certissime
2324 2495 2522 2561 sciret,
2569 2505 2623 2551 et
2676 2499 2775 2553 hoc
2819 2501 2889 2552 ita
2936 2515 3056 2556 esse
3106 2504 3269 2558 tacita
3319 2505 3565 2562 funditus

1974 2589 2252 2644 mentione
2277 2604 2389 2644 sua:
2411 2605 2658 2660 persona:
2677 2593 3086 2650 sciscitantibus
3120 2599 3490 2667 responderet.

2046 2677 2136 2733 50.
2181 2681 2298 2747 Quo
2331 2682 2494 2736 etiam
2548 2693 2790 2753 tempore
2835 2685 3054 2754 quidam
3109 2687 3283 2744 frater
3324 2689 3392 2745 de
3433 2705 3565 2746 con-

1979 2772 2324 2842 gregatione,
2371 2773 2542 2828 valida
2592 2775 2838 2845 corporis
2882 2776 3201 2833 infirmitate
3241 2793 3563 2849 percussus,

1979 2864 2046 2918 ad
2097 2875 2346 2920 extrema
2407 2866 2676 2922 detinetus
2726 2876 2832 2922 est.
2889 2865 3027 2924 Huic
3081 2871 3133 2925 in
3192 2886 3403 2929 sommo
3442 2877 3565 2947 qui-

1977 2955 2104 3009 dam
2135 2956 2311 3011 astitit
2335 2997 2349 3021 ,
2382 2965 2439 3011 et
2463 2958 2606 3026 quod
2633 2958 2801 3012 vitam
2827 2969 2991 3029 atque
3015 2959 3245 3016 salutem
3272 2979 3564 3035 recupera-

1981 3058 2062 3102 ret
2083 3090 2096 3112 ,
2127 3048 2172 3103 si
2201 3063 2340 3118 aqua
2372 3049 2440 3103 ab
2478 3050 2736 3106 Ansehnn
2764 3052 3103 3108 sanctificata
3152 3071 3558 3128 aspergeretnr,

1981 3140 2078 3209 ipsi
2109 3140 2388 3210 promisit:
2412 3155 2554 3212 mger
2580 3155 2709 3212 ergo
2731 3143 3044 3198 Anselmum
3065 3161 3122 3200 se
3137 3146 3448 3204 visitantem
3475 3165 3566 3208 se-

1978 3229 2212 3284 cundum
2241 3232 2509 3286 visionem
2539 3229 2660 3302 [τώ.
2693 3235 2854 3288 tacita
2879 3233 3146 3309 visione],
3179 3238 3246 3292 de
3277 3254 3416 3309 aqua
3443 3257 3564 3311 pre-

1977 3329 2134 3374 catus
2173 3328 2277 3385 cst,
2305 3328 2380 3387 et,
2421 3322 2716 3379 voluntatis
2750 3339 2973 3394 compos
3011 3325 3256 3394 effectus,
3302 3332 3563 3404 eveSIigio

1975 3413 2195 3467 sanitati
2229 3416 2516 3470 restitutus
2538 3425 2641 3472 est.

2047 3505 2134 3558 5|.
2180 3505 2305 3561 Πεοο
2333 3523 2430 3576 pro
2463 3509 2797 3564 ostcmlenda
2835 3511 3008 3582 gratia
3052 3513 3152 3567 viri
3198 3517 3385 3585 paucis
3427 3517 3566 3574 inte-

1978 3597 2078 3651 rim
2107 3598 2248 3654 dicta
2287 3595 2416 3655 sint.
2458 3601 2710 3657 Attamen
2748 3603 2813 3658 de
2858 3604 3032 3674 gratia
3076 3621 3237 3675 quam
3284 3623 3562 3665 meruerat

1976 3689 2114 3757 apud
2145 3691 2413 3756 homines,
2446 3709 2550 3747 non
2581 3693 2808 3748 multum
2854 3695 2939 3749 his
2966 3697 3058 3766 qui
3087 3713 3265 3754 mores
3290 3700 3432 3756 illius
3464 3717 3562 3756 no-

1971 3793 2102 3832 vere
2130 3779 2435 3834 mirandum
2465 3782 2625 3837 video
2643 3823 2659 3848 ,
2700 3793 2993 3855 propterea
3023 3789 3167 3856 quod
3194 3792 3440 3858 quaedam
3466 3807 3564 3862 ap-

1977 3871 2214 3940 petibilis
2243 3874 2535 3929 suavitatis
2563 3875 2870 3945 ubicunque
2908 3887 3029 3932 erat
3060 3893 3126 3932 ex
3149 3883 3562 3938 conversatione

1973 3978 2090 4030 ejus
2121 3963 2466 4033 emergebat,
2493 3979 2614 4033 qua:
2647 3964 2702 4018 in
2729 3965 3029 4021 amicitiam
3062 3967 3208 4033 illius
3236 3985 3299 4022 ac
3329 3969 3563 4025 familia-

1977 4055 2191 4109 ritatem
2225 4064 2451 4110 cunctos
2475 4055 2691 4124 agebat.
2719 4055 2894 4125 Ipsius
2917 4057 3121 4111 etenim
3148 4059 3315 4115 studii
3345 4075 3564 4129 semper

1974 4165 2100 4217 erga
2141 4163 2332 4202 onmes
2374 4147 2704 4208 exstiterat,
2750 4156 2809 4200 ut
2843 4163 2905 4202 ea
2945 4149 3290 4218 potissimum
3341 4163 3557 4221 ageret,

1971 4256 2095 4307 quae
2143 4238 2264 4293 aliis
2301 4237 2475 4309 magis
2512 4238 2793 4293 commoda
2842 4253 2962 4295 esse
2996 4255 3158 4310 posse
3200 4242 3557 4312 intelligebat.
3590 4292 3591 4295 η

1977 4335 2129 4389 llude
2155 4349 2278 4388 cum
2307 4334 2740 4402 interrogaretur
2769 4333 2897 4401 quid
2923 4333 3276 4390 emolumenti
3308 4337 3560 4406 acquire-

281 4447 618 4502 proponam,
645 4437 740 4504 qui
762 4477 778 4502 ,
823 4437 963 4491 sicut
987 4452 1021 4490 a
1054 4435 1313 4491 veridicis
1357 4435 1525 4506 ipsius
1551 4438 1868 4492 monasterii

1978 4440 2131 4490 rent,
2182 4427 2276 4498 qui
2325 4433 2540 4482 servata
2590 4425 2847 4494 aequitate
2895 4425 3126 4480 aliorum
3189 4427 3449 4480 voluntati
3501 4428 3555 4482 in

267 4525 441 4593 cuius
485 4527 654 4583 abbas
697 4529 786 4584 diu
841 4530 1166 4594 exstiterat,
1210 4528 1497 4582 monachis
1545 4531 1769 4598 accepi,
1815 4529 1866 4583 in

277 4613 474 4668 eodem
506 4615 678 4686 ipsius
707 4620 1059 4684 monasterio,
1085 4619 1191 4673 illis
1217 4619 1595 4687 praesentibus,
1626 4634 1720 4689 per
1744 4634 1867 4676 eum

282 4704 461 4758 curati
491 4716 636 4764 sunt.

357 4793 446 4850 49.
491 4795 723 4863 Quidam
754 4800 920 4870 igitur
951 4801 1034 4854 vir
1061 4800 1259 4856 nobilis
1297 4809 1351 4856 et
1377 4809 1633 4856 strenuus
1656 4800 1711 4854 in
1734 4815 1868 4856 cou-

285 4883 421 4941 ftuio
449 4887 657 4944 Puntlvi
689 4891 803 4961 (27)
823 4907 892 4947 ac
918 4892 1186 4947 Flandria
1204 4905 1512 4962 prapotens
1544 4894 1864 4948 habebatur.

279 4975 389 5030 llic
423 4979 477 5033 in
503 4996 736 5051 corpore
763 4983 914 5053 lepra
949 5000 1268 5054 percussus,
1299 5000 1367 5040 eo
1401 4985 1594 5055 majori
1633 4999 1870 5039 interere

284 5067 522 5125 amictus
555 5082 636 5127 cst
654 5113 670 5138 ,
699 5089 808 5143 quo
835 5089 895 5129 se
922 5085 977 5130 et
996 5091 1031 5129 ι
1055 5076 1175 5131 suis
1201 5085 1389 5130 contra
1435 5074 1750 5145 dignitatern
1775 5089 1874 5128 na-

281 5161 478 5215 talium
505 5179 726 5219 suorum
747 5182 845 5236 pro
859 5167 1200 5223 obscenitate
1228 5168 1362 5222 tanti
1394 5167 1522 5221 mali
1554 5167 1759 5237 despici
1777 5167 1874 5221 dc—

281 5250 509 5318 serique
543 5253 778 5308 videbat.
811 5254 1119 5310 Conversus
1155 5257 1344 5325 itaque
1370 5255 1436 5309 ad
1469 5254 1638 5310 Deum
1670 5263 1787 5317 est,
1819 5261 1876 5308 et

1978 4523 2392 4590 qtiibusctmque
2405 4530 2621 4591 poswnt
2643 4520 2976 4574 concordare
2993 4527 3306 4588 satagerent
3323 4536 3338 4580 ;
3357 4519 3559 4588 quidve

1975 4613 2290 4670 detrimenti
2321 4620 2704 4676 occurrerent,
2740 4610 2829 4680 qui
2863 4624 3019 4666 suam
3047 4610 3231 4680 potius
3261 4624 3424 4679 quam
3445 4623 3552 4666 ete-

1973 4719 2215 4761 terorum
2260 4704 2590 4760 voluntatem
2629 4703 2853 4773 implere
2899 4703 3206 4767 studerent,
3255 4701 3359 4758 hoc
3393 4703 3555 4758 modo

1976 4798 2336 4865 respondebat
2364 4814 2377 4851 :
2407 4815 2426 4847 ι
2451 4796 2552 4863 Qui
2571 4796 2800 4850 aliorum
2820 4794 3081 4849 volun-tati
3105 4794 3442 4848 concordare
3455 4809 3551 4863 per

1974 4890 2150 4944 omnia
2198 4889 2250 4943 in
2291 4889 2434 4943 bono
2461 4887 2688 4953 nititur,
2735 4887 2840 4941 hoc
2882 4887 3020 4956 apud
3064 4884 3267 4953 justum
3315 4886 3553 4955 judicem

1973 4982 2142 5036 Deum
2181 4987 2444 5042 meretur,
2487 4984 2548 5031 ut
2577 4977 3029 5047 quemadmodum
3061 4976 3176 5044 ipse
3205 4975 3434 5029 aliorum
3466 4991 3555 5028 vo-

1977 5073 2168 5126 luntati
2205 5073 2263 5127 in
2303 5073 2405 5126 hac
2435 5070 2543 5124 vita
2574 5111 2588 5135 ,
2622 5069 2694 5124 ita
2727 5069 2868 5122 Deus
2911 5076 2968 5122 et
2996 5067 3176 5121 ountia
3209 5081 3390 5121 secum
3441 5081 3555 5120 sua:

1976 5164 2239 5220 voluntati
2272 5163 2604 5219 concordent
2637 5161 2688 5215 in
2725 5161 2830 5214 alia
2862 5159 2990 5212 vita.
3020 5159 3123 5224 Qui
3162 5173 3292 5212 vero
3326 5157 3552 5211 aliorum

1979 5257 2257 5312 voluntate
2305 5260 2616 5322 contempta
2666 5267 2818 5306 suam
2868 5250 3095 5320 implere
3140 5250 3453 5315 contendit,
3503 5249 3553 5301 id

1583 5363 2001 5426 HENSCHENII
2038 5366 2266 5425 NOTAE.

368 5525 482 5593 (26)
527 5523 852 5595 Wilhelmus
892 5523 1232 5595 conquestor
1278 5523 1566 5595 occupavit
1611 5525 1858 5590 Angliam
1962 5524 2020 5579 Ei
2071 5525 2328 5595 contigua
2373 5533 2461 5595 est
2493 5525 2762 5587 Arthesia.
2803 5537 2932 5580 tunc

282 5615 437 5653 anno
469 5594 626 5656 1066,
661 5602 716 5645 et
749 5593 996 5662 regnavit
1029 5607 1197 5659 usque
1229 5593 1292 5646 ad
1323 5593 1526 5647 annum
1564 5595 1716 5647 1087.

365 5665 478 5731 ('27)
523 5662 597 5718 De
633 5663 870 5722 Ponlivo.
905 5665 1124 5731 regione
1156 5663 1220 5716 ad
1251 5663 1528 5716 dexteram
1566 5668 1732 5718 rinam
1763 5664 1860 5717 So-

286 5731 768 5805 metimagendum
793 5734 894 5789 crit
917 5735 985 5788 ad
1003 5732 1176 5787 Vitam
1204 5732 1260 5788 Β.
1290 5731 1528 5789 ιὶὶιειιατὶἰ
1563 5733 1620 5787 16
1647 5735 1828 5804 Aprili:

2978 5541 3101 5596 pars
3135 5525 3398 5580 Flandriae
3436 5526 3516 5578 ha.

1965 5595 2094 5718 iuta.
2131 5594 2256 5675 inde
2305 5594 2491 5652 avulsa
2545 5611 2690 5651 anno
2729 5597 2883 5663 H9“),
2924 5594 2990 5654 et
3015 5599 3094 5654 sic
3145 5596 3407 5651 Flaudria
3441 5596 3531 5650 hic

1985 5675 2071 5718 ate
2101 5675 2354 5718 sumitur.

1985 5675 2071 5720 ate
2101 5675 2354 5722 sumitur.
