3882 6054
333 268 400 322 70
1399 253 1452 307 8.
1497 251 1796 306 ANSELMI
1839 249 2186 306 CANTUAR.
2229 248 2546 303 AllClllEP.
3539 253 3610 307 sa

333 377 569 448 ejusdem
614 375 813 444 judicis
860 371 1123 426 sententia
1170 366 1348 421 damni
1394 366 1628 428 subibit,
1680 373 1732 414 ut
1781 378 1912 431 quo-
1948 368 1989 422 Α
2019 362 2255 430 graviter
2287 362 2553 421 invidens,
2586 361 2638 413 in
2683 359 2888 412 tantam
2921 358 3071 411 illum
3122 360 3443 415 teatationis
3478 378 3607 432 pru-

335 475 480 527 niam
515 471 628 542 ipse
657 469 710 523 in
752 467 858 522 vita
891 463 1141 535 pra-senti
1176 458 1438 513 voluntati
1477 457 1704 518 nullius;
1740 455 1916 508 nullus

339 581 551 638 quoque
580 564 632 618 in
664 562 843 621 futura
875 559 1037 621 velit,
1068 563 1159 607 aut
1191 554 1380 606 debeat
1412 563 1639 604 concors
1679 562 1797 602 esse
1826 560 1918 599 vo-

339 657 530 713 luntati
564 655 725 708 illius.
763 650 962 705 Eadem
994 647 1192 715 quippe
1226 656 1481 696 mensura
1503 679 1517 703 ,
1549 653 1654 708 qua
1691 651 1919 706 quisque

338 748 458 802 aliis
492 761 710 801 mensus
756 741 949 802 fuerit,
1001 737 1318 792 remetietur
1361 733 1407 788 ei
1461 731 1613 800 (Luc.
1647 745 1726 793 vt,
1758 729 1868 796 58).
1895 747 1911 778 ι

340 840 508 909 llujns
539 839 701 907 igitur
736 832 960 887 rationis
988 828 1276 884 Anselmus
1315 821 1755 880 consideratione
1793 818 1921 872 sub-

339 931 514 995 nixus,
549 927 676 981 nulli
711 925 910 995 gravis,
948 922 1078 976 nulli
1112 919 1324 973 volebat
1351 928 1614 970 onerosus
1647 911 1916 975 existere,

340 1023 503 1076 etiam
532 1019 574 1073 si
605 1034 634 1072 a
653 1016 982 1070 monachicae
1013 1008 1365 1066 institutionis
1390 1005 1704 1061 austeritate
1727 1004 1827 1056 hae
1855 1002 1919 1056 de

339 1128 499 1168 causa
533 1111 754 1166 deberet
799 1105 1194 1176 aliquantulum
1243 1110 1570 1170 temperare.
1604 1096 1670 1150 Et
1700 1094 1918 1165 quidem

340 1213 399 1255 ut
427 1218 551 1256 cum
581 1198 926 1256 discretionis
961 1197 1093 1251 ordo
1141 1193 1403 1255 docebat,
1435 1201 1820 1255 nonnunquam
1853 1184 1921 1237 ab

345 1288 463 1355 ipsa
492 1289 782 1341 severitate
809 1286 929 1339 aliis
954 1284 1438 1338 condescendendo
1469 1285 1825 1353 temperabat.
1848 1284 1905 1339 lu

342 1396 450 1447 quo
488 1383 618 1448 quid
646 1380 702 1433 hi
733 1382 941 1434 sensuri
973 1379 1082 1431 sint
1113 1377 1201 1442 qui
1235 1384 1355 1442 po.t
1394 1390 1492 1430 nos
1525 1375 1628 1430 ista
1661 1374 1912 1432 fortassis

338 1467 531 1521 lecturi
561 1471 644 1520 vel
673 1467 906 1522 audituri
939 1475 1096 1529 stitit,
1147 1463 1405 1533 pra‘scire
1453 1478 1558 1516 non
1615 1474 1920 1530 possumus.

339 1555 447 1612 Nos
474 1565 654 1611 tamen
700 1571 790 1625 qui
849 1555 972 1609 vita:
1000 1555 1142 1608 illius
1181 1569 1394 1608 mouum
1438 1553 1580 1606 scire
1607 1550 1922 1610 meruimus,

341 1647 514 1716 magis
541 1646 594 1700 in
635 1661 699 1701 eo
740 1646 1068 1701 laudandum
1101 1645 1436 1699 aestimamus
1461 1683 1474 1707 ,
1512 1641 1657 1712 quod
1683 1656 1712 1694 a
1749 1655 1927 1710 rigore

341 1758 423 1796 sui
469 1743 727 1812 propositi
772 1742 1063 1810 aquuando
1114 1757 1211 1811 pro
1259 1741 1468 1794 ratione
1525 1737 1919 1798 descendebat,
1961 1709 2001 1762 Β

331 1847 504 1900 quam
557 1833 602 1886 si
659 1832 914 1887 continue
957 1832 1011 1886 in
1061 1831 1177 1901 ipso
1212 1831 1417 1900 rigidus
1465 1829 1759 1883 indiscrete
1805 1842 1924 1896 per-

343 1923 582 1978 sisteret.
614 1923 845 1979 Ratione
875 1922 1142 1992 siquidem
1171 1922 1257 1990 agi
1282 1920 1500 1975 virtutis
1528 1927 1632 1984 est,
1655 1917 1771 1971 vitii
1798 1931 1925 1971 vero

345 2024 556 2069 contra.

411 2106 502 2158 52.
546 2106 691 2161 Inter
749 2106 864 2160 haec
916 2105 1137 2175 quidam
1195 2103 1428 2158 clericus
1479 2108 1642 2155 relate
1685 2097 1924 2168 juvenis,

344 2198 479 2252 Boso
525 2197 778 2260 nomine,
821 2197 1052 2251 Beccum
1102 2196 1283 2262 venit,
1328 2193 1544 2248 abbatis
1597 2190 1925 2261 colloquium

341 2299 624 2359 expetens.
661 2289 787 2342 Erat
813 2287 959 2342 enim
1003 2287 1144 2343 idem
1175 2301 1302 2342 acer
1331 2284 1551 2355 ingenio
1574 2323 1590 2349 ,
1617 2292 1674 2337 et
1705 2282 1929 2352 quibus-

339 2379 464 2434 dam
491 2379 763 2449 perplexis
786 2377 1176 2448 quaestionibus
1205 2375 1508 2432 involverat
1534 2373 1801 2438 animum,
1830 2384 1931 2425 nec

329 2470 581 2539 reperire
606 2484 934 2539 quemquam
972 2476 1187 2536 poterat
1223 2466 1316 2536 qui
1351 2479 1446 2519 eas
1487 2463 1591 2519 sibi
1644 2462 1712 2516 ad
1742 2471 1926 2516 votum

341 2558 635 2614 evolveret.
669 2558 922 2626 Loquens
952 2556 1116 2625 igitur
1153 2569 1278 2609 cum
1323 2551 1606 2617 Anselmo,
1650 2565 1716 2605 ac
1759 2549 1930 2605 nodos

345 2650 394 2704 ei
419 2649 503 2704 sui
532 2649 719 2704 cordis
749 2649 1097 2717 depromens,
1127 2645 1314 2701 omnia
1343 2658 1464 2715 quae
1492 2640 1839 2699 desiderabat
1861 2639 1930 2693 ab

345 2756 410 2796 eo
437 2740 554 2795 sine
581 2739 835 2810 scrupulo
859 2737 1194 2808 deceptiouis
1222 2735 1348 2809 [al.,
1373 2732 1806 2806 disceptationis]
1833 2748 1926 2788 ac—

346 2832 508 2904 cepit.
554 2831 783 2886 Miratus
822 2846 954 2903 ergo
977 2830 1261 2886 (hominem
1309 2838 1432 2895 est,
1469 2840 1525 2884 et
1571 2827 1741 2883 nimio
1783 2825 1930 2880 illius

348 2939 532 2980 amore
559 2923 863 2980 devinctus.
909 2922 1118 2978 Dehinc
1139 2936 1270 2993 ergo
1295 2935 1418 2976 cum
1459 2918 1578 2988 ejus
1601 2915 1930 2972 allocutione

348 3013 551 3066 familia
563 3013 692 3068 riter
705 3011 986 3082 potiretur,
1009 3010 1221 3068 illectus
1244 3010 1312 3066 ad
1341 3016 1712 3079 contemptum
1743 3003 1924 3062 saeculi

345 3119 568 3160 emenso
614 3103 764 3160 brevi
797 3103 972 3174 spatio
998 3142 1016 3168 ,
1061 3102 1229 3159 Bccci
1272 3097 1780 3157 monachusfactus
1821 3106 1925 3152 est.

345 3192 510 3262 Cujus
541 3194 885 3252 conversioni
929 3191 1091 3250 simul
1138 3200 1194 3248 et
1233 3188 1636 3249 conversationi
1677 3185 1926 3244 diabolus

379 3296 3067 3324 _____________________________________.___..________

2021 455 2210 510 cellam
2247 454 2538 518 demersit,
2572 462 2648 520 ut,
2684 452 3117 507 succedendibns
3138 452 3240 507 sibi
3267 455 3429 508 variis
3457 459 3612 526 cogi-

2024 543 2286 597 talionum
2315 541 2658 608 tumultibus,
2687 541 2774 594 vix
2805 540 3002 595 mentis
3029 556 3142 595 sua:
3166 555 3389 612 compos
3410 545 3611 600 existe-

2023 643 2124 689 ret.
2176 632 2536 686 Trausierunt
2589 632 2640 685 in
2699 632 2802 686 hoc
2844 631 3065 700 quidam
3118 632 3236 687 dies
3267 674 3281 698 ,
3329 643 3383 686 et
3431 634 3612 704 seipsa

2021 738 2237 795 semper
2284 723 2448 778 fiebat
2488 722 2782 776 immanior
2813 723 3042 776 tentatio
3078 722 3289 777 eadem.
3335 721 3611 780 Turbatus

2021 833 2154 889 ergo
2183 827 2239 872 ct
2268 828 2449 872 mente
2477 816 2739 870 confusus
2765 815 3082 869 Ansclmum
3127 815 3291 880 adiit,
3331 817 3612 889 animique

2023 914 2104 968 sui
2134 913 2329 968 fluctus
2357 910 2430 966 illi
2458 910 2728 979 exposuit.
2759 909 2827 962 At
2865 910 2977 980 ipse
3019 925 3142 964 cum
3190 910 3399 980 singula
3451 912 3614 966 intel-

2023 1007 2278 1070 lexisset,
2311 1007 2415 1060 hoc
2459 1003 2631 1060 solum
2679 1003 2768 1072 pio
2817 1001 3046 1067 affectu,
3087 1022 3103 1053 ι
3131 1003 3342 1056 scilicet
3365 1004 3616 1060 consalat

2024 1097 2119 1151 tibi
2159 1097 2330 1150 Deus!
2367 1115 2384 1146 ι
2416 1096 2465 1150 ei
2509 1094 2818 1164 respondit,
2845 1093 3098 1164 illicoque
3127 1094 3349 1148 fratrem
3375 1108 3405 1144 a
3434 1108 3494 1147 se
3527 1095 3615 1148 di-

2025 1186 2191 1241 misit.
2232 1185 2502 1254 Evestigio
2549 1194 2730 1239 autem
2791 1193 2937 1239 tanta
2993 1185 3357 1254 tranquillitas
3411 1189 3615 1240 mentis

2026 1277 2172 1331 illum
2202 1284 2386 1330 secula
2416 1284 2530 1340 est,
2563 1283 2640 1341 ιιι,
2665 1276 2806 1328 sicut
2853 1274 3081 1344 ipsemet
3124 1274 3256 1328 mihi
3303 1274 3614 1342 referebat,

2026 1365 2166 1420 ultra
2196 1381 2360 1435 quam
2402 1365 2550 1419 dictu
2595 1363 2856 1418 credibile
2893 1364 2996 1431 sit,
3040 1363 3221 1419 subito
3268 1364 3409 1420 alius
3459 1365 3618 1420 fieret

2027 1455 2094 1509 ab
2125 1469 2189 1508 eo
2214 1454 2306 1523 qui
2329 1453 2452 1508 fuit.
2488 1454 2672 1522 Itaque
2694 1453 2871 1507 omnis
2896 1453 2981 1506 illa
3009 1453 3232 1508 tentatio
3252 1451 3467 1522 penitus
3491 1469 3619 1509 eva-

2031 1547 2174 1606 nuit.
2213 1561 2314 1601 nec
2344 1545 2641 1616 quidquam
2666 1543 2970 1613 ltujusmodi
3001 1545 3052 1599 in
3081 1559 3138 1600 se
3161 1545 3386 1600 ulterius
3418 1547 3615 1603 sensit.

2104 1638 2191 1692 55.
2224 1635 2452 1691 Ficbant
2474 1645 2736 1707 praeterea
2759 1637 2828 1691 ab
2850 1635 3109 1691 Anselmo
3131 1638 3365 1707 plurima
3389 1637 3441 1690 in
3469 1639 3618 1694 hunc

2030 1729 2278 1792 modum,
2313 1743 2432 1797 qua:
2464 1743 2562 1782 nos
2602 1727 2856 1782 brevitati
2907 1730 3188 1784 studentes
3227 1745 3292 1784 ex
3340 1728 3615 1784 industria

2028 1820 2392 1891 praeterimus.
2417 1819 2648 1874 Silentio
2675 1834 2890 1889 quoque
2918 1821 3194 1890 prmterire
3223 1815 3424 1891 placuit
3457 1822 3620 1874 innu-

2030 1925 2208 1966 meros
2257 1910 2504 1965 homines
2548 1917 2661 1964 tam
2703 1925 2801 1980 per
2851 1910 3125 1965 lavaturas
3171 1925 3425 1964 manuum
3475 1911 3619 1979 ejus,

2028 2017 2190 2072 quam
2223 2016 2320 2072 per
2355 2000 2612 2070 reliquias
2642 2000 2888 2056 ciborum
2918 1999 3034 2070 ejus
3060 2000 3126 2055 de
3154 2009 3276 2055 ante
3305 2001 3450 2055 illum
3475 2001 3618 2056 clam

2029 2105 2094 2146 co
2139 2091 2470 2154 subtractus,
2495 2105 2525 2143 a
2551 2089 2782 2144 diversis
2820 2090 3194 2161 languoribus,
3237 2091 3331 2146 sed
3378 2091 3622 2148 maxime

2031 2182 2274 2238 febribus
2312 2191 2570 2247 curatos,
2604 2182 2952 2252 dispensante
2985 2182 3094 2238 Deo
3137 2199 3232 2239 sua
3275 2185 3415 2240 dona
3455 2184 3618 2252 juxta

2033 2274 2284 2330 meritum
2329 2273 2452 2328 fidei
2483 2271 2930 2343 uniuscujusque.
2979 2273 3111 2329 Nam
3158 2275 3202 2330 si
3247 2285 3444 2330 cuncta
3495 2293 3623 2347 qua:

2033 2365 2157 2420 inde
2182 2380 2212 2418 a
2247 2365 2613 2420 veracissimis
2639 2365 2772 2419 viris
2800 2365 3108 2436 accepimus
3152 2367 3464 2424 describere
3507 2368 3624 2424 vel-

2031 2455 2223 2520 lemus,
2275 2454 2592 2526 loquacitati
2642 2455 2826 2524 potius
2893 2469 3056 2521 quam
3103 2469 3284 2510 rerum
3337 2465 3622 2526 gestarqu

2032 2547 2262 2618 simplici
2299 2547 2600 2602 narrationi
2633 2560 2732 2600 nos
2757 2560 2981 2616 operam
3012 2545 3144 2601 dare
3182 2545 3264 2618 (ut
3287 2547 3435 2618 reor)
3470 2547 3626 2616 judi-

1993 2633 2146 2693 ‘cari
2186 2652 2495 2708 possemus.
2544 2636 2886 2706 Quapropter
2933 2650 3000 2692 ne
3053 2637 3220 2692 nimis
3265 2635 3483 2708 longum
3533 2639 3626 2694 fa-

2032 2729 2242 2784 ciamus
2265 2727 2640 2799 hujuscemodi
2671 2727 3046 2793 immorando,
3076 2727 3196 2783 istis
3225 2728 3464 2795 omissis,
3501 2739 3628 2786 ten-

2031 2819 2225 2874 damus
2248 2819 2315 2874 ad
2362 2818 2488 2874 alia.
2517 2816 2718 2873 Verum
2751 2833 2821 2873 ne
2848 2818 3050 2874 inculta
3077 2821 3255 2876 oratio
3297 2822 3504 2890 prolixa
3535 2823 3627 2878 sui

2031 2911 2442 2967 continuatione
2481 2911 2724 2980 legentes
2765 2925 2861 2966 seu
2902 2912 3187 2968 audientes
3223 2912 3445 2970 fastidio
3488 2930 3626 2985 gra-

2034 3009 2143 3067 vet,
2189 3001 2278 3057 hic
2318 3000 2554 3071 primum
2598 3009 2777 3070 empto
2811 3003 2963 3072 operi
3007 3003 3299 3058 terminum
3325 3019 3626 3075 ponamus,

2034 3100 2304 3163 quatenus
2331 3091 2439 3148 illis
2479 3106 2600 3162 qua;
2631 3092 2806 3163 magis
2851 3092 3121 3149 delectant
3165 3096 3430 3162 recreati,
3473 3095 3628 3153 aliud

2033 3183 2318 3238 exordium
2334 3183 2616 3253 sequentia
2634 3199 2794 3240 nosse
2812 3183 3052 3240 volentes
3071 3185 3307 3256 expediti
3319 3188 3628 3259 reperiant.

3082 3297 3300 3310 —

3335 3296 3624 3314 σῇ*

1472 3391 1832 3480 LIBER
1896 3385 2553 3478 SECUNDUS.

1197 3565 1428 3623 GESTA
1468 3563 1536 3620 IN
1575 3557 2215 3620 ABCHIEPISCOPATU
2251 3557 2782 3614 CANTUARIENS].

840 3785 1073 3845 CAPUT
1109 3786 1400 3845 PRIMUM.

348 3899 833 3970 Archiepiscopatus
862 3908 1181 3970 assumptus.
1230 3898 1388 3970 Quies
1423 3896 1711 3951 monastira
1747 3894 1936 3949 dilata.

746 3969 937 4041 Aliqua
967 3969 1084 4023 cum
1112 3985 1228 4039 rege
1249 3969 1526 4022 dissensio.

423 4061 474 4116 1.
499 4059 766 4117 Defuncto
797 4069 1099 4116 memorato
1130 4073 1257 4129 rege
1294 4058 1593 4127 Anglorum
1620 4056 1934 4122 Wilhelmo,

351 4151 674 4206 Wilhelmus
697 4152 837 4205 ﬁlius
864 4151 980 4218 ejus
1006 4166 1230 4220 regnum
1259 4150 1512 4204 obtinuit.
1572 4149 1694 4215 Hic,
1725 4151 1937 4204 sublato

349 4243 416 4295 de
436 4241 541 4294 hac
566 4241 676 4295 vita
700 4239 996 4296 venerabili
1025 4240 1188 4295 Patre
1215 4239 1545 4309 Lanfranco,
1585 4241 1846 4296 ecclesias
1874 4254 1938 4295 ac

353 4329 682 4384 monasteria
717 4330 881 4385 totius
902 4327 1108 4400 Anglia:
1136 4329 1286 4400 gravi
1311 4324 1534 4384 nimium
1585 4331 1938 4402 oppressione

351 4417 558 4474 alliixit.
585 4417 749 4491 Cujus
777 4419 1142 4492 oppressionis
1171 4435 1313 4475 anno
1333 4429 1527 4490 quarto
1549 4420 1836 4476 Anselmus
1861 4421 1938 4475 in-

351 4509 574 4575 vitatus,
602 4510 713 4566 imo
760 4511 1008 4567 districta
1051 4511 1488 4582 interpellatione
1539 4511 1818 4581 adjuratus
1867 4513 1936 4567 ab

353 4597 574 4667 Hugone
600 4599 875 4656 Cestrensi
908 4602 1136 4667 comite,
1165 4601 1462 4672 multisque
1497 4600 1618 4658 aliis
1639 4601 1934 4672 Anglorum

355 4687 504 4758 regni
539 4689 894 4758 principibus,
921 4692 1010 4760 qui
1056 4706 1178 4747 eum
1209 4692 1512 4748 animarum
1550 4709 1771 4749 suarmu
1817 4707 1933 4748 me-

351 4775 532 4832 dicum
555 4786 610 4832 et
633 4777 953 4834 advocatum
989 4779 1283 4850 elegerant,
1327 4791 1382 4836 et
1407 4783 1628 4854 insuper
1682 4782 1936 4838 Ecclesiae

353 4880 465 4923 suae
496 4879 658 4935 prece
699 4876 862 4937 atque
913 4879 1184 4940 praecepto
1237 4887 1337 4941 pro
1387 4874 1662 4930 communi
1708 4873 1936 4931 utilitate

351 4967 596 5024 coactus,
626 4957 875 5028 Angliam
898 4960 1170 5030 ingressus
1195 4972 1299 5017 est.
1333 4962 1512 5019 Pridie
1543 4966 1706 5033 igitur
1726 4964 1932 5022 Nativi-

2041 3794 2253 3851 gnoque
2279 3781 2451 3851 ipsum
2476 3794 2598 3835 cum
2632 3781 2838 3838 honore
2865 3780 3190 3852 suscipiunt.
3245 3781 3360 3839 Rex
3392 3784 3508 3856 ipse
3529 3791 3624 3833 80-

2040 3869 2112 3926 lio
2145 3871 2344 3939 exsilit,
2367 3882 2425 3927 et
2445 3872 2513 3927 ad
2534 3873 2732 3928 ostium
2755 3873 2947 3929 domus
2975 3874 3090 3930 viro
3107 3875 3346 3944 gaudens
3362 3880 3626 3946 occurrit,

2041 3976 2103 4016 ac
2126 3962 2178 4016 in
2202 3963 2389 4018 oscula
2414 3977 2577 4018 ruens
2597 3977 2694 4034 per
2714 3963 2990 4019 dexteram
3017 3981 3139 4020 eum
3167 3968 3234 4023 ad
3263 3970 3443 4023 sedem
3463 3983 3625 4025 suam

2033 4053 2307 4122 perducit.
2332 4053 2651 4120 Consident,
2681 4063 2736 4109 et
2756 4054 2877 4110 laeta
2921 4056 3140 4112 interim
3195 4059 3438 4128 quaedam
3482 4061 3628 4118 inter

2039 4155 2098 4195 se
2120 4140 2281 4195 verba
2310 4144 2658 4212 permiscent.
2685 4143 2887 4200 Deinde
2905 4145 3193 4204 Ansehnus
3214 4151 3478 4207 secretius
3498 4167 3624 4207 cum

2039 4244 2166 4301 rege
2187 4239 2408 4286 acturus
2428 4240 2656 4288 caeteros
2691 4232 2950 4290 secedere
2973 4244 3177 4291 monet.
3203 4235 3438 4293 Omissis
3461 4239 3626 4310 igitur

2038 4323 2354 4379 monasterii
2383 4324 2467 4380 sui
2499 4327 2699 4393 causis,
2725 4340 2824 4398 pro
2844 4326 3042 4398 quibus
3069 4329 3307 4386 maxime
3353 4329 3482 4387 illuc
3532 4347 3629 4388 ve-

2037 4412 2179 4469 nisse
2203 4415 2519 4485 putabatur,
2551 4431 2732 4486 regem
2761 4418 2829 4474 de
2857 4418 2942 4474 his
2964 4433 3084 4490 qua:
3110 4418 3251 4474 fama
3283 4420 3351 4476 de
3375 4435 3442 4478 eo
3484 4421 3630 4479 fere-

2039 4505 2436 4563 batAnselmus
2465 4523 2692 4579 arguere
2716 4511 2902 4580 erepit,
2951 4525 3052 4566 nec
3090 4511 3386 4583 quidquam
3433 4527 3626 4570 eorum

2037 4614 2159 4669 qua:
2181 4599 2256 4655 illi
2281 4602 2506 4656 dicenda
2529 4617 2650 4657 esse
2674 4603 2905 4668 sciebat,
2952 4603 3171 4659 silentio
3195 4604 3413 4675 pressit.
3477 4604 3630 4662 Pene

2037 4688 2236 4744 etenim
2270 4689 2434 4744 totius
2482 4690 2630 4757 regni
2681 4691 2927 4747 homines
2973 4706 3163 4746 omnes
3213 4691 3337 4746 talia
3381 4692 3632 4761 quotidie

2037 4793 2182 4834 nunc
2210 4777 2349 4834 clam
2383 4795 2528 4835 nunc
2553 4780 2731 4850 palam
2763 4781 2830 4836 de
2871 4795 2937 4837 eo
2983 4781 3252 4847 dicebant,
3305 4782 3486 4851 qualia
3542 4797 3632 4840 re-

2035 4870 2177 4942 giam
2200 4871 2515 4942 dignitatem
2547 4886 2896 4944 nequaquam
2923 4873 3202 4929 decebant.
3258 4873 3436 4930 Finito
3461 4875 3629 4931 collo-

2035 4961 2164 5032 quio
2185 4962 2343 5018 divisi
2371 4963 2442 5020 ab
2466 4963 2699 5019 invicem
2725 4972 2875 5030 sunt,
2899 4971 2954 5018 et
2979 4964 3047 5020 de
3069 4964 3326 5021 Ecclesia:
3366 4980 3480 5021 sum
3526 4980 3630 5023 ne-

355 5047 481 5102 tatis
507 5047 679 5102 beata:
706 5048 798 5102 Dei
822 5049 1101 5116 genitricis
1151 5059 1206 5105 et
1253 5061 1530 5122 perpetuae
1554 5052 1780 5123 virginis
1825 5051 1935 5107 Ma-
1959 5043 2013 5103 Β
2039 5051 2201 5122 gotiis
2225 5066 2289 5106 ea
2314 5051 2433 5107 vice
2460 5051 2529 5108 ab
2549 5051 2805 5108 Anselmo
2829 5051 2963 5108 nihil
2987 5062 3167 5108 actum
3193 5061 3297 5110 est.

357 5143 451 5196 rite
482 5141 834 5196 Cantuariam
858 5141 1025 5197 venit.
1072 5142 1172 5198 Ubi
1204 5159 1326 5198 cum
1352 5148 1505 5214 quasi
1555 5159 1621 5199 ex
1673 5145 1936 5217 praesagio

357 5232 658 5289 futurorum
700 5232 853 5289 multi
883 5241 938 5288 et
967 5234 1216 5289 monachi
1264 5245 1319 5290 et
1365 5235 1486 5292 laici
1538 5235 1940 5295 conclamarent

357 5320 502 5376 illum
527 5325 991 5396 archiepiscopum
1016 5323 1150 5391 fore,
1182 5341 1394 5382 summo
1441 5343 1598 5384 mane
1624 5345 1654 5383 a
1683 5328 1800 5385 loco
1827 5330 1938 5385 dis-

357 5411 546 5476 cessit,
586 5428 686 5468 nec
725 5413 835 5469 ullo
856 5422 1017 5486 pacto
1055 5413 1401 5484 acquiescere
1428 5419 1753 5487 petentibus,
1785 5427 1843 5474 ut
1863 5419 1936 5474 ibi

360 5499 550 5555 festum
577 5503 894 5572 celebraret,
927 5505 1116 5562 voluit.
1149 5506 1394 5562 Venienti
1426 5517 1608 5562 autem
1648 5509 1696 5563 ei
1727 5507 1792 5562 ad
1837 5524 1934 5563 cu-

360 5589 494 5645 riam
522 5591 686 5662 regis,
722 5603 1010 5662 optimates
1037 5594 1238 5665 quique
1261 5594 1470 5652 alacres
1488 5604 1802 5662 occurrunt,
1820 5611 1933 5650 ma-

2106 5141 2160 5196 2.
2194 5139 2664 5197 Deinde'Cestram
2695 5142 2763 5198 ad
2785 5144 3040 5199 comitem
3063 5143 3216 5211 abiit,
3261 5160 3326 5200 ac
3359 5144 3407 5199 in
3448 5144 3626 5214 parti-

2034 5235 2138 5290 bus
2165 5233 2269 5289 illis
2289 5234 2486 5304 degere
2509 5249 2606 5305 per
2627 5234 2809 5306 plures
2853 5235 2971 5292 dies
2999 5250 3067 5292 ex
3097 5237 3426 5293 necessitate
3474 5251 3626 5294 com-

2036 5324 2225 5394 pulsus
2249 5333 2351 5381 est.
2382 5324 2595 5382 Interea
2638 5340 2736 5382 rex
2789 5326 3112 5384 Wilhelmus
3156 5328 3309 5398 gravi
3363 5327 3626 5399 languore

2037 5415 2328 5485 corripitur
2348 5425 2402 5472 et
2438 5432 2578 5488 pene
2603 5419 2670 5475 ad
2692 5427 2940 5475 extrema
2966 5418 3304 5496 perducitur.
3353 5419 3628 5474 Suadetur

2038 5511 2091 5567 ei
2117 5513 2258 5568 inter
2282 5511 2386 5568 alia
2409 5528 2438 5567 a
2460 5511 2796 5584 principibus
2823 5519 2881 5567 ut
2907 5511 2976 5567 de
2997 5520 3174 5569 matre
3231 5513 3397 5568 totius
3447 5514 3626 5583 regni,

2043 5599 2282 5656 Ecclesia
2316 5600 2566 5657 videlicet
2625 5599 2999 5658 Cantuariensi
3029 5640 3046 5668 ,
3117 5600 3315 5671 cogitet
3360 5599 3454 5673 [αι.
3485 5643 3502 5668 ,
3535 5616 3626 5657 co-
