3882 6050
323 213 384 268 8i
1125 229 1130 233 '
1324 214 1478 272 VITA
1513 213 1839 272 AUCTORE
1879 213 2224 270 EADMERO.
2255 245 2322 254 —
2355 215 2476 269 LIB.
2520 217 2579 268 ll.
3517 221 3584 276 8'2

315 330 644 404 εἱωωιιλςρῑ
673 341 793 382 eam
850 341 879 380 a
912 326 1142 397 pristim
1195 327 1452 384 viduitate
1486 338 1537 384 et
1579 329 1906 391 calamitate,
1942 336 1981 392 Α
2017 328 2290 382 uariorum
2314 329 2362 382 ei
2388 344 2486 398 pro
2508 327 2729 398 agendis
2761 327 2877 398 [al.,
2911 331 3250 402 peragendis]
3271 334 3586 390 munificen—

325 418 848 488 periustitutiouem
877 417 1146 486 pontificis
1199 417 1420 473 relevel.
1471 420 1778 488 Acquiescit
1824 420 1913 475 ille

323 508 574 572 consilio,
599 517 654 562 et
682 507 998 562 Anselmum
1027 507 1080 562 iu
1106 508 1209 562 hoc
1234 522 1371 576 opus
1397 508 1513 565 fore
1536 509 1910 579 dignissimum

325 599 661 666 pronuntiat.
685 597 1034 653 Acclamatur
1065 597 1135 652 ab
1161 599 1448 665 universis,
1477 608 1532 656 et
1558 601 1757 656 dictum
1786 599 1909 672 [al.,

323 688 588 759 edictum]
629 690 772 756 regis
795 688 977 743 laudat
1001 689 1180 743 clerus
1198 697 1252 744 et
1284 689 1511 758 populus
1556 689 1756 756 omnis,
1813 704 1914 745 nec

323 791 542 834 resonat
569 780 642 835 ibi
674 781 779 835 ulla
809 781 1173 837 contradictio
1193 781 1486 851 cujuslibet
1516 783 1773 837 hominis.
1799 781 1911 836 Au-

319 871 408 926 dit
432 871 549 926 bzcc
590 871 703 936 ille,
749 881 804 928 et
833 871 950 928 fere
991 888 1162 942 usque
1208 873 1274 928 ad
1319 874 1780 930 exanimationem
1825 875 1908 930 sui

320 962 673 1029 contradicit,
701 963 1002 1019 reluctatur
1030 973 1086 1019 et
1107 965 1325 1021 obsistit
1354 963 1483 1038 {al.,
1505 964 1730 1038 obstat].
1765 964 1909 1020 Prai-

324 1053 470 1108 valet
496 1063 676 1109 tamen
706 1055 962 1110 Ecclesiae
994 1055 1086 1111 Dei
1140 1066 1458 1112 conventus.
1508 1056 1736 1126 Rapitur
1779 1072 1910 1126 ergo

330 1153 388 1198 ct
415 1143 683 1199 violenter
728 1144 783 1197 in
815 1144 1046 1200 vicinam
1093 1144 1378 1200 ecclesiam
1405 1161 1528 1200 cum
1582 1146 1800 1216 hymnis
1854 1154 1910 1200 ct

322 1231 574 1287 laudibus
600 1240 843 1301 portatur
891 1232 1062 1302 magis
1104 1248 1266 1303 quam
1314 1233 1548 1288 ducitur.
1595 1235 1730 1289 Acta
1783 1242 1910 1289 sunt

320 1323 439 1377 tunc
467 1338 615 1378 anno
645 1322 937 1378 Dontinicaa
982 1323 1375 1380 lncarnationis
1423 1325 1615 1381 milies.
1672 1341 1908 1396 nonage-

319 1414 462 1469 simo
491 1414 673 1480 tertio,
705 1414 846 1484 prid.
872 1414 1010 1470 Non.
1043 1414 1244 1482 Martii,
1269 1416 1441 1486 prima
1471 1417 1746 1472 Dominica
1773 1416 1908 1484 Qua-

317 1504 474 1572 drag.

389 1593 448 1648 3.
479 1593 536 1647 In
561 1593 914 1664 subsequenti
937 1605 1116 1652 autem
1147 1595 1288 1652 festo
1328 1597 1548 1654 Pascha:
1571 1597 1904 1654 Wintoniam

2017 416 2102 470 tia:
2137 433 2248 471 suae
2275 417 2466 487 gratiis
2496 417 2628 472 dare
2658 417 2850 483 noluit,
2882 427 2937 473 ct
2968 420 3039 474 ita
3081 421 3326 491 principe
3373 425 3588 481 turbato

2012 520 2042 562 a
2073 506 2218 559 curia
2243 505 2508 560 discessit.

2033 667 2036 670 ἢ
2083 593 2139 647 5.
2174 595 2408 650 Veniens
2435 606 2614 648 autem
2655 595 2706 649 in
2739 595 2923 650 villam
2955 612 3132 663 suam,
3161 614 3281 668 qua:
3303 599 3473 670 Berga
3500 615 3589 656 vo-

2011 693 2188 751 catur,
2220 686 2488 740 dedicavit
2517 686 2586 740 ibi
2618 687 2904 742 ecclesiam
2954 690 3020 742 ad
3053 691 3366 758 parochiam
3415 695 3585 763 perti-

2013 784 2252 839 nentem,
2283 789 2445 844 quam
2479 775 2696 844 quidem
2728 786 3047 832 antecessor
3100 778 3216 847 ejus
3249 779 3586 837 Lanfrancus

2010 874 2412 932 construxerat,
2443 868 2536 922 sed
2558 867 2706 923 obitu
2752 878 3058 937 praeventus
3097 871 3348 926 dedicare
3400 875 3585 943 nequi-

2010 963 2183 1011 verat.
2229 954 2310 1009 Ad
2333 971 2494 1026 quam
2521 957 2914 1014 dedicationem
2946 961 3163 1030 quidam
3186 963 3416 1019 clericus
3448 966 3585 1020 inter

2011 1044 2142 1098 alios
2165 1044 2230 1098 de
2257 1043 2532 1099 Londonia
2563 1047 2807 1113 veniens,
2840 1063 3008 1118 seque
3031 1050 3173 1105 inter
3224 1051 3450 1108 clericos
3483 1055 3582 1108 viri

2009 1134 2159 1204 quasi
2188 1133 2255 1187 ad
2285 1135 2824 1191 comministrandum
2855 1138 3096 1205 mittens,
3147 1141 3583 1198 chrismatorium

2010 1224 2278 1294 pontificis
2306 1225 2442 1279 clam
2469 1225 2760 1296 subripuit,
2793 1237 2848 1284 et
2890 1229 2942 1284 in
2976 1231 3188 1285 turbam
3251 1248 3460 1290 mersus
3506 1235 3588 1289 fu-

2008 1328 2129 1384 gam
2159 1313 2405 1382 arripuit.
2436 1313 2569 1370 Dum
2597 1316 2760 1386 igitur
2785 1319 2901 1381 iter,
2933 1320 3074 1390 quod
3122 1321 3451 1378 Lundoniam
3489 1327 3590 1381 du-

2008 1406 2100 1470 cit,
2130 1406 2406 1478 ingressus
2460 1424 2582 1464 cum
2627 1409 2772 1465 furto
2824 1411 3033 1478 fuisset,
3081 1413 3290 1470 reﬂexit
3342 1433 3584 1488 gressum

2009 1514 2114 1552 non
2141 1509 2428 1554 autumans
2452 1499 2573 1572 [al.,
2625 1518 2870 1571 gressum
2917 1507 3320 1578 autumans....J
3375 1509 3464 1562 sed
3518 1511 3586 1563 ad

2010 1591 2183 1645 locum
2212 1607 2370 1661 quem
2404 1591 2522 1663 [aI.,
2567 1593 2695 1665 quo]
2729 1593 2969 1664 fugiebat
2997 1594 3272 1650 festinare.
3327 1596 3431 1651 Sed
3462 1614 3588 1653 cum

316 1682 608 1740 Anselmus
636 1687 874 1753 advenit,
902 1696 956 1742 et
983 1688 1036 1742 in
1062 1689 1322 1746 suburbio
1373 1691 1610 1748 civitatis
1659 1693 1897 1763 hospita-

2009 1682 2222 1738 rediens
2281 1685 2530 1740 adunata:
2582 1664 2753 1756 plebis
2801 1687 3204 1744 multitudinem
3252 1691 3593 1760 reperissct,

319 1784 412 1830 tus
433 1783 536 1831 est.
571 1777 685 1835 Una
719 1777 886 1848 igitur
908 1787 1067 1835 nocte
1090 1780 1142 1834 in
1165 1789 1306 1838 tecta
1337 1784 1581 1838 suburbii
1609 1799 1704 1852 per
1751 1785 1906 1840 incu-

318 1865 458 1920 riam
495 1867 634 1932 ignis
654 1868 932 1923 dilabitur.
964 1867 1087 1936 Quo
1131 1879 1433 1937 crescente,
1489 1872 1714 1928 aedilicia
1759 1888 1905 1943 quae-

317 1972 425 2025 que
454 1959 654 2026 passim
684 1961 1165 2016 consumebantur.
1224 1963 1288 2017 Et
1313 1963 1423 2034 jam
1451 1965 1587 2036 ignis
1618 1965 1759 2020 idem
1807 1966 1904 2022 ho-

314 2047 542 2114 spitium
573 2048 810 2104 Anselmi
838 2061 1258 2120 consumpturus
1279 2093 1293 2115 ,
1333 2055 1542 2108 duabus
1575 2062 1781 2113 tantum
1809 2055 1904 2111 do-

319 2141 499 2194 mibus
528 2139 883 2210 interpositis,
909 2141 1117 2197 aderat.
1150 2127 1480 2210 Quibusdam
1513 2145 1678 2215 igitur
1693 2160 1757 2200 ea
1785 2160 1904 2216 qua:

317 2233 374 2286 in
398 2231 559 2287 domo
588 2241 748 2286 erant
770 2234 1202 2302 asportantibus,
1254 2235 1534 2290 interdixit
1561 2236 1779 2292 domina
1801 2239 1901 2294 do-

320 2335 464 2387 mus,
487 2319 763 2376 aﬂirmans
790 2336 850 2377 se
878 2321 1026 2377 nullo
1063 2322 1225 2378 modo
1269 2323 1370 2378 sibi
1420 2323 1507 2379 vel
1543 2324 1656 2381 suis
1698 2325 1902 2396 aliquid

317 2411 504 2465 damni
533 2411 744 2473 timere,
773 2426 896 2482 quae
928 2419 1137 2466 tantum
1161 2411 1451 2482 hospitem,
1502 2413 1605 2468 hoc
1631 2422 1738 2479 est,
1781 2417 1899 2470 An-

315 2500 548 2557 selmum
596 2501 1063 2571 archiepiscopum
1102 2502 1392 2558 meruisset
1443 2517 1628 2560 secum
1673 2503 1898 2560 habere.

315 2590 648 2660 l‘ro'quibus
677 2591 860 2646 verbis
886 2590 1177 2647 Balduinus
1224 2592 1306 2646 vir
1346 2600 1602 2648 strenuus
1629 2601 1684 2648 et
1715 2607 1900 2648 mona-

316 2678 454 2732 chus
484 2677 694 2732 mulieri
721 2693 1060 2749 compassus,
1091 2680 1262 2735 suasit
1302 2680 1556 2736 Anselmo
1605 2690 1664 2737 ut
1700 2683 1898 2754 hospiti

315 2785 431 2824 sum
455 2769 786 2824 subveniret.
807 2770 876 2824 At
896 2771 984 2825 ille
1009 2788 1022 2824 :
1051 2789 1072 2822 ι
1094 2771 1270 2842 Egoin
1293 2786 1398 2841 qua
1422 2771 1896 2842 re?—Egredere,

317 2860 517 2931 inquit.
544 2869 600 2915 et
637 2861 848 2930 signum
875 2862 1056 2918 crucis
1080 2862 1188 2933 igni
1213 2877 1420 2933 oppone
1444 2902 1460 2926 ,
1511 2863 1719 2919 arcebit
1745 2863 1898 2920 illum

2014 1773 2401 1831 animadvertit
2427 1791 2484 1831 se
2508 1778 2746 1847 cupitum
2801 1779 2905 1833 iter
2959 1788 3317 1849 permutasse,
3366 1791 3422 1836 ct
3477 1798 3582 1851 qtta

2005 1878 2227 1922 venerat
2250 1869 2394 1924 viam
2421 1869 2614 1938 repetit
2639 1868 2761 1941 [al.,
2793 1869 3040 1942 reperit].
3081 1870 3426 1940 Aliquantqu
3459 1890 3584 1943 pro-

2006 1969 2268 2026 cesserat,
2299 1970 2355 2015 et
2379 1961 2576 2016 iterum
2605 1962 2777 2016 visum
2809 1971 2893 2017 est
2919 1963 3022 2017 sibi
3073 1977 3138 2017 eo
3191 1963 3416 2018 tendere
3471 1981 3579 2034 quo

2007 2051 2264 2120 fugiebat.
2294 2051 2519 2107 Factum
2543 2061 2629 2108 est
2654 2053 2756 2108 hoc
2783 2052 3143 2122 frequentius,
3185 2062 3240 2107 et
3288 2069 3432 2109 nunc
3477 2055 3580 2109 hac

2004 2154 2149 2194 nunc
2177 2139 2299 2195 illac
2323 2141 2571 2196 nesciens
2595 2155 2704 2211 quo
2745 2140 2848 2194 iret
2871 2155 3130 2196 erroneus
3158 2138 3452 2195 ferebatur.
3479 2141 3579 2195 Po-

2003 2230 2161 2301 pulus
2183 2240 2363 2286 autem
2394 2231 2484 2302 qui
2529 2245 2651 2286 cum
2690 2231 2770 2286 sic
2807 2245 2868 2286 se
2915 2231 3200 2285 habentem
3251 2230 3577 2296 intuebatur,

2003 2321 2258 2391 quidnam
2296 2321 2518 2376 haberet
2546 2319 2866 2376 mirabatur.
2895 2321 2962 2375 At
2982 2321 3070 2375 ubi
3100 2320 3332 2376 ministri
3359 2322 3575 2392 pontifi-

2002 2412 2083 2466 cis
2101 2427 2198 2468 vas
2225 2412 2540 2468 chrismatis
2560 2410 2844 2481 perditum.
2871 2425 2994 2466 esse
3024 2421 3414 2482 cognoverunt,
3443 2428 3575 2467 con-

2001 2501 2106 2557 fusi
2144 2511 2202 2558 et
2223 2501 2612 2557 tumultuantes
2633 2501 2960 2566 discurrunt,
2999 2500 3140 2570 quod
3172 2501 3437 2571 perditum
3459 2513 3579 2557 erat

2000 2595 2128 2651 hinc
2152 2595 2274 2652 inde
2307 2601 2571 2665 quarrunt,
2600 2593 2910 2663 ignorantes
2937 2607 2967 2646 a
2998 2606 3106 2663 quo
3132 2592 3216 2648 vel
3245 2593 3334 2647 ubi
3365 2593 3414 2648 id
3429 2609 3576 2664 qua:-

2001 2700 2122 2741 rere
2141 2693 2291 2741 certo
2309 2685 2557 2741 debeant.
2583 2683 2789 2739 Rumor
2815 2683 2998 2739 damni
3029 2683 3200 2739 fertur
3221 2685 3273 2738 in
3298 2684 3574 2753 populum,

2000 2785 2056 2832 et
2095 2777 2280 2848 opinio
2321 2776 2614 2832 multorum
2670 2776 2818 2832 cadit
2856 2775 2910 2830 in
2957 2790 3246 2832 crronenm
3297 2777 3574 2831 clericum.

1998 2867 2242 2938 Capitur,
2273 2875 2330 2923 et
2357 2867 2456 2924 sub
2485 2881 2654 2938 cappa
2679 2865 2822 2922 illius
2846 2881 2942 2922 vas
2969 2866 3253 2937 abreptum
3282 2866 3554 2922 invenitur

316 2954 460 3009 forte
483 2955 642 3009 Deus.
663 2973 682 3005 ι
704 2954 1001 3023 Respondit
1021 2972 1040 3008 :
1066 2972 1084 3006 ι
1107 2954 1215 3010 Pro
1235 2955 1355 3010 me?
1380 2953 1523 3010 Nihil
1537 2965 1621 3012 est
1644 2957 1790 3026 quod
1814 2956 1968 3054 di-c
2001 2959 2254 3017 Refertur
2277 2959 2513 3016 antistiti
2534 2958 2676 3029 quod
2702 2967 2881 3014 actum
2910 2968 3048 3013 erat.
3099 2959 3169 3012 At
3195 2959 3306 3027 ipse
3333 2959 3575 3014 modesto

314 3048 416 3103 cis.
441 3065 461 3100 ι
476 3047 751 3117 Egressus
765 3056 944 3103 tamen
967 3047 1184 3102 domum
1200 3054 1315 3113 est,
1327 3045 1523 3103 timore
1538 3047 1772 3104 incendii
1791 3047 1894 3104 du-

314 3145 461 3200 ctus,
501 3144 556 3190 et
575 3136 704 3191 visis
724 3135 1124 3192 ﬂammantibus
1148 3136 1339 3208 globis,
1367 3151 1407 3191 a-
1427 3137 1896 3194 venerabilLGum-

313 3225 520 3296 dulpho
545 3227 797 3297 episcopo
823 3238 880 3284 et
905 3227 974 3282 ab
1002 3227 1191 3284 eodem
1220 3228 1482 3285 Balduino
1505 3237 1692 3286 contra
1719 3230 1895 3301 ignem

313 3316 530 3387 signum
557 3318 756 3383 crucis,
803 3327 985 3373 erecta
1031 3318 1086 3373 in
1131 3318 1299 3374 altum
1331 3319 1544 3385 dextra,
1589 3320 1750 3376 edere
1806 3335 1896 3375 co-

313 3415 470 3462 actus
493 3415 598 3462 est.
623 3406 867 3463 Mirabile
895 3408 1064 3462 dictu.
1089 3407 1204 3463 Non
1229 3408 1378 3479 prius
1399 3423 1618 3464 manum
1640 3410 1895 3465 extende-

316 3504 422 3563 rat,
453 3513 615 3568 quam
643 3497 699 3552 in
720 3512 782 3554 se
815 3499 1119 3554 incendium
1144 3502 1466 3570 retorqueri,
1493 3499 1738 3557 ﬂammas
1763 3502 1893 3558 deli-

313 3604 441 3645 cere
460 3603 736 3657 cerneres,
790 3591 864 3644 ita
916 3600 974 3646 ut
1022 3591 1239 3646 domum
1287 3593 1449 3647 etiam
1497 3608 1657 3663 quam
1701 3608 1892 3650 vorare

313 3689 616 3748 cmperant,
640 3679 951 3735 semiustam
974 3681 1358 3750 relinquerent.

385 3771 440 3824 4.
472 3771 643 3842 Igitur
670 3772 978 3837 Anselums,
1008 3783 1228 3842 propter
1256 3773 1450 3826 multas
1497 3775 1734 3830 rationes
1773 3789 1893 3844 qua:

315 3861 740 3927 intervenerant,
776 3863 1014 3917 nondum
1070 3873 1424 3918 consenserat
1469 3865 1720 3919 elcctioni
1773 3881 1893 3934 quae

310 3953 382 4005 de
408 3967 469 4005 se
508 3951 647 4006 facta
671 3952 849 4024 fuerat
871 3962 936 4006 ut
963 3953 1204 4022 pontifex.
1233 3952 1414 4019 ﬁeret;
1467 3955 1561 4008 sed
1590 3963 1769 4010 tamen
1792 3957 1889 4011 de-

313 4042 522 4096 tinente
548 4041 694 4095 illum
725 4058 848 4112 rege
877 4042 1190 4097 morabatur
1212 4044 1264 4099 in
1294 4045 1504 4115 Anglia,
1531 4056 1890 4103 conversante

311 4149 437 4187 cum
463 4147 530 4187 eo
555 4147 621 4187 ex
643 4133 798 4203 jussu
825 4135 968 4202 regis
1013 4135 1237 4205 prmfato
1277 4135 1601 4207 Guudulpho
1648 4138 1886 4193 Roffensi

249 4232 253 4235 '
311 4225 594 4296 episcOpo,
618 4225 744 4281 etei
770 4243 888 4296 quae
915 4242 1050 4297 opus
1073 4237 1232 4282 erant
1283 4228 1641 4284 ministrante.
1681 4229 1901 4285 Ablatis

2000 3053 2147 3109 vultu
2177 3095 2194 3121 ,
2255 3061 2541 3122 menteque
2589 3051 2875 3122 tranquilla
2925 3050 3106 3104 statim
3145 3049 3308 3118 jussit
3361 3051 3572 3120 culpant

1999 3144 2226 3217 ignosci,
2252 3154 2306 3200 et
2335 3143 2590 3199 clericum
2632 3143 2698 3198 ad
2728 3155 2822 3196 sua
2881 3141 3110 3195 liberum
3155 3140 3370 3195 dimitti.
3423 3141 3574 3194 T-unc

1998 3237 2086 3293 ille
2109 3238 2211 3292 iter
2235 3239 2372 3306 quod
2418 3236 2561 3290 furto
2590 3242 2844 3305 gravatus
2874 3232 3181 3287 nullatenus
3221 3241 3407 3286 tenere
3433 3229 3570 3285 scie-

1995 3325 2108 3392 bat,
2151 3326 2287 3382 liber
2315 3325 2456 3381 illico
2480 3333 2534 3381 et
2559 3324 2693 3378 nihil
2717 3324 2974 3379 hmsitans
3025 3323 3303 3393 ingressus
3351 3321 3591 3392 agebat...

2064 3416 2118 3472 6.
2153 3417 2281 3472 Post
2306 3417 2439 3483 lucc,
2477 3414 2665 3486 paucis
2700 3413 2890 3469 diebus
2940 3413 3294 3484 interpositis,
3350 3413 3571 3466 manda-

1999 3519 2088 3566 tur
2109 3509 2175 3564 ad
2211 3509 2416 3564 curiam
2444 3509 2525 3563 ire
2551 3506 2858 3570 Anselmus,
2889 3521 3068 3576 regem
3117 3521 3267 3560 mare
3316 3505 3570 3560 transitu-

1997 3616 2115 3656 rum
2141 3616 2236 3655 sua
2283 3599 2665 3655 benedictione
2713 3607 3120 3669 prosecuturus.
3169 3596 3269 3664 Qui
3312 3597 3588 3651 transitus.

1996 3691 2121 3745 dum
2153 3699 2313 3745 vento
2335 3691 2586 3746 obstante
2608 3687 2873 3756 dill‘ertur,
2897 3686 3184 3743 Anselmus
3203 3695 3565 3757 opportunum

1994 3795 2052 3834 se
2083 3790 2294 3849 tempus
2319 3788 2536 3832 nactum
2571 3778 2904 3844 existimans,
2931 3791 3112 3848 regem
3165 3791 3264 3846 pro
3308 3775 3562 3830 ecclesia-

1995 3887 2114 3925 rum
2142 3885 2261 3938 quae
2289 3871 2354 3924 de
2379 3870 2466 3925 die
2501 3869 2554 3924 in
2583 3868 2724 3923 diem
2752 3867 3166 3922 destruebantur
3213 3867 3563 3930 relevatione,

1997 3975 2096 4028 pro
2116 3959 2439 4013 Christiana:
2484 3957 2620 4028 legis
2649 3971 2768 4025 qua:
2811 3956 2863 4008 in
2907 3955 3089 4010 multis
3131 3955 3436 4010 violabatur
3479 3971 3566 4010 rev

1993 4052 2301 4116 novatione,
2324 4066 2421 4120 pro
2448 4049 2780 4104 diversorum
2803 4061 3034 4113 morum,
3057 4045 3146 4114 qui
3173 4045 3224 4100 in
3251 4044 3347 4117 [al.
3390 4045 3564 4115 omit.)

1991 4140 2137 4195 omni
2191 4139 2380 4193 ordine
2432 4139 2705 4192 hominum
2759 4135 2996 4205 quotidie
3051 4133 3210 4189 nimis
3253 4149 3564 4204 corrumpe-

1991 4233 2205 4294 bantur,
2237 4230 2571 4286 correctione
2598 4229 2763 4298 cmpit
2813 4226 3176 4297 interpellare,
3217 4242 3336 4297 quae
3382 4227 3562 4282 omnia

313 4323 496 4370 autem
525 4317 592 4370 de
616 4317 796 4372 medio
842 4318 1142 4372 rationibus
1179 4317 1302 4384 illis,
1355 4320 1568 4374 tandem
1604 4329 1726 4390 post
1773 4321 1890 4375 lon-
1923 4323 1969 4381 D
1996 4337 2117 4378 cum
2148 4336 2338 4392 magna
2391 4319 2753 4388 indignatione
2795 4317 3110 4386 suscipiens,
3157 4329 3257 4369 nec
3303 4328 3362 4368 se
3403 4329 3562 4368 causa

311 4425 439 4479 gum
473 4409 1006 4477 temporisspatiunt,
1034 4408 1340 4463 obedientia
1386 4409 1544 4461 simul
1589 4424 1653 4463 ac
1699 4425 1886 4465 neces-

309 4500 475 4554 sitate
500 4500 821 4555 constrictus
851 4499 1144 4564 consensit,
1189 4507 1243 4553 et
1291 4498 1430 4568 prid.
1481 4498 1617 4552 Non.
1676 4499 1888 4554 Decem.

309 4592 497 4647 debito
526 4607 648 4645 cum
675 4592 878 4645 honore
922 4593 992 4644 ab
1039 4592 1294 4645 omnibus
1343 4591 1614 4660 episcopis
1661 4592 1886 4662 Angliae.

311 4681 625 4736 Cantuarize
683 4689 1031 4735 consecratus
1079 4689 1181 4734 est.
1227 4681 1280 4734 In
1328 4695 1432 4749 qua
1482 4683 1890 4737 consecratione

311 4772 620 4841 evangelica
645 4771 731 4825 illa
763 4771 1027 4826 sententia
1057 4785 1220 4840 super
1245 4787 1366 4826 eum
1399 4783 1609 4841 reperta
1633 4784 1712 4828 est
1741 4791 1753 4826 :
1791 4773 1890 4827 Vo-

309 4863 445 4916 coni!
477 4862 664 4916 mullos
693 4878 710 4915 :
741 4861 805 4914 Et
826 4862 963 4914 misit
985 4878 1186 4915 servum
1213 4877 1366 4915 suum
1395 4863 1526 4916 hora
1551 4881 1706 4918 corna:
1721 4866 1889 4918 dicere

309 4951 542 5004 invitatis
570 4961 624 5004 ut
655 4951 1055 5019 venirent,quia
1076 4950 1192 5018 jam
1218 4961 1406 5020 parata
1438 4963 1560 5005 sunt
1582 4954 1779 5007 omnia.
1820 4952 1888 5006 Et

309 5051 571 5110 creperum
597 5039 752 5094 simul
775 5056 950 5094 omnes
981 5056 1230 5093 excusare
1273 5040 1487 5109 (Matth.
1522 5058 1654 5106 χχιι,
1677 5044 1754 5112 5),
1788 5043 1888 5099 De-

311 5131 439 5185 hinc
465 5145 586 5184 cum
616 5145 674 5184 se
700 5129 867 5199 regali
892 5130 1056 5184 curiae
1085 5129 1135 5182 in
1160 5128 1455 5185 Nativitatc
1515 5132 1726 5186 Domini
1757 5132 1884 5188 Jesu

308 5229 714 5291 prtesentasset,
739 5226 794 5273 et
822 5219 1116 5273 honorifice
1142 5234 1172 5272 a
1197 5233 1323 5290 rege
1348 5231 1652 5291 susceptus,
1683 5223 1886 5289 primos

310 5324 424 5363 tres
450 5309 567 5362 dies
595 5306 904 5362 festivitatis
928 5307 1070 5362 circa
1094 5322 1272 5378 regem
1318 5308 1473 5364 laetus
1524 5308 1642 5381 [al.,
1667 5309 1884 5382 ductus]

309 5399 694 5468 transegisset;
745 5410 904 5470 post,
959 5404 1212 5460 instinctu
1257 5405 1454 5461 diaboli
1503 5407 1886 5477 hominumque

307 5491 575 5547 malorum
609 5503 846 5550 mutatus
870 5503 953 5550 est
975 5496 1187 5550 animus
1217 5496 1360 5565 regis
1398 5504 1584 5550 contra
1627 5511 1772 5564 eum,
1819 5514 1885 5554 eo

307 5583 453 5653 quod
481 5584 596 5656 ipse
625 5586 865 5658 spoliatis
895 5587 1206 5644 hominibus
1228 5589 1340 5644 suis
1379 5587 1523 5643 mille
1577 5588 1742 5645 libras
1791 5591 1880 5647 dc-

1997 4411 2138 4464 illius
2168 4411 2456 4479 quidquam
2481 4409 2547 4462 de
2572 4406 2820 4461 omnibus
2844 4414 3088 4460 acturum
3127 4405 3240 4459 fore
3261 4411 3566 4473 protestans

1997 4501 2264 4554 hominem
2301 4499 2594 4560 discedere,
2640 4512 2740 4551 nec
2768 4511 2827 4550 sc
2857 4495 3324 4550 transfretaturum
3365 4496 3594 4571 diutius‘

1996 4589 2068 4645 ibi
2102 4597 2417 4658 exspectare
2448 4588 2617 4641 iratus
2645 4585 2916 4655 praecepit.

2064 4681 2115 4734 7.
2138 4679 2501 4736 Considerans
2542 4677 2828 4732 Anselmus
2869 4686 2990 4745 post
3043 4677 3154 4730 lucc
3195 4677 3323 4744 quid
3367 4676 3564 4745 quietis

1993 4770 2311 4844 perdiderit,
2338 4769 2468 4839 quid
2492 4768 2692 4824 laboris
2725 4768 3011 4828 invenerit.
3041 4768 3296 4822 anxiatus
3316 4775 3399 4821 est
3446 4767 3558 4835 spi-

1993 4862 2200 4927 ritu,et
2243 4858 2548 4913 vehementi
2614 4857 2795 4913 dolore
2837 4857 3076 4912 attritus.
3129 4857 3367 4911 Ducebat
3416 4857 3560 4911 enim

1990 4961 2116 5008 ante
2145 4949 2332 5006 oculos
2357 4964 2468 5004 suae
2499 4950 2690 5005 mentis
2721 4949 2936 5019 qualem
2969 4950 3021 5002 in
3046 4949 3284 5019 prioratu
3317 4957 3370 5002 et
3391 4949 3561 5003 abba-

1990 5039 2069 5097 tia
2094 5041 2302 5111 positus
2328 5040 2492 5094 vitam
2511 5054 2668 5110 agere
2683 5039 2910 5102 solebat,
2926 5054 3086 5109 quam
3101 5039 3304 5094 scilicet
3320 5039 3557 5108 jucunde

1988 5130 2042 5184 in
2080 5130 2171 5186 Dei
2198 5137 2254 5184 et
2278 5129 2510 5198 proximi
2536 5129 2803 5184 charitatc
2846 5129 3156 5197 quiescebat
3203 5144 3269 5182 ac
3318 5126 3552 5182 delecta-

1987 5221 2168 5284 batur,
2191 5236 2350 5290 quant
2382 5220 2570 5274 devote
2598 5218 2762 5274 verba
2794 5219 2916 5273 vita:
2942 5219 3164 5288 loquens
3193 5211 3261 5270 ab
3304 5215 3556 5272 omnibus

1987 5313 2327 5376 audiebatur,
2350 5326 2511 5380 quam
2531 5310 2776 5365 devotius
2802 5310 2870 5364 ad
2905 5324 3035 5374 suae,
3065 5316 3123 5362 ut
3151 5309 3422 5377 sperabat,
3453 5323 3551 5364 cu-

1985 5403 2186 5457 mulum
2238 5401 2626 5466 retributionis,
2676 5414 2795 5469 quze
2841 5399 3070 5463 dicebat,
3121 5413 3283 5467 opere
3330 5414 3555 5454 exerce-

1985 5502 2178 5554 bantur
2211 5517 2223 5553 :
2250 5506 2303 5554 et
2324 5513 2466 5552 nunc
2494 5512 2524 5552 e
2555 5512 2812 5553 converso
2839 5512 2958 5549 cum
2990 5496 3042 5549 in
3068 5497 3259 5551 melius
3292 5513 3389 5567 per
3438 5497 3550 5566 epi-

1985 5601 2260 5664 scopatum
2293 5591 2554 5662 proficere
2586 5589 2850 5655 debuerit,
2881 5603 3006 5645 ecce
3037 5589 3120 5644 dic
3173 5605 3235 5646 ac
3283 5599 3440 5644 nocte
3499 5589 3564 5640 iu
