3882 6050
326 214 393 264 ες
1395 216 1450 269 S.
1490 215 1792 269 ANSELMI’
1825 211 2180 269 CANTUAB.
2222 210 2539 267 ARCﬂlEP.
2786 223 2794 230 '
3511 215 3576 274 8-5

322 331 672 385 saecularibus
701 333 953 387 laborans
979 333 1196 387 videbat
1242 349 1304 388 sc
1349 334 1470 406 [at.,
1502 335 1571 406 si]
1622 351 1722 390 nec
1780 335 1888 390 Deo
1916 339 1963 394 Α
1990 344 2089 398 ret,
2132 334 2378 388 homines
2419 334 2498 387 sui
2539 349 2604 386 cr
2653 333 2974 387 advectione
3012 333 3330 388 victnalium
3381 336 3578 405 oppido

324 436 423 476 nec
461 422 708 491 proximo
735 423 1028 477 secundum
1062 422 1228 477 Deum
1246 423 1398 491 juxta
1449 425 1736 495 pristinum
1777 441 1892 481 mo-

322 526 434 564 rem
463 512 742 566 intendere
790 527 966 581 posse,
999 528 1100 567 nec
1125 513 1259 568 adeo
1307 512 1426 585 {al.,
1456 530 1484 566 a
1520 514 1654 586 Deo]
1697 531 1887 586 quem-

315 617 482 668 quam
512 616 575 654 ex
607 616 701 656 ore
724 617 821 656 suo
852 601 1072 655 verbum
1098 603 1221 656 vita:
1250 604 1396 672 quod
1449 603 1599 658 facto
1619 605 1886 676 impleret,

314 693 376 745 .ul
411 707 542 757 suae,
575 701 634 746 ut
676 693 976 761 reputabat,
1013 692 1394 748 detrimentum
1449 697 1734 760 mercedis,
1789 711 1888 752 au-

309 783 424 836 dire
461 780 614 835 velle.
647 781 1000 835 Accesserant
1022 781 1138 836 istis
1161 783 1212 836 in
1242 793 1589 851 augmentum
1622 785 1748 839 mali
1783 786 1886 851 sui,

307 870 559 924 crudeles
593 869 713 940 [al.,
747 869 979 942 crebrae]
1009 887 1231 925 suorum
1280 873 1556 927 hominum
1591 875 1892 944 oppressio-

308 974 402 1012 nes
431 960 668 1028 quotidie
695 961 915 1014 auribus
939 963 1055 1030 ejus
1080 961 1409 1027 insonantes,
1433 973 1486 1017 et
1515 966 1678 1020 mina:
1725 966 1886 1020 mali—

310 1050 592 1115 gnantiuin
617 1049 884 1103 deteriora
941 1051 994 1103 in
1044 1059 1318 1119 posterum
1369 1053 1732 1124 pollicentium
1782 1057 1886 1109 cir-

311 1151 654 1207 enniquaque
679 1140 998 1194 detonantes
1026 1157 1039 1193 :
1067 1140 1342 1196 sciebatur
1359 1143 1477 1214 [al.,
1495 1145 1723 1216 sciebat]
1742 1146 1885 1200 enim

315 1228 514 1296 regiam
547 1239 780 1284 mentem
807 1240 995 1285 contra
1027 1246 1148 1285 eum
1194 1235 1242 1284 in
1278 1249 1510 1288 amorem
1557 1236 1884 1291 concitatam

309 1333 458 1381 esse;
497 1331 550 1373 et
576 1321 646 1374 ob
670 1323 768 1375 hoc
796 1322 1024 1392 quisque
1048 1324 1220 1377 malus
1255 1326 1470 1379 beatum
1504 1342 1562 1382 se
1609 1325 1725 1381 fore
1769 1342 1890 1383 crc-

313 1410 493 1474 dcbat,
526 1413 570 1466 si
598 1414 742 1481 quod
791 1413 939 1468 illum
991 1426 1340 1485 exasperaret
1385 1417 1493 1471 ullo
1541 1418 1757 1486 ingenio
1811 1419 1886 1472 fa-

314 1515 436 1556 cere
468 1516 669 1572 posset.
704 1505 882 1560 Multis
933 1507 1115 1576 itaque
1171 1523 1232 1562 ac
1279 1509 1507 1562 diversis
1567 1509 1882 1578 injuriarum

314 1592 562 1656 procellis
583 1593 934 1663 fatigabatur,
971 1606 1024 1650 et
1077 1597 1222 1650 nulla
1280 1598 1480 1652 terreni
1529 1599 1751 1653 honoris
1800 1601 1883 1655 vel

1993 433 2371 493 gravarentur;
2404 433 2456 478 et
2480 423 2695 491 insuper
2715 437 2744 474 a
2768 423 3074 491 praepositis
3119 421 3237 494 [ιιι.
3271 423 3579 498 appositis],

1992 525 2053 570 ut
2081 529 2226 584 saepe
2250 515 2620 583 contingebat,
2669 514 2854 568 multis
2898 521 2966 568 ex’
3010 516 3191 570 causis
3245 518 3486 586 oppressi
3531 520 3580 572 si

1992 622 2150 677 quem
2175 605 2592 676 interpellarent,
2625 619 2902 674 nunquam
2928 614 3248 673 praesentem
3295 606 3578 672 haberent;

1991 697 2168 766 magis
2187 711 2251 751 ac
2279 698 2451 766 magis
2495 694 2739 763 oppressi
2774 693 2826 747 in
2861 693 3282 748 destructionem
3333 693 3580 751 fumlitus

1992 787 2154 842 irent.
2187 785 2342 840 Nullo
2372 795 2555 839 tamen
2576 785 2696 840 loco
2726 785 2808 838 vel
2834 794 3077 853 tempore
3104 784 3223 838 sine
3249 784 3361 839 suis
3391 798 3578 838 mona-
3627 809 3630 813 -

1990 881 2106 936 cbis
2133 888 2188 933 et
2213 870 2426 934 clericis
2445 886 2581 932 erat.
2617 877 2709 932 His
2739 878 3005 932 duntaxat
3047 875 3312 944 exceptis,
3367 876 3459 945 qui
3507 877 3580 929 ad

1990 985 2112 1024 cum
2142 983 2210 1023 ex
2240 967 2468 1022 diversis
2498 967 2629 1022 locis
2657 965 2990 1020 conﬂuentes
3017 979 3143 1018 raro
3168 964 3417 1018 deerant.
3443 963 3578 1019 0m-

1990 1074 2087 1114 nes
2111 1057 2314 1114 etenim
2342 1057 2411 1110 ad
2439 1070 2497 1112 se
2524 1056 2802 1110 venientes
2822 1053 2966 1108 dulci
3005 1052 3288 1107 alacritate
3314 1053 3576 1122 suscipie-

1988 1149 2101 1212 bat,
2139 1155 2194 1202 et
2217 1144 2410 1215 cuique
2438 1160 2540 1212 pro
2580 1145 2665 1199 sui
2712 1143 2911 1214 negotii
2965 1141 3226 1210 qualitate
3284 1140 3577 1196 etiicacitcr

1990 1237 2367 1307 respondebat.
2401 1233 2630 1289 Videres
2668 1233 2932 1302 siquidem
2987 1232 3124 1286 istos
3167 1229 3578 1297 Scripturarum

1988 1327 2271 1384 sententiis
2317 1341 2382 1380 ac
2437 1325 2831 1394 quaestionibus
2877 1322 3146 1377 involutos
3197 1337 3341 1375 mox'
3367 1321 3577 1375 ratione

1986 1419 2259 1490 preposita
2288 1419 2356 1474 ab
2377 1432 2442 1472 eo
2475 1417 2676 1479 evolvi,
2711 1417 2845 1471 istos
2872 1416 2928 1470 in
2953 1429 3161 1469 morum
3210 1413 3333 1485 [al.,
3390 1413 3570 1468 mino-

1988 1510 2129 1582 rum]
2156 1510 2483 1566 discretione
2530 1518 2782 1564 nutantes
2826 1523 2933 1563 non
2994 1507 3212 1576 segnius
3264 1506 3572 1572 informari,

1989 1602 2106 1657 illos
2129 1602 2488 1657 necessarium
2528 1615 2708 1655 rerum
2741 1599 3001 1654 tenuitate
3047 1598 3374 1662 laborantes,
3426 1598 3570 1652 datis

312 1683 581 1736 commodi
627 1684 895 1739 suavitate
921 1727 936 1750 ,
970 1686 1110 1741 unde
1159 1686 1586 1742 consolationem
1632 1688 1879 1755 haberet,
1915 1671 1960 1725 Β
1984 1693 2178 1763 quibus
2214 1707 2354 1762 opus
2371 1690 2662 1756 habebant,
2693 1690 2764 1744 ab
2805 1688 2982 1758 inopia
3019 1686 3269 1742 relevari.
3320 1687 3432 1742 Nec
3463 1687 3566 1742 ista

309 1769 608 1827 fovebatur.

379 1866 434 1922 8.
477 1867 697 1933 Verum,
721 1868 867 1923 salva
896 1869 948 1923 in
995 1870 1245 1925 omnibus
1273 1879 1326 1925 et
1363 1870 1430 1924 ad
1488 1886 1676 1927 omnes
1726 1872 1882 1951 inno-

309 1957 486 2010 centia
517 1972 627 2012 sua:
657 1959 1000 2013 conscientia:
1024 1958 1144 2031 [nl.,
1177 1960 1524 2015 conscientia:
1571 1976 1682 2016 suae
1732 1962 1881 2030 puri-

309 2045 463 2116 tate],
505 2047 776 2101 modicum
807 2049 1114 2116 respirabat
1166 2049 1235 2104 ab
1297 2050 1403 2116 his,
1452 2059 1507 2104 et
1553 2064 1880 2121 magnopere

310 2137 714 2206 consolabatur,
777 2141 822 2194 si
856 2142 1073 2210 quando
1121 2157 1179 2197 se
1209 2143 1596 2197 monachorum
1643 2142 1879 2198 claustro

308 2227 528 2294 inferre,
562 2238 618 2284 et
642 2245 761 2298 qua:
799 2230 1068 2288 institutio
1117 2233 1242 2288 vitae
1296 2234 1535 2303 ipsorum
1567 2237 1874 2304 expetebat,

304 2334 490 2374 coram
517 2321 596 2376 eis
620 2321 773 2376 eil‘ari
815 2324 1051 2379 valebat.
1112 2323 1264 2391 Quod
1325 2327 1440 2396 ipse
1485 2329 1714 2396 quadam
1760 2331 1878 2385 vice

305 2411 538 2480 capitulo
564 2429 749 2468 eorum
772 2415 1090 2484 praesidens,
1117 2425 1172 2470 et
1208 2431 1274 2470 ex
1299 2432 1448 2471 more
1483 2419 1549 2471 de
1573 2419 1874 2487 bujnsmodi

305 2499 525 2554 liberius
549 2515 714 2571 agens
739 2542 753 2566 ,
812 2503 1022 2557 dicendi
1049 2502 1156 2558 [ine
1199 2503 1486 2573 completo,
1525 2505 1756 2574 jucunda
1793 2508 1876 2562 hi-

303 2590 516 2646 laritate
547 2591 1016 2660 alludens,jocosa
1063 2595 1469 2664 comparatione
1501 2597 1750 2661 innotuit,
1795 2599 1875 2652 di.

302 2695 433 2736 cens
463 2700 477 2734 :
517 2683 701 2738 «Sicut
729 2684 888 2747 bubo,
921 2685 1046 2739 dum
1075 2685 1130 2741 in
1158 2699 1389 2741 caverna
1421 2703 1546 2742 cum
1568 2687 1726 2758 pullis
1762 2691 1874 2746 suis

301 2781 404 2833 est,
434 2763 664 2837 ltetatur,
687 2783 742 2828 et
767 2790 863 2830 suo
893 2775 996 2830 sibi
1022 2776 1180 2832 modo
1225 2777 1362 2832 bene
1413 2787 1522 2842 est;
1581 2779 1705 2833 dum
1743 2795 1876 2836 vero

209 2878 220 2886 -·
300 2861 444 2918 inter
469 2878 661 2920 corvos
687 2875 779 2920 aut
803 2866 1110 2923 corniculas
1134 2883 1229 2924 seu
1253 2868 1387 2924 alias
1413 2883 1540 2924 aves
1557 2870 1668 2935 det,
1692 2871 1874 2925 incur-

1984 1784 2205 1854 largitas
2250 1783 2584 1838 solummodo
2651 1780 3042 1835 monachorum
3098 1793 3193 1833 seu
3238 1778 3566 1833 clericorum

1981 1874 2260 1945 penuriam
2287 1872 2624 1933 sublevabat,
2664 1873 2756 1925 sed
2813 1878 2868 1924 et
2912 1870 2964 1923 in
3002 1883 3246 1939 quosque
3288 1869 3455 1924 laicos
3499 1883 3564 1923 ca

1981 1963 2282 2032 indigentes
2325 1977 2387 2016 ea
2415 1961 2515 2016 sibi
2564 1960 2832 2016 subveniri
2867 1969 3108 2029 petentes
3141 1974 3236 2029 pro
3289 1973 3465 2029 posse,
3511 1969 3568 2013 ct

1981 2066 2362 2122 nonnunquam
2387 2052 2525 2105 ultra
2555 2065 2711 2120 posse
2738 2050 2810 2120 pii
2845 2049 3023 2104 Patris
3044 2051 3392 2105 redundabat.

2050 2142 2137 2197 t0.
2171 2142 2396 2210 Quoties
2421 2150 2604 2196 autem
2633 2141 3007 2212 opportunitas
3032 2155 3154 2195 sese
3184 2141 3482 2209 prtebebat,
3508 2140 3562 2194 in

1979 2238 2322 2295 meliorem
2355 2249 2587 2290 camerae
2631 2248 2744 2287 sua
2769 2233 2958 2288 locum
2987 2232 3258 2299 secedere,
3310 2231 3566 2301 solusque

1978 2327 2293 2383 etelestibus
2315 2327 2510 2381 studiis
2535 2332 2895 2380 consueverat
2918 2324 3202 2379 inhmrere.
3240 2322 3391 2379 Unde
3433 2324 3564 2379 ﬁdei

1976 2417 2296 2472 Christiana:
2328 2416 2444 2472 zelo
2488 2424 2794 2472 commotus
2837 2415 3114 2486 egregium
3159 2423 3216 2469 et
3271 2428 3367 2484 pro
3413 2415 3560 2471 illius

1978 2509 2236 2574 temporis
2259 2515 2398 2563 statu
2421 2507 2879 2579 pernecessarium
2906 2521 3060 2576 opus
3081 2506 3158 2558 De
3176 2504 3569 2576 Iurat-natione.

1990 2597 2144 2652 Verbi
2167 2597 2486 2668 composuit.
2516 2596 2672 2663 Quod
2691 2611 2827 2666 opus
2849 2595 3126 2665 epistulari
3152 2594 3291 2666 stle
3313 2583 3574 2650 conseri?

1975 2699 2124 2762 ptum
2154 2731 2170 2756 ,
2219 2689 2514 2745 venerabili
2572 2689 2795 2745 Urbano
2841 2697 3047 2744 saneta:
3092 2689 3249 2743 Rom.
3303 2688 3558 2744 Ecclesia:

1975 2796 2188 2837 summo
2208 2781 2448 2850 pontiﬁci
2479 2781 2699 2844 dicavit,
2725 2781 3035 2836 destinavit.
3103 2780 3256 2849 Quod
3291 2782 3379 2838 ille
3432 2798 3556 2853 gra-

1976 2871 2113 2926 tiose
2143 2871 2468 2941 suscipiens,
2499 2884 2562 2924 ac
2597 2870 2895 2926 invincibili
2921 2871 3164 2926 veritatis
3192 2873 3400 2927 ratione
3425 2874 3554 2928 sub.

300 2965 455 3009 satur
481 2972 544 3011 ac
573 2958 883 3024 dilaniatur,
933 2962 1152 3017 omnino
1181 2977 1398 3031 quoque
1441 2962 1544 3018 sibi
1579 2963 1720 3019 male
1758 2972 1864 3030 est;
1897 3002 1942 3065 Ο
1977 2962 2164 3016 nixum
2199 2959 2530 3030 intelligens,
2580 2960 2630 3014 in
2659 2970 2804 3015 tanta
2855 2962 3182 3026 auctoritate
3237 2963 3447 3028 habuit,
3494 2972 3554 3017 ut

301 3046 373 3099 ita
409 3057 464 3101 et
487 3049 637 3103 mihi.
661 3049 888 3116 Quando
914 3053 1058 3105 enim
1083 3052 1357 3106 vobiscum
1388 3068 1527 3119 sum,
1558 3055 1691 3109 bene
1737 3055 1865 3108 mihi

297 3149 398 3202 est,
443 3151 497 3193 et
535 3151 686 3210 grata
743 3158 808 3198 ac
855 3144 1144 3215 singularis
1194 3146 1317 3201 vita:
1377 3162 1508 3201 mea:
1551 3147 1868 3202 consolatio.

298 3230 522 3296 Quando
548 3248 696 3297 vero,
730 3243 968 3289 remotus
991 3251 1018 3288 a
1044 3236 1215 3302 vobis,
1252 3237 1395 3290 inter
1425 3236 1712 3292 smculares
1740 3253 1869 3292 con-

297 3336 505 3386 versor,
531 3322 656 3377 hinc
695 3323 819 3379 inde
845 3325 1117 3380 variarum
1165 3343 1254 3382 me
1283 3343 1570 3382 causarum
1620 3329 1868 3384 incursus

297 3412 619 3481 dilacerant,
651 3424 848 3486 etqum
875 3431 979 3472 non
1031 3433 1158 3472 amo
1183 3419 1465 3473 sa-cularia
1517 3422 1728 3490 negotia
1778 3438 1868 3476 ve-

299 3513 446 3557 xant.
475 3504 611 3559 Male
641 3507 802 3576 igitur
829 3508 956 3562 mibi
984 3519 1065 3564 est
1092 3511 1308 3578 quando
1331 3511 1408 3565 sic
1451 3526 1589 3574 sum,
1647 3527 1710 3567 ac
1763 3522 1871 3566 trc-

297 3610 452 3649 mens
480 3597 804 3664 pertimesco
834 3615 900 3653 ne
925 3615 1100 3654 meum
1131 3600 1430 3668 huiusmodi
1475 3617 1596 3657 esse
1623 3612 1868 3671 procreet

301 3685 538 3740 immane
568 3687 906 3757 dispendium
931 3692 1124 3744 anima:
1147 3705 1298 3746 mem.
1323 3711 1341 3743 ι
1375 3693 1454 3746 Ad
1478 3695 1620 3762 quod
1645 3695 1864 3748 verbum

303 3774 429 3828 licet
459 3775 724 3840 alludcns,
757 3787 812 3831 ut
844 3779 971 3840 dixi,
1007 3779 1169 3849 cmpit
1195 3782 1533 3837 amarissime
1557 3782 1690 3838 ﬂens
1740 3785 1868 3837 sub-

299 3865 514 3930 inferre,
537 3877 591 3922 ct
621 3868 694 3922 ait
727 3887 744 3921 :
773 3888 790 3920 ι
813 3868 937 3934 Sed,
962 3857 1164 3939 qui-so,
1181 3873 1495 3928 miseremini
1515 3876 1634 3941 mei,
1655 3876 1866 3929 misere-

297 3957 425 4011 mini
453 3959 572 4024 mei,
595 3958 776 4014 saltem
804 3976 892 4014 vos
914 3963 1069 4015 amici
1095 3964 1215 4030 mei,
1261 3966 1382 4034 quia
1407 3982 1593 4018 manus
1654 3966 1865 4019 Domini

295 4050 460 4117 tetigit
487 4066 566 4103 me
593 4051 716 4121 (Job
744 4067 854 4117 xix,
889 4051 1001 4122 21).
1029 4072 1046 4102 ›
1089 4053 1223 4118 Quia
1277 4069 1405 4124 ergo
1430 4054 1481 4107 in
1510 4054 1600 4107 tali
1635 4069 1863 4109 convcro

295 4141 504 4195 satione
549 4157 871 4210 magnopere
917 4143 1255 4210 repirabat,
1314 4158 1377 4197 ea
1430 4143 1534 4198 sibi
1586 4145 1864 4201 deficiente

296 4231 534 4300 graviter
579 4233 904 4300 suspirabat.
970 4232 1136 4287 Deum
1177 4243 1344 4288 testor
1393 4251 1479 4290 me
1521 4251 1664 4306 saepe
1716 4239 1861 4293 illum

1971 3052 2309 3124 postmodum
2336 3061 2523 3105 contra
2551 3051 2766 3108 Graecos
2794 3053 2852 3107 in
2898 3054 3129 3108 concilio
3157 3053 3378 3108 Barensi
3403 3097 3416 3118 ,
3457 3070 3554 3108 cu-

1965 3144 2054 3214 jus
2078 3159 2176 3198 suo
2211 3143 2331 3197 loco
2355 3143 2558 3197 mentio
2589 3143 2700 3206 ﬁet,
2739 3144 3018 3214 disputans
3046 3145 3170 3199 inde
3221 3146 3391 3200 robur
3435 3161 3548 3200 sua:

1970 3234 2352 3306 disputationis
2379 3243 2703 3299 assumeret,
2749 3244 2803 3289 et
2826 3251 2988 3305 quam
3031 3237 3354 3290 damnabilis
3391 3235 3552 3289 fuerit

1970 3341 2122 3381 error
2151 3339 2338 3380 eorum
2367 3324 2419 3376 in
2441 3322 2564 3388 hoc,
2597 3325 2742 3393 quod
2769 3323 3032 3393 Spiritum
3079 3335 3328 3380 sanetum
3353 3340 3384 3380 a
3415 3325 3562 3380 Filio-

1967 3417 2257 3485 procedere
2282 3417 2566 3486 negabant,
2595 3424 2882 3470 astrueret.

2043 3505 2126 3559 Η.
2161 3505 2269 3559 Sed
2301 3520 2400 3560 nos
2430 3507 2530 3560 ista
2557 3506 3038 3575 praetermittentes
3087 3511 3140 3560 et
3181 3513 3374 3573 emptu!
3425 3503 3551 3576 [al.,

1968 3594 2154 3666 certae]
2179 3595 2478 3650 narrationi
2506 3611 2724 3665 operam
2752 3595 2962 3658 dantes,
2995 3595 3238 3651 dicamus
3268 3597 3412 3664 quod
3435 3595 3550 3663 ipse

1966 3686 2253 3741 Ansclmus
2279 3687 2346 3742 ad
2375 3686 2722 3743 refectionem
2753 3688 2997 3756 corporis
3037 3689 3251 3752 sedens,
3295 3688 3453 3742 modo
3482 3688 3550 3741 de

1967 3790 2120 3830 sacra
2147 3790 2265 3845 qua!
2293 3790 2474 3831 coram
2508 3792 2576 3833 eo
2595 3778 2882 3849 legebatur
2912 3779 3160 3841 lectione,
3215 3779 3438 3832 materia
3477 3779 3560 3833 lo-

1967 3868 2164 3936 quendi
2196 3875 2428 3936 sumpta,
2455 3878 2842 3925 conveseentes
2882 3869 3206 3936 mdiiicabat,
3264 3868 3424 3923 modo
3481 3883 3547 3922 ex

1967 3974 2063 4014 sua
2109 3971 2264 4028 parte
2291 3976 2441 4015 sacra
2471 3962 2636 4015 verba
2667 3961 2978 4015 edisserens
3011 3960 3127 4016 loco
3157 3975 3327 4014 sacra:
3357 3960 3548 4015 lectio.

1967 4049 2051 4104 nis
2081 4044 2428 4119 praesentium
2459 4059 2670 4105 mentes
2707 4050 3027 4115 instruebat,
3061 4051 3225 4105 modo
3249 4052 3317 4104 de
3364 4049 3542 4118 aliqua

1965 4157 2028 4196 re
2052 4142 2166 4195 utili
2193 4142 2273 4197 vel
2301 4142 2608 4197 necessaria
2664 4141 2958 4210 requisitos
2987 4143 3349 4210 requirentem
3403 4140 3551 4210 pari-

1967 4241 2048 4286 ter
2079 4231 2197 4303 [al.,
2223 4233 2456 4304 partem]
2486 4243 2539 4288 et
2567 4233 2916 4288 coaudicntes
2965 4233 3102 4286 mira
3134 4232 3398 4286 suavitate
3423 4234 3556 4284 reti-

296 4321 394 4374 sub
421 4319 664 4374 veritatis
698 4321 1002 4376 testimonio
1031 4322 1244 4377 audisse
1271 4331 1683 4391 protestantem,
1722 4327 1861 4396 quod
1897 4335 1942 4389 Ι)
1967 4323 2165 4377 ciebat.
2192 4319 2360 4392 Hujus
2403 4327 2478 4380 rei
2511 4324 2900 4396 cognoscendae
2943 4325 3140 4395 gratia,
3183 4324 3326 4393 quod
3375 4322 3548 4379 levius

295 4411 547 4466 libentius
581 4411 736 4466 vellet
760 4412 810 4466 in
837 4413 1250 4484 congregatione
1275 4414 1658 4468 monachorum
1711 4417 1860 4484 pueri

295 4503 412 4556 loco
441 4503 583 4556 inter
608 4518 804 4570 pueros
831 4505 930 4558 sub
955 4505 1102 4575 virga
1137 4506 1380 4574 magistri
1441 4520 1658 4574 pavere,
1700 4523 1861 4576 quam

295 4604 390 4657 per
417 4591 736 4658 pastoralem
758 4607 943 4645 curam
967 4593 1062 4646 toti
1089 4591 1636 4662 Britannia‘tirmlatus
1662 4594 1712 4651 in
1737 4611 1864 4650 con-

295 4689 455 4734 ventu
485 4679 800 4749 populorum
827 4682 1098 4736 cathedra:
1121 4683 1416 4751 pontificali
1438 4686 1748 4754 prtesidcre.

363 4769 416 4824 9.
439 4768 603 4824 Forte
625 4771 766 4826 dicet
795 4771 990 4840 aliquis
1027 4787 1042 4826 :
1077 4773 1133 4826 Si
1172 4781 1280 4828 tam
1311 4773 1512 4830 bonum
1541 4787 1648 4832 tam
1669 4777 1862 4847 jucun-

296 4859 420 4915 dum
455 4870 573 4914 erat
603 4861 675 4915 illi
711 4863 956 4919 habitare
976 4880 1097 4918 cum
1122 4867 1424 4933 monachis,
1449 4884 1551 4922 cur
1587 4885 1690 4924 non
1731 4885 1862 4925 con-

297 4950 445 5006 tinue
468 4950 746 5007 habitabat
766 4954 1070 5010 Cantuarizc
1091 4971 1212 5011 cum
1237 4958 1384 5011 suis?
1400 4960 1478 5012 Ad
1501 4961 1642 5028 quod
1657 4976 1756 5030 ego
1774 4979 1786 5013 :
1805 4961 1860 5015 Si

300 5044 400 5099 hoc
423 5045 594 5099 solum
622 5029 720 5099 sibi
746 5046 997 5116 possibile
1021 5057 1182 5109 esset,
1210 5063 1403 5118 magno
1444 5064 1502 5104 se
1524 5029 1860 5105 consolatam

299 5143 588 5202 reputaret.
608 5135 712 5202 Sed
735 5143 785 5188 et
809 5137 909 5191 hoc
925 5139 1117 5207 partim
1133 5139 1362 5192 remotio
1383 5138 1627 5194 villarum
1641 5155 1860 5194 suarum

295 5227 487 5289 partim
523 5240 649 5280 usus
678 5235 733 5280 et
777 5226 1042 5280 institutio
1074 5236 1469 5282 antccessorum
1501 5244 1717 5285 suorum
1760 5230 1855 5302 [(ιΙ.

294 5314 439 5366 omit.
465 5329 514 5381 p.
546 5331 600 5369 u.
630 5330 678 5370 c.
707 5316 742 5370 i.
769 5333 819 5371 a.
846 5315 940 5388 3.],
963 5317 1156 5387 partim
1181 5319 1540 5374 numerositas
1560 5321 1856 5386 hominum,

294 5403 409 5456 sine
427 5403 617 5471 quibus
629 5423 751 5461 cum
766 5422 886 5462 esse
897 5407 1215 5478 pontiﬁcalis
1233 5408 1405 5464 honor
1419 5427 1519 5465 non
1537 5412 1770 5476 sinebat,
1787 5412 1858 5466 illi

296 5491 586 5555 adimebat,
612 5509 841 5565 eumque
863 5513 958 5566 per
981 5497 1131 5552 villas
1157 5513 1284 5554 suas
1309 5498 1386 5553 ire
1408 5515 1470 5554 ac
1497 5502 1624 5556 inibi
1665 5501 1859 5570 degere

298 5581 662 5650 compellebat.
691 5584 953 5640 Przetcrea
979 5589 1020 5641 si
1044 5588 1384 5644 Cantuariam
1411 5591 1620 5645 assidue
1661 5591 1860 5646 incole-

1966 4417 2201 4469 occurrit
2229 4415 2458 4486 exempli
2509 4431 2672 4472 causa
2715 4431 2880 4472 unum
2935 4415 3234 4483 subjiciam,
3283 4431 3386 4470 non
3439 4430 3555 4484 quo

1967 4503 2074 4557 ulla
2109 4507 2366 4562 doctrinm
2395 4507 2510 4576 ejus
2532 4508 2768 4564 ellicacia
2799 4523 2898 4577 per
2917 4507 3018 4562 hoc
3067 4507 3400 4577 designetur,
3451 4509 3545 4562 sed

1968 4600 2025 4644 ut
2051 4592 2101 4645 in
2131 4595 2326 4662 quibus
2356 4597 2534 4664 lingua
2565 4595 2681 4663 ejus
2711 4597 2853 4650 inter
2880 4595 3127 4650 carnales
3172 4596 3360 4665 epulas
3411 4596 3540 4668 [al.,

1966 4683 2246 4753 epistolas]
2288 4685 2491 4738 versari
2517 4685 2673 4738 solita
2704 4684 2884 4750 fuerit,
2926 4683 3198 4754 paulisper
3239 4685 3542 4739 intimetur.

2037 4771 2123 4824 12.
2148 4771 2402 4827 Venit'ad
2421 4788 2548 4826 cum
2569 4774 2799 4842 quadam
2834 4775 2950 4827 vice
2982 4774 3200 4842 quidam
3253 4789 3319 4828 ex
3371 4789 3546 4828 szecu-

1965 4858 2062 4912 lari
2101 4860 2208 4913 vita
2256 4863 2554 4916 monachus
2610 4861 2805 4926 factus,
2860 4864 3144 4918 consilium
3199 4864 3266 4918 de
3301 4866 3407 4919 vita
3443 4881 3540 4920 sua

1963 4949 2227 5021 ﬂagitans.
2261 4953 2361 5008 llic
2381 4969 2502 5008 cum
2534 4955 2670 5010 alias
2702 4954 3025 5011 familiarius
3050 4959 3098 5011 ei
3148 4959 3361 5014 locutus
3411 4957 3551 5014 [uis-

1963 5052 2064 5106 set,
2099 5044 2237 5099 inter
2266 5045 2636 5111 prandendum
2691 5049 3092 5115 opportunitate
3137 5050 3337 5119 potitus
3381 5048 3545 5117 dixit,

1963 5134 2088 5201 quia
2117 5150 2237 5188 cum
2266 5149 2323 5188 se
2355 5134 2404 5188 in
2439 5135 2685 5190 saeculari
2721 5138 2824 5190 vita
2859 5146 3087 5204 teneret,
3126 5140 3390 5196 intellexit
3431 5155 3544 5195 non

1963 5237 2167 5280 rectum
2195 5225 2356 5282 fuisse
2377 5227 2482 5281 iter
2501 5243 2656 5282 suum
2680 5230 2932 5299 pergendi
2962 5233 3026 5286 ad
3047 5233 3231 5286 vitam.
3263 5251 3284 5283 ‹
3305 5234 3542 5299 Quamo-

1963 5315 2134 5380 brem,
2169 5315 2362 5385 inquit,
2383 5317 2570 5371 relicto
2593 5319 2809 5384 szecnlo,
2828 5321 2953 5374 veni
2978 5321 3046 5375 ad
3071 5323 3314 5376 ordinem
3350 5337 3546 5377 mona-

1962 5404 2209 5468 chorum,
2241 5419 2464 5474 sperans
2487 5420 2571 5460 me
2601 5408 2670 5462 ibi
2704 5422 2864 5476 posse
2885 5410 3097 5477 penitus
3114 5410 3390 5466 intendere
3416 5411 3540 5466 vita:

1963 5496 2264 5563 perennict
2310 5497 2437 5552 Deo.
2481 5497 2618 5554 Ecce
2665 5507 2841 5552 autem
2895 5515 2959 5555 ex
3016 5513 3280 5572 prteccpto
3327 5504 3538 5560 abbatis

1965 5594 2070 5649 mei
2097 5591 2440 5646 siccularibus
2469 5593 2695 5662 negotiis
2727 5592 2970 5659 intendo,
3003 5603 3054 5648 et
3087 5594 3212 5648 dmn
3237 5609 3324 5648 res
3347 5594 3528 5651 Eccle-
