3882 6050
349 159 420 214 85
1341 155 1499 212 VITA
1531 155 1870 243 AUCTORE
1907 157 2257 214 EADMERO.
2291 189 2361 200 --
2395 157 2522 219 LIB.
2566 161 2628 216 ll.
3567 161 3636 216 8t)

355 274 454 328 sine
470 277 666 324 contra
706 269 996 325 saeculares
1045 269 1337 328 defendere
1383 272 1634 343 tuerique
1677 274 1948 338 desidero,
1984 291 2026 349 Α
2056 275 2308 344 querelae,
2339 276 2557 344 placita,
2603 276 2747 332 lites.
2785 275 3062 330 Custddiat
3097 291 3230 348 ergo
3262 277 3476 346 sapiens
3516 293 3634 332 mo-

353 365 578 437 placito,
609 363 784 435 litigo,
813 378 912 418 nec
943 365 1074 440 mihi
1115 363 1302 419 forsan
1337 380 1552 436 magna:
1592 380 1742 421 cura:
1788 375 1874 421 est
1891 367 1947 420 ‘si

355 458 448 514 alii
479 459 712 528 perdunt
741 461 794 512 in
821 471 940 513 meo
995 457 1167 511 lucro.
1223 456 1570 528 Quapropter
1625 457 1740 512 fere
1785 473 1950 528 cogor

354 551 672 619 desperare,
701 550 826 604 dum
853 563 922 604 ea
970 565 1090 618 qum
1127 549 1319 618 reliqui
1351 565 1476 604 cum
1503 557 1580 604 tot
1605 549 1844 618 peccatis
1871 551 1950 602 vi-

355 642 488 696 deor
510 641 920 696 administrare.
947 659 964 692 ι
999 641 1080 694 Ad
1103 640 1518 695 luecAusehnus
1543 641 1632 696 tali
1649 643 1749 694 sub
1767 655 1950 696 excin-

355 731 444 802 plo
473 730 792 802 respondit:
824 749 843 782 ‹
868 730 1002 784 Tota
1023 731 1134 786 vita
1158 731 1434 786 hominum
1457 733 1762 804 comparari
1775 739 1952 802 potest

357 820 670 876 molendino
695 835 856 890 super
883 821 1216 890 przccipitem
1245 819 1468 876 ﬂuvium
1519 821 1842 878 conetituto.
1870 821 1952 876 Sit

359 915 522 985 igitur
547 913 602 968 in
635 913 738 968 hoc
760 913 1072 970 molendino
1099 915 1170 968 ad
1199 929 1422 970 planum
1447 915 1686 970 hominis
1740 915 1950 970 malens

357 1003 522 1068 uiola,
547 1019 658 1074 qua
685 1005 780 1074 qui
816 1004 1028 1058 molunt
1048 1005 1138 1058 alii
1163 1005 1246 1059 sic
1284 1020 1440 1062 suam
1494 1003 1730 1060 farinam
1781 1005 1952 1073 negli-

358 1104 516 1166 gunt,
563 1105 622 1149 ut
681 1103 790 1150 tota
838 1097 888 1150 in
933 1094 1156 1150 ﬂuvium
1215 1095 1434 1150 labatur
1473 1110 1536 1150 ac
1577 1094 1800 1158 deﬂuat,
1858 1095 1948 1150 alii

360 1195 514 1255 parte
538 1194 752 1240 retenta
777 1197 988 1256 partem
1020 1186 1074 1240 in
1107 1201 1352 1255 praeceps
1381 1186 1460 1240 ire
1500 1185 1708 1252 sinant,
1743 1182 1832 1240 alii
1870 1195 1953 1240 to-

361 1287 470 1334 tam
511 1278 770 1348 colligant
799 1287 960 1347 atque
985 1278 1044 1332 in
1072 1293 1172 1332 sua
1193 1277 1436 1332 custodia
1457 1277 1712 1332 condant.
1750 1277 1950 1332 Horum

357 1370 576 1426 scilicet
597 1371 692 1440 qui
719 1369 852 1425 nihil
880 1370 984 1424 sibi
1018 1371 1082 1424 de
1107 1369 1286 1423 farina
1327 1369 1588 1436 servavit,
1619 1369 1748 1438 quid
1779 1369 1835 1424 in
1859 1384 1952 1424 vc-

357 1476 518 1530 spcre
554 1462 808 1516 comedat
829 1476 938 1516 non
968 1461 1206 1516 habebit.
1236 1460 1340 1528 Qui
1367 1475 1556 1530 parum
1579 1459 1826 1525 retinuit,
1855 1473 1952 1529 pro

357 1553 612 1622 portione
637 1569 736 1607 sua
780 1569 970 1623 parum
1015 1553 1271 1608 inveniet.
1330 1551 1431 1620 Qui
1488 1561 1660 1608 totam
1690 1551 1947 1623 collegit,

359 1645 510 1716 large
533 1663 594 1702 se
619 1661 844 1717 pascere
879 1647 1100 1715 poterit.

435 1739 524 1794 13.
591 1759 610 1792 ι
643 1739 828 1808 Itaque
873 1739 1182 1794 molendiuo
1211 1739 1564 1804 assimiietnr,
1591 1747 1648 1792 ιιι
1674 1738 1805 1802 disi,
1839 1738 1946 1792 vita

359 1830 676 1897 hominum;
709 1831 864 1886 mola:
891 1842 1050 1886 actus
1073 1847 1282 1886 eorum.
1313 1831 1452 1886 Nam
1478 1831 1618 1888 sicut
1641 1822 1806 1896 luela,"
1823 1830 1948 1884 dum

359 1922 566 1992 aliiptid
607 1921 780 1986 molit,
812 1922 864 1978 in
915 1923 1144 1978 circuitu
1189 1923 1430 1988 ducitur,
1475 1931 1534 1977 et
1579 1921 1947 1976 circumducta

359 2016 526 2072 simili
557 2031 720 2072 cursu
770 2032 916 2086 ωερε
959 2017 1268 2082 reducitur;
1317 2016 1404 2072 sic
1440 2023 1496 2071 et
1541 2023 1698 2069 actus
1727 2013 1947 2068 humani

361 2107 664 2176 quibusque
711 2106 1044 2176 temporibus
1113 2105 1172 2160 in
1219 2119 1282 2160 se
1343 2111 1714 2160 revertuntur.
1790 2101 1950 2158 Vcr'..i

363 2198 541 2268 gratia
581 2214 594 2250 :
627 2197 808 2252 Arant
828 2197 1096 2260 homines,
1122 2196 1416 2263 seminam,
1457 2203 1689 2260 metunt,
1715 2192 1946 2257 molunt,

361 2289 681 2359 paiiiticant,
711 2289 1022 2344 comedunt.
1049 2286 1126 2342 En
1150 2285 1435 2341 circuitum
1465 2301 1622 2341 suum
1647 2284 1786 2340 mola
1827 2299 1949 2354 pcr-

360 2381 493 2451 egit.
567 2379 792 2436 Ultrane
873 2379 1148 2450 quiescit?
1221 2377 1594 2449 Nequaquam.
1667 2377 1950 2446 Repetitur

359 2475 506 2527 enim
533 2474 788 2544 idipsum.
827 2475 1050 2538 Aratur,
1082 2473 1402 2540 seminatur,
1431 2471 1671 2537 metitur,
1707 2457 1945 2536 malitur,

367 2565 428 2619 tit
457 2549 614 2634 panis
633 2573 687 2620 et
710 2565 1030 2620 comeditur.
1051 2565 1178 2618 llaec
1205 2563 1338 2618 fiunt
1363 2564 1507 2618 omni
1533 2577 1696 2627 anno,
1720 2571 1776 2616 et
1802 2576 1950 2616 more

367 2657 524 2713 mola:
553 2666 844 2712 recurrunt
875 2657 930 2712 in
981 2655 1240 2726 idipsum.
1281 2655 1478 2711 Videas
1505 2669 1636 2724 ergo
1675 2653 1951 2709 hominem

365 2757 562 2802 cuneta
588 2761 754 2816 Opera
795 2761 892 2801 sua
940 2761 1039 2817 pro
1069 2753 1284 2802 terreno
1328 2747 1616 2801 commodo
1640 2743 1946 2810 facientem,

369 2837 504 2892 nihil
551 2839 606 2892 in
641 2839 720 2894 eis
763 2839 865 2894 nisi
921 2838 1295 2893 transitorium
1349 2838 1478 2908 quid
1526 2837 1948 2892 desiderantem.

371 2927 478 2982 l:te
503 2929 770 2996 siquidem
813 2927 969 2983 molit
993 2943 1119 2998 quia
1148 2937 1440 2997 aperatur;
1488 2926 1586 2982 sed
1622 2935 1732 2981 tota
1779 2925 1952 2980 farina

369 3034 492 3081 sua,
527 3019 618 3086 qui
653 3017 864 3074 fructus
900 3026 984 3073 est
1006 3017 1206 3086 operis,
1235 3016 1415 3083 fluvio,
1447 3018 1500 3072 id
1517 3026 1598 3073 est
1624 3034 1656 3072 ει
1685 3015 1828 3071 fluxu
1853 3032 1953 3072 sa:-

369 3109 572 3164 cularis
603 3110 856 3166 desiderii
910 3111 1118 3181 rapitur
1151 3125 1216 3166 ac
1258 3109 1648 3180 praecipitatur.
1703 3107 1802 3164 Hie
1831 3123 1954 3164 cum

371 3203 428 3256 in
474 3201 730 3256 tinevita:
773 3217 884 3256 sua:
939 3201 1306 3257 molendinum
1352 3217 1626 3272 egressus,
1683 3209 1847 3270 atque
1899 3201 1954 3255 in

371 3296 592 3350 dontum
611 3311 767 3350 suam
791 3309 1305 3366 reversus,operurn
1326 3309 1547 3350 suorum
1576 3293 1782 3349 fructus
1806 3309 1958 3348 man.

371 3387 574 3441 ducare
604 3385 864 3451 voluerit,
897 3385 1032 3440 nihil
1062 3385 1322 3451 inveniet,
1355 3399 1422 3440 eo
1454 3385 1596 3456 quod
1621 3383 1812 3439 fluvius
1842 3392 1956 3439 tor-

372 3491 498 3530 rens
530 3485 702 3530 totum
731 3477 1034 3532 absorbuit.
1069 3476 1346 3547 Jejunabit
1373 3491 1524 3546 ergo,
1557 3491 1637 3531 va:
1676 3477 1874 3531 misero
1902 3476 1956 3530 in

369 3579 656 3629 teter-num.
681 3571 774 3625 Est
794 3571 930 3625 alius
954 3573 1043 3640 qui
1075 3587 1228 3626 suam
1249 3586 1354 3626 non
1377 3570 1708 3626 omnimodis
1731 3569 1956 3624 farinam

369 3664 570 3734 perdit,
596 3661 852 3730 quoniam
879 3677 1020 3715 Illittc
1047 3661 1282 3729 aliquam
1305 3676 1408 3730 pro
1429 3661 1538 3716 Deo
1559 3661 1956 3732 eelemosynam

371 3751 520 3818 facit,
549 3765 696 3808 nunc
729 3749 796 3802 ad
826 3749 1108 3805 ecclesiam
1139 3765 1239 3820 pro
1259 3750 1352 3805 Dei
1377 3751 1600 3807 servitio
1621 3751 1784 3818 vadit,
1815 3766 1960 3807 nunc

373 3842 648 3898 infirmum
673 3841 882 3910 visitat,
916 3857 1058 3895 nunc
1105 3851 1377 3897 mortuum
1427 3843 1638 3913 sepelit,
1671 3851 1725 3897 et
1752 3843 1872 3898 aliis
1903 3843 1957 3896 in

373 3935 518 3990 hunc
545 3935 766 3991 modum
796 3935 954 3992 bonis
976 3933 1230 3990 intendit.
1260 3935 1460 3990 Verum
1489 3949 1610 3988 cum
1643 3934 1690 3988 is
1713 3933 1830 4004 ipse
1860 3949 1958 3988 vo-

375 4025 670 4097 luptatibus
685 4029 865 4082 carnis
883 4025 1133 4095 inservit,
1155 4041 1252 4097 pro
1273 4026 1418 4080 illata
1447 4026 1642 4097 injuria
1668 4025 1959 4095 pcrodium

375 4121 548 4184 szevit,
591 4123 844 4176 humanis
872 4123 1122 4177 laudibus
1151 4119 1417 4193 pascitur,
1445 4119 1666 4188 crapula
1695 4129 1748 4174 et
1785 4117 1966 4174 ebrie-

379 4219 488 4266 tate
509 4211 741 4280 sepitur,
767 4212 1072 4282 horumque
1113 4209 1383 4267 similibus
1411 4220 1722 4276 enervatur,
1773 4223 1840 4263 ne
1877 4208 1960 4262 fa-

377 4302 510 4356 rina:
539 4318 664 4372 pars
700 4303 936 4356 maxima
963 4311 1168 4372 pereat,
1211 4314 1558 4371 nequaquam
1593 4307 1790 4352 cautus
1827 4297 1958 4351 invi-
1995 4323 2041 4377 Ι)

376 4391 526 4462 gilat.
566 4391 704 4458 Quid
735 4391 802 4446 de
834 4391 938 4446 isto
964 4392 1070 4447 erit
1099 4393 1154 4447 in
1193 4390 1401 4456 futuro,
1456 4388 1558 4445 nisi
1586 4389 1714 4457 quia
1743 4387 1970 4457 recipiet

379 4499 432 4554 pi
447 4493 538 4538 out
565 4484 774 4554 gessit?

449 4575 538 4629 Η.
575 4595 596 4625 ε
623 4574 742 4629 Jam
767 4575 984 4629 tertium
1007 4589 1177 4645 genus
1195 4574 1249 4629 in
1271 4573 1464 4629 ordine
1477 4569 1967 4628 monachornmat-

381 4668 557 4722 tende.
605 4669 702 4722 Est
731 4667 900 4738 igitur
927 4669 1208 4723 nonachus
1241 4667 1344 4722 sub
1381 4665 1593 4721 abbatis
1627 4665 1706 4721 sui
1737 4663 1972 4735 imperio

381 4759 607 4828 positus,
641 4757 1008 4814 obedientiam
1041 4758 1092 4812 in
1125 4759 1377 4814 omnibus
1399 4771 1518 4826 quae
1547 4757 1648 4813 sibi
1669 4755 1968 4812 secundum

379 4848 548 4902 Deum
569 4846 926 4919 iniunguntur
957 4847 1250 4917 professus,
1286 4863 1382 4902 sua
1421 4856 1683 4917 quantum
1715 4847 1767 4901 in
1792 4861 1850 4902 se
1886 4857 1968 4901 est

381 4940 658 4996 voluntate
707 4955 985 5009 nunquam
1039 4939 1273 4994 claustra
1305 4938 1618 4998 monasterii
1649 4952 1746 5008 pro
1776 4937 1968 5008 quovis

381 5031 630 5087 suculari
675 5031 896 5103 negotio
937 5031 1119 5102 egredi
1143 5030 1346 5086 volens.
1383 5029 1516 5084 lluic
1542 5030 1680 5084 forte
1721 5027 1969 5098 praccipi-

385 5133 474 5176 tur
499 5133 560 5178 ut
601 5131 755 5178 extra
799 5123 1098 5179 claustrum
1153 5127 1224 5177 ad
1273 5119 1682 5178 custodiendam
1733 5117 1967 5187 aliquam

383 5215 644 5271 Ecclesia:
675 5213 858 5269 villam
881 5222 994 5269 cat.
1023 5213 1259 5268 Excusat
1284 5229 1365 5279 se,
1397 5221 1450 5268 et
1477 5225 1544 5266 ne
1577 5213 1670 5264 ﬁat
1693 5211 1965 5264 obsecrat.

381 5306 600 5363 Perstat
631 5307 800 5363 abbas
827 5309 878 5362 in
929 5307 1200 5363 sententia
1236 5319 1358 5374 sua,
1391 5313 1444 5360 et
1466 5321 1562 5375 per
1602 5303 1968 5360 obedientiam

378 5399 536 5469 jubet
591 5401 775 5470 peragi
817 5401 1100 5469 imperata.
1150 5397 1267 5455 Non
1321 5397 1526 5453 audens
1582 5397 1670 5452 ille
1717 5409 1971 5454 recusare

389 5491 512 5562 [_al.,
542 5491 853 5564 excusare].
880 5501 1056 5560 paret.
1089 5489 1228 5545 Ecce
1256 5489 1404 5545 venit
1433 5487 1500 5543 ad
1528 5487 1748 5552 molam,
1785 5501 1970 5542 neces-

389 5580 536 5636 sario
587 5580 737 5636 illum
800 5581 1002 5638 molere
1044 5588 1278 5650 oportet.
1319 5577 1606 5648 lnsurgunt
1662 5577 1788 5632 hinc
1843 5576 1968 5632 inde

2052 368 2258 422 nachns
2286 367 2513 422 farinam
2543 383 2721 434 suam,
2754 383 2984 439 eamque
3013 369 3066 423 in
3089 383 3183 424 vas
3211 385 3368 425 suum
3402 367 3634 441 diligen-

2053 467 2134 511 ter
2185 459 2429 528 recipiat,
2477 473 2544 513 ne
2596 459 2652 512 in
2707 459 2930 513 ﬂuvium
2982 459 3201 514 deﬂuat.
3247 459 3386 527 Quo,
3437 461 3634 530 inquis,

2051 552 2248 619 pacto?
2271 549 2414 604 Nihil
2457 565 2554 620 per
2577 552 2788 605 inanem
2811 551 3128 621 iactantiam
3160 545 3303 623 agat,
3329 553 3463 608 nihil
3494 557 3634 625 quod

2053 639 2196 694 Deus
2225 639 2474 710 prohibet
2521 639 2810 708 cujuslibet
2863 639 3000 694 lucri
3057 641 3229 712 gratia
3263 641 3445 697 faciat.
3492 643 3635 698 0be~

2053 731 2270 786 dientim
2299 747 2420 802 qua:
2455 731 2559 787 sibi
2605 732 2846 802 iniuncta
2881 743 2958 788 est
3003 733 3074 787 ita
3106 735 3341 802 studeat,
3377 743 3434 788 ut
3464 745 3518 789 et
3551 750 3637 791 res

2053 823 2310 878 Ecclesia:
2334 833 2522 878 contra
2556 841 2746 880 omnes
2789 825 3024 879 viriliter
3043 824 3298 896 justeque
3342 833 3552 880 tueatur
3582 835 3636 881 et

2053 925 2321 988 prorogat,
2351 926 2405 970 et
2428 917 2498 970 de
2539 916 2715 971 alieno
2747 933 2842 986 per
2869 917 3185 988 injustitiam
3215 919 3316 972 sub
3339 917 3635 972 dominium

2055 1007 2312 1063 Ecclesia:
2355 1007 2486 1062 nihil
2545 1007 2787 1078 redigere
2836 1017 3059 1080 satagat.
3119 1007 3178 1063 Si
3229 1007 3281 1061 in
3328 1005 3636 1075 huiusmodi

2055 1109 2410 1154 conversatur
2447 1109 2500 1153 et
2531 1100 2684 1166 vivit,
2711 1099 2958 1168 quamvis
2995 1097 3283 1169 aliquando
3313 1111 3411 1168 pro
3440 1097 3637 1152 talibus

2055 1191 2252 1246 missas
2296 1191 2506 1260 perdat,
2553 1203 2942 1259 nonnunquam
2971 1189 3244 1260 loquatur,
3285 1205 3408 1244 cum
3437 1187 3637 1243 fratres

2055 1283 2108 1335 in
2148 1281 2386 1337 claustro
2427 1289 2628 1349 tacent,
2664 1290 2717 1336 et
2747 1281 2995 1350 quaedam
3025 1279 3222 1340 similia
3245 1279 3439 1334 horum
3471 1277 3637 1334 faciat

2055 1369 2137 1423 vel
2177 1369 2437 1434 dimittat,
2487 1383 2608 1438 qua:
2654 1367 2756 1438 ipsi
2800 1383 2898 1423 nec
2949 1369 3154 1430 faciunt
3179 1381 3278 1422 nec
3326 1365 3634 1432 dimittunt;

2055 1461 2377 1516 obedientiae
2397 1461 2593 1526 virtus,
2618 1475 2779 1530 quam
2809 1471 3048 1526 exercet,
3087 1461 3199 1515 hare
3225 1469 3420 1516 cuncta
3445 1475 3636 1516 consu-

2058 1554 2184 1620 mit;
2243 1563 2296 1609 et
2339 1569 2435 1608 vas
2477 1569 2634 1608 suum
2680 1553 2947 1622 integrum
2997 1565 3240 1617 servans,
3290 1551 3521 1606 farinam
3571 1551 3638 1605 de

1987 1641 2028 1696 B
2055 1659 2148 1699 sua
2182 1643 2322 1698 mola
2365 1643 2638 1708 ﬂuentem,
2673 1659 2792 1712 τίπτε
2837 1643 2985 1698 illum
3038 1643 3370 1697 aeternaliter
3427 1652 3638 1713 pascat,

2053 1743 2220 1790 totam
2255 1749 2320 1790 ac
2352 1750 2540 1805 puram
2572 1733 2774 1805 colligit
2817 1741 2978 1803 atque
3019 1735 3284 1789 recondit.
3320 1731 3438 1790 Non
3486 1735 3631 1788 enim

2051 1827 2348 1882 secundum
2403 1839 2622 1880 carnem
2676 1825 2772 1880 sed
2815 1823 3109 1878 secundum
3155 1822 3517 1878 obedientiam
3559 1823 3640 1876 in-

2051 1916 2224 1978 cedit;
2251 1932 2314 1971 ac
2340 1931 2435 1985 per
2457 1917 2580 1986 hoc,
2604 1923 2660 1969 ut
2681 1915 2970 1984 Apostolus
2993 1915 3088 1980 ait,
3122 1913 3254 1968 nihil
3277 1911 3642 1972 damnationis

2053 2005 2126 2062 illi
2157 2006 2456 2078 erit(llom.
2481 2021 2600 2075 vm,
2639 2007 2713 2077 l).
2754 2026 2772 2058 ι

2125 2095 2211 2150 15.
2248 2115 2266 2146 ι
2295 2095 2359 2150 Ει
2386 2095 2518 2166 quid
2538 2099 2604 2152 de
2628 2095 2718 2150 illo
2743 2095 3084 2152 sentiendum
3114 2103 3217 2161 est,
3245 2095 3442 2165 inquit,
3468 2095 3558 2164 qui
3583 2109 3641 2150 se

2053 2184 2198 2240 ultro
2227 2185 2296 2239 ad
2327 2185 2736 2256 dispositionem
2784 2185 3033 2240 villarum
3074 2183 3231 2239 offert
3262 2201 3276 2238 :
3307 2195 3469 2254 atque
3499 2193 3556 2239 ut
3586 2185 3639 2240 id

2051 2275 2198 2344 quod
2215 2274 2364 2344 cupit
2385 2274 2450 2326 ad
2472 2272 2723 2327 effectum
2747 2273 3048 2343 perveniat,
3075 2273 3212 2327 clam
3235 2273 3336 2328 sibi
3363 2273 3640 2342 adjutores

2053 2365 2176 2438 [ut.,
2211 2363 2512 2436 auditores}
2546 2365 2796 2428 advocat,
2823 2379 3048 2418 iniuiera
3081 2364 3386 2434 pollicetur,
3414 2365 3640 2434 gratiam

2051 2456 2310 2527 spondet?
2330 2475 2348 2509 ι
2375 2455 2588 2510 Refert:
2609 2473 2628 2507 ι
2654 2455 2793 2509 Nihil
2823 2455 2926 2510 hoc
2944 2455 3010 2510 ad
3039 2457 3373 2525 propositum
3391 2455 3640 2512 monachi

2049 2549 2303 2619 pertinet.
2325 2567 2350 2600 θ
2371 2546 2460 2601 Ait
2486 2563 2500 2601 :
2531 2566 2550 2600 σ
2569 2545 3081 2615 Quare?Nonnehic
3105 2547 3225 2602 talis
3241 2547 3480 2604 licethoc
3499 2548 3641 2618 quod

2053 2640 2164 2695 dixi
2190 2640 2392 2710 cupiat,
2417 2649 2596 2694 tamen
2658 2639 2778 2694 sine
2805 2638 3022 2694 licentia
3079 2639 3162 2694 sui
3221 2639 3428 2709 praelati
3459 2640 3533 2694 nil
3565 2639 3646 2694 fa-

2051 2746 2176 2786 cere
2205 2731 2408 2786 tentat?
2447 2749 2464 2781 ι
2497 2727 2798 2800 Respondit
2828 2743 2842 2781 :
2887 2747 2906 2780 ε
2931 2725 3174 2783 Licentia
3200 2729 3398 2784 multos
3423 2729 3641 2800 decipit.

2054 2817 2378 2876 Obedientia
2433 2820 2577 2874 enim
2629 2829 2683 2873 et
2729 2817 3094 2872 inobedientia
3148 2819 3424 2874 contraria
3496 2829 3644 2876 sunt.

2055 2911 2260 2967 [larum
2291 2911 2468 2966 media
2499 2911 2722 2966 licentia
2751 2919 2853 2966 est.
2887 2910 2937 2964 ls
2963 2911 3128 2980 igitur
3147 2927 3308 2980 quem
3332 2913 3646 2968 obedientia

2058 3017 2164 3057 non
2211 3002 2544 3072 constringit
2590 3001 2827 3057 claustra
2889 3003 3206 3056 monasterii
3259 3003 3468 3072 egredi,
3529 3003 3644 3057 vult

2059 3103 2244 3148 tamen
2272 3095 2444 3160 exire,
2489 3093 2800 3165 regulaeque
2848 3094 3250 3150 districtionem
3287 3093 3515 3150 licenter
3547 3096 3642 3148 dc-

2057 3183 2281 3249 clinare,
2309 3183 2562 3253 quamvis
2607 3182 2741 3238 nolit
2781 3183 2898 3238 sine
2934 3181 3155 3237 licentia
3207 3183 3264 3238 id
3295 3197 3644 3253 praesumere,

2058 3285 2108 3330 et
2139 3275 2342 3330 idcirco
2378 3287 2557 3330 actum
2603 3291 2760 3330 suum
2821 3275 3036 3331 licentia
3081 3290 3186 3344 qua
3241 3275 3430 3329 nititur
3475 3275 3648 3344 possit

2059 3367 2377 3433 defendere,
2412 3376 2695 3439 peccatum
2730 3376 2910 3423 tamen
2956 3369 3118 3422 balet
3147 3381 3212 3423 ex
3247 3366 3434 3422 illicita
3462 3367 3648 3421 volun-

2062 3469 2192 3517 tate.
2222 3460 2333 3516 Nec
2359 3459 2506 3515 enim
2535 3469 2820 3530 postquam
2849 3470 3096 3514 mortuus
3119 3458 3320 3514 mundo
3352 3457 3648 3513 claustrum

2060 3551 2248 3616 subiit,
2281 3551 2352 3606 ad
2381 3551 2568 3606 mundi
2601 3551 2814 3622 negotia
2844 3550 2934 3606 vel
2965 3551 3242 3605 voluntate
3268 3549 3538 3606 ullatenus
3565 3563 3650 3604 rc-

2061 3643 2176 3698 dire
2196 3642 2400 3697 debuit.
2440 3641 2576 3708 Quia
2621 3651 2800 3696 tamen
2837 3641 3012 3711 ipsum
3053 3641 3194 3696 velle
3241 3656 3397 3696 suum
3431 3639 3648 3694 nonnisi

2060 3732 2360 3804 permissus
2391 3731 2538 3788 facto
2571 3731 2796 3802 implere
2840 3731 3034 3798 voluit,
3057 3731 3364 3787 obedientia
3391 3745 3552 3800 quam
3591 3729 3646 3782 in

2063 3823 2166 3878 hoc
2203 3821 2540 3892 amplexatus
2569 3831 2676 3884 est,
2729 3821 2904 3891 ipsum
2955 3821 3158 3875 factum
3207 3819 3521 3880 excusabit;
3555 3819 3648 3873 sed

2045 3914 2200 3971 ~velle
2225 3913 2372 3984 quod
2400 3921 2590 3968 contra
2621 3912 2988 3966 obedientiam
3015 3911 3222 3976 habuit,
3249 3909 3612 3980 periculosum
3631 3949 3648 3974 ,

2065 4007 2168 4062 nisi
2190 4005 2526 4076 ptenituerit,
2562 4004 2634 4058 illi
2661 4003 2788 4066 erit.
2815 4002 2968 4069 Quod
2999 4001 3242 4057 nonnulli
3269 4002 3448 4056 minus
3475 4011 3622 4056 attcn

2065 4099 2278 4163 dentes,
2309 4097 2553 4163 licentia,
2596 4111 2762 4166 quam
2801 4109 2898 4165 pro
2934 4093 3204 4165 implenda
3249 4091 3526 4149 voluntate
3553 4109 3648 4149 sua

2065 4199 2344 4264 expetunt,
2373 4205 2514 4260 ξιξερο
2537 4188 2822 4244 falluntur.
2847 4205 2867 4239 ι

2139 4285 2225 4339 l6.
2272 4283 2420 4349 llaec,
2454 4291 2510 4336 ut
2555 4282 2690 4347 dixi,
2737 4295 2844 4334 non
2885 4293 2985 4350 pro
3015 4277 3352 4334 ostendenda
3391 4276 3660 4332 doctrinm

2070 4391 2184 4431 sum
2230 4375 2496 4445 qualitate
2537 4371 2817 4443 preposui,
2871 4370 2968 4424 sed
3011 4370 3208 4438 quibus
3269 4369 3414 4422 inter
3464 4367 3652 4435 epulas

2070 4465 2324 4537 occupari
2351 4463 2544 4520 solitus
2569 4471 2712 4526 erat,
2742 4461 2844 4513 levi
2891 4459 3142 4528 exetnplo
3167 4457 3486 4512 uionstravi.
3517 4457 3652 4511 Nam

2071 4559 2118 4612 si
2147 4559 2216 4614 de
2241 4555 2571 4617 humilitate,
2607 4553 2673 4607 de
2715 4551 2994 4622 patientia,
3039 4551 3106 4606 de
3135 4549 3569 4616 mansuetudine,
3601 4559 3656 4603 et

2073 4651 2140 4706 de
2163 4651 2267 4705 hac
2291 4663 2452 4717 quam
2484 4659 2628 4700 nunc
2676 4643 2954 4714 paululum
2999 4643 3148 4714 tetigi
3177 4641 3503 4708 obedientia,
3555 4627 3672 4696 nec'

2073 4755 2182 4796 non
2210 4739 2276 4795 de
2305 4738 2426 4794 aliis
2455 4735 2758 4791 innumeris
2779 4749 2841 4789 ac
2867 4733 3150 4805 profundis
3171 4733 3474 4798 sententiis,
3508 4746 3654 4796 eum,

2073 4841 2132 4888 ut
2157 4831 2384 4903 singulis
2418 4829 2531 4884 fere
2560 4828 2751 4882 diebus
2780 4827 3152 4892 audiebamus,
3183 4825 3538 4882 disserentem
3579 4823 3659 4876 in-

2112 4925 2508 4986 itroducerem,
2547 4921 2692 4975 aliud
2717 4935 2854 4989 opus
2880 4920 3208 4984 cudendum,
3239 4929 3294 4974 et
3319 4917 3460 4988 quod
3495 4931 3656 4970 manu

2073 5017 2338 5073 habemus
2375 5020 2519 5068 esset
2569 5009 3059 5064 intermittcmlum.
3110 5007 3334 5075 Quando
3379 5020 3528 5074 ergo,
3583 5005 3660 5060 ait

2071 5111 2296 5182 aliquis,
2348 5103 2746 5161 manducabat?
2781 5100 3140 5155 Manducabat
3183 5099 3342 5169 plane
3391 5099 3538 5152 inter
3582 5097 3658 5152 lo-

2073 5202 2370 5274 querulum,
2423 5209 2587 5265 parce
2635 5193 2879 5264 quidem,
2911 5200 2965 5245 et
2999 5200 3060 5246 ut
3096 5189 3374 5245 mirareris
3411 5187 3552 5244 unde
3582 5189 3660 5242 vi-

2073 5304 2248 5352 veret.
2273 5293 2666 5349 Verumtamen
2691 5284 2982 5353 fatebatur,
3011 5293 3066 5338 et
3093 5295 3280 5336 verum
3314 5296 3436 5338 esse
3463 5297 3662 5354 cogno-

2073 5389 2272 5452 vimus,
2297 5385 2423 5456 quia
2449 5384 2578 5438 dum
2603 5377 2766 5431 alicui
2795 5376 2966 5446 longae
2986 5375 3334 5446 disputationi
3362 5383 3658 5446 occupatus

2074 5489 2226 5548 erat,
2307 5475 2480 5547 magis
2563 5469 2726 5527 solito
2814 5465 3120 5522 nescienter
3197 5468 3420 5531 edebat,
3504 5465 3661 5521 nobis

2075 5574 2167 5646 qui
2221 5567 2632 5644 prepinquiores
2682 5555 3032 5630 sedebamus,
3097 5563 3344 5620 clanculo
3388 5573 3582 5631 panem
3609 5555 3661 5612 ei
