3882 6054
208 128 275 178 87

1261 126 1317 180 ε.
1359 126 1656 182 ANSELMI
1695 128 2047 185 CANTUAB.
2087 128 2404 186 Ali-CIIIEP.

3389 123 3466 181 8'3

211 248 602 304 nonnunquam
652 233 1211 290 subministranlibns.
1256 243 1390 290 tum
1434 251 1562 290 vero
1585 243 1779 291 absen-
1811 243 1858 298 Α
1887 246 2062 298 dinem
2095 241 2423 298 incurrebat.
2457 239 2628 307 Quam
2659 237 3111 294 consuetudinem
3139 234 3258 305 eius
3285 238 3468 293 edocti

213 329 359 383 tibus
400 327 706 398 hospitibus
731 328 987 398 privatim
1017 343 1136 383 cum
1173 327 1288 382 suis
1317 327 1522 392 ederet,
1554 337 1609 382 et
1639 327 1785 382 nulla

208 421 440 490 quaestio
461 419 760 491 Spiritualis
781 419 1016 489 cujusvis
1040 436 1104 474 cx
1133 429 1283 488 parte
1305 418 1579 489 prodiret,
1613 420 1786 490 praeli-

211 511 337 564 bato
365 510 543 579 potius
567 525 730 580 quam
759 517 972 578 sumpto
1003 509 1124 564 cibo
1149 523 1276 562 mox
1304 509 1574 574 cessabat,
1603 509 1787 566 lectio-

211 599 373 667 nique
407 599 689 654 intendens
727 601 1116 652 manducantes
1149 597 1520 668 exspectabat.
1559 597 1711 664 Quod
1739 601 1782 655 si

207 687 444 758 aliquem
471 697 722 745 cerneret
754 697 848 742 aut
886 703 983 759 pro
1013 689 1094 744 sui
1119 690 1525 760 exspectatione
1555 690 1786 748 celerius

207 791 360 832 come
380 780 600 840 lentem,
626 786 719 831 aut
745 777 884 832 forte
906 778 1087 834 cibum
1121 778 1550 849 relinquentem,
1577 789 1787 836 utrum-

209 883 314 936 que
345 869 728 938 redarguebat,
759 879 816 925 et
863 885 971 940 quo
1001 885 1099 926 suo
1139 874 1426 926 commodo
1453 873 1585 927 nihil
1627 873 1786 928 haesi-

213 966 394 1013 tantes
439 973 658 1026 operam
708 958 926 1023 darent,
963 957 1256 1015 aﬂ'ectuose
1309 961 1653 1017 admonebat.
1683 955 1786 1019 Ubi

207 1056 389 1102 autem
414 1049 623 1119 aliquos
644 1049 762 1120 [al.,
783 1048 940 1122 alios]
956 1051 1186 1107 libenter
1215 1050 1434 1107 edentes
1449 1052 1784 1118 advertebat,

209 1136 410 1193 affabili
442 1139 619 1196 vultus
641 1141 984 1209 jucunditate
1035 1157 1197 1212 super
1239 1157 1334 1198 eos
1381 1142 1694 1213 aspiciebat,
1733 1150 1788 1196 et

206 1228 521 1298 adgaudeus
550 1228 728 1284 levata
761 1229 1034 1284 modicum
1067 1230 1254 1285 dextra
1306 1230 1660 1287 benedicebat
1684 1231 1784 1296 eis,

209 1315 429 1372 dicens:
467 1334 486 1368 ι
510 1315 657 1372 Bene
682 1317 846 1374 faciat
871 1319 1050 1374 vobis!
1073 1340 1092 1372 ι

830 1411 1057 1467 CAPUT
1098 1413 1159 1466 Il.

532 1499 815 1554 Variarum
850 1502 1098 1556 virtutum
1144 1505 1466 1558 exercitatio.

279 1591 366 1645 17.
397 1591 653 1662 Exposito
681 1593 844 1660 igitur
865 1595 1062 1663 quibus
1085 1595 1314 1649 modulis
1333 1594 1623 1650 Anselmus
1646 1596 1788 1650 inter
1821 1578 1862 1632 Β

208 1695 337 1735 suas
359 1685 546 1751 epulas
572 1681 827 1736 delectari
856 1684 1218 1750 consueverit,
1258 1695 1318 1739 ut
1339 1688 1526 1755 paucis
1547 1701 1787 1756 expona-

211 1781 300 1825 tur
323 1773 520 1842 quibus
535 1773 698 1828 etiam
728 1773 846 1828 aliis
864 1774 1014 1830 horis
1038 1775 1359 1843 intenderit,
1377 1787 1617 1846 repetam
1642 1778 1785 1848 quod

208 1861 276 1916 de
319 1877 385 1916 eo
415 1878 501 1917 me
532 1864 781 1933 superius
813 1865 1013 1919 dixisse
1065 1867 1344 1932 recordor,
1393 1867 1645 1921 videlicet
1669 1866 1786 1935 ejus

207 1952 290 2006 ori
319 1967 593 2022 nunquam
625 1954 874 2009 Christus
902 1954 1092 2022 defuit,
1124 1955 1489 2026 sivejustitia,
1521 1956 1602 2010 vel
1634 1956 1786 2026 quid-

207 2047 338 2116 quid
380 2047 454 2102 ad.
479 2063 661 2103 veram
724 2049 890 2102 vitam
944 2049 1195 2117 pertinet.
1249 2048 1527 2119 Omneque
1579 2056 1787 2118 tempus

207 2141 477 2210 perditum
509 2141 572 2194 iri
615 2139 914 2206 asserebat,
965 2141 1107 2210 quod
1159 2141 1318 2196 bonis
1344 2141 1538 2196 studiis
1565 2149 1659 2194 aut
1695 2154 1786 2194 ne-

207 2232 457 2287 cessaria:
483 2231 700 2287 utilitati
729 2246 832 2284 non
862 2233 1151 2286 serviebat.
1181 2231 1401 2300 Opinari
1431 2243 1610 2285 autem
1636 2230 1784 2284 illum

210 2338 368 2379 secus
390 2325 592 2380 vixisse
643 2341 804 2396 quam
857 2326 1085 2380 docebat
1131 2323 1388 2392 proﬁteor
1440 2323 1592 2377 nefas
1642 2338 1782 2378 esse.

207 2411 344 2470 Nam
379 2429 499 2470 cum
535 2415 707 2480 illum,
736 2431 803 2471 ex
833 2431 940 2485 quo
973 2414 1247 2484 religionis
1274 2413 1513 2468 habitum
1559 2415 1786 2482 sumpsit

207 2521 378 2576 usque
400 2506 466 2562 ad
491 2515 796 2577 susceptam
822 2505 1174 2575 pontiﬁcatus
1189 2504 1526 2574 dignitatem,
1543 2507 1784 2559 onmium

208 2595 470 2648 virtutum
520 2595 853 2649 ornamentis
899 2603 1072 2647 ratum
1105 2593 1179 2647 sit
1215 2592 1488 2648 studuisse
1521 2592 1643 2665 [at.,
1680 2593 1786 2648 cla-

212 2682 433 2754 ruisse],
466 2683 716 2753 ipsasque
739 2683 966 2739 virtutes
984 2684 1035 2738 in
1055 2697 1502 2754 quorumeunque
1517 2684 1786 2738 mentibus

207 2781 421 2844 poterat
449 2775 613 2829 verbo
638 2783 690 2829 et
713 2775 961 2846 exemplo
986 2776 1276 2833 inseruisse
1296 2795 1316 2832 ι
1339 2777 1410 2832 ita
1434 2776 1787 2831 nihilominus

208 2874 386 2919 ratum
408 2880 529 2922 esse
542 2867 927 2923 confirmamus
947 2883 1068 2923 eum
1097 2870 1260 2925 totius
1277 2869 1569 2924 Britanniae
1581 2869 1785 2938 prima-

210 2965 321 3012 tem
392 2957 591 3013 factum
649 2960 977 3016 omnimodis
1026 2961 1078 3015 in
1129 2962 1230 3017 hac
1301 2972 1456 3032 parte
1495 2962 1782 3017 claruisse.

211 3048 366 3104 Unde
399 3051 561 3104 etiam
593 3066 691 3121 pro
737 3052 975 3121 ipsarum
1024 3052 1320 3108 indiscreta
1357 3069 1455 3109 ceu
1510 3054 1786 3110 nonnullis

207 3149 264 3196 et
294 3143 423 3197 mihi
453 3159 666 3214 quoque
694 3145 983 3214 aliquando
1011 3145 1183 3200 visum
1207 3154 1292 3201 est
1316 3147 1574 3201 virtutum
1602 3157 1784 3202 custo-

207 3235 294 3288 dia
324 3251 465 3304 saepe
502 3237 882 3306 reprehensus,
918 3247 972 3291 et
1007 3238 1148 3307 quod
1182 3239 1479 3295 monachus
1521 3239 1788 3294 claustra.

209 3328 276 3382 lis
301 3344 462 3397 quam
493 3329 698 3398 primas
725 3338 884 3384 tanta:
930 3333 1106 3401 gentis
1126 3348 1248 3388 esse
1271 3333 1516 3396 deberet,
1537 3332 1787 3408 prejudi-

209 3427 362 3473 catus
400 3428 502 3474 est.
521 3419 633 3474 Hoc
646 3434 744 3489 pro
764 3421 1047 3477 excellenti
1072 3424 1376 3478 humilitate
1402 3423 1534 3492 ejus,
1563 3426 1666 3479 hoc
1689 3439 1786 3493 pro

208 3510 472 3563 immensa
521 3511 777 3580 patientia
828 3509 968 3579 ejus,
997 3513 1098 3567 hoc
1124 3527 1221 3582 pro
1269 3513 1430 3566 nimia
1461 3513 1782 3568 abstinentia

209 3598 326 3667 ejus
377 3601 676 3665 dicebatur,
726 3603 929 3657 dictum
1007 3605 1390 3669 accusabatur,
1469 3614 1783 3659 accusatum

209 3691 588 3746 damnabatur.
647 3692 925 3762 Praecipue
963 3703 1141 3749 tamen
1197 3697 1251 3748 in
1305 3696 1570 3751 servando
1630 3712 1782 3750 man-

206 3783 551 3838 suetudinem
580 3783 980 3840 iudiscretiouis
998 3787 1338 3855 arguebatur,
1369 3787 1620 3856 quoniam
1645 3789 1787 3841 sicut

208 3871 510 3941 apluribus
562 3883 805 3944 putatum
855 3885 960 3940 est,
1008 3876 1158 3930 multi
1218 3891 1354 3946 quos
1407 3877 1784 3932 Ecclesiastica

207 3963 490 4033 disciplina
549 3967 824 4035 corripere
877 3968 1156 4030 debuerat,
1232 3967 1504 4021 intellecta
1570 3967 1786 4022 lenitate

207 4053 343 4121 ejus,
383 4057 434 4110 in
463 4057 577 4112 suis
629 4059 991 4126 pravitatibus
1021 4059 1173 4126 quasi
1229 4057 1372 4111 licite
1399 4058 1779 4126 quiescebant.

209 4145 404 4200 Verum
433 4148 612 4200 audita
659 4163 821 4217 super
875 4149 956 4201 his
1007 4149 1354 4202 excusatione
1380 4164 1498 4212 sua,
1532 4165 1656 4203 nam
1695 4166 1785 4205 ne-

1885 346 2028 401 saepe
2076 333 2220 386 illum
2263 333 2437 402 reipsa
2497 341 2723 402 cogente
2776 332 2841 386 de
2872 331 3049 385 medio
3103 331 3472 386 multitudinis

1886 425 2192 491 eduximus,
2249 433 2726 494 proponentesque
2774 423 2824 478 ei
2880 423 3119 492 aliquam
3158 437 3226 477 ex
3279 423 3468 477 divina

1884 520 2080 590 pagina
2125 522 2478 591 quaestionem
2529 523 2672 576 illico
2716 536 2913 590 corpus
2961 529 3013 575 et
3050 519 3291 574 animum
3321 519 3466 589 ejus.

1887 611 2040 681 quasi
2097 612 2302 668 salubri
2351 613 2596 667 antidoto
2646 613 2999 675 medicatum,
3039 612 3092 666 in
3142 621 3468 667 consuetum

1886 711 2085 758 statum
2127 702 2246 776 [al.,
2281 702 2536 776 stratum]
2569 704 2903 758 reduximus.
2938 703 3251 772 Requisitus
3285 713 3467 758 autem

1887 795 2237 865 quamobrem
2290 795 2373 849 sic
2402 794 2689 850 imbecillis
2739 794 2804 848 ad
2844 794 3131 848 stretilares
3160 809 3354 849 causas
3395 809 3465 847 ac

1886 885 2248 955 pusillanimis
2289 884 2570 950 existeret,
2625 884 2988 955 respondebat
3017 901 3031 938 :
3068 903 3087 936 ι
3117 883 3218 951 Qui
3247 898 3468 939 omnem

1889 973 2010 1045 [at.,
2042 973 2316 1046 omnium]
2341 975 2684 1030 szecularium
2729 991 2910 1030 rerum
2955 989 3194 1030 amorem
3232 989 3294 1030 ac
3338 989 3474 1030 conv

1887 1066 2274 1137 cupiscentiam
2350 1066 2419 1121 ab
2474 1066 2657 1121 animo
2708 1081 2830 1122 meo
2879 1065 3196 1135 jamdudum
3250 1067 3477 1137 pepuli,

1888 1159 2123 1230 qualiter
2151 1160 2202 1214 in
2232 1160 2414 1216 causis
2456 1174 2642 1215 earum
2675 1158 2831 1214 fortis
2855 1168 2904 1213 et
2940 1158 3167 1229 diligens
3197 1158 3469 1214 existant?

1891 1251 2004 1305 lmo
2055 1251 2338 1306 veritatem
2413 1249 2556 1314 dico,
2615 1265 2720 1305 non
2778 1249 3036 1312 mentior,
3077 1249 3202 1318 quia
3249 1249 3468 1318 quando

1891 1343 2006 1412 ipse
2031 1343 2166 1397 mihi
2192 1357 2312 1398 sese
2335 1344 2640 1411 importune
2669 1350 2723 1396 et
2746 1357 2809 1396 ex
2839 1341 3165 1397 necessitate
3192 1342 3466 1410 ingerunt,

1893 1435 1963 1487 ita
1993 1448 2144 1488 mens
2174 1447 2291 1487 mea
2323 1432 2533 1486 illarum
2566 1433 2791 1486 horrore
2835 1431 3165 1494 concutitur,
3218 1430 3358 1484 sicut
3388 1430 3472 1483 in-

1893 1522 2032 1585 fans,
2063 1537 2185 1575 cum
2209 1520 2388 1591 aliqua
2423 1520 2684 1574 terribilis
2714 1520 2892 1590 imago
2923 1519 3096 1574 vultui
3129 1518 3245 1588 ejus
3271 1518 3473 1588 ingeris

1892 1624 1994 1667 tur.
2026 1612 2136 1668 Nec
2158 1613 2209 1666 in
2233 1627 2418 1667 earum
2443 1612 2794 1680 dispositione
2817 1611 2988 1682 magis
3009 1610 3271 1676 delector,
3303 1626 3469 1679 quam

1888 1720 2021 1774 puer
2049 1705 2100 1759 in
2129 1703 2384 1759 uberibus
2413 1703 2601 1758 matris
2631 1702 2953 1768 delectatur,
2977 1704 3104 1757 dum
3129 1702 3236 1756 illis
3267 1702 3465 1756 acerba

1889 1797 2251 1851 amaritudine
2272 1793 2546 1865 superlitis
2561 1795 2882 1849 ablactatur.
2902 1815 2920 1847 ι
2944 1792 3039 1850 His
3054 1793 3470 1849 necessitatibus

1889 1898 2044 1943 actus
2094 1897 2261 1943 totam
2313 1889 2506 1942 domus
2532 1901 2644 1942 sua:
2696 1902 2882 1943 curam
2936 1897 2993 1942 et
3055 1888 3469 1958 dispositionem

1889 1980 2086 2033 domno
2117 1977 2391 2033 Balduino-
2406 1978 2695 2043 monacho,
2727 1978 2881 2048 cujus
2903 1993 3064 2048 supra
3095 1979 3471 2043 meminimus,

1889 2070 2182 2140 imposuit;
2226 2079 2490 2139 quatenus
2536 2070 2604 2126 ad
2659 2080 2846 2124 nutum
2901 2069 3046 2126 illius
3085 2079 3280 2125 cuncta
3335 2083 3474 2140 pons

1888 2163 2096 2226 derent,
2151 2169 2208 2215 et
2251 2169 2456 2215 statuta
2516 2169 2705 2216 contra
2751 2158 2871 2232 [al.,
2928 2160 3110 2233 extra]
3167 2161 3468 2216 ordinatio-

1889 2267 2011 2307 nem
2062 2253 2178 2322 cjus
2216 2252 2368 2306 irrita
2421 2252 2632 2306 fierent.
2689 2252 2857 2322 Igitur
2903 2252 3195 2308 securitate
3237 2253 3477 2322 potitus,

1889 2340 2257 2411 spiritualibus
2310 2340 2611 2410 disciplinis
2642 2349 2695 2395 et
2743 2340 3182 2409 contemplationi
3238 2355 3464 2410 operam

1887 2433 2070 2487 dabaL

1960 2522 2045 2577 l9.
2075 2522 2458 2578 Verumtamen
2481 2522 2707 2578 diversa:
2735 2523 3114 2578 tribulationes
3136 2531 3190 2578 et
3221 2523 3463 2578 anxietas

1889 2625 1990 2680 tes,
2015 2630 2151 2683 quas
2181 2623 2292 2670 tum
2321 2624 2543 2684 propter
2570 2625 2742 2669 terras
2771 2615 3044 2681 Ecclesiae,
3076 2630 3212 2685 quas
3237 2615 3457 2683 quidam

1888 2706 2106 2777 maligni
2162 2707 2377 2775 injuria,
2413 2721 2535 2777 rege
2564 2720 2669 2760 non
2722 2706 3062 2774 prohibente.
3087 2706 3406 2760 invadebant
3431 2723 3455 2768 ς.

1889 2806 2000 2852 tum
2045 2812 2143 2867 pro
2173 2798 2525 2868 pecunarimn
2571 2797 2967 2862 exactionibus,
2999 2812 3120 2866 quae
3151 2806 3319 2853 totmn
3367 2813 3455 2851 rc-

1811 2908 1856 2970 ρ
1889 2905 2070 2958 guunt,
2098 2889 2194 2943 sed
2233 2888 2472 2942 maxime
2499 2903 2628 2942 suos
2658 2887 2904 2944 homines
2935 2889 2986 2941 in
3020 2887 3341 2942 immensum
3371 2888 3469 2940 de-

1889 2979 2198 3044 vastabaut;
2255 2988 2366 3034 ttun
2395 2993 2492 3047 pro
2533 2978 2984 3033 monasteriorum
3008 2977 3465 3047 oppressionibus,

1889 3085 2023 3138 quas
2051 3071 2246 3125 sedare
2284 3085 2389 3124 non
2424 3077 2658 3140 poterat,
2691 3079 2746 3123 et
2777 3069 3018 3138 quotidie
3066 3067 3131 3122 ad
3168 3081 3290 3121 eum
3324 3066 3474 3122 refe~

1890 3160 2182 3225 rebantur;
2219 3169 2330 3216 tum
2359 3176 2457 3230 pro
2485 3162 2666 3214 multis
2694 3161 2814 3214 aliis
2840 3176 2959 3229 qua:
2985 3163 3036 3214 in
3066 3160 3210 3216 hunc
3244 3160 3467 3214 modum

1888 3265 2028 3319 sav'pe
2083 3249 2404 3319 patiebatur,
2461 3251 2603 3305 hanc
2630 3249 2748 3317 ejus
2805 3249 3043 3318 quietem
3101 3249 3470 3317 interrumpe-

1889 3337 2036 3403 bant,
2089 3346 2141 3391 et
2197 3337 2368 3392 aliena
2425 3340 2666 3407 quaedam
2739 3339 2986 3393 meditari
3047 3337 3473 3408 compellebant-

1894 3430 2161 3484 Prteterea
2216 3431 2272 3484 hi
2314 3429 2406 3500 qui
2464 3440 2589 3484 ante
2633 3430 3002 3500 episcopatum
3056 3430 3172 3486 viro
3203 3430 3459 3484 submissi

1887 3536 2010 3575 eum
2031 3521 2322 3591 diligebant
2345 3522 2612 3590 diligendo
2640 3519 3158 3592 faveliant[al.omit.
3189 3521 3241 3574 d.
3266 3518 3357 3591 f.],
3386 3519 3472 3574 fa-

1887 3612 2062 3667 vendo
2096 3627 2322 3681 qumque
2369 3613 2540 3667 electa
2573 3613 2638 3666 de
2677 3613 2790 3668 suis
2831 3612 3040 3666 alacres
3089 3611 3462 3670 conferebant.

1891 3719 2032 3758 mmc
2061 3713 2234 3759 terras
2264 3703 2520 3759 Ecclesiae
2574 3713 2776 3773 petere,
2837 3719 2981 3758 nunc
3028 3718 3197 3773 equos
3246 3717 3468 3770 rogare,

1888 3809 2032 3848 nunc
2061 3795 2366 3862 pecuniam,
2402 3811 2543 3850 nunc
2569 3797 2669 3850 hoc
2705 3795 2787 3848 vel
2813 3795 2941 3848 illud
2975 3795 3042 3848 ad
3072 3794 3215 3864 quod
3242 3793 3462 3848 scilicet

1888 3901 1982 3938 sua
2023 3900 2289 3956 quemque
2336 3887 2581 3955 voluptas
2625 3885 2745 3956 [al.,
2782 3885 3052 3958 voluntas]
3088 3885 3358 3947 trahebat,
3393 3885 3462 3937 ab

1888 3991 1952 4030 eo
1986 3977 2216 4046 precari.
2253 3977 2579 4031 Adverteres
2631 3977 2811 4046 itaque
2855 3977 3022 4046 petita
3067 3977 3374 4032 obtinentes
3406 3975 3463 4028 in

1889 4063 2170 4130 praesentia
2209 4059 2325 4129 ejus
2377 4062 2496 4115 ficta
2550 4077 2682 4132 pace
2714 4063 3039 4133 adgaudere,
3074 4062 3461 4116 retributiones

1888 4161 1938 4206 et
1969 4153 2227 4220 obsequia
2260 4152 2524 4220 polliceri,
2580 4152 2714 4207 alios
2745 4154 2795 4207 in
2831 4154 3108 4208 contraria
3160 4153 3336 4221 lapsos
3359 4154 3458 4206 ho-

207 4237 407 4292 minem
435 4239 744 4308 spernebat,
769 4239 967 4292 nemini
995 4239 1255 4293 rationem
1289 4239 1355 4292 ad
1386 4239 1638 4308 inquisita
1668 4241 1787 4294 red-
1819 4243 1861 4295 D
1889 4244 2006 4298 nori
2035 4241 2150 4312 ejus
2199 4244 2503 4307 detrahere,
2544 4244 2790 4300 homines
2821 4246 2936 4316 ejus
2967 4261 3063 4316 pro
3096 4259 3255 4314 posse
3284 4245 3460 4313 impu-

207 4331 335 4383 dere
357 4331 758 4396 contemnebat,
786 4345 906 4385 mox
932 4330 1134 4399 liquido
1157 4329 1579 4400 cognoscebatur
1609 4333 1780 4400 ipsum

206 4421 364 4476 aliter
391 4438 553 4492 quam
581 4422 830 4488 faciebat,
857 4424 1078 4478 minime
1128 4423 1182 4476 in
1233 4423 1428 4478 talibus
1482 4422 1661 4478 facere
1691 4425 1784 4478 de-

209 4513 335 4567 bere
359 4514 440 4567 vel
473 4530 648 4582 posse,
686 4517 813 4569 dum
861 4531 919 4570 se
972 4517 1024 4570 in
1060 4515 1244 4588 regula
1275 4531 1415 4572 verte
1442 4515 1783 4572 discretionis

206 4604 367 4659 vellet
403 4603 606 4673 absque
631 4621 818 4662 errore
849 4616 1052 4661 tenere.

277 4695 364 4748 18.
398 4695 690 4750 Saccularia
716 4711 844 4750 vero
868 4697 1078 4766 negotia
1109 4698 1488 4768 aequanimiter
1518 4697 1656 4752 ferre
1686 4713 1783 4752 ne-

189 4789 412 4857 ‘quibat,
446 4788 539 4842 sed
576 4804 672 4858 pro
711 4804 809 4843 suo
844 4805 1001 4859 posse
1043 4791 1216 4844 modis
1242 4791 1492 4844 omnibus
1521 4805 1671 4844 suam
1703 4791 1783 4845 eis

207 4881 548 4948 prtesentiam
572 4881 937 4936 subtrahebat.
959 4883 1012 4936 Si
1041 4883 1256 4952 quando
1275 4893 1450 4936 autem
1477 4882 1595 4936 talis
1618 4897 1780 4936 causa

203 4974 529 5044 emergebat,
557 4983 616 5028 ut
643 4973 692 5029 ei
724 4975 1030 5030 necessario
1081 4975 1339 5029 interesse
1365 4983 1656 5043 oporteret,
1681 4974 1780 5028 soli

205 5065 416 5119 veritati
438 5065 680 5132 studere,
703 5065 831 5118 nulli
855 5063 1117 5130 fraudem,
1139 5064 1266 5117 nulli
1290 5063 1564 5131 quodlibet
1586 5061 1793 5131 pr:cju-.

203 5155 423 5222 dicium,
446 5169 706 5228 quantum
731 5172 824 5212 sua
856 5155 1454 5224 intercrat,patiebatur
1475 5155 1693 5210 inferre.
1721 5154 1778 5209 Si

204 5251 326 5303 vani
360 5251 645 5320 clamores,
706 5253 750 5306 si
807 5252 1200 5312 contentiones,
1234 5252 1276 5304 si
1325 5251 1523 5322 jurgia,
1581 5261 1642 5306 ut
1697 5253 1776 5317 fit,

204 5337 538 5402 oriebantur,
565 5350 659 5394 aut
685 5357 746 5394 ca
779 5342 1002 5403 sedare,
1029 5348 1121 5393 aut
1150 5340 1310 5393 citius
1337 5355 1456 5394 sese
1489 5341 1778 5394 abscntare

205 5428 449 5484 curabat.
477 5431 589 5486 Nisi
625 5434 766 5487 enim
799 5434 872 5487 ita
901 5433 1119 5498 faceret,
1151 5433 1307 5486 tzcdio
1345 5432 1567 5486 affectus
1593 5434 1774 5486 statim

207 5519 386 5574 animo
403 5520 706 5601 deﬁciebat,
734 5532 786 5578 et
811 5525 1024 5594 lllStlpCT
1049 5541 1264 5594 gravem
1292 5525 1534 5593 corporis
1562 5524 1776 5594 aegritu-

1886 4349 2072 4405 gnare,
2105 4334 2156 4387 in
2185 4333 2504 4389 immensum
2534 4335 2744 4388 minari.
3025 4389 3027 4393 ,

1955 4423 2043 4477 20.
2083 4423 2174 4478 llle
2202 4435 2379 4478 autem
2412 4425 2461 4477 in
2511 4423 2769 4493 patientia
2811 4439 2904 4478 sua
2950 4425 3130 4479 sciens
3180 4423 3461 4495 possidere

1885 4515 2121 4570 animam
2154 4531 2330 4579 suam,
2361 4532 2481 4570 cum
2515 4517 2596 4570 his
2619 4517 2709 4584 qui
2734 4519 2965 4570 oderunt
2993 4531 3182 4586 pacem
3219 4526 3335 4571 erat
3359 4533 3458 4585 pa-

1886 4608 2072 4662 cificus
2103 4605 2274 4676 (Psal.
2306 4621 2416 4669 etx,
2450 4605 2528 4675 7),
2571 4607 2734 4660 verba
2766 4606 3196 4660 mansuetudinis
3224 4615 3278 4660 et
3310 4606 3460 4671 pacis

1885 4711 2099 4765 semper
2123 4695 2348 4748 reddens
2376 4695 2837 4763 impugnatoribus
2853 4695 2984 4759 suis,
3009 4683 3231 4763 cupiens
3257 4695 3457 4748 malum

1887 4787 2095 4841 illorum
2119 4785 2172 4838 in
2201 4786 2344 4839 bono
2366 4785 2600 4838 vincere.
2629 4785 2876 4839 Attamen
2904 4801 2966 4840 ea
2990 4800 3107 4854 qua:
3132 4786 3182 4838 in
3211 4786 3455 4855 sequenti

1887 4888 2124 4946 tempore
2153 4885 2403 4946 poterant
2431 4875 2683 4929 Ecclesize
2710 4891 2822 4930 sure
2851 4876 3047 4930 damno
3077 4891 3222 4941 esse,
3255 4891 3456 4944 nequa.-

1882 4986 2041 5040 quam
2070 4985 2224 5039 aequo
2275 4969 2458 5023 animo
2511 4969 2762 5033 tolerare,
2795 4979 2886 5023 aut
2925 4969 3026 5024 sub
3078 4969 3458 5040 negligentiam

1882 5061 2079 5116 cadere
2110 5060 2435 5128 patiebatur.
2463 5061 2567 5114 Sed
2599 5061 2726 5128 quid
2757 5060 2968 5115 dicam?
2996 5059 3166 5114 Tanta
3192 5061 3460 5130 cupiditas

1881 5167 1941 5205 ca
1967 5159 2284 5220 tempestate
2308 5150 2685 5204 dominabatur
2707 5151 2758 5204 in
2787 5150 3055 5204 mentibus
3079 5150 3463 5220 quorumdam,

1881 5255 1940 5299 ut
1967 5261 2064 5300 nec
2089 5244 2341 5315 patientia
2369 5243 2744 5312 ipsiusdcliniti
2771 5244 2986 5298 monitis
3009 5241 3123 5311 ejus
3150 5243 3457 5311 acquiesce-

1882 5349 2022 5401 rent,
2076 5352 2173 5391 ncc
2227 5336 2521 5390 terroribus
2554 5335 2746 5405 pulsati
2793 5337 3091 5390 caecitatem
3147 5335 3228 5388 sui
3278 5331 3460 5388 cordis

1879 5436 2158 5483 exuerent.
2186 5425 2382 5480 Verum
2410 5427 2476 5480 de
2503 5427 2777 5481 extraneis
2800 5441 2905 5480 non
2935 5425 3158 5478 multum
3187 5421 3319 5477 forte
3350 5423 3450 5477 mi-

1883 5522 2129 5577 randum.
2190 5522 2301 5592 Ipsi
2343 5521 2422 5577 sui
2499 5519 2699 5590 proprii
2754 5535 2818 5574 ac
2868 5518 3148 5573 domestici
3204 5517 3449 5572 homines
