3882 6050
237 265 304 322 89
1227 257 1387 317 \v’lTA
1423 259 1753 317 AUCTORE
1791 255 2146 316 EADMERO.
2176 285 2248 300 —-
2270 256 2398 312 LIB.
2439 255 2506 312 ll.’

3435 255 3506 312 90

241 384 452 439 mentiti
492 389 618 437 sunt
647 381 720 443 ei,
751 389 806 434 et
834 377 1078 433 inﬁdeles
1120 376 1267 432 facti.
1316 379 1822 433 Animadvertentes
1851 377 1896 434 A
1923 381 2203 442 peceatum
2231 381 2526 442 appeteret.
2551 369 2708 426 A‘liud
2737 387 2952 444 quoque
2979 387 3082 428 non
3109 373 3290 428 minus
3313 370 3502 426 forsan

239 476 440 544 quippe
491 483 859 537 mansuetum,
905 469 1046 536 lene,
1077 470 1412 538 simplexque
1467 483 1564 523 cor
1601 469 1738 538 ejus,
1772 469 1823 522 in

237 566 484 636 pluribus
498 564 678 620 causis
701 563 1041 618 fraudulenta
1066 562 1380 627 calliditate,
1404 563 1826 631 compositisque

238 655 582 711 sermonibus
623 669 746 709 eum
799 652 1078 707 multoties
1120 652 1555 716 circumvenere,
1607 662 1662 706 et
1701 667 1822 722 quae

239 746 384 800 illius
426 743 570 815 juris
610 757 734 798 esse
763 743 1036 797 debebant
1086 742 1474 805 diminuentes,
1507 757 1571 797 ac
1624 743 1822 797 exinde

235 854 337 892 sua
399 853 504 892 non
553 835 680 904 jure
729 843 1008 906 augentes,
1079 850 1182 904 qua
1213 834 1262 888 ei
1321 833 1535 888 fuerant
1593 834 1815 906 alligati,

236 929 399 984 ﬁdem
425 927 733 998 perdidere.
759 926 874 993 Qua
906 927 972 981 de
996 941 1054 979 re
1083 941 1204 980 cum
1229 942 1257 979 a
1283 926 1558 990 Balduino,
1591 926 1818 997 aliisque

235 1020 487 1075 fidelibus
532 1021 645 1074 suis
672 1019 854 1072 nimiae
884 1017 1250 1087 simplicitatis
1299 1019 1630 1088 minorisque
1681 1035 1814 1089 pru-

233 1111 434 1166 dentia:
463 1110 806 1165 familiariter
839 1111 1348 1180 reprehenderetur,
1375 1111 1607 1180 simplici
1638 1112 1811 1166 admi-

235 1200 446 1256 ratione
469 1199 854 1270 respondebat,
878 1201 1064 1256 diccus
1093 1219 1106 1255 :
1139 1219 1158 1252 I
1187 1200 1326 1268 Quid
1352 1202 1596 1256 esthoc?
1623 1201 1812 1256 Nonne

231 1291 530 1346 Christiani
554 1293 720 1347 sunt?
739 1291 804 1347 Et
827 1293 871 1347 si
887 1292 1206 1359 Christiani,
1230 1309 1356 1348 num
1379 1293 1831 1366 [al.,non...mcn-

233 1381 348 1455 tiri]
381 1382 614 1451 alicujus
657 1383 926 1439 commodi
983 1399 1145 1439 causa
1193 1385 1392 1440 vellent
1420 1395 1608 1441 contra
1649 1387 1807 1442 fidem

227 1489 384 1528 suam
441 1476 680 1530 scienter
735 1475 989 1530 mentiri?
1028 1475 1171 1530 Nihil
1227 1486 1330 1532 est.
1389 1477 1566 1532 Tanto
1617 1494 1808 1548 nempe

225 1567 409 1621 studio
439 1567 572 1621 mihi
611 1566 894 1636 loquentes
944 1583 1040 1622 sua
1086 1567 1245 1622 verba
1277 1579 1628 1638 componunt,
1665 1580 1718 1624 et
1744 1587 1806 1625 ea

227 1655 334 1710 tide
357 1671 454 1710 sua
505 1656 822 1725 interposita
869 1671 994 1712 vera
1025 1671 1146 1712 esse
1173 1657 1381 1728 jurant,
1421 1667 1478 1713 ut
1517 1661 1806 1716 increduli—

225 1745 322 1798 tati
353 1753 576 1814 putetur
599 1761 756 1816 posse
791 1746 989 1800 ascribi
1035 1746 1174 1801 nolle
1202 1747 1424 1804 credere
1446 1764 1542 1804 eos
1573 1747 1684 1820 ipsa
1715 1767 1806 1804 vc-

223 1836 408 1890 ritatis
425 1834 756 1890 firmitudine
784 1836 900 1890 niti.
933 1855 950 1889 ι
991 1837 1214 1892 Dicebat
1242 1838 1356 1893 hate
1385 1838 1494 1904 ille,
1527 1841 1804 1896 aestimans

227 1923 377 2000 ipsos
407 1925 511 1978 sibi
552 1924 694 1980 nolle
720 1926 862 1994 quod
885 1926 1090 1981 sciebat
1117 1943 1176 1982 se
1199 1929 1400 1983 nemini
1432 1931 1612 1985 facere
1641 1932 1800 1988 velle.

223 2015 469 2085 Cumque
503 2019 927 2087 responderetur
971 2020 1054 2074 sui
1111 2022 1276 2076 moris
1330 2023 1448 2097 illos
1497 2040 1603 2080 non
1661 2041 1800 2093 esse,

221 2109 408 2163 aiebat
437 2127 452 2162 :
488 2128 506 2161 ι
529 2111 749 2178 Fateor,
770 2113 912 2167 malo
927 2114 1101 2182 decipi
1129 2115 1266 2169 bona
1293 2115 1360 2171 de
1381 2117 1486 2172 illis
1510 2119 1801 2182 credendo,

223 2202 442 2257 etiamsi
493 2218 581 2258 me
627 2205 904 2259 nesciente
959 2205 1085 2259 mali
1129 2213 1276 2271 sunt,
1333 2221 1495 2276 quam
1554 2208 1804 2278 decipere

221 2293 510 2363 meipsum,
541 2295 811 2349 credendo
840 2295 978 2349 mala
1005 2295 1072 2350 de
1095 2296 1222 2366 ipsis
1243 2311 1379 2366 quos
1407 2299 1644 2354 nondum
1676 2315 1803 2356 vere

217 2385 442 2456 probavi
481 2387 626 2456 quod
657 2387 782 2442 boni
813 2403 920 2442 non
952 2387 1082 2442 sint.
1118 2407 1136 2438 ι

269 2475 362 2530 21.
382 2475 698 2531 Hzectamen
715 2477 768 2530 in
783 2477 1050 2548 principio
1067 2477 1414 2547 pontificatus
1427 2481 1508 2537 sui
1528 2481 1674 2536 dicta
1697 2498 1800 2538 me-

219 2567 502 2623 minerim.
527 2567 874 2624 Postmodqu
900 2571 1046 2625 enim
1065 2571 1142 2625 rei
1165 2572 1368 2628 veritas
1394 2573 1514 2628 viro
1540 2574 1796 2640 innotuit,

213 2667 274 2713 et
303 2674 428 2728 qua:
453 2659 556 2714 sibi
584 2675 612 2714 a
643 2661 756 2716 suis
794 2675 924 2716 vere
966 2661 1111 2717 dicta
1161 2662 1400 2729 fuerant,
1457 2665 1623 2719 nimis
1671 2681 1797 2721 vera

215 2749 390 2806 fuisse
439 2751 714 2822 cognovit.
755 2751 1016 2820 Quamvis
1045 2753 1209 2825 igitur
1255 2755 1467 2811 solitam
1499 2756 1658 2813 {idem
1691 2772 1796 2813 non

212 2857 284 2898 ex
313 2852 428 2898 toto
479 2845 660 2899 verbis
717 2860 908 2901 eorum
957 2847 1213 2918 deinceps
1248 2849 1562 2918 praebuerit,
1617 2860 1796 2908 tamen

141 2949 146 2952 '
213 2936 330 2992 suis
352 2937 514 2993 rebus
543 2937 598 2992 in
631 2947 902 3008 posterum
927 2955 1032 2995 non
1057 2953 1248 3010 parum
1269 2940 1464 3006 obfuit,
1491 2943 1634 3012 quod
1665 2943 1797 3014 ipsis

1927 463 2206 532 aliquibus
2237 463 2433 516 mirum
2469 461 2650 516 dicere
2703 462 2940 530 solebat,
2965 464 3214 519 videlicet
3261 462 3418 520 malle
3443 477 3506 520 se

1931 565 2128 620 purum
2155 567 2184 605 a
2225 560 2466 620 peccato,
2497 560 2554 605 et
2581 551 2920 606 innocentem
2945 554 3246 622 gehennam
3275 555 3500 621 habere,

1927 657 2090 712 quam
2119 643 2328 712 peccati
2381 641 2542 697 sorde
2585 642 2848 712 pollutum
2895 644 3156 700 oculorum
3197 661 3364 718 regna
3423 657 3500 704 te-

1923 745 2068 786 nere.
2097 731 2250 798 Quod
2275 731 2476 785 dictum
2501 745 2624 786 cum
2647 733 2918 802 aliquibus
2947 743 3099 790 extra
3130 750 3256 791 eum
3283 738 3497 795 viderea

1923 836 2052 890 tur,
2111 824 2318 879 reddita
2369 824 2584 879 ratione
2640 827 3007 895 temperabat,
3087 828 3324 883 dicens:
3362 831 3496 885 Cum

1917 925 2130 972 constet
2168 916 2314 971 solos
2343 915 2514 971 malos
2545 916 2598 970 in
2631 915 2844 973 inferno
2876 919 3114 990 torqueri
3145 929 3202 974 et
3222 920 3366 976 solos
3402 923 3498 976 bo-

1917 1021 2016 1061 nos
2045 1006 2098 1060 in
2129 1006 2336 1062 etnlesti
2367 1022 2532 1077 regno
2566 1007 2755 1073 foveri,
2805 1017 2954 1077 patet
2993 1025 3092 1065 nec
3129 1011 3302 1067 bonos
3331 1013 3384 1067 in
3417 1013 3496 1068 in-

1915 1096 2090 1164 ferno,
2117 1097 2164 1152 si
2199 1097 2325 1152 illuc
2379 1098 2665 1165 intrarent,
2693 1114 2850 1168 posse
2879 1101 3049 1155 teneri
3101 1102 3280 1158 debita
3335 1119 3492 1174 pruna

1917 1189 2214 1257 malorum;
2251 1205 2352 1246 nec
2389 1191 2558 1246 malos
2607 1191 2660 1246 in
2711 1193 2850 1247 cmlo
2875 1193 2919 1248 si
2973 1194 3111 1249 forte
3137 1196 3494 1254 ascenderent

1915 1279 2030 1351 [nt.,
2083 1281 2396 1354 accedent],
2451 1283 2556 1338 frui
2617 1284 2798 1340 valere
2871 1284 3130 1343 felicitate
3198 1291 3489 1345 bonorum.

1913 1371 2038 1427 [late
2109 1381 2331 1442 propter
2407 1388 2601 1442 magno
2673 1375 2856 1429 studio
2919 1392 3136 1447 semper
3217 1380 3493 1436 nitebatur

1909 1472 2252 1532 peccatorum
2324 1465 2576 1536 contagia
2638 1466 2918 1533 devitarc;
2971 1479 3026 1523 et
3075 1471 3336 1541 quidquid
3410 1476 3491 1530 eis

1909 1552 2142 1622 aliquam
2189 1553 2448 1609 nascendi
2499 1555 2850 1610 occasionem
2891 1567 3105 1627 poterat
3153 1562 3487 1630 ministrare,

1907 1644 1976 1697 ab
2029 1643 2328 1700 intentione
2379 1659 2474 1700 sua
2533 1647 2680 1700 omni
2735 1648 3102 1704 sollicitudine
3147 1653 3485 1722 propulsare.

1835 1715 1880 1774 Β
1907 1732 2016 1788 Nec
2045 1735 2095 1788 in
2129 1735 2214 1790 his
2245 1744 2656 1792 momentaneus
2682 1747 2820 1792 erat.
2845 1737 2902 1794 In
2932 1740 3024 1794 his
3049 1743 3282 1812 denique
3301 1759 3490 1800 versa-

1905 1823 2072 1878 batur
2121 1825 2439 1893 quotidiana
2502 1826 2775 1882 institutio
2831 1843 3041 1882 morum
3090 1830 3228 1899 ejus,
3281 1832 3336 1886 in
3402 1834 3487 1889 his

1905 1915 2324 1970 stabatassidua
2347 1917 2691 1972 conversatio
2727 1917 2852 1972 vitae
2879 1916 3020 1987 ejus,
3047 1918 3101 1972 in
3138 1920 3223 1976 his
3267 1921 3484 1992 vigebat

1905 2003 2221 2060 indeﬁciens
2247 2007 2530 2062 exsecutio
2573 2008 2834 2077 propositi
2893 2007 3032 2077 ejus,
3091 2009 3144 2064 in
3207 2012 3328 2068 istis
3373 2013 3484 2068 Deo

1904 2093 2192 2159 serviebat,
2217 2109 2317 2163 pro
2361 2095 2448 2150 bis
2501 2097 2805 2166 quibusque
2856 2097 3015 2154 bonis
3055 2110 3310 2171 acceptus
3341 2114 3480 2168 erat,

1903 2197 1998 2252 per
2025 2184 2139 2239 hzec
2161 2184 2324 2238 vitam
2349 2195 2607 2241 eternatn
2643 2187 2865 2256 adipisci
2889 2189 3194 2260 satagebat.

2495 2295 2725 2352 CAPUT
2761 2296 2845 2354 Ill.

1901 2411 2066 2484 Afgre
2093 2417 2301 2470 tandem
2330 2416 2606 2488 itnpetrata
2630 2415 2692 2470 ab
2717 2417 2852 2488 irato
2879 2434 2994 2488 rege
3015 2419 3244 2474 adeundi
3260 2419 3482 2476 Romam

2336 2485 2609 2554 facilitate,
2643 2487 2881 2541 valedicit
2903 2485 3032 2542 suis.

1967 2571 2060 2629 25.
2097 2573 2299 2644 Regem
2327 2584 2506 2631 autem
2539 2575 2604 2632 de
2643 2585 2794 2632 trans
2833 2593 2982 2633 mare
3032 2593 3338 2649 regressum
3371 2581 3482 2636 Anc

1901 2663 2104 2719 selmus
2133 2665 2287 2730 adiit,
2317 2680 2372 2721 et
2409 2677 2470 2720 ut
2493 2665 2594 2720 sibi
2626 2666 2854 2721 Romam
2885 2669 2951 2722 ad
2981 2681 3175 2737 papam
3200 2669 3479 2726 Urbanum

1898 2771 1998 2824 pro
2019 2755 2156 2814 stola
2185 2760 2267 2815 sui
2295 2761 2798 2830 archiepiscopatus
2819 2762 2980 2816 eundi
3004 2763 3273 2818 licentiam
3304 2765 3476 2831 daret,

1897 2849 2176 2906 humiliter
2203 2852 2380 2922 petiit.
2407 2851 2480 2907 At
2521 2852 2610 2907 ille
2639 2851 2704 2906 ad
2735 2867 2928 2907 nomen
2981 2851 3184 2909 Urbani
3231 2855 3478 2910 turbatus

1897 2941 2032 2996 dixit
2055 2957 2113 2997 se
2140 2942 2285 2996 illum
2313 2957 2412 3013 pro
2446 2958 2581 3013 papa
2611 2957 2716 2997 non
2745 2949 2950 3009 tenere,
2983 2957 3080 2998 nec
3111 2959 3221 2998 suae
3249 2959 3479 2999 consue-

211 3029 270 3082 in
315 3027 584 3098 principio
616 3038 720 3082 tam
757 3029 1008 3086 credulus
1057 3030 1178 3085 fuit.
1212 3029 1493 3101 Siquidem
1527 3031 1602 3086 illi
1645 3043 1796 3090 certe
1826 3051 1871 3114 ρ
1901 3032 2102 3087 tudinis
2129 3048 2270 3099 esse,
2299 3043 2358 3088 ut
2388 3035 2593 3102 absque
2625 3047 2722 3087 sua
2751 3032 3018 3087 electione
3073 3032 3235 3088 alicui
3291 3034 3479 3089 liceret

209 3120 452 3175 scientes
475 3135 598 3174 eum
624 3134 722 3188 pro
744 3121 901 3176 malis
929 3123 1031 3177 sibi
1059 3122 1222 3178 illatis
1249 3122 1316 3177 ad
1348 3124 1486 3178 mala
1518 3126 1792 3182 reddenda

209 3225 310 3266 eor
339 3227 446 3266 non
501 3213 720 3278 habere,
749 3229 778 3267 a
815 3214 1008 3269 timore
1055 3217 1301 3286 suspensi
1335 3216 1456 3290 [al.,
1483 3217 1790 3292 fsuspendi]

209 3302 426 3372 sibique
457 3303 590 3373 ipsis
635 3303 934 3360 deteriores
959 3304 1162 3373 effecti,
1197 3308 1249 3362 in
1281 3308 1434 3378 pejus
1483 3310 1790 3378 profecere.

209 3393 366 3460 Quod
395 3393 560 3449 Pater
607 3403 850 3450 tractans
880 3397 1020 3467 apud
1049 3412 1130 3462 se,
1161 3399 1332 3470 magis
1370 3399 1581 3455 illorum
1625 3417 1790 3471 quam

209 3483 469 3554 subsequi
507 3485 858 3554 pratvidebat,
891 3487 1202 3556 perditioni,
1231 3505 1396 3559 quam
1423 3507 1532 3546 sua;-
1559 3493 1792 3548 indoluit

211 3573 544 3629 transitorize
578 3576 901 3646 deceptioni.
937 3578 1038 3632 Pro
1089 3595 1192 3649 qua
1225 3589 1404 3638 tamen
1449 3583 1786 3655 deceptione,

207 3675 266 3720 et
317 3665 441 3722 ﬁdei
503 3681 608 3721 non
640 3677 874 3722 servatze
912 3673 1278 3741 corruptione,
1331 3687 1471 3744 saepe
1502 3675 1790 3734 Anselmus

207 3757 393 3811 dicere
415 3757 610 3814 solitus
638 3767 758 3813 erat
793 3774 886 3815 eos
915 3763 1242 3832 quandoque
1291 3773 1384 3818 aut
1431 3766 1484 3820 in
1523 3782 1584 3822 se
1619 3777 1712 3822 aut
1735 3769 1786 3823 in

209 3847 400 3902 liberis
423 3849 538 3904 suis
586 3851 652 3906 de
682 3851 842 3907 rebus
884 3851 1160 3921 Ecclesiae,
1192 3855 1389 3925 quibus
1430 3867 1558 3911 tunc
1597 3859 1650 3912 in
1699 3873 1786 3913 su-

209 3940 378 3994 blime
403 3941 758 4011 raptabantur
787 3947 1242 4014 exhzeredandos;
1285 3957 1341 4004 et
1367 3949 1604 4018 antiqua:
1655 3965 1785 4018 pai-

207 4030 414 4098 pertati
429 4031 502 4092 jn
529 4048 632 4102 qua
662 4035 776 4089 nati
804 4036 1018 4093 fuerant
1043 4047 1098 4094 et
1137 4041 1329 4096 nutriti
1381 4040 1783 4112 subjugandos;

203 4129 302 4176 aut
319 4131 476 4178 certe
501 4125 678 4195 aliqua
703 4129 854 4198 gravi
879 4138 934 4184 et
961 4131 1350 4187 contumeliosa
1377 4132 1633 4200 vindicta,
1661 4142 1785 4190 ante

205 4222 440 4267 mortem
475 4215 560 4268 vel
587 4216 638 4270 in
677 4227 870 4284 morte,
905 4223 1047 4290 quod
1099 4221 1338 4277 deterius
1367 4233 1532 4288 esset,
1559 4225 1784 4294 punien-

203 4299 324 4355 dos.
353 4301 510 4368 Quod
531 4304 732 4360 dictum
760 4307 876 4377 ejus
905 4309 958 4363 in
985 4311 1306 4380 quibusdam
1331 4312 1442 4382 jam
1459 4313 1782 4384 completum

205 4391 476 4462 videmus,
512 4405 565 4451 et
591 4410 658 4452 ex
697 4399 800 4454 hoc
825 4400 956 4470 quid
986 4401 1112 4456 aliis
1143 4403 1308 4458 etiam
1361 4405 1660 4460 timendum
1689 4406 1782 4472 sit,

200 4482 602 4552 cenjectamus.
655 4487 780 4542 Ideo
822 4500 1002 4546 autem
1049 4507 1144 4548 eos
1189 4494 1465 4564 corrigere
1501 4497 1780 4564 nequibat,

201 4578 464 4648 quoniam
513 4578 614 4648 ipsi
669 4597 819 4634 more
850 4583 1138 4638 densarum
1188 4585 1466 4654 spinarum
1513 4587 1780 4657 perplexi,

199 4669 412 4736 argutis
445 4669 734 4725 verborum
783 4673 1175 4729 assertionibus
1200 4690 1260 4730 se
1305 4675 1440 4730 tales
1489 4691 1594 4731 non
1637 4693 1778 4744 esse,

199 4760 296 4828 qui
323 4761 632 4829 hujnsmodi
677 4764 1019 4820 correctione
1045 4781 1181 4835 opus
1229 4767 1516 4834 haberent,
1547 4767 1780 4824 aﬂirma-

199 4849 352 4902 bant.

265 4939 362 4992 2‘2.
385 4939 458 4992 At
485 4938 572 4995 ille
597 4942 932 4998 contentioni
957 4943 1162 4998 servire
1178 4945 1448 5010 devitans,
1475 4946 1782 5002 dimittebat

195 5041 318 5092 cos,
355 5028 462 5082 sibi
510 5029 706 5086 timens
737 5049 804 5086 ne.
833 5049 1141 5088 mensuram
1174 5035 1524 5092 discretionis
1549 5039 1778 5093 excede-

197 5127 304 5184 ret,
328 5119 372 5173 si
403 5119 458 5174 in
491 5121 756 5178 rimandis
785 5124 996 5180 actibus
1047 5125 1260 5181 illorum
1304 5127 1466 5182 nimis
1503 5129 1778 5183 studiosus

193 5209 480 5266 existeret.
507 5211 652 5268 Nihil
701 5217 846 5270 enim
875 5216 928 5270 in
985 5219 1205 5283 mundo,
1238 5229 1499 5288 quantum
1549 5233 1778 5288 peccare

195 5301 446 5356 timebat.
479 5303 824 5360 Conscientia
854 5323 972 5362 mea
1024 5317 1160 5364 teste
1188 5325 1294 5363 non
1347 5309 1617 5375 mentior,
1649 5310 1776 5378 quia

193 5407 340 5461 saepe
371 5393 524 5448 illum
555 5397 656 5450 sub
687 5397 933 5454 veritatis
962 5399 1269 5454 testimonio
1293 5399 1638 5470 proﬁtentem
1672 5415 1774 5452 au-

161 5483 456 5553 divimus,
485 5490 740 5557 quoniam
771 5491 814 5544 si
857 5491 990 5568 hinc
1041 5494 1247 5561 peccati
1304 5493 1609 5560 horrorem,
1649 5492 1776 5546 hinc

195 5577 392 5632 inferni
423 5579 663 5636 dolorem
693 5585 1051 5652 corporaliter
1081 5594 1352 5648 cerneret,
1383 5591 1437 5638 et
1465 5583 1774 5638 necessario

193 5676 292 5732 uni
325 5673 782 5746 coruminnncrgi
811 5676 1050 5744 deberet,
1084 5678 1234 5746 prius
1281 5675 1555 5733 infernum
1604 5690 1766 5746 quam

1900 3121 1954 3175 in
1999 3136 2164 3192 regno
2217 3137 2315 3177 suo
2347 3137 2539 3192 papam
2601 3122 2902 3176 nominare.
2952 3120 3090 3176 llinc
3149 3122 3312 3191 igitur
3356 3133 3474 3177 orta

1894 3210 2140 3278 qutedam
2166 3209 2434 3266 dissensio
2459 3211 2640 3281 gravis
2680 3221 2786 3276 est,
2819 3211 2914 3266 sed
2968 3211 3020 3264 in
3071 3209 3215 3264 aliud
3265 3219 3476 3280 tempus

1895 3301 2232 3357 discutienda
2258 3311 2341 3358 est
2367 3302 2553 3357 dilata.
2577 3302 2804 3358 Jubetur
2830 3317 2962 3371 ergo
2989 3310 3047 3355 ut
3079 3302 3242 3357 totius
3266 3303 3474 3372 Anglia:

1894 3393 2151 3463 episcopi,
2183 3395 2406 3448 abbates
2436 3401 2490 3450 et
2518 3394 2812 3464 principes,
2843 3396 2912 3449 ad
2939 3395 3332 3450 discussionem
3360 3397 3474 3449 dis-

1893 3485 2012 3539 sidii
2054 3485 2212 3554 hujus
2237 3485 2380 3556 apud
2409 3493 2674 3551 castrum,
2713 3487 2857 3556 quod
2897 3485 3303 3558 Rocbingeham
3335 3485 3474 3542 dici-

1895 3586 2012 3641 tur,
2045 3594 2149 3632 una
2193 3578 2458 3632 veniant:
2489 3577 2692 3633 factum
2729 3587 2835 3644 est,
2879 3587 2933 3633 et
2973 3577 3126 3634 tertia
3167 3579 3471 3649 septimana

1891 3670 2325 3740 Quadragesimat
2345 3670 2444 3742 [aL
2470 3671 2614 3724 omit.
2636 3681 2674 3725 t.
2689 3686 2736 3726 s.
2751 3671 2832 3743 q.]
2847 3670 3000 3739 juxta
3017 3673 3254 3728 edictum
3269 3689 3470 3729 conve-

1890 3769 2104 3816 nerunt.
2123 3761 2293 3815 Causa
2307 3761 2358 3813 in
2375 3761 2608 3815 medium
2623 3761 2857 3827 ducitur,
2873 3771 2930 3816 et
2943 3762 3230 3818 Anselmus
3241 3763 3472 3816 diversis

1889 3856 2124 3926 querelis
2163 3855 2290 3908 hinc
2321 3854 2445 3908 inde
2497 3855 2821 3908 concutitur.
2875 3853 3154 3924 Siquidem
3201 3857 3375 3921 multi,
3415 3865 3471 3911 et

1889 3945 2122 4000 maxime
2164 3944 2399 4014 episcopi
2449 3944 2608 4011 regia:
2652 3943 2918 3996 voluntati
2969 3941 3154 3998 favere
3205 3943 3464 4009 volentes,

1887 4045 2071 4105 spreto
2099 4033 2590 4105 tequitatisjudicio
2621 4033 2671 4088 id
2703 4031 2932 4101 probare
2960 4031 3292 4096 nitebantur,
3323 4033 3464 4100 quod

1884 4127 2172 4183 Anselmus
2197 4127 2346 4182 salva
2370 4127 2472 4181 fide
2515 4139 2676 4194 quam
2702 4123 2816 4194 regi
2862 4123 3111 4191 debebat,
3144 4123 3456 4176 nullatenus

1885 4226 2070 4287 posset
2099 4218 2150 4272 in
2183 4231 2346 4287 regno
2401 4216 2566 4285 ipsius
2627 4213 2899 4269 Urbanum
2947 4214 3091 4269 sedis
3145 4212 3462 4283 apostolica:

1885 4307 2168 4376 prtesulem
2197 4321 2294 4376 pro
2322 4321 2457 4376 papa
2487 4315 2690 4360 tenere.
2727 4304 2933 4371 Quibus
2983 4320 3104 4360 enm
3153 4303 3304 4373 plura
3345 4319 3465 4374 quae

1818 4413 1861 4469 ι)
1889 4401 2025 4456 ratio
2049 4399 2247 4455 tulerat
2269 4399 2480 4470 objecta
2530 4400 2782 4466 fuissent,
2829 4409 2884 4453 et
2929 4397 3215 4452 Anselmus
3265 4412 3362 4451 eos
3395 4412 3463 4452 ex.

1888 4492 2065 4547 verbis
2087 4491 2298 4548 Domini
2332 4509 2346 4546 :
2381 4492 2599 4546 Reddite
2647 4507 2764 4560 qua:
2792 4502 2910 4545 sunt
2958 4491 3186 4544 Cwsaris
3239 4491 3459 4554 Cwsari,

1884 4593 1930 4638 et
1957 4600 2074 4653 quae
2095 4593 2214 4638 sunt
2245 4583 2342 4638 Dei
2365 4584 2474 4637 Deo
2507 4581 2720 4653 (Matth.
2763 4573 2870 4648 xu,
2895 4580 3007 4652 l7),
3040 4581 3268 4652 aliisque
3328 4599 3462 4637 non-

1885 4671 2061 4737 nullis,
2088 4687 2207 4742 qua:
2235 4672 2372 4726 ratio
2418 4670 2560 4725 nulla
2592 4671 2838 4726 refellere
2873 4681 3105 4742 poterat,
3135 4673 3352 4742 penitus
3383 4673 3462 4726 in-

1883 4765 2180 4830 frenasset;
2206 4763 2278 4817 illi
2307 4771 2526 4817 econtra
2558 4763 2688 4832 quid
2717 4764 2962 4820 dicerent
3017 4781 3124 4820 non
3177 4766 3458 4826 habentes,

1881 4870 2004 4910 eum
2035 4857 2088 4910 in
2117 4869 2296 4926 regem
2345 4854 2725 4925 blasphemare
2751 4872 2858 4912 uno
2887 4857 3114 4926 strepitu
3150 4856 3458 4912 conclama-

1881 4960 2029 5012 vere,
2061 4945 2492 5016 quandoquidem
2531 4961 2696 5001 ausus
2733 4947 2934 5001 eratin
2965 4963 3130 5016 regno
3179 4945 3314 5016 ejus,
3351 4945 3456 5000 nisi

1881 5051 1946 5090 eo
1973 5033 2318 5096 concedente,
2351 5034 2640 5104 quidquam
2667 5033 2752 5088 vel
2783 5032 2896 5088 Deo
2920 5035 3213 5088 ascribere.

1949 5124 2056 5178 9.4.:
2090 5123 2256 5194 Igitur
2299 5125 2366 5180 ad
2407 5139 2567 5178 unam
2611 5124 2772 5192 regite
2817 5123 3202 5194 indignationis
3247 5136 3450 5186 vocem,

1880 5214 2096 5284 quidam
2133 5230 2198 5269 ex
2237 5215 2522 5284 episcopis,
2559 5215 2966 5283 archiepisc0po
2998 5229 3096 5268 suo
3131 5222 3292 5281 atque
3341 5215 3452 5281 pri-

1881 5308 2008 5361 mati
2040 5323 2252 5363 onmem
2303 5307 2690 5377 subjectionem
2749 5308 3046 5378 professam
3089 5307 3452 5361 obedientian‘.

1879 5418 1986 5457 uno
2017 5402 2214 5470 impetu
2246 5404 2536 5474 abnegant,
2569 5403 2728 5472 eique
2770 5403 3031 5456 unitatem
3079 5399 3334 5454 fraterna:
3358 5415 3448 5455 so-

1879 5495 2090 5551 cietatis
2118 5495 2230 5564 pari
2268 5503 2392 5550 volo
2421 5495 2713 5549 miserandi
2743 5495 3024 5564 abjurant;
3077 5491 3292 5561 quidam
3318 5507 3450 5546 vero

1878 5587 1928 5640 in
1960 5587 2040 5642 eis
2070 5595 2274 5642 tantum
2303 5587 2421 5660 [al.,
2451 5587 2674 5658 tamen],
2706 5602 2826 5655 quae
2845 5601 2908 5640 ex
2935 5595 3086 5658 parte
3117 5583 3314 5638 Urbani
3345 5597 3444 5652 pa—

1877 5694 1955 5750 pte
1993 5679 2330 5752 praeciperet,
2376 5680 2449 5737 illi
2482 5694 2538 5738 sc
2567 5679 2878 5737 oocdituros
2920 5687 3132 5750 negant.
3187 5675 3442 5748 Episcolri
