3882 6050
396 253 457 307 ρι
834 206 839 207 ί
1446 239 1505 292 s.
1550 239 1849 296 .i-NSELMI
1887 236 2236 296 catmum.
2279 236 2590 291 uacuum
3596 239 3665 291 92

398 369 582 434 itaque
609 377 799 417 omnes
825 360 915 430 qui
944 359 1250 420 adfuerant,
1284 354 1502 409 ltofensi
1552 356 1668 410 solo
1722 363 1971 423 excepto,
2004 362 2050 417 Α
2078 353 2348 421 equitibus
2375 354 2584 422 asizexit
2616 352 2816 415 ridere,
2846 360 2900 405 et
2925 350 3077 419 quasi
3126 365 3222 419 pro
3283 358 3437 419 capta
3491 353 3663 408 bestia

402 464 497 510 aut
522 468 632 507 uno
660 462 753 506 aut
775 451 880 505 alio
913 450 1071 504 modo
1102 448 1338 501 debitam
1388 446 1462 500 illi
1495 446 1887 515 subiectionem
1924 456 1980 501 et

401 547 769 603 obedientiam
798 545 1087 612 abnegant.
1112 543 1228 595 Rex
1250 541 1414 595 etiam
1466 540 1582 609 ipse
1626 548 1882 593 cunctam
1930 539 1980 592 ei

399 636 786 692 confidentiam
815 643 871 687 et
894 632 1234 687 securitatem
1265 630 1317 684 in
1358 630 1473 685 suis
1498 628 1750 685 euntibus
1768 630 1979 693 adimit,

400 739 587 781 necse
642 723 785 777 illum
820 737 915 791 pro
966 721 1377 791 archiepiscopo
1421 720 1505 774 vel
1554 730 1707 788 patre
1753 720 1982 790 amplius

402 815 715 869 habiturum
735 811 904 878 jurat,
938 813 1042 867 nisi
1071 812 1182 881 ipse
1205 812 1413 866 vican’o
1443 811 1587 866 beati
1636 811 1781 866 Petri
1813 828 1869 867 se
1904 811 1983 865 ul-

400 906 573 959 terius
606 905 947 960 obcditurnm
974 906 1162 959 statim
1189 908 1439 976 deneget.
1466 903 1601 959 Tres
1651 906 1764 961 dies
1794 906 1851 958 in
1881 905 1983 959 isto

400 1001 616 1069 negotio
662 997 999 1053 clamoribus
1039 997 1091 1049 in
1151 996 1467 1051 Ansebnum
1522 1006 1581 1050 et
1637 995 1983 1051 contumeliis

399 1090 604 1161 gravidi
652 1090 871 1159 expensi
904 1099 1051 1155 sunt,
1093 1097 1148 1143 et
1175 1090 1395 1144 tandem
1447 1091 1503 1143 in
1546 1089 1652 1143 hoc
1682 1101 1845 1158 quem
1872 1088 1982 1141 dixi

402 1184 513 1236 line
540 1182 780 1236 cunclusi
807 1191 950 1235 sunt.

469 1274 561 1329 25.
612 1274 762 1328 Tune
800 1272 1111 1338 Anselmus,
1161 1271 1220 1326 in
1264 1287 1365 1326 suo
1398 1271 1678 1341 proposito
1705 1281 1981 1335 constans,

399 1382 500 1434 per
540 1366 906 1422 internuntios
950 1367 1276 1419 conductum
1325 1379 1356 1417 a
1407 1379 1532 1433 rege
1576 1363 1831 1432 postulat,
1877 1378 1984 1430 quo

406 1468 554 1513 tutus
606 1474 771 1529 regno
813 1459 1063 1512 decedat.
1092 1458 1246 1523 Quod
1272 1458 1545 1527 principes
1601 1456 1790 1510 multis
1832 1458 1984 1510 dam-

404 1564 595 1603 nosum
623 1546 737 1602 fore
758 1549 1159 1618 dignosccntes,
1182 1563 1285 1616 pro
1303 1547 1635 1602 restituenda
1667 1561 1799 1615 pace
1829 1546 1984 1600 induo

403 1640 517 1693 cias
545 1640 800 1709 utrinque
826 1640 893 1695 ad
922 1640 1298 1695 Pentecostem
1322 1654 1493 1708 usque
1527 1640 1644 1694 dari
1695 1647 1987 1708 precantur

2083 444 2287 498 lxtitizn
2347 444 2499 498 frena
2552 445 2779 507 laxare,
2834 442 3041 496 solutus
3094 442 3146 495 iu
3194 442 3481 515 lacrymas,
3538 448 3661 500 ait:

2089 554 2107 586 ι
2134 536 2379 590 Ridctis?
2408 537 2477 590 Et
2508 536 2695 606 utique
2737 534 2938 589 infelici
2962 535 3087 589 huic
3117 534 3295 588 nullus
3338 536 3498 599 risus,
3532 538 3670 591 ιιι·ιί-

2084 626 2155 679 lia
2190 626 2331 679 nulla
2362 637 2464 682 cst.
2498 628 2687 681 llostes
2718 626 2837 696 eius
2865 627 3009 681 circa
3036 642 3157 681 eam
3189 636 3335 689 sunt,
3366 638 3423 682 et
3456 629 3570 699 ipsa
3600 633 3667 684 de

2084 720 2192 772 vita
2209 719 2437 774 sollicita
2458 718 2697 789 confugit
2718 720 2784 772 ad
2809 734 2906 772 nos
2932 718 3243 788 praesidium
3267 719 3533 787 ﬂagitans.
3556 721 3668 775 Hoc

2084 813 2241 883 plane
2261 822 2343 868 est
2360 823 2411 865 rt
2434 814 2627 865 animae
2644 811 2893 866 hominis.
2920 810 3054 863 Nam
3070 826 3193 864 cum
3213 811 3275 864 de
3290 826 3516 879 corpore
3529 815 3663 875 exit,

2085 920 2207 958 mox
2236 903 2438 957 inimici
2466 904 2567 968 sui,
2600 904 2805 957 scilicet
2830 902 3049 973 maligni
3073 901 3314 971 spiritus,
3342 904 3434 971 qui
3457 920 3575 957 eam
3613 906 3665 957 in

2084 1008 2311 1063 corpore
2360 992 2641 1063 degentem
2696 1010 2791 1064 per
2838 994 3117 1046 anfractus
3187 994 3443 1047 vitiorum
3484 995 3666 1047 mult‘s

2086 1087 2260 1143 modis
2286 1087 2553 1157 persecuti
2597 1096 2743 1148 sunt,
2774 1084 3067 1139 crudeliter
3119 1085 3315 1139 adsunt
3343 1086 3516 1154 parati
3547 1102 3666 1140 eam

2089 1194 2279 1248 rapere
2309 1189 2365 1234 et
2393 1180 2444 1232 iu
2474 1187 2702 1232 mortem
2745 1185 3006 1231 zcteruam
3042 1177 3403 1246 prmcipitarc.
3432 1178 3507 1230 At
3552 1177 3669 1247 ipsa

2088 1275 2247 1329 nimis
2275 1274 2434 1327 anxia
2469 1274 2572 1328 bne
2604 1272 2839 1341 illucque
2864 1270 3233 1341 circumspicit
3259 1311 3274 1336 ,
3305 1278 3358 1325 et
3383 1286 3488 1339 qua
3514 1280 3668 1324 tuea-

2088 1376 2181 1421 tur
2232 1366 2569 1421 defensionis
2602 1375 2660 1421 et
2679 1363 2869 1418 auxilii
2926 1378 3145 1416 manum
3171 1362 3272 1416 sibi
3307 1363 3505 1432 porrigi
3536 1362 3671 1418 inef-

2089 1458 2236 1512 fabili
2266 1458 2535 1513 desiderio
2556 1455 2915 1524 concupiscit.
2967 1455 3249 1509 Dremoncs
3289 1464 3470 1509 autent
3502 1470 3670 1509 econ-

2089 1554 2257 1607 trario
2304 1552 2497 1612 rident,
2530 1560 2586 1606 et
2638 1565 2831 1620 magno
2871 1549 3069 1619 gaudio
3113 1550 3370 1618 gaudent,
3412 1552 3460 1605 si
3524 1549 3671 1603 illam

2090 1642 2237 1697 nullo
2267 1642 2458 1696 fultam
2491 1641 2819 1696 adminiculo
2848 1640 3146 1693 inveniunt.
3185 1658 3202 1690 ι
3259 1637 3465 1704 Quibus
3510 1638 3671 1693 dictis

400 1738 456 1783 ct
488 1729 760 1795 obtinent;
814 1744 881 1783 ac
921 1730 1000 1784 sic
1049 1744 1172 1783 eum
1220 1745 1291 1783 ne
1340 1744 1504 1798 rgno
1554 1727 1777 1782 decedat
1816 1728 1983 1796 impe-
2018 1715 2059 1770 Β
2089 1736 2268 1789 taxato
2297 1733 2556 1799 lreno,in
2585 1734 2689 1788 iter
2712 1732 2892 1793 rediit,
2944 1732 3176 1786 bestiam
3229 1731 3369 1784 ultra
3418 1731 3670 1800 persequi

402 1822 583 1875 diunt.
611 1820 853 1891 Spondet
874 1823 1040 1892 igitur
1070 1837 1163 1876 rex
1194 1836 1251 1876 se
1302 1822 1465 1875 rebus
1516 1818 1633 1888 ejus
1685 1834 1859 1889 usque
1917 1819 1985 1873 ad

401 1912 683 1981 przeﬂxum
712 1924 921 1985 tempus
951 1915 1289 1970 indueiarum
1315 1914 1529 1984 plenam
1548 1927 1735 1983 pacem
1762 1923 1818 1967 et
1836 1923 1986 1967 tran-

402 2002 726 2071 quillitalem
758 2006 1113 2073 indulturnm,
1144 2014 1197 2061 et
1233 2015 1357 2061 tunc
1388 2005 1651 2060 voluntati
1704 2005 1849 2060 illius
1888 2021 1987 2075 pro

404 2112 503 2149 sua
557 2097 815 2165 religione
852 2099 1076 2153 multum
1125 2101 1179 2153 in
1234 2099 1453 2168 negotio
1502 2101 1986 2169 quod‘cmerserat

405 2186 920 2243 condesccnsurum.
948 2188 1387 2243 Verumomuino
1411 2189 1466 2243 in
1492 2191 1769 2244 contraria
1803 2190 1988 2260 lapsus

408 2287 511 2347 est,
552 2288 606 2335 et
634 2282 941 2347 Anselmns,
974 2282 1201 2338 Domino
1246 2282 1508 2337 Balduino
1555 2293 1707 2337 extra
1763 2299 1987 2353 regnum

410 2371 653 2440 depulso,
685 2373 1101 2443 hominibusque
1160 2375 1271 2429 suis
1319 2376 1489 2443 captis
1542 2384 1598 2430 et
1648 2376 1985 2445 exspoliatis,

407 2462 674 2530 terrisque
700 2464 926 2518 vastatis
953 2464 1006 2517 in
1040 2465 1363 2519 immensum
1402 2463 1654 2520 afﬂictus.

476 2550 566 2605 26.
605 2552 857 2606 Attamen
890 2563 1012 2621 post
1060 2554 1194 2618 haec,
1229 2563 1284 2608 et
1313 2553 1593 2611 Urbanum
1643 2570 1738 2623 per
1782 2554 1988 2610 Walte-

410 2655 531 2695 rum
551 2641 909 2697 Albanensem
940 2644 1275 2714 episcopum,
1323 2645 1415 2713 qui
1469 2643 1689 2713 pallium
1734 2644 1990 2701 Auselmo

413 2732 582 2787 Roma
617 2734 963 2789 Cantuariam
1010 2736 1225 2803 detulit,
1273 2751 1377 2805 pro
1433 2753 1571 2809 papa
1626 2738 1883 2809 suscepit,
1936 2748 1991 2794 et

410 2825 713 2895 principum
738 2841 958 2881 suorum
985 2827 1210 2883 consilio
1232 2836 1406 2891 actus,
1433 2830 1487 2884 in
1512 2829 1807 2885 amicitiam
1836 2846 1988 2886 suam

410 2916 583 2971 virum
602 2919 858 2988 suscepit.
890 2918 1085 2975 Verum
1110 2921 1577 2991 postaliquantum
1606 2932 1822 2993 tempus
1846 2925 1989 2979 idem

2088 1827 2235 1881 clara
2263 1842 2393 1882 voce
2422 1826 2647 1882 canibus
2675 1826 3022 1880 interiticens.
3074 1824 3226 1877 Tune
3281 1823 3371 1876 illa
3426 1823 3495 1877 ab
3521 1824 3669 1878 omni

2088 1917 2307 1975 hesione
2334 1917 2595 1973 immunis
2622 1916 2900 1973 exsultans
2921 1924 2975 1968 et
3004 1915 3190 1968 hilaris
3240 1915 3461 1985 praepeti
3506 1930 3673 1969 cursu

2088 2026 2315 2079 campos
2341 2010 2619 2080 silvasque
2646 2008 2853 2064 revisit.
2887 2005 2995 2061 Nos
3026 2022 3158 2061 vero
3208 2008 3468 2079 depositis
3509 2008 3671 2076 iocis,

2088 2104 2181 2158 sed
2203 2119 2313 2158 non
2340 2103 2553 2158 modice
2595 2102 2803 2156 alacres
2832 2098 3011 2155 eﬂecti
3071 2100 3136 2153 de
3178 2107 3286 2153 tam
3343 2100 3428 2171 pia
3480 2100 3675 2154 libera-

2091 2194 2238 2251 tione
2268 2195 2447 2266 pavidi
2497 2193 2767 2259 animalis,
2821 2201 3001 2262 empto
3058 2191 3278 2247 itinere
3309 2194 3453 2247 viam
3505 2192 3676 2248 detri—

2088 2287 2292 2342 vimus.

2157 2380 2247 2435 28.
2289 2379 2403 2432 Alia
2439 2379 2557 2431 vice
2604 2375 2886 2445 conspexit
2938 2390 3163 2444 puerum
3194 2390 3322 2429 cum
3354 2375 3569 2429 avicula
3618 2376 3674 2429 ia

2088 2472 2176 2526 via
2204 2470 2499 2525 ludentem.
2527 2469 2663 2535 Quae
2679 2469 2796 2523 aris
2822 2468 3013 2537 pedem
3043 2466 3131 2520 ﬁlo
3163 2467 3419 2522 innexum
3444 2468 3675 2532 habens,

2092 2578 2235 2633 sirpe
2259 2577 2386 2617 cum
2418 2561 2597 2616 laxius
2624 2561 2707 2615 ire
2757 2562 3193 2629 permittebatur,
3237 2560 3359 2630 fuga
3396 2558 3503 2613 sibi
3540 2574 3677 2613 eon-

2092 2654 2274 2711 sulere
2320 2653 2548 2723 cupiens
2594 2652 2809 2708 avolare
2870 2653 3164 2708 nitebatur.
3216 2653 3286 2707 At
3344 2666 3481 2721 puer
3528 2650 3680 2703 tilum

2094 2768 2259 2806 manu
2286 2758 2505 2813 tenens,
2526 2756 2821 2803 retractatu
2847 2762 3023 2817 usque
3074 2748 3140 2801 ad
3171 2762 3232 2801 se
3282 2745 3597 2814 dejicicbat,
3624 2752 3682 2797 et

2094 2846 2196 2900 hoc
2226 2844 2417 2913 ingens
2445 2841 2700 2911 gaudium
2757 2839 2834 2893 illi
2862 2850 3005 2893 erat.
3060 2840 3287 2893 Factum
3334 2847 3417 2893 est
3458 2826 3507 2890 id
3566 2835 3681 2889 Fro-

2094 2936 2373 3006 qnentins.
2404 2933 2559 2999 Quod
2609 2932 2771 2986 Pater
2801 2930 3094 2999 aspiciens,
3156 2929 3366 2983 misera:
3406 2926 3684 2982 condoluit

412 3024 503 3112 rex
535 3010 756 3066 aGallis
790 3011 962 3066 victor
984 3028 1284 3080 regressus,
1328 3025 1591 3071 renovata
1648 3016 1725 3070 ira
1770 3026 1992 3086 propter
2019 3054 2060 3112 C
2094 3026 2206 3091 avi,
2253 3034 2307 3078 ut
2364 3034 2522 3093 rupto
2578 3021 2671 3076 ﬁlo
2710 3020 2946 3075 libertati
3000 3018 3315 3074 redderetur
3358 3016 3585 3086 optavit.
3615 3015 3684 3068 Et

414 3097 635 3164 milites,
689 3116 845 3170 quos,
907 3104 1046 3157 sicut
1104 3102 1245 3159 falso
1284 3122 1313 3158 a
1374 3107 1623 3177 malignis
1690 3108 1989 3172 dicebatur,

416 3190 555 3244 male
578 3190 937 3247 iustructosin
960 3196 1356 3263 expeditionem
1381 3198 1666 3254 Anselmus
1694 3200 1990 3265 direxerat,

415 3292 603 3336 contra
633 3284 805 3353 ipsum
845 3290 1199 3344 coiiturbatus
1228 3299 1330 3345 est.
1356 3290 1512 3346 Tunc
1539 3293 1825 3348 Anselmus
1869 3308 1993 3347 con-

414 3374 658 3429 siderans
684 3378 825 3445 apud
844 3392 904 3432 se
928 3380 1072 3433 onini
1099 3389 1345 3450 tempore
1370 3382 1494 3437 talia
1523 3398 1623 3452 pm
1648 3383 1819 3439 nihilo
1834 3399 1993 3454 posse

413 3463 565 3525 oriri,
599 3473 653 3519 et
671 3480 728 3520 se
753 3467 832 3522 eis
857 3479 1175 3538 occupatum
1207 3485 1421 3540 semper
1449 3474 1518 3527 ab
1575 3473 1747 3529 oﬂicio
1775 3476 1991 3545 pontiﬁ-

416 3555 517 3609 cali
574 3571 733 3625 posse
789 3560 1062 3629 impediri,
1101 3566 1355 3618 tractavit
1405 3581 1587 3620 secum
1631 3568 1731 3622 sibi
1764 3568 1992 3624 Romam

414 3647 667 3713 cundum,
692 3657 746 3704 et
771 3651 1061 3707 consilium
1084 3670 1113 3707 a
1167 3657 1292 3710 sede
1324 3657 1467 3710 beati
1521 3658 1663 3713 Petri
1716 3675 1880 3730 super
1910 3663 1993 3718 his

419 3737 727 3805 petendum.
761 3740 894 3795 Cum
933 3743 1096 3813 igitur
1147 3746 1199 3798 in
1236 3746 1579 3803 solemnitate
1622 3749 1992 3815 Pentecostes,

418 3829 484 3883 ad
513 3832 721 3887 curiam
753 3833 893 3902 apud
925 3833 1357 3892 Vindlcshoriam
1384 3841 1642 3905 venisset,
1693 3854 1790 3909 per
1834 3839 1993 3896 fatni~

417 3922 580 3978 liares
606 3941 732 3980 suos
762 3928 873 3998 regi
903 3930 1177 3984 mandarit
1218 3931 1320 3987 sibi
1364 3935 1827 4003 pernecessarium
1875 3949 1996 3991 esse

420 4016 648 4074 Romam
676 4021 791 4087 ire;
817 4032 872 4077 et
896 4024 995 4078 hoc
1019 4026 1063 4079 si
1094 4026 1141 4079 ei
1175 4026 1433 4096 placeret,
1466 4042 1527 4081 se
1578 4042 1678 4096 per
1716 4026 1997 4081 licentiam

417 4109 535 4175 ejus
562 4110 742 4167 facere
768 4112 927 4169 velle.
956 4116 1023 4169 At
1057 4115 1147 4171 ille
1172 4133 1184 4168 :
1211 4135 1231 4167 ι
1257 4114 1635 4185 Nequaquam,
1658 4117 1853 4187 inquit.
1884 4116 1996 4172 Nec

420 4201 565 4254 enim
582 4214 837 4267 eum,aut
858 4206 908 4259 in
928 4207 1033 4273 his,
1057 4224 1177 4276 qum
1200 4211 1409 4280 agenda
1428 4221 1574 4276 sunt,
1596 4211 1836 4281 cujusvis
1860 4229 1996 4269 con—
2038 4210 2043 4215 ’

420 4292 531 4346 silii
567 4292 823 4361 inscium,
861 4306 956 4351 aut
1004 4299 1164 4355 alicui
1219 4302 1369 4370 gravi
1428 4313 1648 4372 peccato
1700 4304 1996 4362 obnoxium

2092 3131 2220 3173 ecce
2251 3115 2398 3170 (ilum
2429 3113 2721 3183 rumpitur,
2739 3112 2853 3166 avis
2875 3110 3071 3176 avolat,
3102 3124 3233 3179 puer
3266 3107 3458 3177 plorat,
3491 3104 3657 3159 Pater

2099 3208 2361 3264 exsultat.
2406 3206 2471 3260 Et
2502 3205 2711 3260 vocatis
2735 3204 2893 3259 nobis
2921 3222 2935 3257 :
2984 3222 3002 3253 ι
3032 3200 3450 3261 Considerastis,
3481 3197 3681 3263 inquit,

2088 3294 2869 3367 i0CllI1puﬁ‘nDElWIIfCSSlS
2892 3293 3282 3353 considerasse,
3314 3291 3423 3344 ait:
3452 3308 3470 3340 ι
3502 3286 3683 3342 Simili

2094 3388 2529 3446 consideratione
2558 3386 2769 3455 iocatur
2794 3384 3041 3437 diabolus
3057 3397 3181 3436 cum
3213 3380 3396 3434 multis
3444 3380 3683 3435 homini-

2094 3479 2218 3547 bus,
2245 3493 2383 3548 quos
2408 3477 2521 3532 suis
2558 3475 2767 3545 laqueis
2796 3473 3034 3527 irretitus
3063 3486 3160 3540 pro
3181 3485 3276 3525 sua
3309 3469 3592 3523 voluntate
3623 3470 3679 3524 in

2095 3568 2307 3624 diversa
2338 3566 2465 3622 vitia
2502 3565 2791 3635 pertrahit.
2829 3562 2969 3618 Sunt
2990 3563 3135 3616 enim
3170 3560 3412 3629 quidam,
3440 3570 3498 3613 ut
3525 3561 3680 3615 verbi

2095 3660 2267 3732 gratia
2289 3658 2487 3722 dicam,
2517 3666 2610 3711 aut
2634 3657 2899 3719 avaritiae,
2929 3664 3018 3710 aut
3064 3654 3309 3719 luxuriae,
3341 3662 3395 3708 et
3422 3654 3680 3708 similium

2095 3751 2329 3808 ﬂammis
2351 3750 2631 3813 succensi;
2658 3758 2800 3804 etex
2833 3750 2970 3803 mala
3010 3748 3134 3820 [αὕη
3185 3748 3403 3819 magna]
3449 3762 3684 3802 consue-

2099 3842 2285 3899 tudine
2313 3840 2417 3897 illis
2465 3841 2690 3907 addirti,
2726 3841 2811 3896 his
2863 3840 3090 3909 contigit
3136 3838 3426 3908 aliquando
3469 3848 3529 3893 ut
3582 3853 3681 3892 sua

2100 3934 2240 3993 facta
2270 3933 2639 3997 considerent,
2669 3930 2919 3997 deﬂeant,
2949 3946 3115 3999 seque
3168 3929 3363 3984 amodo
3398 3942 3429 3983 a
3482 3927 3683 3982 talibus

2097 4032 2402 4081 cessatores
2428 4023 2526 4077 sibi
2556 4022 2895 4089 promittant.
2926 4022 2990 4075 Et
3026 4036 3176 4075 more
3207 4020 3323 4074 avis
3363 4034 3423 4073 se
3472 4019 3680 4073 liberos

2097 4118 2283 4173 volare
2304 4126 2608 4172 autumant.
2641 4116 2749 4171 Sed
2785 4116 2915 4186 quia
2939 4131 3109 4185 pravo
3156 4133 3253 4170 usu
3309 4116 3505 4169 irretiti
3551 4113 3677 4185 [ειη

2098 4209 2391 4281 allecti}ab
2422 4210 2578 4265 hoste
2610 4217 2885 4274 tenentur,
2930 4208 3174 4263 volantes
3223 4208 3275 4262 in
3322 4207 3515 4261 eadem
3546 4206 3680 4260 vitia

2102 4302 2451 4371 dejiciuntur.
2480 4300 2679 4370 Fitque
2697 4301 2800 4355 hoc
2821 4301 3035 4370 saepius.
3065 4298 3177 4355 Nec
3196 4298 3523 4354 «unimodis
3546 4298 3683 4352 libe—

420 4396 545 4437 csse
572 4383 793 4453 scimus,
844 4389 983 4445 unde
1028 4390 1115 4445 vel
1140 4407 1331 4461 papam
1362 4394 1671 4460 consulere,
1719 4395 1802 4448 vel
1853 4396 1993 4451 illius
2022 4394 2072 4454 D
2100 4406 2313 4459 rantur,
2361 4394 2463 4450 nisi
2506 4409 2704 4463 magno
2745 4404 2943 4448 conatu
3001 4408 3099 4462 per
3144 4402 3450 4462 respectum
3491 4390 3680 4461 gratia:

420 4475 809 4531 absolutionem
828 4496 1051 4537 necesse
1070 4484 1146 4537 sit
1162 4483 1236 4539 illi
1261 4486 1571 4556 implorare.
1595 4506 1616 4538 ι
1636 4487 1707 4540 Et
1724 4504 1809 4543 res
1833 4488 1995 4560 igitur

422 4566 498 4621 ita
533 4575 660 4623 tunc
688 4570 907 4638 quidem
940 4575 1217 4628 remansit.

491 4657 577 4710 27.
614 4658 934 4715 Discedente
948 4672 1131 4716 autem
1155 4665 1414 4723 Auselmo
1440 4682 1468 4721 a
1492 4671 1665 4734 curia,
1711 4680 1774 4727 et
1801 4671 1868 4726 ad
1899 4670 1997 4725 vil-

422 4748 529 4804 lam
562 4764 711 4803 suam
746 4754 963 4807 nomine
1014 4754 1245 4826 lleysem
1293 4773 1635 4830 properante,
1684 4764 1837 4832 pueri
1861 4778 1999 4833 quos

423 4840 717 4905 nutriebat,
756 4842 993 4913 leporem
1025 4848 1128 4900 sibi
1155 4862 1534 4907 occursantenr
1566 4855 1618 4907 in
1657 4855 1738 4909 via
1773 4855 1998 4909 canibus

420 4933 647 4987 insecuti
672 4944 820 4997 sunt,
862 4944 916 4990 et
946 4936 1268 5008 fugitantem
1299 4944 1377 4996 inf
1381 4960 1439 4996 ra
1465 4946 1627 5013 pedes
1655 4946 1803 5015 equi,
1835 4962 1994 5016 quem

423 5028 583 5081 l‘atcr
614 5025 727 5094 ipse
752 5029 991 5092 sedebat,
1033 5032 1398 5091 snbsi-Jenteui
1424 5039 1701 5093 consecuti
1732 5048 1875 5093 sunt.
1906 5040 1999 5094 Ille

419 5117 599 5172 sitiens
622 5116 877 5171 miseram
907 5119 1138 5176 bestiam
1188 5124 1290 5179 sibi
1322 5126 1422 5181 sub
1465 5142 1527 5181 se
1570 5126 1783 5197 refugio
1804 5145 1997 5184 consu-

423 5209 611 5275 luisse,
646 5216 874 5269 retentis
898 5212 1125 5269 habenis
1143 5229 1339 5285 equum
1373 5218 1491 5274 loco
1518 5220 1651 5285 fixit,
1700 5236 1799 5276 nec
1848 5224 1998 5293 cupi-

422 5306 537 5355 tum
569 5304 754 5359 bestire
787 5307 956 5362 voluit
982 5310 1293 5379 praesidium
1324 5315 1609 5382 denegare.
1640 5312 1808 5380 Quam
1836 5329 1999 5370 canes

421 5395 841 5468 circumdantrs,
859 5403 1117 5473 etlinguis
1133 5404 1247 5458 suis
1265 5402 1361 5475 [αι.
1378 5406 1522 5458 omit.
1541 5406 1574 5458 l.
1595 5407 1665 5477 5.]
1685 5407 1826 5460 haud
1842 5416 1999 5477 grato

426 5487 690 5556 obsequio
716 5492 840 5547 hinc
880 5495 1005 5550 inde
1034 5496 1323 5565 lingentes,
1366 5513 1463 5552 nec
1499 5499 1565 5553 de
1608 5501 1710 5555 sub
1733 5516 1876 5569 equo
1905 5513 1997 5570 p0-

430 5590 605 5634 tcrant
633 5580 845 5650 ejicere,
890 5604 989 5644 nec
1016 5590 1067 5643 in
1098 5591 1281 5661 aliquo
1300 5592 1510 5647 laedere.
1545 5592 1696 5659 Quod
1729 5594 1991 5659 videntes,

430 5675 677 5733 admirati
736 5694 935 5735 sumus.
991 5681 1056 5737 At
1097 5682 1399 5749 Ansclmus,
1474 5685 1565 5740 ubi
1620 5684 1882 5754 quosdam
1929 5699 1995 5740 cx

2099 4485 2194 4542 Dei
2226 4486 2369 4542 funis
2416 4485 2542 4557 fat,
2598 4482 2775 4555 ﬁlum}
2816 4499 2999 4553 prava.
3027 4482 3437 4539 consuetudinis
3468 4482 3678 4537 dirum-

2097 4588 2277 4649 pater.
2318 4598 2339 4629 ι

2169 4667 2258 4723 29.
2288 4666 2421 4721 Hinc
2448 4665 2645 4719 iterum
2691 4663 2983 4719 Ausetanus
3013 4664 3220 4719 curiam
3270 4665 3514 4728 veniens,
3561 4663 3678 4734 jam

2097 4758 2322 4829 petitam
2352 4757 2625 4811 licentiam
2652 4756 2879 4810 Romam
2904 4758 3063 4812 eundi
3087 4774 3117 4811 a
3145 4772 3267 4829 rege
3322 4759 3534 4827 petivit,
3581 4759 3677 4811 sed

2098 4863 2218 4903 eam
2249 4863 2351 4902 non
2382 4848 2633 4902 obtinuit.
2669 4847 2795 4902 Post
2824 4864 2944 4917 qua:
2973 4849 3023 4902 in
3055 4864 3239 4905 mense
3261 4848 3480 4905 Octobri
3532 4850 3675 4902 invi-

2102 4949 2245 4994 tatus
2281 4956 2312 4992 a
2363 4954 2495 5008 rege
2526 4938 2859 4993 Wintoniam
2908 4940 3091 5004 vadit;
3136 4948 3193 4993 ct
3237 4938 3378 5009 quod
3424 4938 3541 5008 jam
3597 4940 3684 4994 bis

2102 5039 2408 5101 rogaverat,
2442 5029 2705 5084 attentius
2742 5045 2840 5099 per
2887 5030 3253 5085 internuntios
3299 5031 3466 5085 tertio
3502 5041 3679 5100 rogat.

2101 5122 2377 5177 Turbatur
2402 5120 2516 5184 ille,
2564 5129 2621 5173 et
2670 5118 2896 5175 nimium
2953 5136 3015 5176 se
3071 5122 3253 5176 vexari
3301 5121 3371 5177 ab
3418 5137 3483 5177 eo
3517 5122 3682 5175 anxie

2099 5213 2362 5284 queritur.
2385 5211 2473 5265 ~Ad
2502 5212 2647 5280 quod
2675 5211 2965 5267 Anselmus
2984 5230 3002 5267 :
3031 5231 3050 5264 r
3070 5213 3137 5266 Et
3155 5213 3373 5282 quidem
3396 5211 3537 5282 quod
3566 5210 3679 5267 Eoo

2100 5320 2241 5360 mam
2273 5304 2353 5358 ire
2373 5305 2600 5373 dispono
2625 5318 2791 5358 causa
2816 5314 3019 5359 sanctae
3038 5303 3485 5369 Christianitatis,
3515 5318 3682 5373 quam

2101 5399 2155 5451 in
2188 5398 2291 5451 hac
2319 5406 2463 5451 terra
2514 5410 2703 5467 regere
2725 5398 2966 5464 suscepi,
2995 5412 3270 5467 causaque
3320 5397 3512 5452 salutis
3558 5398 3679 5451 ani-

2100 5502 2201 5543 mae
2230 5504 2385 5553 meat,
2413 5502 2576 5541 causa
2605 5487 2769 5541 etiam
2798 5487 2879 5541 sui
2923 5487 3148 5542 honoris
3191 5498 3246 5542 et
3277 5486 3548 5551 utilitatis,
3596 5485 3681 5542 sic

2099 5586 2321 5640 credere
2356 5583 2503 5647 velit,
2543 5582 2592 5636 id
2634 5597 2755 5651 ago.
2798 5581 2855 5635 Si
2884 5596 3015 5651 ergo
3061 5582 3191 5635 mihi
3221 5582 3363 5637 bono
3389 5580 3575 5635 animo
3614 5579 3681 5635 li-

2101 5683 2336 5739 centiam
2359 5679 2565 5735 dederit
2592 5676 2774 5741 eundi,
2810 5676 3078 5746 gratiosus
3120 5676 3399 5746 accipiam.
3461 5674 3676 5742 Sinon,
