3882 6050
295 247 366 304 οδ
1299 245 1451 300 ῊΤΛ
1502 246 1826 304 AUCTOBE
1855 246 2204 304 EADMERO.
2234 277 2304 288 —~
2339 249 2466 302 LIB.
2505 249 2566 304 ll.
3471 256 3541 312 9.:

296 379 394 432 ego
425 361 610 430 utique
636 361 780 431 quod
803 359 1206 430 Deusprmcipit
1229 369 1552 430 postponere
1577 376 1680 416 non
1699 362 1868 416 debeo
1897 368 1944 424 Α
1977 378 2060 426 ro,
2113 373 2170 416 ut
2219 363 2347 430 quia
2405 364 2516 418 Deo
2574 362 2850 417 militaturi
2918 364 2968 418 in
3021 375 3338 435 conScptum
3387 369 3543 438 hujus

237 473 240 476 ι
294 449 420 518 quia
463 449 726 518 scriptum
752 456 838 502 est
869 464 883 500 :
915 445 1136 502 Obedire
1157 447 1322 516 magis
1345 447 1450 501 Deo
1477 457 1672 516 oportet
1714 465 1870 518 quam

233 519 238 544 ²
295 539 592 594 hominibus
651 537 790 608 (Act.
819 554 875 603 v,
902 537 1020 606 28).
1071 536 1220 606 Quod
1253 537 1340 592 ille
1379 539 1627 604 audiens,
1657 539 1870 594 turbato

223 657 228 666 -
295 630 478 686 animo
499 631 744 702 jubetut
767 641 1064 704 antecapto
1120 632 1370 696 desistat,
1428 641 1487 686 et
1537 631 1759 700 insuper
1809 645 1868 686 se

293 735 568 788 nunquam
600 719 815 776 beatum
839 721 1057 778 Petrum
1091 722 1178 776 vel
1223 723 1407 776 sedem
1439 721 1560 790 ejus
1607 736 1706 790 pro
1735 736 1870 790 quo-

291 809 422 864 libet
453 811 670 881 negotio
705 811 1104 882 appellaturum
1147 813 1504 886 jurejurando
1565 812 1862 881 promittat,

289 901 530 954 autsine
573 915 744 966 mora,
797 901 950 956 omni
1005 917 1102 972 spe
1149 902 1424 956 remeandi
1478 901 1712 966 sublata,
1767 916 1866 958 suo

291 1004 456 1059 regno
477 991 722 1045 decedat.
753 989 821 1046 Et
840 993 1073 1048 subdens
1099 994 1176 1048 ait
1207 1011 1218 1047 :
1256 1012 1274 1044 ι
1299 993 1360 1048 Si
1375 1009 1501 1048 vero
1516 993 1734 1048 territus
1749 993 1866 1048 istis

288 1091 469 1151 erepto
505 1081 771 1138 desistere
819 1092 874 1139 et
906 1100 1188 1140 remanere
1235 1100 1398 1154 quam
1453 1086 1536 1142 ire
1584 1085 1860 1154 delegerit,

290 1178 416 1223 tunc
439 1169 562 1224 volo
585 1181 848 1240 quatenus
879 1181 1038 1242 prout
1077 1173 1210 1230 mihi
1232 1173 1500 1244 judicabit
1535 1173 1690 1230 curia.
1743 1188 1862 1230 mea

287 1259 560 1326 emendet,
603 1261 860 1332 quoniam
909 1262 1038 1318 illud
1092 1265 1194 1320 sibi
1247 1264 1464 1320 concedi
1515 1279 1544 1318 a
1586 1279 1676 1320 me
1705 1265 1860 1320 tertio

285 1351 462 1419 petiit,
491 1351 544 1404 in
585 1367 694 1422 quo
723 1368 780 1407 se
830 1362 1298 1423 perseveraturum
1333 1366 1515 1410 certus
1543 1370 1644 1409 non
1673 1354 1792 1410 fuit.
1833 1375 1852 1408 ι

285 1439 588 1510 Respondit
619 1459 634 1495 :
667 1460 686 1494 ι
719 1441 978 1498 Dominus
1008 1452 1111 1508 est,
1141 1445 1282 1514 quod
1305 1445 1420 1499 vult
1443 1445 1590 1501 dicit.
1623 1445 1733 1516 Ego
1779 1453 1860 1502 ta-

283 1547 408 1586 men
436 1531 612 1586 sciens
634 1531 702 1586 ad
723 1533 851 1602 quid
879 1545 1188 1606 assumptus
1235 1535 1360 1600 sim,
1410 1547 1466 1590 et
1506 1535 1632 1604 quid
1661 1536 1716 1590 in
1744 1535 1856 1590 An-
1893 1553 1898 1558 '

279 1622 386 1694 glia
412 1623 704 1693 gerendum
731 1625 1085 1694 susceperim,
1129 1641 1234 1680 non
1266 1626 1393 1680 mihi
1424 1641 1544 1682 esse
1571 1627 1854 1682 honestum

1973 451 2286 510 monasterii
2317 452 2666 518 convenistis,
2717 469 2828 522 pra:
2851 455 3022 510 oculis
3065 472 3280 526 semper
3302 459 3542 514 habeatis

1969 539 2418 609 quemadmodum
2451 541 2714 598 militetis.
2743 542 2857 598 Non
2883 546 3028 599 enim
3071 561 3264 604 omnes
3281 564 3389 604 uno
3419 565 3539 604 ino-

1969 631 2038 685 do
2060 629 2314 686 militant.
2345 630 2502 698 Quod
2528 633 2690 686 etiam
2723 632 2774 686 in
2803 642 3139 690 terrenarum
3179 639 3348 694 curiis
3381 653 3532 708 prin-

1969 721 2144 791 cipum
2185 723 2366 776 videre
2395 724 2610 792 planum
2650 732 2750 778 est.
2797 723 2893 780 Est
2921 728 3116 782 etenim
3159 730 3417 800 princeps
3457 731 3540 786 di-

1967 811 2110 866 versi
2140 811 2346 866 ordinis
2397 813 2452 864 in
2501 827 2598 866 sua
2647 814 2798 868 curia
2835 815 3034 872 utilitas
3081 817 3310 874 habens.
3363 819 3538 874 Habet

1967 898 2086 974 [αι.
2115 899 2342 974 habent]
2365 916 2596 970 namque
2630 903 2719 972 qui
2749 919 2846 972 pro
2882 908 3042 962 terris
3075 922 3212 976 quas
3259 908 3328 964 de
3361 923 3422 964 se
3460 919 3535 964 te-

1966 999 2116 1054 nent,
2139 989 2363 1046 servitio
2389 1005 2488 1046 suo
2519 992 2824 1063 invigilant,
2854 996 3014 1050 habet
3039 995 3158 1068 [αι.⁹
3187 997 3410 1070 habent]
3441 1001 3532 1068 qui

1963 1095 2064 1150 pro
2099 1081 2384 1149 stipendiis
2437 1082 2490 1136 in
2535 1081 2858 1138 militaribus
2897 1086 3068 1141 armis
3103 1088 3206 1144 sibi
3241 1089 3534 1154 desudant,

1964 1171 2125 1226 habet
2155 1171 2277 1244 [al.,
2303 1169 2528 1242 habent]
2549 1159 2711 1230 etiam
2735 1176 2824 1244 qui
2853 1191 2954 1246 pro
2975 1181 3340 1249 recuperanda
3366 1183 3536 1238 hane-

1963 1261 2216 1326 rcditate,
2243 1277 2402 1330 quam
2434 1263 2490 1316 in
2520 1263 2676 1334 culpa
2709 1275 2998 1334 parentum
3021 1283 3250 1326 suorum
3275 1285 3332 1326 sc
3357 1272 3535 1340 perdi-

1959 1349 2103 1406 disse
2133 1350 2436 1418 deplorant,
2461 1351 2658 1406 invicta
2685 1354 2879 1409 mentis
2902 1355 3100 1412 virtute
3131 1357 3390 1413 voluntati
3419 1375 3530 1416 sua:

1959 1455 2148 1510 parere
2169 1440 2434 1496 laborant.
2473 1441 2538 1496 lli
2567 1456 2694 1513 ergo
2722 1443 2808 1512 qui
2859 1459 2955 1512 pro
2987 1447 3148 1500 terris
3188 1461 3322 1516 quas
3357 1448 3530 1518 possi-

1958 1531 2086 1586 dent
2129 1531 2394 1598 serviunt,
2445 1532 2562 1604 jam
2615 1534 2850 1588 radicati
2881 1545 3010 1590 sunt
3061 1544 3118 1590 et
3155 1535 3384 1604 fundati,
3431 1555 3532 1596 nec

1959 1621 2120 1676 evelli
2147 1621 2466 1687 formidant,
2509 1623 2634 1676 dum
2667 1639 2725 1678 se
2773 1625 2826 1677 in
2879 1626 3078 1680 domini
3129 1627 3212 1680 sui
3255 1627 3532 1684 voluntate

280 1715 593 1784 pronuntio,
625 1713 860 1784 cujusvis
889 1717 1184 1772 transitorii
1215 1720 1485 1776 commodi
1526 1735 1692 1776 causa
1723 1719 1852 1774 illud
1885 1711 1928 1770 Β
1957 1720 2298 1768 conservant.
2346 1713 2416 1768 At
2455 1713 2506 1768 lii
2556 1719 2646 1782 qnl
2697 1730 2802 1786 pro
2841 1715 3128 1785 stipendiis
3173 1717 3224 1772 in
3281 1718 3528 1772 militiam

278 1803 556 1872 omittere,
581 1807 724 1874 quod
762 1806 815 1859 in
839 1821 939 1874 ope
965 1805 1086 1878 [al.,
1118 1807 1302 1882 opere]
1351 1809 1736 1866 misericordia:
1761 1810 1854 1865 Dei

280 1908 450 1962 spero
479 1894 670 1950 inlinis
714 1897 1044 1964 temporibus
1073 1895 1325 1954 Ecclesiae
1353 1897 1468 1968 ejus
1495 1900 1629 1958 utile
1655 1900 1787 1956 fore.
1831 1921 1848 1952 ι

275 1983 412 2038 Acta
443 1993 572 2039 sunt
601 1985 730 2039 hinc
757 1985 842 2040 his
871 1987 1038 2042 multo
1067 1985 1240 2057 plura,
1273 2003 1391 2058 qua:
1423 1991 1678 2058 quoniam
1719 1989 1853 2045 alias

277 2075 617 2144 scripsimus,
645 2075 732 2130 hic
759 2077 946 2145 paucis
967 2077 1399 2149 perstringimus.
1431 2077 1578 2149 [tege
1612 2079 1776 2149 igitur
1797 2087 1854 2134 et

277 2167 576 2224 curialibus
602 2177 788 2222 contra
809 2169 984 2223 virum
1024 2169 1076 2223 in
1108 2169 1242 2223 iram
1280 2169 1564 2239 permotis,
1621 2169 1734 2237 ipse
1781 2169 1848 2224 ad

275 2273 401 2314 eum
431 2258 640 2329 placido
671 2259 816 2314 vultu
847 2261 1164 2332 ingreditur,
1186 2271 1242 2316 et
1269 2263 1338 2316 ad
1368 2262 1610 2316 dextram
1639 2259 1754 2330 ejus
1786 2275 1850 2315 ex

279 2365 430 2406 more
457 2351 703 2406 assidens
733 2352 808 2406 ait
836 2370 849 2406 :
880 2371 898 2407 ε
919 2353 1048 2424 Ego,
1077 2352 1394 2419 Domine,ut
1420 2354 1846 2422 disposuivado;

275 2441 372 2496 sed
398 2443 575 2512 primo
601 2445 776 2498 meam
804 2443 954 2500 vobis
1002 2443 1458 2510 benedictionem,
1491 2445 1536 2500 si
1566 2459 1688 2502 eam
1743 2460 1848 2500 non

275 2529 532 2600 abjicitis,
563 2533 721 2588 dabo.
749 2552 772 2586 ι
799 2533 970 2602 Quam
991 2550 1115 2590 cum
1143 2535 1234 2592 ille
1259 2551 1320 2592 se
1339 2535 1480 2592 nolle
1504 2536 1742 2606 abjicere
1765 2551 1850 2592 re-

273 2621 587 2691 apondcret,
644 2626 1118 2694 conquiescentem
1167 2639 1348 2696 regem
1407 2625 1476 2680 ad
1526 2625 1630 2682 hoc
1669 2625 1849 2682 levata

275 2709 498 2767 dextera
525 2713 824 2780 benedixit,
867 2715 1056 2786 sicque
1110 2714 1296 2770 relicta
1327 2714 1472 2770 curia
1503 2713 1848 2772 Cantuariam

253 2807 258 2811 ’
275 2804 444 2858 venit.

346 2895 438 2949 50.
479 2894 708 2951 Postera
756 2897 842 2954 die
866 2898 1132 2954 adunatos
1155 2898 1452 2954 monachos
1483 2897 1534 2954 in
1580 2898 1694 2970 ipsa
1721 2898 1848 2956 sede

275 2985 506 3042 Domino
531 2985 654 3040 Jcsu
677 2987 895 3042 Christo
924 2987 1247 3044 famulantes
1277 2989 1362 3044 his
1386 2989 1562 3044 verbis
1588 2988 1846 3044 allocutus

271 3085 356 3130 est
385 3094 399 3130 :
448 3093 470 3127 ‹
503 3075 722 3133 Fratres
749 3087 804 3132 et
831 3079 922 3134 ﬁlii
949 3077 1056 3135 mei
1081 3079 1440 3145 dilectissimi,
1465 3079 1604 3136 sicut
1625 3080 1852 3134 audistis

269 3177 324 3221 et
351 3167 528 3234 scitis,
555 3185 656 3240 ego
697 3185 863 3241 regno
893 3171 1020 3228 huic
1062 3173 1310 3240 proxime
1359 3187 1478 3228 sum
1531 3173 1852 3228 decessurus

271 3257 396 3330 [ηι.,
448 3259 830 3333 discessurus].
889 3261 1068 3318 Causa
1130 3263 1328 3334 quippe
1355 3279 1474 3332 qua:
1513 3263 1654 3318 inter
1683 3265 1853 3318 domi-

273 3367 408 3405 num
431 3361 680 3406 nostrum.
733 3369 916 3424 regem
962 3363 1024 3409 et
1061 3370 1148 3410 me
1174 3355 1383 3423 jamdiu
1438 3357 1506 3410 de
1530 3355 1852 3412 Christianre

271 3441 548 3512 religionis
571 3445 908 3502 correctione
937 3455 1150 3502 versata
1173 3455 1282 3514 est,
1305 3450 1374 3502 ad
1401 3449 1500 3503 hoc
1519 3457 1604 3504 est
1632 3450 1846 3504 tandem

271 3536 556 3602 perducta,
591 3545 650 3590 ut
677 3547 778 3590 aut
815 3551 880 3592 ca
901 3552 1026 3608 qua:
1048 3547 1236 3594 contra
1289 3539 1458 3594 Deum
1499 3547 1554 3592 et
1599 3540 1852 3594 honr-sta-

273 3633 382 3676 tum
409 3639 581 3678 meam
615 3634 740 3680 sunt
771 3640 856 3682 me
903 3635 1150 3696 oporteat
1174 3641 1356 3698 agere,
1389 3637 1482 3682 aut.
1525 3628 1654 3682 huic
1687 3643 1852 3698 regno

271 3713 394 3767 sine
421 3729 572 3768 mora
623 3715 906 3770 decedere.
947 3717 1014 3770 Et
1055 3731 1156 3788 ego
1199 3718 1416 3786 quidem
1471 3717 1645 3774 libens
1691 3721 1848 3784 vado,

270 3817 498 3870 sperans
531 3803 582 3854 in
629 3815 934 3874 respectum
973 3805 1339 3862 misericordis
1389 3807 1478 3862 Dei
1531 3807 1632 3862 iter
1671 3823 1848 3862 meum

271 3891 510 3946 libertati
553 3891 808 3950 Ecclesia:
839 3893 1036 3952 futuris
1079 3898 1412 3968 temporibus
1440 3899 1702 3953 nonnihili
1729 3914 1849 3970 pto-

269 3981 540 4038 tutnrum.
571 3985 748 4054 Super
785 4003 880 4042 vos
915 3997 1117 4054 tamen,
1149 4005 1286 4060 quos
1317 3991 1386 4045 ad
1405 4007 1654 4062 prmsens
1691 3993 1852 4047 retin-

271 4089 410 4144 quo,
439 4090 546 4130 non
578 4078 788 4132 modica
817 4079 1014 4148 pietate
1064 4097 1306 4149 moveor,
1338 4092 1524 4154 utpote
1568 4100 1705 4154 quos
1751 4087 1852 4142 tri-

275 4167 590 4224 bnlationes
621 4178 674 4224 et
702 4173 1002 4240 angustias,
1031 4173 1414 4244 oppressiones
1463 4186 1517 4230 et
1567 4183 1855 4232 contumc~

267 4255 378 4313 tias
413 4260 662 4316 acerbius
689 4261 848 4318 solito
901 4277 988 4318 me
1035 4265 1264 4322 absente
1313 4281 1578 4336 passuros
1617 4267 1848 4322 intueor.

1960 1818 2079 1858 sese
2122 1803 2412 1869 dederunt,
2475 1819 2860 1874 nonnunquam
2917 1805 3128 1877 fatigati
3173 1805 3448 1862 laboribus
3498 1823 3529 1861 a

1959 1895 2172 1960 militia,
2198 1910 2359 1965 quam
2388 1897 2625 1966 aggressi
2651 1905 2806 1960 sunt,
2839 1898 3078 1967 segniter
3118 1901 3352 1962 cadunt;
3400 1899 3526 1954 dum

1958 1984 2097 2040 forte
2127 1985 2480 2056 magnitudini
2505 1987 2746 2041 exercitii
2771 1997 2934 2057 atque
2964 1988 3168 2043 laboris
3194 1990 3526 2060 magnitudo,

1956 2074 2096 2130 sicut
2145 2075 2246 2146 ipsi
2297 2075 2636 2140 existimant,
2686 2093 2792 2132 non
2853 2085 3098 2147 mquatur
3148 2079 3410 2146 impendii
3462 2094 3526 2132 ac

1955 2167 2350 2222 retributionis.
2378 2167 2480 2234 Qui
2511 2183 2640 2223 vero
2667 2170 3052 2240 recuperanda:
3101 2184 3264 2224 causa
3293 2171 3523 2225 hzeredi-

1955 2257 2083 2310 tatis
2149 2255 2419 2311 serviendi
2486 2257 2850 2314 conditionem
2912 2259 3214 2328 arripucre,
3277 2262 3525 2331 quamvis

1955 2363 2098 2403 nunc
2135 2349 2254 2404 istis
2306 2349 2389 2403 vel
2421 2349 2539 2422 [al.,
2579 2349 2748 2422 nunc]
2791 2351 2895 2407 illis
2949 2351 3192 2406 laborum
3238 2356 3526 2423 generibus

1951 2440 2344 2508 opprimantur,
2378 2457 2520 2496 nunc
2547 2442 2632 2496 his
2656 2442 2738 2495 vel
2767 2441 2884 2514 [al.,
2957 2443 3126 2516 nunc]
3177 2445 3280 2501 illis
3334 2457 3525 2502 contu—

1951 2529 2127 2586 meliis
2155 2529 2481 2598 afﬁciantur,
2517 2535 2892 2602 aequanimiter
2915 2535 3096 2588 omnia
3146 2538 3432 2604 sustinent,
3477 2541 3534 2596 si

1951 2620 2168 2676 firmum
2203 2623 2584 2691 recuperandae
2611 2624 2938 2680 haereditatis
2969 2640 3078 2680 suae
3101 2639 3340 2682 amorem
3359 2637 3532 2684 certa:-

1950 2711 2062 2782 spei
2091 2712 2262 2782 gratia
2292 2723 2496 2768 tenent.

2019 2801 2110 2856 3t.
2157 2820 2176 2852 ι
2206 2799 2330 2856 llaec
2351 2801 2464 2856 fieri
2491 2801 2630 2856 inter
2651 2802 2900 2860 homines
2931 2804 3130 2874 liquet;
3165 2815 3220 2860 et
3250 2805 3372 2860 hinc
3399 2805 3526 2870 quid

1953 2889 2004 2944 in
2050 2891 2200 2944 curia
2228 2890 2488 2961 principis
2531 2892 2770 2946 omnium
2816 2893 2929 2958 ﬁat,
2959 2915 3015 2954 re
3037 2895 3150 2966 ipsa
3192 2905 3532 2966 monstrante-

1955 2983 2237 3040 advertere
2261 2982 2410 3038 libet.
2437 2982 2577 3039 Deus
2605 2983 2780 3050 enim,
2823 2985 2976 3054 cujus
3005 2993 3136 3040 sunt
3177 2986 3357 3040 omnia
3403 3001 3524 3054 quas

1955 3079 2100 3136 sunt,
2133 3071 2185 3126 in
2217 3071 2300 3126 bis
2334 3072 2504 3128 tribus
2534 3073 2822 3143 generibus
2849 3073 3160 3144 distinctam
3220 3074 3284 3127 ad
3315 3074 3397 3128 sui
3427 3075 3526 3126 ob—

1954 3162 2200 3231 sequium
2235 3161 2440 3216 curiam
2469 3163 2654 3216 habet.
2681 3161 2854 3218 [labet
2904 3163 3102 3232 quippe
3148 3162 3394 3233 angelos,
3429 3163 3528 3232 qui

1953 3263 2154 3308 aiterna
2187 3253 2520 3310 beatitudine
2557 3253 2780 3308 stabiliti
2821 3253 2925 3310 sibi
2971 3255 3300 3308 ministrant.
3351 3252 3528 3308 liabet

1953 3345 2114 3398 etiam
2145 3345 2396 3400 homines
2433 3344 2538 3400 sibi
2565 3359 2662 3416 pro
2720 3344 2954 3400 terrenis
2998 3343 3321 3410 commodis,
3368 3343 3526 3413 quasi

1953 3439 2151 3494 milites
2177 3439 2582 3510 stipendiarios,
2603 3439 2930 3509 servientes;
2959 3439 3119 3493 habet
3141 3452 3354 3508 quoque
3381 3451 3520 3490 uou-

1953 3528 2152 3593 ttullos,
2181 3530 2276 3598 qui
2311 3529 2398 3586 die
2447 3538 2718 3600 noctuque
2739 3544 2856 3584 sua:
2881 3527 3143 3582 voluntati
3200 3529 3530 3583 inhaerentes

1953 3621 2022 3674 ad
2049 3635 2270 3689 regnum
2297 3621 2580 3684 enatorum,
2603 3620 2744 3692 quod
2774 3619 2830 3674 in
2868 3619 3044 3690 patris
3065 3618 3152 3674 sui
3195 3617 3325 3674 Adu:
3369 3617 3526 3687 culpa

1951 3711 2322 3780 perdiderunt,
2347 3711 2690 3766 hmreditario
2707 3710 2830 3778 jure
2862 3712 3147 3779 pervenire
3170 3709 3522 3765 contendunt.

1955 3805 2060 3860 Sed
2091 3805 2246 3860 nobis
2273 3807 2340 3861 ad
2369 3805 2652 3861 beatorum
2681 3807 2972 3875 spirituum
3001 3804 3320 3860 societatem
3352 3801 3526 3870 magis

1953 3909 2042 3954 cst
2066 3896 2472 3966 suspirandum,
2509 3912 2676 3966 quam
2727 3897 2793 3951 de
2839 3911 3030 3950 eorum
3070 3895 3382 3964 procinctu,
3418 3907 3524 3960 quo

1955 3990 2064 4046 Deo
2095 3988 2404 4058 perenniter
2425 3997 2624 4052 astant,
2654 3987 2710 4042 in
2729 3986 2986 4057 prmscnti
3003 3983 3408 4053 disputandum.
3443 3979 3528 4035 Ad

1953 4081 2244 4136 solidarios
2299 4080 2396 4136 Dei
2461 4079 2663 4134 milites
2723 4077 2893 4134 verba
2943 4085 3240 4131 vertamus.
3283 4073 3528 4128 Videatis

1954 4172 2382 4242 quamplurimas
2409 4173 2464 4228 in
2493 4171 2743 4226 srecnlari
2771 4170 2886 4224 vita
2921 4169 3198 4240 degentes,
3255 4165 3424 4220 Deum
3468 4163 3528 4216 in

1953 4259 2038 4314 his
2060 4273 2178 4328 quin
2207 4257 2488 4324 possident.
2537 4257 2716 4328 specie
2757 4266 2911 4313 tenus
2954 4256 3260 4326 diligentes,
3309 4260 3368 4308 et
3408 4250 3528 4319 ejus

269 4345 434 4402 Licet
461 4349 606 4404 enim
655 4360 868 4406 constet
891 4352 1008 4408 illas
1055 4369 1156 4410 nec
1181 4369 1266 4411 me
1312 4367 1580 4424 praisente
1613 4372 1678 4412 ex
1739 4365 1851 4412 toto
1883 4379 1927 4436 θ
1953 4366 2052 4418 per
2067 4350 2314 4420 quaedam
2338 4351 2476 4408 bona
2498 4363 2660 4420 opera
2683 4363 2803 4418 quae
2833 4347 3056 4410 faciunt,
3083 4342 3528 4436 famulatuiinsi-

277 4437 452 4494 l'nisse
477 4449 748 4508 remotas,
784 4451 963 4498 tamen
991 4445 1206 4514 quando
1244 4448 1612 4516 emergebant,
1661 4457 1850 4504 contra

266 4543 366 4582 eas
399 4530 552 4586 vobis
573 4532 840 4599 quoddam
865 4535 1019 4602 quasi
1077 4535 1456 4592 umbraculum
1502 4539 1682 4592 exstiti
1713 4557 1732 4592 :.
1775 4547 1851 4604 et,

268 4633 342 4672 ne
387 4617 444 4672 in
473 4618 798 4678 immensum
827 4639 923 4678 vos
968 4624 1198 4680 ferirent
1243 4635 1400 4684 scuto
1427 4625 1546 4698 [al.,
1593 4627 1850 4702 scutum],

271 4723 362 4762 me
391 4718 586 4764 vestrae
609 4713 963 4782 protectionis
991 4715 1232 4770 medium
1273 4717 1472 4784 obieci.
1515 4718 1582 4772 Et
1635 4719 1850 4788 quidem

271 4799 468 4868 majori
499 4817 632 4872 pace
672 4819 736 4858 ac
765 4807 1059 4861 securitate
1106 4822 1202 4864 vos
1245 4824 1370 4864 usos
1409 4809 1662 4866 existimo
1706 4821 1852 4882 post-

269 4904 440 4958 quam
465 4891 608 4948 inter
651 4909 744 4949 vos
791 4896 936 4962 veni,
982 4911 1142 4966 quam
1189 4911 1224 4950 a
1271 4897 1494 4954 decessu
1535 4902 1855 4956 venerandae

271 4983 558 5038 memoriae
577 4981 866 5040 Lanfranci
896 4985 1072 5040 Patris
1098 4987 1270 5040 nostri
1322 4988 1402 5043 usi
1445 4989 1656 5044 fueritis
1687 5007 1855 5060 usque

265 5075 344 5128 ad
365 5074 650 5132 introitum
681 5078 806 5132 mei.
833 5077 988 5133 Unde
1008 5077 1172 5134 etiam
1202 5079 1392 5136 videor
1421 5081 1556 5136 mihi
1584 5082 1769 5136 videre
1789 5097 1854 5138 eo

267 5166 452 5238 magis
479 5167 627 5236 ipsos
650 5170 746 5240 qui
775 5186 874 5226 vos
893 5170 1152 5226 infestare
1181 5171 1424 5226 solebant
1450 5173 1738 5226 adversum
1762 5187 1855 5226 vos

267 5271 365 5310 me
395 5257 626 5314 abeunte
661 5261 968 5326 servituros,
999 5277 1106 5332 quo
1135 5276 1172 5316 a
1206 5263 1484 5318 dominatu
1506 5277 1614 5332 quo
1638 5277 1734 5318 vos
1760 5277 1857 5332 op-

267 5348 590 5418 primebant
613 5351 802 5406 vident
824 5367 883 5406 se
911 5353 968 5406 in
993 5353 1276 5422 praisentia
1323 5354 1430 5408 mei
1457 5352 1716 5420 dejectos.
1749 5352 1857 5408 Sed

267 5455 375 5495 vos
401 5457 506 5496 non
530 5443 666 5500 estis
696 5445 856 5500 rudes
876 5455 970 5500 aut
994 5447 1216 5500 hebetes
1245 5446 1301 5499 in
1329 5445 1512 5500 schola
1535 5445 1768 5510 Domini,
1800 5453 1858 5500 ut

265 5533 514 5601 qualiter
545 5535 598 5588 in
636 5535 964 5604 hujnsmodi,
1002 5538 1046 5592 si
1085 5537 1406 5618 ingruerint,
1467 5537 1710 5594 debeatis
1759 5552 1855 5592 vos

268 5623 510 5690 labere,
536 5641 672 5696 opus
701 5627 946 5684 habeatis
973 5629 1176 5685 doceri.
1210 5629 1403 5684 Paucis
1432 5636 1612 5686 tamen
1666 5643 1856 5700 suggc-
1901 5666 1908 5673 -

1953 4451 2180 4500 stentes.
2206 4441 2532 4512 Supervenit
2555 4442 2641 4496 his
2672 4439 2766 4494 Dei
2794 4437 2998 4508 judicio
3045 4435 3274 4490 tcntatio
3320 4433 3530 4500 aliqua,

1952 4533 2321 4604 perduntsua.
2347 4529 2488 4597 Quid
2533 4528 2750 4583 dicam?
2785 4527 2992 4582 Mutata
3027 4524 3274 4596 protinus
3324 4532 3526 4584 mente,

1953 4622 2232 4676 volantab
2262 4635 2450 4674 amore
2475 4619 2591 4683 Dei,
2617 4620 2875 4674 deserunt
2895 4619 3034 4671 bona
3067 4630 3190 4686 qua}
3231 4613 3528 4678 faciebant,

1957 4719 2324 4778 murmurant,
2341 4709 2617 4778 injustitize
2643 4710 2812 4764 Deum
2836 4717 3116 4764 accusant.
3147 4704 3290 4772 Quid
3311 4703 3380 4758 de
3409 4703 3532 4758 istis-

1955 4807 2240 4862 dicendnm
2272 4822 2286 4856 :
2313 4802 2564 4858 Solidarii
2591 4813 2736 4868 sunt,
2765 4809 2822 4857 et
2874 4800 3127 4872 impletur
3150 4800 3203 4854 in
3237 4799 3350 4852 illis
3379 4796 3526 4866 quod

1957 4897 2086 4950 dicit
2110 4893 2402 4949 Psalmus:
2447 4892 2792 4961 Conﬁtebitur
2831 4892 2948 4958 tibi,
2987 4907 3110 4945 cum
3131 4889 3442 4958 benefaceris
3479 4885 3526 4938 ci

1959 4986 2131 5056 (Psal.
2165 5005 2355 5049 XLVIII,
2381 4987 2490 5042 19).
2519 4985 2629 5040 Hoc
2671 4986 2736 5038 de
2767 4983 3116 5039 surcularibus
3147 4981 3370 5034 dictum.
3417 4977 3524 5030 Sed

1959 5093 2059 5133 nos
2089 5078 2344 5134 monachi
2367 5079 2578 5132 utinam
2601 5076 2742 5130 tales
2757 5089 3028 5136 essemus,
3056 5081 3114 5126 ut
3155 5071 3348 5126 borum
3376 5067 3526 5122 simi-

1959 5169 2036 5226 les
2060 5185 2165 5224 non
2193 5169 2478 5226 essemus!
2517 5166 2648 5222 Nam
2702 5167 2870 5236 quiin
2919 5163 3175 5235 propositi
3206 5162 3286 5218 sui
3315 5174 3526 5223 norma,

1957 5275 2120 5330 quam
2152 5259 2378 5330 proiessi
2403 5267 2551 5322 sunt,
2575 5265 2720 5312 stare
2753 5263 3028 5319 recusant,
3059 5253 3162 5307 nisi
3189 5261 3384 5306 cuncta
3406 5267 3530 5320 qua:

1959 5351 2060 5406 sibi
2091 5351 2157 5404 ad
2207 5359 2402 5406 votum
2457 5357 2586 5405 sunt
2649 5347 2924 5418 copiosius
2969 5345 3226 5408 habeant,
3267 5357 3368 5398 nec
3403 5344 3532 5398 hinc

1958 5451 2179 5516 propter
2205 5441 2376 5498 Deum
2404 5441 2696 5512 cujuslth
2719 5439 2794 5494 rei
2821 5437 3123 5510 penuriam,
3149 5449 3248 5490 nec
3277 5435 3406 5490 hinc
3447 5451 3528 5490 re-

1959 5537 2096 5607 gula:
2117 5535 2462 5605 disciplinam
2490 5533 2598 5606 pati
2627 5533 2814 5587 volunt
2856 5529 2980 5602 [αι.,
3031 5527 3265 5601 nolunt],
3309 5527 3530 5598 quibus,

1960 5627 2205 5694 obsecro,
2241 5625 2542 5680 rationibus
2577 5622 2932 5694 juvahuntur,
2979 5635 3046 5676 nc
3079 5620 3270 5676 horum
3323 5617 3526 5674 similes
