3882 6050
362 255 431 310 οδ
1416 249 1472 304 s.
1503 247 1802 304 ANSELMl
1845 249 2194 307 caurum.
2232 253 2548 311 ARCHIEP.
2907 246 2910 248 ⁷
3543 269 3614 326 96

354 372 688 430 habeantur?
716 370 773 424 In
797 369 940 424 omni
977 367 1175 437 quippe
1205 383 1368 435 Opere
1395 384 1492 421 suo
1535 371 1689 437 prius
1722 384 1926 423 mercc-
1963 371 2009 426 A
2036 370 2347 434 comedens,
2396 370 2526 424 milli
2565 379 2782 442 propter
2831 390 2992 444 quam
3037 393 3147 433 rem
3204 381 3402 439 missus
3435 385 3612 446 l‘uerat

355 466 475 520 dem
504 464 747 532 exigunt,
773 476 935 529 quam
969 460 1052 513 cui
1109 473 1318 512 merces
1378 459 1606 514 debetur
1642 461 1930 515 ministerii

355 567 546 607 munus
567 550 865 606 exsolvant.
900 548 964 601 Et
1011 547 1064 601 hi
1109 546 1242 600 tales
1272 547 1422 618 regni
1466 548 1710 604 cmlcstis
1764 550 1934 604 luere-

355 649 451 703 des
470 646 664 702 erunt?
691 637 946 699 Fidenter
969 643 1112 708 dico,
1141 657 1516 713 nequaquam;
1547 644 1592 698 si
1621 659 1726 698 non
1758 644 1933 714 pcenic

357 739 560 793 tnerint
583 752 642 793 se
665 736 798 791 tales
822 734 1010 789 fuisse.

425 830 513 885 3‘2.
560 846 579 879 ι
617 827 717 894 Qui
772 841 902 881 vero
948 827 1012 879 ad
1060 826 1486 896 recuperandum
1545 825 1667 898 [al.,
1709 841 1934 898 recupe-

355 917 560 989 randze]
599 917 722 970 vita:
754 929 979 984 regnum
1027 914 1273 984 obsequii
1298 915 1380 969 sui
1431 914 1620 984 dirigit
1671 915 1932 973 intentio-

355 1026 503 1074 nem,
540 1011 646 1063 Deo
673 1023 771 1078 per
805 1008 987 1061 omnia
1026 1007 1316 1072 inluerere,
1358 1017 1415 1062 et
1453 1017 1622 1064 totam
1679 1009 1933 1065 fiduciam

353 1116 508 1156 suam
537 1097 815 1154 inﬂexibili
846 1097 1042 1152 mentis
1065 1105 1210 1152 statu
1241 1098 1293 1152 in
1309 1113 1432 1162 eum
1457 1099 1694 1170 deligere
1722 1100 1932 1166 nititur,

353 1191 500 1246 nulla
539 1192 684 1246 hunc
715 1189 1018 1244 adversitas
1052 1188 1146 1243 Dei
1207 1191 1433 1245 servitio
1470 1190 1732 1256 detrahit,
1784 1191 1932 1246 nulla

354 1281 687 1336 transeuntis
713 1281 837 1334 vitm
861 1280 1106 1350 voluptas
1135 1280 1211 1335 ab-
1234 1280 1350 1350 ejus
1383 1298 1570 1338 amore
1615 1286 1931 1352 compescit.

361 1377 466 1431 Per
489 1378 624 1432 dura
660 1387 715 1432 et
743 1393 935 1446 aspera
961 1391 1099 1430 riam
1127 1376 1504 1431 mandatorum
1536 1376 1685 1432 illius
1710 1375 1936 1440 incedit,

363 1476 418 1523 et
445 1484 512 1522 ex
539 1483 634 1537 spe
661 1467 1038 1522 retributionis
1069 1468 1264 1522 futurze
1294 1483 1390 1522 cor
1415 1483 1572 1522 suum
1603 1466 1935 1525 indelicienti

363 1559 654 1614 charitatis
691 1558 888 1613 ardore
919 1559 1223 1622 succendit,
1263 1575 1325 1613 ac
1355 1560 1432 1614 sic
1467 1559 1521 1612 in
1559 1559 1768 1613 etnictis
1805 1572 1935 1615 vera

367 1651 626 1722 patientia
655 1651 850 1714 fretus,
875 1666 997 1704 cum
1029 1651 1313 1707 Psalmista
1339 1653 1489 1706 laetus
1521 1653 1668 1705 canit
1693 1668 1707 1705 :
1737 1651 1934 1720 Magna

367 1753 443 1796 eu
479 1743 644 1812 gloria
682 1742 892 1796 Domini
934 1743 1106 1811 (Psal.
1154 1761 1242 1808 xx,
1277 1743 1352 1813 6).
1389 1744 1561 1809 Quam
1598 1741 1825 1814 gloriam
1857 1743 1938 1797 sic

369 1835 426 1888 in
489 1835 594 1889 hac
645 1835 1084 1905 peregrinatione
1138 1835 1346 1904 positus
1409 1846 1611 1907 gustat,
1668 1837 1937 1906 gustando

370 1927 629 1992 ruminat,
657 1929 981 1983 ruminando
1005 1927 1300 1992 desiderat,
1327 1927 1688 1981 desiderando
1718 1942 1746 1980 a
1780 1927 1939 1997 longe

371 2020 597 2084 salutat,
632 2029 688 2073 ut
727 2019 794 2074 ad
836 2021 978 2073 illam
1022 2032 1119 2089 spe
1159 2017 1508 2088 perveniendi
1544 2019 1834 2080 subnixus,
1876 2035 1938 2073 ea

369 2124 429 2164 se
464 2111 604 2164 inter
641 2110 914 2163 mundana
961 2109 1201 2179 pericula
1240 2111 1556 2163 consoletur
1598 2117 1652 2164 et
1688 2109 1943 2163 alacriter

371 2211 554 2256 cantet
588 2218 602 2256 :
644 2201 840 2272 Magna
880 2212 954 2256 est
990 2203 1160 2272 gloria
1207 2201 1434 2255 Domini.
1476 2201 1544 2256 Et
1574 2201 1760 2255 sciatis
1797 2199 1943 2270 quod

373 2293 463 2347 hic
507 2292 623 2361 ipsa
665 2292 838 2362 gloria
887 2292 1100 2346 Domini
1136 2292 1284 2347 nullo
1318 2293 1481 2346 modo
1511 2291 1941 2356 defraudabitur,

371 2384 629 2451 quoniam
661 2393 831 2438 totum
875 2384 1020 2454 quod
1064 2383 1117 2438 in
1161 2399 1227 2438 eo
1259 2383 1404 2452 viget
1434 2383 1700 2437 voluntati
1729 2381 1944 2436 Domini

371 2478 689 2544 famulatur,
737 2489 900 2548 atque
948 2479 1016 2532 ad
1071 2479 1212 2532 hanc
1265 2477 1613 2532 obtinendam
1671 2477 1944 2548 dirigitur.

377 2567 483 2622 Sed
510 2568 624 2638 jam
652 2569 721 2623 ab
753 2568 872 2622 istis
902 2568 1046 2624 inter
1081 2584 1178 2624 vos
1216 2569 1351 2624 mihi
1392 2569 1718 2625 cessandum
1748 2571 1943 2639 video;

377 2660 575 2714 fratres
603 2659 733 2724 mei,
778 2659 1010 2714 obsecro
1039 2674 1156 2723 vos,
1209 2660 1254 2715 si
1301 2660 1392 2716 hic
1420 2661 1667 2716 dolentes
1697 2677 1844 2716 nunc
1878 2663 1948 2718 ab

379 2749 616 2805 invicem
643 2765 983 2821 separamur,
1017 2751 1222 2806 tendite
1249 2763 1306 2806 ut
1337 2753 1390 2806 in
1415 2752 1598 2807 futuro
1627 2761 1754 2808 ante
1777 2752 1945 2809 Deum

380 2841 486 2896 laeti
517 2841 584 2896 ad
619 2841 852 2896 invicem
878 2841 1298 2912 conjungamur.
1329 2841 1514 2900 Estote
1545 2843 1642 2912 illi,
1673 2845 1766 2915 qui
1792 2859 1949 2900 vera-

383 2932 520 2987 citer
547 2931 727 2986 velitis
754 2931 889 2988 etiici
917 2931 1162 2988 baeredes
1192 2932 1311 3001 Dei.
1347 2951 1367 2986 ι

431 3012 520 3066 53.
542 3013 1180 3113 llisdictiscrumpentes
1212 3006 1430 3113 abncjus
1471 3010 1644 3113 oculis
1685 3011 1940 3113 lacrymas
1966 3045 2011 3108 ε

357 3117 480 3156 eum
504 3100 660 3171 plura
689 3100 834 3171 loqui
867 3100 1216 3170 prohihuere.
1273 3097 1544 3154 Gemitum
1587 3097 1817 3154 fratrum
1845 3101 1938 3170 qui

357 3187 679 3244 subsecutus
722 3197 803 3243 est
857 3187 978 3256 quis
1027 3187 1310 3242 cnarrabit
1338 3187 1362 3240 ?
1389 3186 1464 3241 Ita
1495 3186 1652 3243 ﬂetus
1701 3188 1944 3258 implevit

357 3279 560 3346 omnia,
592 3288 652 3332 ut
680 3293 782 3332 vox
821 3277 953 3332 nulli
999 3286 1306 3347 superesset
1366 3278 1434 3332 ad
1487 3278 1668 3334 verba.
1701 3278 1940 3334 Tandem

359 3369 524 3426 Pater
571 3369 777 3426 medios
813 3384 1072 3440 rumpens
1119 3368 1389 3440 singultus
1417 3369 1493 3424 ait
1524 3385 1538 3423 :
1574 3388 1592 3420 σ
1626 3368 1942 3426 Charissimi

360 3462 489 3528 mei,
514 3462 667 3517 scitis
695 3461 838 3532 quod
882 3476 979 3517 vos
1029 3476 1173 3528 esse,
1201 3474 1252 3519 et
1287 3481 1394 3534 quo
1448 3479 1544 3518 vos
1599 3462 1817 3517 tendere
1847 3477 1943 3517 cn-

359 3549 525 3620 piam.
559 3550 667 3607 Sed
693 3550 826 3605 hora
850 3550 967 3605 haec
987 3551 1142 3619 plura
1170 3552 1314 3622 idqui
1347 3561 1515 3618 vetat,
1547 3552 1658 3606 Deo
1686 3551 1940 3620 omnipo-

360 3645 495 3698 tenti
570 3654 626 3699 et
679 3643 997 3700 beatissimo
1058 3644 1425 3713 apostolorum
1497 3644 1726 3714 principi
1781 3640 1944 3697 Petro

363 3749 459 3790 vos
487 3737 832 3801 commendo,
865 3745 922 3789 ut
946 3743 1001 3790 et
1030 3736 1144 3804 ipse
1175 3735 1316 3790 Deus
1345 3735 1488 3789 inter
1521 3750 1651 3790 suas
1675 3748 1806 3789 oves
1847 3747 1942 3788 vos

364 3836 643 3895 agnoscat,
666 3835 721 3881 et
741 3827 931 3882 beatus
945 3825 1139 3881 Petrus
1159 3826 1210 3880 in
1228 3824 1308 3880 sui
1330 3825 1637 3890 tuitionem,
1661 3826 1800 3880 sicut
1815 3838 1944 3879 oves

364 3915 459 3970 Dei
506 3915 607 3971 sibi
663 3916 1088 3980 commendatas,
1153 3930 1250 3971 vos
1299 3915 1577 3985 suscipiat.
1617 3915 1728 3984 Ego
1758 3923 1943 3969 vestra

361 4005 578 4062 licentia
635 4016 692 4062 et
735 4006 1117 4064 benedictione
1145 4007 1302 4072 vado,
1336 4019 1396 4059 ac
1445 4013 1505 4058 ut
1535 4005 1675 4057 Deus
1703 4003 1852 4072 pacis
1880 4017 1944 4057 ac

363 4097 670 4152 dilectionis
690 4099 968 4153 vobiscum
997 4106 1215 4151 maneat
1238 4109 1355 4150 oro.
1379 4113 1398 4147 ι
1418 4094 1672 4148 Posthzec
1684 4093 1942 4160 surrexit,

363 4198 418 4240 ct
449 4187 576 4240 dato
609 4188 755 4256 pacis
781 4186 968 4243 osculo
1006 4187 1240 4251 cunctis,
1289 4186 1341 4240 in
1369 4185 1670 4239 oratorium
1700 4184 1818 4248 ivit,
1849 4199 1947 4253 po-

368 4278 495 4348 pulo
525 4289 776 4334 sanctum
829 4279 948 4351 ejus
997 4279 1288 4350 alloquium
1339 4277 1683 4350 pmstolanti
1735 4294 1834 4348 pro
1859 4278 1944 4333 in-

2036 463 2314 518 demutare
2351 462 2586 516 volebat.
2623 463 2718 519 Die
2754 480 2883 521 vero
2937 468 3342 538 quintodecimo
3367 491 3489 533 cum
3516 497 3616 538 nos

2037 565 2214 609 nauta:
2249 566 2503 624 urgerent
2535 572 2697 613 naves
2743 567 2945 626 petere,
2973 567 3028 612 et
3073 575 3172 616 nos
3205 566 3439 622 transire
3467 571 3612 627 avidi

2037 647 2101 701 ad
2133 647 2235 702 hoe
2264 646 2637 718 fatigaremur,
2678 663 2808 704 ecce
2839 649 3054 704 videres
3080 666 3192 705 rem
3221 656 3613 726 miserandam,

2036 746 2242 805 patrem
2268 739 2477 809 patriae,
2509 739 2795 810 primatem
2848 739 3015 794 totius
3065 738 3362 801 Britanniae
3393 747 3618 806 Wilhel-

2037 843 2155 882 Inus
2181 827 2269 882 ille
2309 828 2461 899 quasi
2495 827 2774 898 fugitivum
2805 837 2860 884 ct
2902 829 3128 899 alicujus
3158 835 3404 891 criminis
3455 854 3606 893 reum

2038 919 2304 976 inlittore
2352 921 2578 986 detinet,
2635 936 2698 974 ac
2735 935 2801 975 ne
2853 937 3004 976 mare
3058 931 3298 980 transeat
3345 945 3411 984 ex
3461 940 3619 1000 parte

2039 1013 2243 1068 domini
2271 1014 2351 1068 sui
2371 1010 2549 1083 jubet,
2588 1013 2762 1068 donec
2803 1016 2985 1070 omnia
3013 1033 3132 1087 quae
3173 1034 3356 1074 secum
3407 1020 3618 1079 ferebat

2037 1104 2348 1174 singulatim
2402 1103 2504 1158 sibi
2563 1102 2782 1158 revelet.
2841 1105 3027 1162 Allata:
3082 1108 3245 1179 igitur
3279 1119 3406 1164 ante
3461 1111 3610 1166 illum

2038 1193 2208 1261 bnlga:
2238 1203 2292 1248 et
2315 1195 2565 1250 mantica:
2615 1204 2870 1250 reseratae
2915 1207 3063 1264 sunt,
3119 1209 3228 1254 tota
3259 1202 3498 1271 supellex
3549 1204 3612 1258 il—

2039 1284 2142 1339 lius
2167 1300 2262 1356 spe
2292 1284 2535 1356 pecunia:
2574 1287 2905 1356 reperiendae
2942 1291 3196 1344 subversa
3241 1300 3404 1360 atque
3423 1296 3617 1362 exqui-

2039 1375 2139 1428 sita
2167 1384 2270 1440 est,
2301 1375 2502 1444 ingenti
2525 1375 2696 1445 plebis
2726 1377 3071 1432 multitudine
3099 1378 3509 1444 circumstante,
3542 1397 3607 1436 ac

2039 1467 2306 1521 nefarimn
2351 1483 2486 1537 opus
2549 1483 2647 1538 pro
2695 1469 2777 1522 sui
2830 1471 3068 1523 novitate
3123 1469 3441 1524 admirando
3494 1487 3617 1541 spe—

2038 1555 2241 1625 ctante,
2279 1568 2334 1613 et
2382 1559 2679 1628 spectando
2700 1569 3036 1615 exsecrante.
3089 1559 3267 1615 Rebus
3303 1577 3434 1633 ergo
3459 1577 3619 1617 ever-

2038 1651 2136 1716 sis,
2165 1651 2258 1706 sed
2282 1651 2413 1704 nihil
2452 1652 2644 1706 horum
2677 1666 2905 1720 quorum
2958 1666 3120 1706 causa
3167 1667 3372 1707 eversa:
3412 1662 3534 1706 sunt
3561 1653 3614 1707 in

2040 1743 2120 1798 eis
2151 1751 2387 1812 reperto,
2416 1743 2600 1797 delusa
2654 1743 2960 1798 sollicitudo
3009 1743 3406 1814 perscrutautis
3443 1755 3526 1801 est
3561 1753 3618 1801 et

2040 1832 2328 1888 Anselmus
2354 1848 2476 1888 cum
2507 1833 2620 1888 suis
2660 1833 2810 1888 abire
2849 1834 3166 1904 permissus.

2109 1925 2197 1980 35.
2249 1926 2435 1995 Itaque
2476 1941 2666 1980 navem
2722 1926 3035 1997 ingreditur,
3087 1927 3264 1982 ventis
3313 1927 3427 1981 vela
3477 1943 3611 1996 pan-

2040 2017 2244 2072 duntur
2294 2035 2307 2071 :
2353 2026 2407 2071 et
2454 2017 2734 2086 aliquanto
2787 2019 2950 2072 maris
2995 2020 3169 2087 spatio
3218 2033 3616 2088 promovemnr,

2040 2125 2161 2164 cum
2229 2109 2408 2163 subito
2475 2120 2652 2163 nautae
2712 2109 2888 2179 primo
2951 2111 3093 2165 inter
3156 2127 3215 2166 se
3265 2111 3614 2165 submurmu-

2040 2209 2240 2262 rantes,
2272 2215 2336 2253 ac
2381 2198 2574 2254 deinde
2617 2199 2902 2254 manifesta
2951 2215 3080 2256 voce
3145 2217 3391 2255 murmur
3439 2201 3612 2272 ipsum

2045 2289 2425 2359 depromentes
2450 2286 2721 2342 aﬂirmant
2767 2287 2913 2343 nullo
2959 2289 3173 2359 penitus
3200 2297 3416 2356 conatu,
3470 2289 3617 2344 nullo

2043 2393 2459 2434 numerosorum
2517 2393 2788 2433 remorum
2857 2378 3128 2449 impulsu,
3194 2396 3262 2437 eo
3317 2399 3426 2454 quo
3481 2383 3620 2437 fere-

2041 2471 2238 2526 bamur
2290 2478 2475 2534 vento,
2529 2467 2832 2524 Witsandis
2875 2469 3321 2542 pertingendum,
3399 2472 3509 2526 imo
3569 2472 3617 2528 si

2039 2558 2268 2614 marinis
2323 2557 2577 2613 ﬂuctibus
2644 2557 2852 2628 pariter
2913 2557 3114 2612 involvi
3180 2558 3446 2616 nollemus
3501 2560 3619 2615 sine

2040 2664 2192 2704 mora
2242 2648 2615 2704 remeantium.
2640 2647 2906 2718 ingemuit
2948 2647 3237 2704 Anselmus
3289 2649 3356 2704 ad
3411 2650 3534 2716 ista,
3565 2658 3620 2706 et

2040 2737 2117 2792 ait
2149 2754 2164 2792 :
2202 2755 2221 2790 ς
2259 2737 2317 2792 Si
2341 2737 2726 2808 omnipotentis
2761 2736 2856 2792 Dei
2878 2737 3084 2808 judicio
3113 2737 3293 2807 placet
3333 2755 3420 2796 me
3447 2742 3622 2811 magis

2041 2827 2221 2885 redire
2250 2827 2317 2882 ad
2363 2827 2624 2899 pristinas
2655 2827 2921 2892 miserias,
2954 2843 3116 2897 quam
3144 2828 3426 2885 liberatum
3450 2829 3519 2884 ab
3550 2831 3616 2884 il-

2040 2920 2108 2976 lis
2133 2922 2354 2976 tendere
2391 2921 2457 2976 ad
2485 2920 2538 2974 id
2568 2921 2711 2990 quod
2746 2921 2860 2990 ipse
2891 2921 3040 2976 novit
3089 2936 3176 2977 me
3205 2923 3386 2976 animo
3417 2938 3617 2992 propo-

2041 3013 2230 3078 suisse,
2279 3013 2392 3082 ipse
2420 3012 2615 3076 videat,
2649 3012 2763 3081 ipse
2822 3012 3138 3082 dispenset;
3191 3027 3293 3084 ego
3341 3014 3606 3068 voluntati
3643 3009 3646 3011 Α

2042 3103 2161 3174 ejus
2212 3100 2440 3172 obsequi
2495 3108 2716 3170 paratus
2772 3115 2913 3164 sum,
2963 3115 3064 3155 nec
3101 3102 3246 3155 enim
3299 3118 3470 3168 meus,
3527 3103 3622 3158 sed

2044 3191 2216 3262 ipsius
2264 3205 2405 3246 sum.
2438 3208 2458 3242 ι
2506 3189 2650 3244 Dixit
2715 3198 2770 3243 et
2823 3188 3042 3245 suffusis
3082 3190 3135 3244 in
3194 3190 3460 3262 lacrymas
3493 3207 3623 3247 ocu-

2043 3281 2111 3338 lis
2164 3281 2302 3352 ejus,
2379 3279 2762 3348 concussisque
2808 3279 2862 3334 in
2913 3284 3170 3351 gemitum
3220 3283 3475 3338 cordibus
3523 3299 3623 3337 no-

2043 3370 2174 3426 stris
2233 3370 2326 3439 qui
2378 3369 2495 3423 hme
2550 3367 2901 3423 audiebamus
2951 3385 3016 3426 ac
3072 3372 3420 3442 videbamus,
3483 3373 3630 3428 illico

2044 3469 2241 3515 ventus
2294 3473 2358 3514 ex
2420 3457 2526 3512 alio
2580 3456 2751 3512 latere
2799 3472 3025 3530 surgens
3072 3461 3124 3516 in
3176 3462 3354 3517 velum
3410 3479 3627 3535 percus-

2045 3551 2134 3616 sit,
2187 3558 2244 3606 et
2281 3558 2472 3604 nautas
2517 3547 2632 3617 jam
2683 3548 2800 3605 velo
2855 3551 3055 3606 reﬂexo
3105 3562 3304 3607 terram
3355 3564 3621 3624 petentes,

2047 3643 2113 3698 ad
2141 3642 2380 3713 priorem
2406 3656 2624 3697 cursum
2654 3641 2852 3696 reverti
2903 3642 3104 3713 coegit.
3150 3643 3260 3700 Nos
3306 3645 3470 3716 igitur
3515 3661 3624 3700 non

2047 3733 2316 3789 modicum
2360 3732 2669 3799 cxhilarati,
2697 3740 2752 3786 et
2801 3731 2852 3786 in
2883 3732 3032 3788 brevi
3070 3735 3434 3805 prosperrime
3461 3735 3628 3790 mari-

2047 3827 2132 3881 nis
2199 3823 2456 3882 ﬂuctibus
2522 3825 2719 3891 evecti,
2769 3822 3073 3882 Witsandis
3125 3842 3222 3898 pro
3273 3836 3399 3883 voto
3454 3827 3629 3898 apuli.

2046 3930 2188 3970 mus.

2117 4005 2205 4060 56.
2232 4006 2646 4077 Egredientibus
2700 4017 2879 4064 autem
2915 4007 3070 4064 nobis
3118 4008 3184 4062 de
3209 4007 3352 4072 navi,
3408 4007 3463 4062 hi
3491 4022 3629 4078 quo-

2048 4114 2169 4154 rum
2225 4099 2379 4152 navis
2425 4107 2563 4162 erat,
2607 4099 2906 4156 retinentes
2970 4100 3226 4154 domuum
3275 4097 3620 4163 Balduinum,

2049 4203 2211 4257 quem
2235 4187 2577 4257 provisorem
2626 4197 2679 4244 et
2727 4190 3091 4244 ordinatorem
3155 4203 3336 4243 rerum
3383 4188 3626 4243 Auselmi

2049 4293 2210 4348 supra
2236 4279 2495 4345 diximus,
2555 4279 2911 4335 ostenderunt
2957 4282 3008 4335 ei
3056 4279 3303 4334 mirabile
3368 4279 3626 4348 quiddam

364 4373 561 4427 stantis
605 4372 871 4443 qualitate
914 4373 1115 4444 negotii
1168 4372 1393 4428 verbum
1471 4369 1861 4426 consolationis
1889 4377 1944 4425 et
1977 4384 2022 4440 ι)
2048 4371 2192 4440 quod
2213 4369 2603 4426 aceiderat.-ln
2628 4369 2795 4426 fundo
2825 4371 3025 4426 etenim
3067 4370 3244 4434 navis,
3296 4384 3417 4438 quae
3445 4369 3624 4423 virum

363 4463 760 4520 exhortationis
813 4463 1240 4519 ministraturus.
1295 4462 1451 4532 Quod
1484 4460 1575 4516 ubi
1612 4461 1948 4516 excellenter

366 4551 599 4622 peregit,
627 4561 840 4607 astante
865 4554 1277 4619 monachorum,
1306 4553 1631 4608 clericorum
1662 4566 1728 4606 ac
1758 4564 1948 4605 nume-

371 4657 493 4696 rosa
561 4642 880 4712 populorum
949 4644 1293 4698 multitudine
1354 4658 1543 4712 perant
1591 4649 1647 4696 et
1695 4639 1946 4695 baculum

369 4725 833 4796 peregrinantium
860 4743 1013 4782 more
1062 4744 1248 4784 coram
1297 4728 1456 4782 altari
1489 4725 1750 4796 suscepit,
1791 4740 1948 4780 com-

371 4819 745 4890 mcndatisque
765 4821 1014 4875 omnibus
1033 4820 1251 4876 Christo
1293 4819 1495 4890 ingenti
1521 4817 1645 4874 ﬂetu
1673 4825 1729 4873 et
1748 4815 1948 4888 cjulatu

372 4919 690 4980 prosccutus
716 4925 970 4982 egressus
989 4919 1094 4966 est.

996 5000 1224 5058 CAPUT
1249 5000 1332 5055 IV.

371 5092 642 5148 Discessu:
668 5093 722 5146 in
769 5091 1021 5156 Galliam,
1053 5093 1176 5147 inde
1221 5092 1441 5147 Romam
1467 5101 1514 5146 et
1546 5092 1600 5144 in
1648 5091 1948 5148 Samnium.

442 5184 530 5240 54.
565 5185 684 5255 Ipso
732 5184 821 5240 die
871 5184 937 5239 ad
1003 5193 1217 5254 portum
1274 5184 1467 5239 Dol‘ras
1515 5184 1729 5250 ivimus,
1773 5186 1953 5256 ibique

373 5277 627 5330 clericum
654 5275 942 5346 quemdam
981 5275 1330 5330 Wilhelmum
1373 5274 1590 5329 nomine
1639 5289 1670 5327 a
1723 5291 1848 5346 rege
1883 5275 1950 5330 ad

373 5367 687 5421 Anseimum
755 5369 1022 5425 directum
1096 5367 1418 5436 reperimus.
1500 5366 1710 5422 Detenti
1768 5376 1951 5421 autem

375 5456 447 5511 ibi
474 5457 778 5526 quindecim
805 5460 996 5515 diebus
1025 5474 1235 5526 sumus,
1261 5471 1423 5514 vento
1475 5461 1630 5516 nobis
1660 5458 1950 5513 transitum

375 5549 714 5618 prohibente.
750 5552 803 5606 In
835 5568 940 5623 qua
973 5569 1122 5608 mora
1154 5553 1296 5608 idem
1324 5552 1650 5608 Wilhclmus
1690 5568 1811 5608 cmn
1841 5551 1947 5606 Pa-

379 5652 461 5698 tre
494 5642 703 5700 intrans
748 5653 802 5699 et
845 5645 1052 5713 exiens,
1103 5655 1157 5703 et
1205 5646 1258 5703 in
1291 5661 1476 5704 mensa
1523 5645 1662 5702 illius
1711 5644 1954 5715 quotidie

2050 4477 2147 4535 per
2173 4464 2346 4518 undas
2369 4471 2746 4518 transvexerat
2776 4463 3017 4519 fractura
3043 4461 3204 4515 unius
3254 4459 3452 4516 tabula:
3481 4459 3628 4515 fora-

2050 4568 2172 4608 men
2211 4567 2400 4617 unum,
2432 4550 2604 4608 ferme
2627 4552 2854 4607 duorum
2877 4551 3052 4621 spatio
3075 4549 3270 4619 pedum
3308 4548 3629 4619 magnitudi-

2049 4644 2138 4701 nis
2177 4645 2404 4708 habens,
2432 4642 2707 4709 effecerat,
2739 4643 2881 4713 quod
2906 4642 3134 4697 ﬂuitanti
3157 4641 3438 4696 elemento
3459 4639 3629 4694 latum

2053 4733 2175 4808 [al.,
2233 4731 2433 4804 lacum]
2483 4733 2911 4799 demonstrabat,
2971 4731 3067 4787 sed
3117 4731 3321 4786 nullum
3380 4731 3626 4795 omnino,

2051 4825 2288 4897 quandiu
2323 4822 2610 4878 Ansclmus
2662 4823 2714 4877 in
2758 4838 2821 4878 ea
2875 4823 3088 4886 fuerat,
3138 4821 3418 4876 reserabat
3461 4819 3633 4874 intro-

2055 4916 2208 4970 itum.
2235 4914 2366 4980 Quae
2389 4928 2474 4968 res
2495 4912 2538 4968 si
2583 4912 2996 4967 admirationem
3027 4927 3148 4966 sese
3177 4908 3513 4964 intuentibus
3544 4907 3630 4961 in-

2057 5004 2198 5072 tulit,
2231 5017 2337 5056 non
2361 5010 2491 5072 puto
2514 5000 2842 5055 mirandum.
2884 5002 3036 5055 Tunc
3085 4999 3378 5054 Balduinus
3416 5010 3633 5052 summo

2056 5095 2235 5152 studio
2283 5092 2494 5148 cunctis
2524 5106 2640 5146 rem
2692 5091 2872 5148 celare
2907 5092 3184 5162 praecepit,
3229 5099 3284 5145 et
3311 5103 3373 5145 ea
3419 5102 3506 5143 res
3530 5101 3632 5158 per

2057 5187 2108 5240 id
2133 5182 2392 5254 temporis
2441 5197 2547 5237 non
2590 5181 2776 5238 multis
2825 5184 3081 5239 innotuit.
3120 5183 3230 5252 Ego
3274 5190 3453 5236 tamen
3505 5178 3631 5250 [al.,

2057 5272 2262 5346 autem]
2287 5288 2409 5329 cum
2461 5272 2586 5327 inde
2637 5275 2884 5343 quaedam
2930 5274 3342 5345 persensissem,
3388 5285 3453 5325 ac
3509 5278 3635 5340 post

2060 5367 2275 5437 longum
2323 5374 2531 5436 tempus
2593 5366 2716 5421 dum
2747 5365 2884 5428 istis,
2909 5380 3028 5434 quae
3064 5365 3116 5419 in
3171 5378 3333 5417 manu
3370 5361 3636 5416 habemus

2059 5459 2378 5525 scribendis,
2438 5459 2674 5512 animum
2731 5457 3127 5528 applicuissem,
3186 5455 3428 5526 nihilque
3488 5453 3637 5508 unde

2060 5551 2191 5606 mihi
2218 5550 2298 5605 vel
2327 5550 2460 5607 levis
2508 5549 2777 5605 dubitatio
2817 5549 2995 5604 inesse
3055 5556 3266 5617 poterat
3317 5543 3635 5600 describere

2061 5641 2371 5710 voluissem,
2422 5639 2749 5710 interrogavi
2786 5638 3032 5694 eumdem
3091 5639 3265 5692 virum
3297 5633 3361 5690 de
3390 5633 3630 5704 negotio,
