  <div class='ocr_page' id='page_1' title='image "/cluster/home/n/w/nwhite01/storage/ocr_20150623/158/hvd.32044054760160/054.png"; bbox 0 0 3882 6050; ppageno 0'>
   <div class='ocr_carea' id='block_1_1' title="bbox 305 241 3581 307">
    <p class='ocr_par' dir='ltr' id='par_1_1' title="bbox 305 241 3581 307">
     <span class='ocr_line' id='line_1_1' title="bbox 305 241 3581 307; baseline -0 -7"><span class='ocrx_word' id='word_1_1' title='bbox 305 247 379 302; x_wconf 73' lang='lat'><strong>97</strong></span> <span class='ocrx_word' id='word_1_2' title='bbox 1321 241 1475 296; x_wconf 70' lang='lat' dir='ltr'><strong>Vl&#39;l‘A</strong></span> <span class='ocrx_word' id='word_1_3' title='bbox 1513 243 1839 298; x_wconf 65' lang='lat' dir='ltr'><strong>AUCTORE</strong></span> <span class='ocrx_word' id='word_1_4' title='bbox 1881 244 2232 298; x_wconf 64' lang='lat' dir='ltr'><strong>BADMERO.</strong></span> <span class='ocrx_word' id='word_1_5' title='bbox 2263 277 2328 284; x_wconf 84' lang='lat'><strong><em>-—</em></strong></span> <span class='ocrx_word' id='word_1_6' title='bbox 2367 247 2488 302; x_wconf 77' lang='lat' dir='ltr'><strong>LIB.</strong></span> <span class='ocrx_word' id='word_1_7' title='bbox 2523 248 2582 301; x_wconf 91' lang='lat' dir='ltr'><strong>ll.</strong></span> <span class='ocrx_word' id='word_1_8' title='bbox 3514 253 3581 307; x_wconf 67' lang='lat'><strong>93</strong></span> 
     </span>
    </p>
   </div>
   <div class='ocr_carea' id='block_1_2' title="bbox 313 353 3580 428">
    <p class='ocr_par' dir='ltr' id='par_1_2' title="bbox 313 353 3580 428">
     <span class='ocr_line' id='line_1_2' title="bbox 313 353 3580 428; baseline 0.001 -14"><span class='ocrx_word' id='word_1_9' title='bbox 313 370 371 415; x_wconf 84' lang='lat' dir='ltr'><strong>et</strong></span> <span class='ocrx_word' id='word_1_10' title='bbox 401 358 686 413; x_wconf 90' lang='lat' dir='ltr'><strong>veritatem</strong></span> <span class='ocrx_word' id='word_1_11' title='bbox 732 369 1060 425; x_wconf 89' lang='lat' dir='ltr'><strong>magnopere</strong></span> <span class='ocrx_word' id='word_1_12' title='bbox 1084 353 1393 408; x_wconf 84' lang='lat' dir='ltr'><strong>sciscitatus</strong></span> <span class='ocrx_word' id='word_1_13' title='bbox 1415 368 1556 406; x_wconf 88' lang='lat' dir='ltr'><strong>sum.</strong></span> <span class='ocrx_word' id='word_1_14' title='bbox 1593 355 1695 420; x_wconf 92' lang='lat' dir='ltr'><strong>Qui</strong></span> <span class='ocrx_word' id='word_1_15' title='bbox 1730 356 1900 408; x_wconf 83' lang='lat' dir='ltr'><strong>inter-</strong></span> <span class='ocrx_word' id='word_1_16' title='bbox 1930 361 1971 414; x_wconf 75' lang='grc' dir='ltr'><strong>Α</strong></span> <span class='ocrx_word' id='word_1_17' title='bbox 2002 372 2217 425; x_wconf 83' lang='lat' dir='ltr'><strong>quoque</strong></span> <span class='ocrx_word' id='word_1_18' title='bbox 2260 359 2606 427; x_wconf 71' lang='lat' dir='ltr'><strong>quamplures</strong></span> <span class='ocrx_word' id='word_1_19' title='bbox 2657 359 2724 412; x_wconf 92' lang='lat' dir='ltr'><strong>ob</strong></span> <span class='ocrx_word' id='word_1_20' title='bbox 2785 359 2834 412; x_wconf 81' lang='lat' dir='ltr'><strong>id</strong></span> <span class='ocrx_word' id='word_1_21' title='bbox 2888 365 3062 428; x_wconf 83' lang='lat' dir='ltr'><strong>ipsum</strong></span> <span class='ocrx_word' id='word_1_22' title='bbox 3119 375 3214 428; x_wconf 85' lang='lat' dir='ltr'><strong>pro</strong></span> <span class='ocrx_word' id='word_1_23' title='bbox 3265 361 3473 416; x_wconf 81' lang='lat' dir='ltr'><strong>foribus</strong></span> <span class='ocrx_word' id='word_1_24' title='bbox 3503 375 3580 417; x_wconf 90' lang='lat' dir='ltr'><strong>at-</strong></span> 
     </span>
    </p>
   </div>
   <div class='ocr_carea' id='block_1_3' title="bbox 313 445 1900 521">
    <p class='ocr_par' dir='ltr' id='par_1_3' title="bbox 313 445 1900 521">
     <span class='ocr_line' id='line_1_3' title="bbox 313 445 1900 521; baseline -0.003 -19"><span class='ocrx_word' id='word_1_25' title='bbox 313 451 488 521; x_wconf 85' lang='lat' dir='ltr'><strong>posita</strong></span> <span class='ocrx_word' id='word_1_26' title='bbox 545 447 790 500; x_wconf 72' lang='lat' dir='ltr'><strong>veritatis</strong></span> <span class='ocrx_word' id='word_1_27' title='bbox 842 445 1170 508; x_wconf 79' lang='lat' dir='ltr'><strong>assertione,</strong></span> <span class='ocrx_word' id='word_1_28' title='bbox 1208 459 1312 513; x_wconf 91' lang='lat' dir='ltr'><strong>qua</strong></span> <span class='ocrx_word' id='word_1_29' title='bbox 1365 459 1555 497; x_wconf 87' lang='lat' dir='ltr'><strong>servus</strong></span> <span class='ocrx_word' id='word_1_30' title='bbox 1587 445 1679 497; x_wconf 93' lang='lat' dir='ltr'><strong>Dei</strong></span> <span class='ocrx_word' id='word_1_31' title='bbox 1712 461 1775 498; x_wconf 90' lang='lat' dir='ltr'><strong>ac</strong></span> <span class='ocrx_word' id='word_1_32' title='bbox 1811 460 1900 497; x_wconf 84' lang='lat' dir='ltr'><strong>ve-</strong></span> 
     </span>
    </p>
   </div>
   <div class='ocr_carea' id='block_1_4' title="bbox 316 534 1898 598">
    <p class='ocr_par' dir='ltr' id='par_1_4' title="bbox 316 534 1898 598">
     <span class='ocr_line' id='line_1_4' title="bbox 316 534 1898 598; baseline -0.004 -3"><span class='ocrx_word' id='word_1_33' title='bbox 316 558 414 597; x_wconf 86' lang='lat' dir='ltr'><strong>rus</strong></span> <span class='ocrx_word' id='word_1_34' title='bbox 444 540 744 594; x_wconf 83' lang='lat' dir='ltr'><strong>monachus</strong></span> <span class='ocrx_word' id='word_1_35' title='bbox 793 537 950 590; x_wconf 90' lang='lat' dir='ltr'><strong>inuiti</strong></span> <span class='ocrx_word' id='word_1_36' title='bbox 1009 537 1189 598; x_wconf 86' lang='lat' dir='ltr'><strong>debet,</strong></span> <span class='ocrx_word' id='word_1_37' title='bbox 1218 534 1500 589; x_wconf 85' lang='lat' dir='ltr'><strong>confessus</strong></span> <span class='ocrx_word' id='word_1_38' title='bbox 1553 544 1637 589; x_wconf 88' lang='lat' dir='ltr'><strong>est</strong></span> <span class='ocrx_word' id='word_1_39' title='bbox 1690 550 1801 588; x_wconf 89' lang='lat' dir='ltr'><strong>rem</strong></span> <span class='ocrx_word' id='word_1_40' title='bbox 1831 550 1898 588; x_wconf 76' lang='lat' dir='ltr'><strong>ex</strong></span> 
     </span>
    </p>
   </div>
   <div class='ocr_carea' id='block_1_5' title="bbox 315 627 1901 698">
    <p class='ocr_par' dir='ltr' id='par_1_5' title="bbox 315 627 1901 698">
     <span class='ocr_line' id='line_1_5' title="bbox 315 627 1901 698; baseline -0.004 -11"><span class='ocrx_word' id='word_1_41' title='bbox 315 644 433 687; x_wconf 89' lang='lat' dir='ltr'><strong>toto</strong></span> <span class='ocrx_word' id='word_1_42' title='bbox 462 634 599 686; x_wconf 85' lang='lat' dir='ltr'><strong>sicut</strong></span> <span class='ocrx_word' id='word_1_43' title='bbox 625 645 744 686; x_wconf 89' lang='lat' dir='ltr'><strong>eam</strong></span> <span class='ocrx_word' id='word_1_44' title='bbox 785 629 944 684; x_wconf 90' lang='lat' dir='ltr'><strong>retuli</strong></span> <span class='ocrx_word' id='word_1_45' title='bbox 999 627 1198 683; x_wconf 87' lang='lat' dir='ltr'><strong>factam</strong></span> <span class='ocrx_word' id='word_1_46' title='bbox 1227 645 1241 693; x_wconf 87' lang='lat'><strong>;</strong></span> <span class='ocrx_word' id='word_1_47' title='bbox 1279 643 1380 683; x_wconf 91' lang='lat' dir='ltr'><strong>nec</strong></span> <span class='ocrx_word' id='word_1_48' title='bbox 1425 628 1721 698; x_wconf 85' lang='lat' dir='ltr'><strong>quidquam</strong></span> <span class='ocrx_word' id='word_1_49' title='bbox 1753 629 1804 681; x_wconf 91' lang='lat' dir='ltr'><strong>in</strong></span> <span class='ocrx_word' id='word_1_50' title='bbox 1837 643 1901 682; x_wconf 87' lang='lat' dir='ltr'><strong>ea</strong></span> 
     </span>
    </p>
   </div>
   <div class='ocr_carea' id='block_1_6' title="bbox 313 724 630 778">
    <p class='ocr_par' dir='ltr' id='par_1_6' title="bbox 313 724 630 778">
     <span class='ocr_line' id='line_1_6' title="bbox 313 724 630 778; baseline -0.013 0"><span class='ocrx_word' id='word_1_51' title='bbox 313 724 630 778; x_wconf 84' lang='lat' dir='ltr'><strong>confictum.</strong></span> 
     </span>
    </p>
   </div>
   <div class='ocr_carea' id='block_1_7' title="bbox 387 809 1902 881">
    <p class='ocr_par' dir='ltr' id='par_1_7' title="bbox 387 809 1902 881">
     <span class='ocr_line' id='line_1_7' title="bbox 387 809 1902 881; baseline -0.001 -15"><span class='ocrx_word' id='word_1_52' title='bbox 387 816 480 867; x_wconf 82' lang='grc'><strong>57.</strong></span> <span class='ocrx_word' id='word_1_53' title='bbox 502 812 789 867; x_wconf 82' lang='lat' dir='ltr'><strong>Auselmus</strong></span> <span class='ocrx_word' id='word_1_54' title='bbox 821 812 1002 881; x_wconf 89' lang='lat' dir='ltr'><strong>itaque</strong></span> <span class='ocrx_word' id='word_1_55' title='bbox 1023 819 1178 865; x_wconf 78' lang='lat' dir='ltr'><strong>extra</strong></span> <span class='ocrx_word' id='word_1_56' title='bbox 1219 809 1472 879; x_wconf 75' lang='lat' dir='ltr'><strong>Angliam</strong></span> <span class='ocrx_word' id='word_1_57' title='bbox 1507 810 1713 879; x_wconf 88' lang='lat' dir='ltr'><strong>positus</strong></span> <span class='ocrx_word' id='word_1_58' title='bbox 1753 809 1805 864; x_wconf 93' lang='lat' dir='ltr'><strong>in</strong></span> <span class='ocrx_word' id='word_1_59' title='bbox 1838 825 1902 865; x_wconf 86' lang='lat' dir='ltr'><strong>eo</strong></span> 
     </span>
    </p>
   </div>
   <div class='ocr_carea' id='block_1_8' title="bbox 318 901 1902 976">
    <p class='ocr_par' dir='ltr' id='par_1_8' title="bbox 318 901 1902 976">
     <span class='ocr_line' id='line_1_8' title="bbox 318 901 1902 976; baseline 0 -17"><span class='ocrx_word' id='word_1_60' title='bbox 318 906 609 976; x_wconf 83' lang='lat' dir='ltr'><strong>magnifice</strong></span> <span class='ocrx_word' id='word_1_61' title='bbox 655 904 867 958; x_wconf 77' lang='lat' dir='ltr'><strong>lzetalus</strong></span> <span class='ocrx_word' id='word_1_62' title='bbox 914 915 998 958; x_wconf 90' lang='lat' dir='ltr'><strong>cst</strong></span> <span class='ocrx_word' id='word_1_63' title='bbox 1043 912 1099 957; x_wconf 92' lang='lat' dir='ltr'><strong>et</strong></span> <span class='ocrx_word' id='word_1_64' title='bbox 1151 901 1476 971; x_wconf 87' lang='lat' dir='ltr'><strong>multiplices</strong></span> <span class='ocrx_word' id='word_1_65' title='bbox 1534 901 1647 958; x_wconf 90' lang='lat' dir='ltr'><strong>Deo</strong></span> <span class='ocrx_word' id='word_1_66' title='bbox 1693 903 1902 970; x_wconf 79' lang='lat' dir='ltr'><strong>gratias</strong></span> 
     </span>
    </p>
   </div>
   <div class='ocr_carea' id='block_1_9' title="bbox 317 991 1902 1066">
    <p class='ocr_par' dir='ltr' id='par_1_9' title="bbox 317 991 1902 1066">
     <span class='ocr_line' id='line_1_9' title="bbox 317 991 1902 1066; baseline -0.002 -15"><span class='ocrx_word' id='word_1_67' title='bbox 317 999 454 1066; x_wconf 81' lang='lat' dir='ltr'><strong>egit,</strong></span> <span class='ocrx_word' id='word_1_68' title='bbox 487 996 629 1065; x_wconf 85' lang='lat' dir='ltr'><strong>quod</strong></span> <span class='ocrx_word' id='word_1_69' title='bbox 652 1009 710 1049; x_wconf 86' lang='lat' dir='ltr'><strong>se</strong></span> <span class='ocrx_word' id='word_1_70' title='bbox 742 995 894 1064; x_wconf 86' lang='lat' dir='ltr'><strong>quasi</strong></span> <span class='ocrx_word' id='word_1_71' title='bbox 928 995 1224 1048; x_wconf 89' lang='lat' dir='ltr'><strong>immanem</strong></span> <span class='ocrx_word' id='word_1_72' title='bbox 1278 991 1565 1062; x_wconf 76' lang='lat' dir='ltr'><strong>Babylonis</strong></span> <span class='ocrx_word' id='word_1_73' title='bbox 1623 993 1902 1048; x_wconf 89' lang='lat' dir='ltr'><strong>fornacem</strong></span> 
     </span>
    </p>
   </div>
   <div class='ocr_carea' id='block_1_10' title="bbox 313 1085 1905 1156">
    <p class='ocr_par' dir='ltr' id='par_1_10' title="bbox 313 1085 1905 1156">
     <span class='ocr_line' id='line_1_10' title="bbox 313 1085 1905 1156; baseline -0.001 -15"><span class='ocrx_word' id='word_1_74' title='bbox 313 1090 557 1143; x_wconf 85' lang='lat' dir='ltr'><strong>evasisse</strong></span> <span class='ocrx_word' id='word_1_75' title='bbox 603 1096 658 1140; x_wconf 89' lang='lat' dir='ltr'><strong>et</strong></span> <span class='ocrx_word' id='word_1_76' title='bbox 709 1086 921 1140; x_wconf 91' lang='lat' dir='ltr'><strong>culmen</strong></span> <span class='ocrx_word' id='word_1_77' title='bbox 971 1085 1372 1156; x_wconf 87' lang='lat' dir='ltr'><strong>quodammodo</strong></span> <span class='ocrx_word' id='word_1_78' title='bbox 1436 1087 1661 1155; x_wconf 63' lang='lat' dir='ltr'><strong>placidae</strong></span> <span class='ocrx_word' id='word_1_79' title='bbox 1705 1086 1905 1155; x_wconf 87' lang='lat' dir='ltr'><strong>quietis</strong></span> 
     </span>
    </p>
   </div>
   <div class='ocr_carea' id='block_1_11' title="bbox 316 1175 1905 1248">
    <p class='ocr_par' dir='ltr' id='par_1_11' title="bbox 316 1175 1905 1248">
     <span class='ocr_line' id='line_1_11' title="bbox 316 1175 1905 1248; baseline -0.001 -16"><span class='ocrx_word' id='word_1_80' title='bbox 316 1180 617 1248; x_wconf 78' lang='lat' dir='ltr'><strong>contigisse</strong></span> <span class='ocrx_word' id='word_1_81' title='bbox 673 1177 912 1231; x_wconf 82' lang='lat' dir='ltr'><strong>videbat.</strong></span> <span class='ocrx_word' id='word_1_82' title='bbox 959 1175 1267 1231; x_wconf 82' lang='lat' dir='ltr'><strong>Willelnius</strong></span> <span class='ocrx_word' id='word_1_83' title='bbox 1307 1186 1486 1230; x_wconf 89' lang='lat' dir='ltr'><strong>autem</strong></span> <span class='ocrx_word' id='word_1_84' title='bbox 1558 1191 1675 1240; x_wconf 74' lang='lat' dir='ltr'><strong>rex,</strong></span> <span class='ocrx_word' id='word_1_85' title='bbox 1721 1176 1905 1230; x_wconf 87' lang='lat' dir='ltr'><strong>audito</strong></span> 
     </span>
    </p>
   </div>
   <div class='ocr_carea' id='block_1_12' title="bbox 314 1266 1904 1336">
    <p class='ocr_par' dir='ltr' id='par_1_12' title="bbox 314 1266 1904 1336">
     <span class='ocr_line' id='line_1_12' title="bbox 314 1266 1904 1336; baseline -0.001 -13"><span class='ocrx_word' id='word_1_86' title='bbox 314 1269 634 1324; x_wconf 79' lang='lat' dir='ltr'><strong>Anselmnm</strong></span> <span class='ocrx_word' id='word_1_87' title='bbox 664 1267 1065 1330; x_wconf 87' lang='lat' dir='ltr'><strong>transfretasse,</strong></span> <span class='ocrx_word' id='word_1_88' title='bbox 1104 1266 1387 1321; x_wconf 79' lang='lat' dir='ltr'><strong>confestim</strong></span> <span class='ocrx_word' id='word_1_89' title='bbox 1415 1268 1673 1336; x_wconf 70' lang='lat' dir='ltr'><strong>prtecepit</strong></span> <span class='ocrx_word' id='word_1_90' title='bbox 1707 1276 1904 1322; x_wconf 88' lang='lat' dir='ltr'><strong>cuncta</strong></span> 
     </span>
    </p>
   </div>
   <div class='ocr_carea' id='block_1_13' title="bbox 314 1359 1905 1432">
    <p class='ocr_par' dir='ltr' id='par_1_13' title="bbox 314 1359 1905 1432">
     <span class='ocr_line' id='line_1_13' title="bbox 314 1359 1905 1432; baseline -0.001 -18"><span class='ocrx_word' id='word_1_91' title='bbox 314 1377 440 1432; x_wconf 68' lang='lat' dir='ltr'><strong>qua:</strong></span> <span class='ocrx_word' id='word_1_92' title='bbox 474 1362 616 1415; x_wconf 90' lang='lat' dir='ltr'><strong>illius</strong></span> <span class='ocrx_word' id='word_1_93' title='bbox 660 1360 800 1428; x_wconf 88' lang='lat' dir='ltr'><strong>juris</strong></span> <span class='ocrx_word' id='word_1_94' title='bbox 841 1359 1054 1412; x_wconf 80' lang='lat' dir='ltr'><strong>fuerant</strong></span> <span class='ocrx_word' id='word_1_95' title='bbox 1105 1359 1159 1412; x_wconf 90' lang='lat' dir='ltr'><strong>iu</strong></span> <span class='ocrx_word' id='word_1_96' title='bbox 1207 1375 1364 1413; x_wconf 90' lang='lat' dir='ltr'><strong>suum</strong></span> <span class='ocrx_word' id='word_1_97' title='bbox 1409 1360 1698 1413; x_wconf 87' lang='lat' dir='ltr'><strong>transcribi</strong></span> <span class='ocrx_word' id='word_1_98' title='bbox 1736 1359 1905 1413; x_wconf 90' lang='lat' dir='ltr'><strong>domi-</strong></span> 
     </span>
    </p>
   </div>
   <div class='ocr_carea' id='block_1_14' title="bbox 315 1447 1901 1518">
    <p class='ocr_par' dir='ltr' id='par_1_14' title="bbox 315 1447 1901 1518">
     <span class='ocr_line' id='line_1_14' title="bbox 315 1447 1901 1518; baseline 0 -16"><span class='ocrx_word' id='word_1_99' title='bbox 315 1450 494 1513; x_wconf 88' lang='lat' dir='ltr'><strong>nium,</strong></span> <span class='ocrx_word' id='word_1_100' title='bbox 524 1459 579 1502; x_wconf 91' lang='lat' dir='ltr'><strong>et</strong></span> <span class='ocrx_word' id='word_1_101' title='bbox 611 1449 761 1502; x_wconf 84' lang='lat' dir='ltr'><strong>irrita</strong></span> <span class='ocrx_word' id='word_1_102' title='bbox 813 1447 930 1502; x_wconf 85' lang='lat' dir='ltr'><strong>ﬁeri</strong></span> <span class='ocrx_word' id='word_1_103' title='bbox 960 1447 1142 1501; x_wconf 80' lang='lat' dir='ltr'><strong>omnia</strong></span> <span class='ocrx_word' id='word_1_104' title='bbox 1176 1463 1295 1516; x_wconf 72' lang='lat' dir='ltr'><strong>qua:</strong></span> <span class='ocrx_word' id='word_1_105' title='bbox 1346 1463 1440 1518; x_wconf 90' lang='lat' dir='ltr'><strong>per</strong></span> <span class='ocrx_word' id='word_1_106' title='bbox 1496 1449 1670 1517; x_wconf 88' lang='lat' dir='ltr'><strong>ipsum</strong></span> <span class='ocrx_word' id='word_1_107' title='bbox 1700 1456 1901 1502; x_wconf 90' lang='lat' dir='ltr'><strong>statuta</strong></span> 
     </span>
    </p>
   </div>
   <div class='ocr_carea' id='block_1_15' title="bbox 316 1539 1904 1610">
    <p class='ocr_par' dir='ltr' id='par_1_15' title="bbox 316 1539 1904 1610">
     <span class='ocr_line' id='line_1_15' title="bbox 316 1539 1904 1610; baseline 0.001 -16"><span class='ocrx_word' id='word_1_108' title='bbox 316 1540 489 1596; x_wconf 66' lang='lat' dir='ltr'><strong>fuisse</strong></span> <span class='ocrx_word' id='word_1_109' title='bbox 537 1540 752 1610; x_wconf 87' lang='lat' dir='ltr'><strong>probari</strong></span> <span class='ocrx_word' id='word_1_110' title='bbox 801 1548 1071 1609; x_wconf 84' lang='lat' dir='ltr'><strong>poterant,</strong></span> <span class='ocrx_word' id='word_1_111' title='bbox 1115 1555 1178 1592; x_wconf 80' lang='lat' dir='ltr'><strong>ex</strong></span> <span class='ocrx_word' id='word_1_112' title='bbox 1220 1555 1328 1608; x_wconf 91' lang='lat' dir='ltr'><strong>quo</strong></span> <span class='ocrx_word' id='word_1_113' title='bbox 1367 1551 1591 1595; x_wconf 79' lang='lat' dir='ltr'><strong>venerat</strong></span> <span class='ocrx_word' id='word_1_114' title='bbox 1618 1539 1670 1594; x_wconf 90' lang='lat' dir='ltr'><strong>in</strong></span> <span class='ocrx_word' id='word_1_115' title='bbox 1721 1541 1904 1596; x_wconf 90' lang='lat' dir='ltr'><strong>archi-</strong></span> 
     </span>
    </p>
   </div>
   <div class='ocr_carea' id='block_1_16' title="bbox 316 1631 1897 1703">
    <p class='ocr_par' dir='ltr' id='par_1_16' title="bbox 316 1631 1897 1703">
     <span class='ocr_line' id='line_1_16' title="bbox 316 1631 1897 1703; baseline 0.001 -16"><span class='ocrx_word' id='word_1_116' title='bbox 316 1633 715 1703; x_wconf 86' lang='lat' dir='ltr'><strong>episcopatum.</strong></span> <span class='ocrx_word' id='word_1_117' title='bbox 779 1631 926 1698; x_wconf 91' lang='lat' dir='ltr'><strong>Quas</strong></span> <span class='ocrx_word' id='word_1_118' title='bbox 979 1632 1161 1700; x_wconf 81' lang='lat' dir='ltr'><strong>itaque</strong></span> <span class='ocrx_word' id='word_1_119' title='bbox 1216 1631 1594 1686; x_wconf 86' lang='lat' dir='ltr'><strong>tribulationes</strong></span> <span class='ocrx_word' id='word_1_120' title='bbox 1659 1633 1897 1689; x_wconf 84' lang='lat' dir='ltr'><strong>Ecclesia</strong></span> 
     </span>
    </p>
   </div>
   <div class='ocr_carea' id='block_1_17' title="bbox 2011 449 3583 518">
    <p class='ocr_par' dir='ltr' id='par_1_17' title="bbox 2011 449 3583 518">
     <span class='ocr_line' id='line_1_17' title="bbox 2011 449 3583 518; baseline 0.006 -20"><span class='ocrx_word' id='word_1_121' title='bbox 2011 455 2188 500; x_wconf 84' lang='lat' dir='ltr'><strong>tentes</strong></span> <span class='ocrx_word' id='word_1_122' title='bbox 2216 457 2381 508; x_wconf 86' lang='lat' dir='ltr'><strong>stare,</strong></span> <span class='ocrx_word' id='word_1_123' title='bbox 2425 457 2750 517; x_wconf 85' lang='lat' dir='ltr'><strong>paratosque</strong></span> <span class='ocrx_word' id='word_1_124' title='bbox 2807 449 3128 518; x_wconf 84' lang='lat' dir='ltr'><strong>irrumpere,</strong></span> <span class='ocrx_word' id='word_1_125' title='bbox 3183 452 3225 504; x_wconf 91' lang='lat' dir='ltr'><strong>si</strong></span> <span class='ocrx_word' id='word_1_126' title='bbox 3256 452 3306 506; x_wconf 92' lang='lat' dir='ltr'><strong>ei</strong></span> <span class='ocrx_word' id='word_1_127' title='bbox 3352 452 3454 505; x_wconf 90' lang='lat' dir='ltr'><strong>soli</strong></span> <span class='ocrx_word' id='word_1_128' title='bbox 3492 469 3583 507; x_wconf 80' lang='lat' dir='ltr'><strong>ac—</strong></span> 
     </span>
    </p>
   </div>
   <div class='ocr_carea' id='block_1_18' title="bbox 2004 535 3576 609">
    <p class='ocr_par' dir='ltr' id='par_1_18' title="bbox 2004 535 3576 609">
     <span class='ocr_line' id='line_1_18' title="bbox 2004 535 3576 609; baseline 0.007 -23"><span class='ocrx_word' id='word_1_129' title='bbox 2004 535 2326 603; x_wconf 89' lang='lat' dir='ltr'><strong>quiesceret,</strong></span> <span class='ocrx_word' id='word_1_130' title='bbox 2361 538 2734 604; x_wconf 89' lang='lat' dir='ltr'><strong>detinuerunt,</strong></span> <span class='ocrx_word' id='word_1_131' title='bbox 2768 548 2821 592; x_wconf 87' lang='lat' dir='ltr'><strong>et</strong></span> <span class='ocrx_word' id='word_1_132' title='bbox 2869 556 2937 592; x_wconf 91' lang='lat' dir='ltr'><strong>ne</strong></span> <span class='ocrx_word' id='word_1_133' title='bbox 2963 541 3074 593; x_wconf 87' lang='lat' dir='ltr'><strong>voci</strong></span> <span class='ocrx_word' id='word_1_134' title='bbox 3113 541 3280 609; x_wconf 89' lang='lat' dir='ltr'><strong>ipsius</strong></span> <span class='ocrx_word' id='word_1_135' title='bbox 3333 541 3576 597; x_wconf 90' lang='lat' dir='ltr'><strong>auditum</strong></span> 
     </span>
    </p>
   </div>
   <div class='ocr_carea' id='block_1_19' title="bbox 2005 625 3581 700">
    <p class='ocr_par' dir='ltr' id='par_1_19' title="bbox 2005 625 3581 700">
     <span class='ocr_line' id='line_1_19' title="bbox 2005 625 3581 700; baseline 0.007 -25"><span class='ocrx_word' id='word_1_136' title='bbox 2005 625 2268 692; x_wconf 61' lang='lat' dir='ltr'><strong>prceberct</strong></span> <span class='ocrx_word' id='word_1_137' title='bbox 2292 626 2661 680; x_wconf 89' lang='lat' dir='ltr'><strong>obtinuerunt.</strong></span> <span class='ocrx_word' id='word_1_138' title='bbox 2715 628 2819 681; x_wconf 90' lang='lat' dir='ltr'><strong>Sed</strong></span> <span class='ocrx_word' id='word_1_139' title='bbox 2847 631 2935 682; x_wconf 91' lang='lat' dir='ltr'><strong>ubi</strong></span> <span class='ocrx_word' id='word_1_140' title='bbox 2967 630 3299 699; x_wconf 86' lang='lat' dir='ltr'><strong>aliquantum</strong></span> <span class='ocrx_word' id='word_1_141' title='bbox 3356 647 3581 700; x_wconf 83' lang='lat' dir='ltr'><strong>proces—</strong></span> 
     </span>
    </p>
   </div>
   <div class='ocr_carea' id='block_1_20' title="bbox 2005 715 3581 788">
    <p class='ocr_par' dir='ltr' id='par_1_20' title="bbox 2005 715 3581 788">
     <span class='ocr_line' id='line_1_20' title="bbox 2005 715 3581 788; baseline 0.004 -21"><span class='ocrx_word' id='word_1_142' title='bbox 2005 715 2197 780; x_wconf 83' lang='lat' dir='ltr'><strong>simus,</strong></span> <span class='ocrx_word' id='word_1_143' title='bbox 2249 716 2396 768; x_wconf 87' lang='lat' dir='ltr'><strong>venit</strong></span> <span class='ocrx_word' id='word_1_144' title='bbox 2447 715 2591 769; x_wconf 86' lang='lat' dir='ltr'><strong>Patri</strong></span> <span class='ocrx_word' id='word_1_145' title='bbox 2626 717 2677 770; x_wconf 92' lang='lat' dir='ltr'><strong>in</strong></span> <span class='ocrx_word' id='word_1_146' title='bbox 2709 728 2942 770; x_wconf 88' lang='lat' dir='ltr'><strong>mentem</strong></span> <span class='ocrx_word' id='word_1_147' title='bbox 2983 717 3179 786; x_wconf 90' lang='lat' dir='ltr'><strong>quibus</strong></span> <span class='ocrx_word' id='word_1_148' title='bbox 3225 719 3581 788; x_wconf 89' lang='lat' dir='ltr'><strong>acquieverit,</strong></span> 
     </span>
    </p>
   </div>
   <div class='ocr_carea' id='block_1_21' title="bbox 2005 805 3580 878">
    <p class='ocr_par' dir='ltr' id='par_1_21' title="bbox 2005 805 3580 878">
     <span class='ocr_line' id='line_1_21' title="bbox 2005 805 3580 878; baseline 0.001 -18"><span class='ocrx_word' id='word_1_149' title='bbox 2005 807 2134 875; x_wconf 83' lang='lat' dir='ltr'><strong>quid</strong></span> <span class='ocrx_word' id='word_1_150' title='bbox 2156 805 2345 876; x_wconf 87' lang='lat' dir='ltr'><strong>egerit.</strong></span> <span class='ocrx_word' id='word_1_151' title='bbox 2382 807 2524 860; x_wconf 79' lang='lat' dir='ltr'><strong>Illico</strong></span> <span class='ocrx_word' id='word_1_152' title='bbox 2548 807 2726 860; x_wconf 68' lang='lat' dir='ltr'><strong>nimiae</strong></span> <span class='ocrx_word' id='word_1_153' title='bbox 2749 807 3045 877; x_wconf 85' lang='lat' dir='ltr'><strong>impietatis</strong></span> <span class='ocrx_word' id='word_1_154' title='bbox 3067 808 3301 876; x_wconf 89' lang='lat' dir='ltr'><strong>seipsunt</strong></span> <span class='ocrx_word' id='word_1_155' title='bbox 3327 824 3580 878; x_wconf 85' lang='lat' dir='ltr'><strong>arguens,</strong></span> 
     </span>
    </p>
   </div>
   <div class='ocr_carea' id='block_1_22' title="bbox 2009 899 3585 969">
    <p class='ocr_par' dir='ltr' id='par_1_22' title="bbox 2009 899 3585 969">
     <span class='ocr_line' id='line_1_22' title="bbox 2009 899 3585 969; baseline 0.003 -19"><span class='ocrx_word' id='word_1_156' title='bbox 2009 907 2213 952; x_wconf 87' lang='lat' dir='ltr'><strong>lantmn</strong></span> <span class='ocrx_word' id='word_1_157' title='bbox 2235 899 2430 954; x_wconf 81' lang='lat' dir='ltr'><strong>exinde</strong></span> <span class='ocrx_word' id='word_1_158' title='bbox 2457 901 2704 969; x_wconf 85' lang='lat' dir='ltr'><strong>concepit</strong></span> <span class='ocrx_word' id='word_1_159' title='bbox 2742 900 2791 953; x_wconf 92' lang='lat' dir='ltr'><strong>in</strong></span> <span class='ocrx_word' id='word_1_160' title='bbox 2817 903 2978 954; x_wconf 84' lang='lat' dir='ltr'><strong>corde</strong></span> <span class='ocrx_word' id='word_1_161' title='bbox 3025 901 3286 964; x_wconf 86' lang='lat' dir='ltr'><strong>dolorem,</strong></span> <span class='ocrx_word' id='word_1_162' title='bbox 3327 910 3386 953; x_wconf 93' lang='lat' dir='ltr'><strong>ut</strong></span> <span class='ocrx_word' id='word_1_163' title='bbox 3412 917 3585 968; x_wconf 84' lang='lat' dir='ltr'><strong>quan-</strong></span> 
     </span>
    </p>
   </div>
   <div class='ocr_carea' id='block_1_23' title="bbox 2006 989 3583 1061">
    <p class='ocr_par' dir='ltr' id='par_1_23' title="bbox 2006 989 3583 1061">
     <span class='ocr_line' id='line_1_23' title="bbox 2006 989 3583 1061; baseline 0.001 -19"><span class='ocrx_word' id='word_1_164' title='bbox 2006 989 2097 1043; x_wconf 91' lang='lat' dir='ltr'><strong>diu</strong></span> <span class='ocrx_word' id='word_1_165' title='bbox 2151 990 2271 1045; x_wconf 68' lang='lat' dir='ltr'><strong>vitae</strong></span> <span class='ocrx_word' id='word_1_166' title='bbox 2343 991 2592 1059; x_wconf 70' lang='lat' dir='ltr'><strong>praesenti</strong></span> <span class='ocrx_word' id='word_1_167' title='bbox 2651 992 2944 1059; x_wconf 72' lang='lat' dir='ltr'><strong>superfuit,</strong></span> <span class='ocrx_word' id='word_1_168' title='bbox 2992 991 3270 1061; x_wconf 72' lang='lat' dir='ltr'><strong>pwnitudo</strong></span> <span class='ocrx_word' id='word_1_169' title='bbox 3315 991 3480 1061; x_wconf 91' lang='lat' dir='ltr'><strong>ipsius</strong></span> <span class='ocrx_word' id='word_1_170' title='bbox 3507 991 3583 1044; x_wconf 88' lang='lat' dir='ltr'><strong>fa-</strong></span> 
     </span>
    </p>
   </div>
   <div class='ocr_carea' id='block_1_24' title="bbox 2007 1082 3580 1153">
    <p class='ocr_par' dir='ltr' id='par_1_24' title="bbox 2007 1082 3580 1153">
     <span class='ocr_line' id='line_1_24' title="bbox 2007 1082 3580 1153; baseline 0.001 -20"><span class='ocrx_word' id='word_1_171' title='bbox 2007 1082 2104 1146; x_wconf 89' lang='lat' dir='ltr'><strong>cti,</strong></span> <span class='ocrx_word' id='word_1_172' title='bbox 2136 1091 2192 1136; x_wconf 93' lang='lat' dir='ltr'><strong>ut</strong></span> <span class='ocrx_word' id='word_1_173' title='bbox 2219 1097 2362 1152; x_wconf 52' lang='lat' dir='ltr'><strong>sa‘pe</strong></span> <span class='ocrx_word' id='word_1_174' title='bbox 2409 1082 2703 1148; x_wconf 74' lang='lat' dir='ltr'><strong>fatebatur,</strong></span> <span class='ocrx_word' id='word_1_175' title='bbox 2737 1084 2803 1136; x_wconf 90' lang='lat' dir='ltr'><strong>ab</strong></span> <span class='ocrx_word' id='word_1_176' title='bbox 2839 1083 3020 1137; x_wconf 89' lang='lat' dir='ltr'><strong>animo</strong></span> <span class='ocrx_word' id='word_1_177' title='bbox 3055 1085 3171 1153; x_wconf 90' lang='lat' dir='ltr'><strong>ejus</strong></span> <span class='ocrx_word' id='word_1_178' title='bbox 3201 1099 3304 1136; x_wconf 88' lang='lat' dir='ltr'><strong>non</strong></span> <span class='ocrx_word' id='word_1_179' title='bbox 3339 1099 3580 1138; x_wconf 77' lang='lat' dir='ltr'><strong>recesse-</strong></span> 
     </span>
    </p>
   </div>
   <div class='ocr_carea' id='block_1_25' title="bbox 2007 1171 2100 1224">
    <p class='ocr_par' dir='ltr' id='par_1_25' title="bbox 2007 1171 2100 1224">
     <span class='ocr_line' id='line_1_25' title="bbox 2007 1171 2100 1224; baseline 0.011 -1"><span class='ocrx_word' id='word_1_180' title='bbox 2007 1171 2100 1224; x_wconf 86' lang='lat' dir='ltr'><strong>rit.</strong></span> 
     </span>
    </p>
   </div>
   <div class='ocr_carea' id='block_1_26' title="bbox 2077 1262 3582 1336">
    <p class='ocr_par' dir='ltr' id='par_1_26' title="bbox 2077 1262 3582 1336">
     <span class='ocr_line' id='line_1_26' title="bbox 2077 1262 3582 1336; baseline 0.003 -20"><span class='ocrx_word' id='word_1_181' title='bbox 2077 1263 2165 1316; x_wconf 74' lang='grc'><strong>40.</strong></span> <span class='ocrx_word' id='word_1_182' title='bbox 2187 1262 2350 1318; x_wconf 78' lang='lat' dir='ltr'><strong>Nobis</strong></span> <span class='ocrx_word' id='word_1_183' title='bbox 2368 1265 2564 1320; x_wconf 88' lang='lat' dir='ltr'><strong>dehinc</strong></span> <span class='ocrx_word' id='word_1_184' title='bbox 2586 1276 2820 1336; x_wconf 77' lang='lat' dir='ltr'><strong>C(Bplum</strong></span> <span class='ocrx_word' id='word_1_185' title='bbox 2845 1265 2947 1319; x_wconf 88' lang='lat' dir='ltr'><strong>iter</strong></span> <span class='ocrx_word' id='word_1_186' title='bbox 2970 1265 3034 1319; x_wconf 89' lang='lat' dir='ltr'><strong>de</strong></span> <span class='ocrx_word' id='word_1_187' title='bbox 3056 1266 3142 1319; x_wconf 89' lang='lat' dir='ltr'><strong>die</strong></span> <span class='ocrx_word' id='word_1_188' title='bbox 3176 1265 3228 1320; x_wconf 93' lang='lat' dir='ltr'><strong>in</strong></span> <span class='ocrx_word' id='word_1_189' title='bbox 3259 1268 3401 1323; x_wconf 90' lang='lat' dir='ltr'><strong>diem</strong></span> <span class='ocrx_word' id='word_1_190' title='bbox 3431 1284 3582 1323; x_wconf 84' lang='lat' dir='ltr'><strong>acce-</strong></span> 
     </span>
    </p>
   </div>
   <div class='ocr_carea' id='block_1_27' title="bbox 2007 1357 3578 1429">
    <p class='ocr_par' dir='ltr' id='par_1_27' title="bbox 2007 1357 3578 1429">
     <span class='ocr_line' id='line_1_27' title="bbox 2007 1357 3578 1429; baseline 0.002 -20"><span class='ocrx_word' id='word_1_191' title='bbox 2007 1357 2326 1421; x_wconf 89' lang='lat' dir='ltr'><strong>lerantibus,</strong></span> <span class='ocrx_word' id='word_1_192' title='bbox 2362 1357 2500 1411; x_wconf 90' lang='lat' dir='ltr'><strong>fama</strong></span> <span class='ocrx_word' id='word_1_193' title='bbox 2553 1359 2653 1412; x_wconf 88' lang='lat' dir='ltr'><strong>viri</strong></span> <span class='ocrx_word' id='word_1_194' title='bbox 2706 1358 2875 1412; x_wconf 87' lang='lat' dir='ltr'><strong>multo</strong></span> <span class='ocrx_word' id='word_1_195' title='bbox 2901 1358 3135 1412; x_wconf 87' lang='lat' dir='ltr'><strong>celerius</strong></span> <span class='ocrx_word' id='word_1_196' title='bbox 3184 1361 3578 1429; x_wconf 77' lang='lat' dir='ltr'><strong>przeeurrebat,</strong></span> 
     </span>
    </p>
   </div>
   <div class='ocr_carea' id='block_1_28' title="bbox 2007 1448 3581 1519">
    <p class='ocr_par' dir='ltr' id='par_1_28' title="bbox 2007 1448 3581 1519">
     <span class='ocr_line' id='line_1_28' title="bbox 2007 1448 3581 1519; baseline 0.003 -17"><span class='ocrx_word' id='word_1_197' title='bbox 2007 1457 2061 1502; x_wconf 88' lang='lat' dir='ltr'><strong>et</strong></span> <span class='ocrx_word' id='word_1_198' title='bbox 2089 1448 2368 1518; x_wconf 89' lang='lat' dir='ltr'><strong>multiplici</strong></span> <span class='ocrx_word' id='word_1_199' title='bbox 2400 1449 2626 1519; x_wconf 91' lang='lat' dir='ltr'><strong>populos</strong></span> <span class='ocrx_word' id='word_1_200' title='bbox 2671 1464 2801 1504; x_wconf 87' lang='lat' dir='ltr'><strong>voce</strong></span> <span class='ocrx_word' id='word_1_201' title='bbox 2829 1449 3088 1519; x_wconf 87' lang='lat' dir='ltr'><strong>replebat.</strong></span> <span class='ocrx_word' id='word_1_202' title='bbox 3120 1450 3269 1504; x_wconf 85' lang='lat' dir='ltr'><strong>Unde</strong></span> <span class='ocrx_word' id='word_1_203' title='bbox 3304 1453 3581 1506; x_wconf 86' lang='lat' dir='ltr'><strong>turbarum</strong></span> 
     </span>
    </p>
   </div>
   <div class='ocr_carea' id='block_1_29' title="bbox 2007 1539 3586 1603">
    <p class='ocr_par' dir='ltr' id='par_1_29' title="bbox 2007 1539 3586 1603">
     <span class='ocr_line' id='line_1_29' title="bbox 2007 1539 3586 1603; baseline 0.003 -11"><span class='ocrx_word' id='word_1_204' title='bbox 2007 1553 2328 1603; x_wconf 82' lang='lat' dir='ltr'><strong>concursus,</strong></span> <span class='ocrx_word' id='word_1_205' title='bbox 2378 1539 2700 1594; x_wconf 86' lang='lat' dir='ltr'><strong>clericorum</strong></span> <span class='ocrx_word' id='word_1_206' title='bbox 2749 1551 2944 1603; x_wconf 60' lang='lat' dir='ltr'><strong>enatus,</strong></span> <span class='ocrx_word' id='word_1_207' title='bbox 3002 1542 3388 1595; x_wconf 83' lang='lat' dir='ltr'><strong>monachorum</strong></span> <span class='ocrx_word' id='word_1_208' title='bbox 3427 1558 3586 1598; x_wconf 83' lang='lat' dir='ltr'><strong>exer-</strong></span> 
     </span>
    </p>
   </div>
   <div class='ocr_carea' id='block_1_30' title="bbox 2007 1630 3585 1706">
    <p class='ocr_par' dir='ltr' id='par_1_30' title="bbox 2007 1630 3585 1706">
     <span class='ocr_line' id='line_1_30' title="bbox 2007 1630 3585 1706; baseline 0.005 -24"><span class='ocrx_word' id='word_1_209' title='bbox 2007 1630 2149 1684; x_wconf 93' lang='lat' dir='ltr'><strong>citus</strong></span> <span class='ocrx_word' id='word_1_210' title='bbox 2178 1631 2248 1695; x_wconf 90' lang='lat' dir='ltr'><strong>ei,</strong></span> <span class='ocrx_word' id='word_1_211' title='bbox 2297 1645 2617 1700; x_wconf 90' lang='lat' dir='ltr'><strong>quocunque</strong></span> <span class='ocrx_word' id='word_1_212' title='bbox 2662 1631 2928 1695; x_wconf 87' lang='lat' dir='ltr'><strong>veniebat,</strong></span> <span class='ocrx_word' id='word_1_213' title='bbox 2961 1643 3258 1686; x_wconf 89' lang='lat' dir='ltr'><strong>occurrunt</strong></span> <span class='ocrx_word' id='word_1_214' title='bbox 3286 1653 3298 1686; x_wconf 90' lang='lat'><strong>:</strong></span> <span class='ocrx_word' id='word_1_215' title='bbox 3336 1634 3421 1688; x_wconf 78' lang='lat' dir='ltr'><strong>isti</strong></span> <span class='ocrx_word' id='word_1_216' title='bbox 3453 1653 3585 1706; x_wconf 85' lang='lat' dir='ltr'><strong>gau-</strong></span> 
     </span>
    </p>
   </div>
   <div class='ocr_carea' id='block_1_31' title="bbox 315 1706 3585 1794">
    <p class='ocr_par' dir='ltr' id='par_1_31' title="bbox 315 1706 3585 1794">
     <span class='ocr_line' id='line_1_31' title="bbox 315 1706 3585 1794; baseline 0.002 -16"><span class='ocrx_word' id='word_1_217' title='bbox 315 1722 520 1778; x_wconf 88' lang='lat' dir='ltr'><strong>Christi</strong></span> <span class='ocrx_word' id='word_1_218' title='bbox 552 1739 711 1792; x_wconf 89' lang='lat' dir='ltr'><strong>passa</strong></span> <span class='ocrx_word' id='word_1_219' title='bbox 758 1723 830 1778; x_wconf 89' lang='lat' dir='ltr'><strong>sit</strong></span> <span class='ocrx_word' id='word_1_220' title='bbox 862 1723 1024 1785; x_wconf 90' lang='lat' dir='ltr'><strong>intus,</strong></span> <span class='ocrx_word' id='word_1_221' title='bbox 1058 1731 1113 1776; x_wconf 87' lang='lat' dir='ltr'><strong>et</strong></span> <span class='ocrx_word' id='word_1_222' title='bbox 1167 1731 1347 1789; x_wconf 82' lang='lat' dir='ltr'><strong>extra,</strong></span> <span class='ocrx_word' id='word_1_223' title='bbox 1407 1725 1646 1794; x_wconf 87' lang='lat' dir='ltr'><strong>cogitatu</strong></span> <span class='ocrx_word' id='word_1_224' title='bbox 1703 1726 1899 1781; x_wconf 79' lang='lat' dir='ltr'><strong>nedum</strong></span> <span class='ocrx_word' id='word_1_225' title='bbox 1939 1706 1980 1761; x_wconf 76' lang='grc' dir='ltr'>Β</span> <span class='ocrx_word' id='word_1_226' title='bbox 2007 1722 2096 1776; x_wconf 86' lang='lat' dir='ltr'><strong>dio</strong></span> <span class='ocrx_word' id='word_1_227' title='bbox 2117 1731 2172 1775; x_wconf 91' lang='lat' dir='ltr'><strong>et</strong></span> <span class='ocrx_word' id='word_1_228' title='bbox 2211 1723 2573 1776; x_wconf 81' lang='lat' dir='ltr'><strong>exsultatione</strong></span> <span class='ocrx_word' id='word_1_229' title='bbox 2619 1732 3031 1792; x_wconf 87' lang='lat' dir='ltr'><strong>concrepantes,</strong></span> <span class='ocrx_word' id='word_1_230' title='bbox 3075 1724 3149 1778; x_wconf 91' lang='lat' dir='ltr'><strong>illi</strong></span> <span class='ocrx_word' id='word_1_231' title='bbox 3187 1726 3396 1782; x_wconf 75' lang='lat' dir='ltr'><strong>vexillis</strong></span> <span class='ocrx_word' id='word_1_232' title='bbox 3416 1738 3472 1782; x_wconf 91' lang='lat' dir='ltr'><strong>et</strong></span> <span class='ocrx_word' id='word_1_233' title='bbox 3494 1745 3585 1783; x_wconf 88' lang='lat' dir='ltr'><strong>so-</strong></span> 
     </span>
    </p>
   </div>
   <div class='ocr_carea' id='block_1_32' title="bbox 319 1814 1487 1884">
    <p class='ocr_par' dir='ltr' id='par_1_32' title="bbox 319 1814 1487 1884">
     <span class='ocr_line' id='line_1_32' title="bbox 319 1814 1487 1884; baseline 0 -16"><span class='ocrx_word' id='word_1_234' title='bbox 319 1815 467 1870; x_wconf 85' lang='lat' dir='ltr'><strong>dictu</strong></span> <span class='ocrx_word' id='word_1_235' title='bbox 493 1816 772 1884; x_wconf 88' lang='lat' dir='ltr'><strong>percipere</strong></span> <span class='ocrx_word' id='word_1_236' title='bbox 795 1814 1007 1870; x_wconf 78' lang='lat' dir='ltr'><strong>difﬁcile</strong></span> <span class='ocrx_word' id='word_1_237' title='bbox 1025 1831 1148 1868; x_wconf 86' lang='lat' dir='ltr'><strong>esse</strong></span> <span class='ocrx_word' id='word_1_238' title='bbox 1175 1816 1487 1884; x_wconf 82' lang='lat' dir='ltr'><strong>pronuntio.</strong></span> 
     </span>
    </p>
   </div>
   <div class='ocr_carea' id='block_1_33' title="bbox 391 1907 1898 1978">
    <p class='ocr_par' dir='ltr' id='par_1_33' title="bbox 391 1907 1898 1978">
     <span class='ocr_line' id='line_1_33' title="bbox 391 1907 1898 1978; baseline 0.001 -16"><span class='ocrx_word' id='word_1_239' title='bbox 391 1908 478 1962; x_wconf 84' lang='grc'><strong>58.</strong></span> <span class='ocrx_word' id='word_1_240' title='bbox 512 1908 680 1977; x_wconf 87' lang='lat' dir='ltr'><strong>Igitur</strong></span> <span class='ocrx_word' id='word_1_241' title='bbox 699 1907 990 1962; x_wconf 86' lang='lat' dir='ltr'><strong>Anselmus</strong></span> <span class='ocrx_word' id='word_1_242' title='bbox 1025 1923 1055 1962; x_wconf 86' lang='lat' dir='ltr'><strong>a</strong></span> <span class='ocrx_word' id='word_1_243' title='bbox 1078 1907 1380 1962; x_wconf 80' lang='lat' dir='ltr'><strong>Witsandis</strong></span> <span class='ocrx_word' id='word_1_244' title='bbox 1415 1923 1572 1962; x_wconf 90' lang='lat' dir='ltr'><strong>mane</strong></span> <span class='ocrx_word' id='word_1_245' title='bbox 1594 1907 1898 1978; x_wconf 81' lang='lat' dir='ltr'><strong>discedens,</strong></span> 
     </span>
    </p>
   </div>
   <div class='ocr_carea' id='block_1_34' title="bbox 314 1997 1901 2072">
    <p class='ocr_par' dir='ltr' id='par_1_34' title="bbox 314 1997 1901 2072">
     <span class='ocr_line' id='line_1_34' title="bbox 314 1997 1901 2072; baseline 0.001 -20"><span class='ocrx_word' id='word_1_246' title='bbox 314 2009 374 2052; x_wconf 90' lang='lat' dir='ltr'><strong>et</strong></span> <span class='ocrx_word' id='word_1_247' title='bbox 409 2010 530 2066; x_wconf 90' lang='lat' dir='ltr'><strong>post</strong></span> <span class='ocrx_word' id='word_1_248' title='bbox 557 1999 675 2053; x_wconf 84' lang='lat' dir='ltr'><strong>dies</strong></span> <span class='ocrx_word' id='word_1_249' title='bbox 704 1997 769 2052; x_wconf 88' lang='lat' dir='ltr'><strong>ad</strong></span> <span class='ocrx_word' id='word_1_250' title='bbox 796 2008 1042 2053; x_wconf 90' lang='lat' dir='ltr'><strong>sanctum</strong></span> <span class='ocrx_word' id='word_1_251' title='bbox 1073 1998 1349 2052; x_wconf 83' lang='lat' dir='ltr'><strong>Bertinum</strong></span> <span class='ocrx_word' id='word_1_252' title='bbox 1403 1999 1645 2062; x_wconf 85' lang='lat' dir='ltr'><strong>veniens,</strong></span> <span class='ocrx_word' id='word_1_253' title='bbox 1705 2015 1901 2072; x_wconf 90' lang='lat' dir='ltr'><strong>magna</strong></span> 
     </span>
    </p>
   </div>
   <div class='ocr_carea' id='block_1_35' title="bbox 315 2090 1900 2159">
    <p class='ocr_par' dir='ltr' id='par_1_35' title="bbox 315 2090 1900 2159">
     <span class='ocr_line' id='line_1_35' title="bbox 315 2090 1900 2159; baseline 0.003 -17"><span class='ocrx_word' id='word_1_254' title='bbox 315 2091 516 2159; x_wconf 74' lang='lat' dir='ltr'><strong>plebis,</strong></span> <span class='ocrx_word' id='word_1_255' title='bbox 540 2090 864 2145; x_wconf 88' lang='lat' dir='ltr'><strong>clericorum</strong></span> <span class='ocrx_word' id='word_1_256' title='bbox 913 2106 976 2146; x_wconf 91' lang='lat' dir='ltr'><strong>ac</strong></span> <span class='ocrx_word' id='word_1_257' title='bbox 1016 2091 1406 2145; x_wconf 88' lang='lat' dir='ltr'><strong>monachorum</strong></span> <span class='ocrx_word' id='word_1_258' title='bbox 1469 2090 1754 2147; x_wconf 87' lang='lat' dir='ltr'><strong>alacritate</strong></span> <span class='ocrx_word' id='word_1_259' title='bbox 1781 2109 1900 2147; x_wconf 92' lang='lat' dir='ltr'><strong>sus-</strong></span> 
     </span>
    </p>
   </div>
   <div class='ocr_carea' id='block_1_36' title="bbox 309 2182 1902 2252">
    <p class='ocr_par' dir='ltr' id='par_1_36' title="bbox 309 2182 1902 2252">
     <span class='ocr_line' id='line_1_36' title="bbox 309 2182 1902 2252; baseline 0.002 -17"><span class='ocrx_word' id='word_1_260' title='bbox 309 2192 514 2252; x_wconf 73' lang='lat' dir='ltr'><strong>ceptus</strong></span> <span class='ocrx_word' id='word_1_261' title='bbox 543 2192 647 2247; x_wconf 89' lang='lat' dir='ltr'><strong>est,</strong></span> <span class='ocrx_word' id='word_1_262' title='bbox 671 2191 724 2237; x_wconf 86' lang='lat' dir='ltr'><strong>et</strong></span> <span class='ocrx_word' id='word_1_263' title='bbox 773 2198 868 2252; x_wconf 87' lang='lat' dir='ltr'><strong>per</strong></span> <span class='ocrx_word' id='word_1_264' title='bbox 896 2183 1134 2252; x_wconf 86' lang='lat' dir='ltr'><strong>quinque</strong></span> <span class='ocrx_word' id='word_1_265' title='bbox 1165 2183 1278 2237; x_wconf 86' lang='lat' dir='ltr'><strong>dies</strong></span> <span class='ocrx_word' id='word_1_266' title='bbox 1332 2182 1405 2236; x_wconf 87' lang='lat' dir='ltr'><strong>ibi</strong></span> <span class='ocrx_word' id='word_1_267' title='bbox 1435 2183 1707 2238; x_wconf 88' lang='lat' dir='ltr'><strong>detentus.</strong></span> <span class='ocrx_word' id='word_1_268' title='bbox 1758 2183 1902 2239; x_wconf 90' lang='lat' dir='ltr'><strong>lute-</strong></span> 
     </span>
    </p>
   </div>
   <div class='ocr_carea' id='block_1_37' title="bbox 319 2271 1903 2345">
    <p class='ocr_par' dir='ltr' id='par_1_37' title="bbox 319 2271 1903 2345">
     <span class='ocr_line' id='line_1_37' title="bbox 319 2271 1903 2345; baseline 0.003 -20"><span class='ocrx_word' id='word_1_269' title='bbox 319 2287 417 2326; x_wconf 84' lang='lat' dir='ltr'><strong>rea</strong></span> <span class='ocrx_word' id='word_1_270' title='bbox 451 2282 641 2342; x_wconf 83' lang='lat' dir='ltr'><strong>rogatu</strong></span> <span class='ocrx_word' id='word_1_271' title='bbox 696 2273 1081 2328; x_wconf 84' lang='lat' dir='ltr'><strong>canonicorum</strong></span> <span class='ocrx_word' id='word_1_272' title='bbox 1114 2271 1238 2345; x_wconf 89' lang='lat' dir='ltr'><strong>[al.,</strong></span> <span class='ocrx_word' id='word_1_273' title='bbox 1275 2273 1579 2327; x_wconf 89' lang='lat' dir='ltr'><strong>amicorum</strong></span> <span class='ocrx_word' id='word_1_274' title='bbox 1631 2282 1683 2328; x_wconf 88' lang='lat' dir='ltr'><strong>et</strong></span> <span class='ocrx_word' id='word_1_275' title='bbox 1738 2289 1903 2330; x_wconf 89' lang='lat' dir='ltr'><strong>cano-</strong></span> 
     </span>
    </p>
   </div>
   <div class='ocr_carea' id='block_1_38' title="bbox 319 2361 1900 2434">
    <p class='ocr_par' dir='ltr' id='par_1_38' title="bbox 319 2361 1900 2434">
     <span class='ocr_line' id='line_1_38' title="bbox 319 2361 1900 2434; baseline 0.001 -18"><span class='ocrx_word' id='word_1_276' title='bbox 319 2361 457 2434; x_wconf 69' lang='lat' dir='ltr'><strong>nic.)</strong></span> <span class='ocrx_word' id='word_1_277' title='bbox 491 2363 667 2418; x_wconf 88' lang='lat' dir='ltr'><strong>altare</strong></span> <span class='ocrx_word' id='word_1_278' title='bbox 695 2380 859 2418; x_wconf 92' lang='lat' dir='ltr'><strong>unum</strong></span> <span class='ocrx_word' id='word_1_279' title='bbox 885 2364 1026 2432; x_wconf 91' lang='lat' dir='ltr'><strong>apud</strong></span> <span class='ocrx_word' id='word_1_280' title='bbox 1071 2372 1318 2418; x_wconf 90' lang='lat' dir='ltr'><strong>sanctum</strong></span> <span class='ocrx_word' id='word_1_281' title='bbox 1367 2363 1740 2418; x_wconf 75' lang='lat' dir='ltr'><strong>Auilomarum</strong></span> <span class='ocrx_word' id='word_1_282' title='bbox 1766 2378 1900 2418; x_wconf 86' lang='lat' dir='ltr'><strong>con-</strong></span> 
     </span>
    </p>
   </div>
   <div class='ocr_carea' id='block_1_39' title="bbox 317 2455 1900 2524">
    <p class='ocr_par' dir='ltr' id='par_1_39' title="bbox 317 2455 1900 2524">
     <span class='ocr_line' id='line_1_39' title="bbox 317 2455 1900 2524; baseline 0 -15"><span class='ocrx_word' id='word_1_283' title='bbox 317 2457 580 2509; x_wconf 80' lang='lat' dir='ltr'><strong>secravit.</strong></span> <span class='ocrx_word' id='word_1_284' title='bbox 609 2455 726 2522; x_wconf 87' lang='lat' dir='ltr'><strong>Quo</strong></span> <span class='ocrx_word' id='word_1_285' title='bbox 751 2455 895 2509; x_wconf 90' lang='lat' dir='ltr'><strong>facto</strong></span> <span class='ocrx_word' id='word_1_286' title='bbox 935 2465 1201 2510; x_wconf 86' lang='lat' dir='ltr'><strong>venerunt</strong></span> <span class='ocrx_word' id='word_1_287' title='bbox 1229 2456 1295 2509; x_wconf 90' lang='lat' dir='ltr'><strong>ad</strong></span> <span class='ocrx_word' id='word_1_288' title='bbox 1323 2471 1447 2510; x_wconf 88' lang='lat' dir='ltr'><strong>eum</strong></span> <span class='ocrx_word' id='word_1_289' title='bbox 1498 2456 1745 2510; x_wconf 88' lang='lat' dir='ltr'><strong>honorati</strong></span> <span class='ocrx_word' id='word_1_290' title='bbox 1775 2455 1900 2524; x_wconf 91' lang='lat' dir='ltr'><strong>qui-</strong></span> 
     </span>
    </p>
   </div>
   <div class='ocr_carea' id='block_1_40' title="bbox 317 2543 1897 2613">
    <p class='ocr_par' dir='ltr' id='par_1_40' title="bbox 317 2543 1897 2613">
     <span class='ocr_line' id='line_1_40' title="bbox 317 2543 1897 2613; baseline 0 -15"><span class='ocrx_word' id='word_1_291' title='bbox 317 2546 446 2599; x_wconf 89' lang='lat' dir='ltr'><strong>dam</strong></span> <span class='ocrx_word' id='word_1_292' title='bbox 478 2547 546 2600; x_wconf 90' lang='lat' dir='ltr'><strong>de</strong></span> <span class='ocrx_word' id='word_1_293' title='bbox 584 2544 850 2613; x_wconf 83' lang='lat' dir='ltr'><strong>indigenis</strong></span> <span class='ocrx_word' id='word_1_294' title='bbox 899 2545 1025 2610; x_wconf 91' lang='lat' dir='ltr'><strong>viri,</strong></span> <span class='ocrx_word' id='word_1_295' title='bbox 1071 2545 1228 2600; x_wconf 79' lang='lat' dir='ltr'><strong>ﬂexis</strong></span> <span class='ocrx_word' id='word_1_296' title='bbox 1257 2545 1484 2612; x_wconf 80' lang='lat' dir='ltr'><strong>genibus</strong></span> <span class='ocrx_word' id='word_1_297' title='bbox 1523 2543 1897 2608; x_wconf 89' lang='lat' dir='ltr'><strong>obsecrantes,</strong></span> 
     </span>
    </p>
   </div>
   <div class='ocr_carea' id='block_1_41' title="bbox 316 2636 1905 2705">
    <p class='ocr_par' dir='ltr' id='par_1_41' title="bbox 316 2636 1905 2705">
     <span class='ocr_line' id='line_1_41' title="bbox 316 2636 1905 2705; baseline 0.001 -17"><span class='ocrx_word' id='word_1_298' title='bbox 316 2645 591 2705; x_wconf 87' lang='lat' dir='ltr'><strong>quatenus</strong></span> <span class='ocrx_word' id='word_1_299' title='bbox 614 2636 752 2688; x_wconf 84' lang='lat' dir='ltr'><strong>tilias</strong></span> <span class='ocrx_word' id='word_1_300' title='bbox 771 2648 958 2690; x_wconf 87' lang='lat' dir='ltr'><strong>eorum</strong></span> <span class='ocrx_word' id='word_1_301' title='bbox 996 2650 1094 2704; x_wconf 90' lang='lat' dir='ltr'><strong>per</strong></span> <span class='ocrx_word' id='word_1_302' title='bbox 1121 2636 1522 2704; x_wconf 89' lang='lat' dir='ltr'><strong>impositionem</strong></span> <span class='ocrx_word' id='word_1_303' title='bbox 1571 2650 1764 2689; x_wconf 86' lang='lat' dir='ltr'><strong>manus</strong></span> <span class='ocrx_word' id='word_1_304' title='bbox 1793 2650 1905 2690; x_wconf 71' lang='lat' dir='ltr'><strong>sua:</strong></span> 
     </span>
    </p>
   </div>
   <div class='ocr_carea' id='block_1_42' title="bbox 324 2723 1898 2795">
    <p class='ocr_par' dir='ltr' id='par_1_42' title="bbox 324 2723 1898 2795">
     <span class='ocr_line' id='line_1_42' title="bbox 324 2723 1898 2795; baseline 0 -17"><span class='ocrx_word' id='word_1_305' title='bbox 324 2724 471 2778; x_wconf 82' lang='lat' dir='ltr'><strong>sacri</strong></span> <span class='ocrx_word' id='word_1_306' title='bbox 515 2723 830 2779; x_wconf 86' lang='lat' dir='ltr'><strong>chrismatis</strong></span> <span class='ocrx_word' id='word_1_307' title='bbox 879 2725 1134 2778; x_wconf 89' lang='lat' dir='ltr'><strong>unctione</strong></span> <span class='ocrx_word' id='word_1_308' title='bbox 1178 2725 1440 2795; x_wconf 80' lang='lat' dir='ltr'><strong>signaret.</strong></span> <span class='ocrx_word' id='word_1_309' title='bbox 1477 2724 1561 2778; x_wconf 88' lang='lat' dir='ltr'><strong>Ad</strong></span> <span class='ocrx_word' id='word_1_310' title='bbox 1598 2725 1742 2794; x_wconf 89' lang='lat' dir='ltr'><strong>quod</strong></span> <span class='ocrx_word' id='word_1_311' title='bbox 1775 2740 1898 2778; x_wconf 75' lang='lat' dir='ltr'><strong>mox</strong></span> 
     </span>
    </p>
   </div>
   <div class='ocr_carea' id='block_1_43' title="bbox 321 2813 1903 2884">
    <p class='ocr_par' dir='ltr' id='par_1_43' title="bbox 321 2813 1903 2884">
     <span class='ocr_line' id='line_1_43' title="bbox 321 2813 1903 2884; baseline 0.001 -16"><span class='ocrx_word' id='word_1_312' title='bbox 321 2816 399 2868; x_wconf 90' lang='lat' dir='ltr'><strong>ita</strong></span> <span class='ocrx_word' id='word_1_313' title='bbox 424 2813 702 2883; x_wconf 88' lang='lat' dir='ltr'><strong>respondit</strong></span> <span class='ocrx_word' id='word_1_314' title='bbox 728 2831 741 2866; x_wconf 88' lang='lat'><strong>:</strong></span> <span class='ocrx_word' id='word_1_315' title='bbox 790 2834 807 2864; x_wconf 72' lang='grc' dir='ltr'><strong>ε</strong></span> <span class='ocrx_word' id='word_1_316' title='bbox 845 2813 912 2868; x_wconf 85' lang='lat' dir='ltr'><strong>Et</strong></span> <span class='ocrx_word' id='word_1_317' title='bbox 943 2814 1042 2868; x_wconf 93' lang='lat' dir='ltr'><strong>hos</strong></span> <span class='ocrx_word' id='word_1_318' title='bbox 1068 2829 1166 2884; x_wconf 87' lang='lat' dir='ltr'><strong>pro</strong></span> <span class='ocrx_word' id='word_1_319' title='bbox 1195 2815 1390 2884; x_wconf 86' lang='lat' dir='ltr'><strong>quibus</strong></span> <span class='ocrx_word' id='word_1_320' title='bbox 1421 2815 1603 2884; x_wconf 88' lang='lat' dir='ltr'><strong>petitis</strong></span> <span class='ocrx_word' id='word_1_321' title='bbox 1649 2815 1822 2870; x_wconf 90' lang='lat' dir='ltr'><strong>libens</strong></span> <span class='ocrx_word' id='word_1_322' title='bbox 1850 2816 1903 2870; x_wconf 93' lang='lat' dir='ltr'><strong>in</strong></span> 
     </span>
    </p>
   </div>
   <div class='ocr_carea' id='block_1_44' title="bbox 321 2903 1898 2976">
    <p class='ocr_par' dir='ltr' id='par_1_44' title="bbox 321 2903 1898 2976">
     <span class='ocr_line' id='line_1_44' title="bbox 321 2903 1898 2976; baseline 0.002 -18"><span class='ocrx_word' id='word_1_323' title='bbox 321 2907 423 2958; x_wconf 89' lang='lat' dir='ltr'><strong>hac</strong></span> <span class='ocrx_word' id='word_1_324' title='bbox 449 2920 611 2958; x_wconf 82' lang='lat' dir='ltr'><strong>causa</strong></span> <span class='ocrx_word' id='word_1_325' title='bbox 641 2903 958 2974; x_wconf 88' lang='lat' dir='ltr'><strong>suscipiam,</strong></span> <span class='ocrx_word' id='word_1_326' title='bbox 988 2913 1044 2958; x_wconf 92' lang='lat' dir='ltr'><strong>et</strong></span> <span class='ocrx_word' id='word_1_327' title='bbox 1084 2904 1220 2958; x_wconf 90' lang='lat' dir='ltr'><strong>alios</strong></span> <span class='ocrx_word' id='word_1_328' title='bbox 1251 2905 1353 2960; x_wconf 89' lang='lat' dir='ltr'><strong>hoc</strong></span> <span class='ocrx_word' id='word_1_329' title='bbox 1370 2916 1713 2960; x_wconf 87' lang='lat' dir='ltr'><strong>sacramento</strong></span> <span class='ocrx_word' id='word_1_330' title='bbox 1739 2921 1898 2976; x_wconf 85' lang='lat' dir='ltr'><strong>egen-</strong></span> 
     </span>
    </p>
   </div>
   <div class='ocr_carea' id='block_1_45' title="bbox 310 2992 1901 3063">
    <p class='ocr_par' dir='ltr' id='par_1_45' title="bbox 310 2992 1901 3063">
     <span class='ocr_line' id='line_1_45' title="bbox 310 2992 1901 3063; baseline 0.004 -18"><span class='ocrx_word' id='word_1_331' title='bbox 310 3005 405 3048; x_wconf 73' lang='lat' dir='ltr'><strong>tes</strong></span> <span class='ocrx_word' id='word_1_332' title='bbox 433 2994 479 3048; x_wconf 88' lang='lat' dir='ltr'><strong>si</strong></span> <span class='ocrx_word' id='word_1_333' title='bbox 503 3003 698 3063; x_wconf 63' lang='lat' dir='ltr'><strong>praesto</strong></span> <span class='ocrx_word' id='word_1_334' title='bbox 720 2993 914 3047; x_wconf 91' lang='lat' dir='ltr'><strong>fuerint</strong></span> <span class='ocrx_word' id='word_1_335' title='bbox 939 3009 1045 3048; x_wconf 90' lang='lat' dir='ltr'><strong>non</strong></span> <span class='ocrx_word' id='word_1_336' title='bbox 1076 2992 1346 3061; x_wconf 83' lang='lat' dir='ltr'><strong>abjiciatn.</strong></span> <span class='ocrx_word' id='word_1_337' title='bbox 1384 3013 1403 3047; x_wconf 76' lang='grc' dir='ltr'><strong><em>ι</em></strong></span> <span class='ocrx_word' id='word_1_338' title='bbox 1459 2994 1572 3061; x_wconf 86' lang='lat' dir='ltr'><strong>Qua</strong></span> <span class='ocrx_word' id='word_1_339' title='bbox 1599 2995 1670 3050; x_wconf 92' lang='lat' dir='ltr'><strong>illi</strong></span> <span class='ocrx_word' id='word_1_340' title='bbox 1720 2995 1901 3052; x_wconf 90' lang='lat' dir='ltr'><strong>facili-</strong></span> 
     </span>
    </p>
   </div>
   <div class='ocr_carea' id='block_1_46' title="bbox 317 3085 1903 3156">
    <p class='ocr_par' dir='ltr' id='par_1_46' title="bbox 317 3085 1903 3156">
     <span class='ocr_line' id='line_1_46' title="bbox 317 3085 1903 3156; baseline 0.004 -20"><span class='ocrx_word' id='word_1_341' title='bbox 317 3093 436 3140; x_wconf 83' lang='lat' dir='ltr'><strong>tate</strong></span> <span class='ocrx_word' id='word_1_342' title='bbox 467 3087 712 3155; x_wconf 85' lang='lat' dir='ltr'><strong>responsi</strong></span> <span class='ocrx_word' id='word_1_343' title='bbox 749 3085 1137 3154; x_wconf 72' lang='lat' dir='ltr'><strong>benignitatem</strong></span> <span class='ocrx_word' id='word_1_344' title='bbox 1184 3085 1285 3139; x_wconf 91' lang='lat' dir='ltr'><strong>viri</strong></span> <span class='ocrx_word' id='word_1_345' title='bbox 1332 3086 1667 3142; x_wconf 87' lang='lat' dir='ltr'><strong>admirantes</strong></span> <span class='ocrx_word' id='word_1_346' title='bbox 1696 3089 1903 3156; x_wconf 85' lang='lat' dir='ltr'><strong>magni-</strong></span> 
     </span>
    </p>
   </div>
   <div class='ocr_carea' id='block_1_47' title="bbox 309 3176 1904 3247">
    <p class='ocr_par' dir='ltr' id='par_1_47' title="bbox 309 3176 1904 3247">
     <span class='ocr_line' id='line_1_47' title="bbox 309 3176 1904 3247; baseline 0.003 -17"><span class='ocrx_word' id='word_1_347' title='bbox 309 3176 424 3230; x_wconf 76' lang='lat' dir='ltr'><strong>.fice</strong></span> <span class='ocrx_word' id='word_1_348' title='bbox 445 3176 608 3234; x_wconf 83' lang='lat' dir='ltr'><strong>I:etati</strong></span> <span class='ocrx_word' id='word_1_349' title='bbox 639 3185 785 3238; x_wconf 86' lang='lat' dir='ltr'><strong>sunt,</strong></span> <span class='ocrx_word' id='word_1_350' title='bbox 813 3185 868 3230; x_wconf 90' lang='lat' dir='ltr'><strong>et</strong></span> <span class='ocrx_word' id='word_1_351' title='bbox 899 3177 1106 3244; x_wconf 76' lang='lat' dir='ltr'><strong>gratias</strong></span> <span class='ocrx_word' id='word_1_352' title='bbox 1157 3185 1409 3246; x_wconf 88' lang='lat' dir='ltr'><strong>egerunt,</strong></span> <span class='ocrx_word' id='word_1_353' title='bbox 1455 3179 1904 3247; x_wconf 78' lang='lat' dir='ltr'><strong>confirmatisque</strong></span> 
     </span>
    </p>
   </div>
   <div class='ocr_carea' id='block_1_48' title="bbox 319 3270 1906 3343">
    <p class='ocr_par' dir='ltr' id='par_1_48' title="bbox 319 3270 1906 3343">
     <span class='ocr_line' id='line_1_48' title="bbox 319 3270 1906 3343; baseline 0.002 -18"><span class='ocrx_word' id='word_1_354' title='bbox 319 3272 509 3343; x_wconf 79' lang='lat' dir='ltr'><strong>pueris</strong></span> <span class='ocrx_word' id='word_1_355' title='bbox 534 3272 667 3334; x_wconf 90' lang='lat' dir='ltr'><strong>suis,</strong></span> <span class='ocrx_word' id='word_1_356' title='bbox 721 3271 867 3326; x_wconf 89' lang='lat' dir='ltr'><strong>illico</strong></span> <span class='ocrx_word' id='word_1_357' title='bbox 920 3281 1086 3326; x_wconf 88' lang='lat' dir='ltr'><strong>totam</strong></span> <span class='ocrx_word' id='word_1_358' title='bbox 1129 3271 1317 3328; x_wconf 89' lang='lat' dir='ltr'><strong>urbem</strong></span> <span class='ocrx_word' id='word_1_359' title='bbox 1363 3272 1450 3328; x_wconf 88' lang='lat' dir='ltr'><strong>his</strong></span> <span class='ocrx_word' id='word_1_360' title='bbox 1506 3288 1627 3341; x_wconf 62' lang='lat' dir='ltr'><strong>quae</strong></span> <span class='ocrx_word' id='word_1_361' title='bbox 1670 3272 1739 3327; x_wconf 88' lang='lat' dir='ltr'><strong>ab</strong></span> <span class='ocrx_word' id='word_1_362' title='bbox 1788 3270 1906 3340; x_wconf 84' lang='lat' dir='ltr'><strong>ejus</strong></span> 
     </span>
    </p>
   </div>
   <div class='ocr_carea' id='block_1_49' title="bbox 321 3363 1905 3435">
    <p class='ocr_par' dir='ltr' id='par_1_49' title="bbox 321 3363 1905 3435">
     <span class='ocr_line' id='line_1_49' title="bbox 321 3363 1905 3435; baseline 0.001 -17"><span class='ocrx_word' id='word_1_363' title='bbox 321 3379 424 3419; x_wconf 85' lang='lat' dir='ltr'><strong>ore</strong></span> <span class='ocrx_word' id='word_1_364' title='bbox 460 3371 788 3433; x_wconf 88' lang='lat' dir='ltr'><strong>acceperant</strong></span> <span class='ocrx_word' id='word_1_365' title='bbox 815 3363 1201 3433; x_wconf 88' lang='lat' dir='ltr'><strong>impleverunt.</strong></span> <span class='ocrx_word' id='word_1_366' title='bbox 1261 3365 1482 3420; x_wconf 85' lang='lat' dir='ltr'><strong>Videres</strong></span> <span class='ocrx_word' id='word_1_367' title='bbox 1509 3379 1640 3435; x_wconf 84' lang='lat' dir='ltr'><strong>ergo</strong></span> <span class='ocrx_word' id='word_1_368' title='bbox 1663 3365 1812 3419; x_wconf 86' lang='lat' dir='ltr'><strong>viros</strong></span> <span class='ocrx_word' id='word_1_369' title='bbox 1839 3379 1905 3420; x_wconf 90' lang='lat' dir='ltr'><strong>ac</strong></span> 
     </span>
    </p>
   </div>
   <div class='ocr_carea' id='block_1_50' title="bbox 315 3451 1906 3524">
    <p class='ocr_par' dir='ltr' id='par_1_50' title="bbox 315 3451 1906 3524">
     <span class='ocr_line' id='line_1_50' title="bbox 315 3451 1906 3524; baseline 0.002 -19"><span class='ocrx_word' id='word_1_370' title='bbox 315 3451 582 3508; x_wconf 79' lang='lat' dir='ltr'><strong>mulieres</strong></span> <span class='ocrx_word' id='word_1_371' title='bbox 629 3467 854 3524; x_wconf 88' lang='lat' dir='ltr'><strong>magnos</strong></span> <span class='ocrx_word' id='word_1_372' title='bbox 877 3468 943 3507; x_wconf 90' lang='lat' dir='ltr'><strong>ac</strong></span> <span class='ocrx_word' id='word_1_373' title='bbox 980 3468 1178 3522; x_wconf 89' lang='lat' dir='ltr'><strong>parvos</strong></span> <span class='ocrx_word' id='word_1_374' title='bbox 1213 3468 1245 3508; x_wconf 91' lang='lat' dir='ltr'><strong>e</strong></span> <span class='ocrx_word' id='word_1_375' title='bbox 1271 3454 1522 3510; x_wconf 91' lang='lat' dir='ltr'><strong>domibus</strong></span> <span class='ocrx_word' id='word_1_376' title='bbox 1578 3469 1760 3518; x_wconf 87' lang='lat' dir='ltr'><strong>ruere,</strong></span> <span class='ocrx_word' id='word_1_377' title='bbox 1788 3470 1906 3509; x_wconf 89' lang='lat' dir='ltr'><strong>cer-</strong></span> 
     </span>
    </p>
   </div>
   <div class='ocr_carea' id='block_1_51' title="bbox 323 3543 1905 3616">
    <p class='ocr_par' dir='ltr' id='par_1_51' title="bbox 323 3543 1905 3616">
     <span class='ocr_line' id='line_1_51' title="bbox 323 3543 1905 3616; baseline 0.001 -18"><span class='ocrx_word' id='word_1_378' title='bbox 323 3544 590 3614; x_wconf 80' lang='lat' dir='ltr'><strong>tatimque</strong></span> <span class='ocrx_word' id='word_1_379' title='bbox 619 3543 888 3598; x_wconf 89' lang='lat' dir='ltr'><strong>currendo</strong></span> <span class='ocrx_word' id='word_1_380' title='bbox 943 3543 1010 3598; x_wconf 89' lang='lat' dir='ltr'><strong>ad</strong></span> <span class='ocrx_word' id='word_1_381' title='bbox 1053 3553 1298 3599; x_wconf 88' lang='lat' dir='ltr'><strong>nostrum</strong></span> <span class='ocrx_word' id='word_1_382' title='bbox 1346 3545 1638 3614; x_wconf 88' lang='lat' dir='ltr'><strong>hospitium</strong></span> <span class='ocrx_word' id='word_1_383' title='bbox 1662 3546 1905 3616; x_wconf 64' lang='lat' dir='ltr'><strong>praedicti</strong></span> 
     </span>
    </p>
   </div>
   <div class='ocr_carea' id='block_1_52' title="bbox 324 3635 1902 3708">
    <p class='ocr_par' dir='ltr' id='par_1_52' title="bbox 324 3635 1902 3708">
     <span class='ocr_line' id='line_1_52' title="bbox 324 3635 1902 3708; baseline 0.003 -21"><span class='ocrx_word' id='word_1_384' title='bbox 324 3635 498 3704; x_wconf 72' lang='lat' dir='ltr'><strong>gratia</strong></span> <span class='ocrx_word' id='word_1_385' title='bbox 572 3635 902 3690; x_wconf 87' lang='lat' dir='ltr'><strong>sacramenti</strong></span> <span class='ocrx_word' id='word_1_386' title='bbox 992 3649 1306 3705; x_wconf 89' lang='lat' dir='ltr'><strong>properare.</strong></span> <span class='ocrx_word' id='word_1_387' title='bbox 1367 3636 1559 3693; x_wconf 86' lang='lat' dir='ltr'><strong>Plures</strong></span> <span class='ocrx_word' id='word_1_388' title='bbox 1631 3637 1902 3708; x_wconf 90' lang='lat' dir='ltr'><strong>siquidem</strong></span> 
     </span>
    </p>
   </div>
   <div class='ocr_carea' id='block_1_53' title="bbox 322 3723 1909 3798">
    <p class='ocr_par' dir='ltr' id='par_1_53' title="bbox 322 3723 1909 3798">
     <span class='ocr_line' id='line_1_53' title="bbox 322 3723 1909 3798; baseline 0.004 -21"><span class='ocrx_word' id='word_1_389' title='bbox 322 3724 454 3778; x_wconf 69' lang='lat' dir='ltr'><strong>anxii</strong></span> <span class='ocrx_word' id='word_1_390' title='bbox 491 3723 605 3791; x_wconf 90' lang='lat' dir='ltr'><strong>jam</strong></span> <span class='ocrx_word' id='word_1_391' title='bbox 652 3724 792 3793; x_wconf 87' lang='lat' dir='ltr'><strong>apud</strong></span> <span class='ocrx_word' id='word_1_392' title='bbox 840 3739 935 3778; x_wconf 90' lang='lat' dir='ltr'><strong>eos</strong></span> <span class='ocrx_word' id='word_1_393' title='bbox 989 3726 1342 3794; x_wconf 86' lang='lat' dir='ltr'><strong>transierant,</strong></span> <span class='ocrx_word' id='word_1_394' title='bbox 1376 3728 1428 3781; x_wconf 91' lang='lat' dir='ltr'><strong>in</strong></span> <span class='ocrx_word' id='word_1_395' title='bbox 1481 3729 1681 3798; x_wconf 87' lang='lat' dir='ltr'><strong>quibus</strong></span> <span class='ocrx_word' id='word_1_396' title='bbox 1730 3728 1909 3784; x_wconf 88' lang='lat' dir='ltr'><strong>nullus</strong></span> 
     </span>
    </p>
   </div>
   <div class='ocr_carea' id='block_1_54' title="bbox 322 3813 1907 3887">
    <p class='ocr_par' dir='ltr' id='par_1_54' title="bbox 322 3813 1907 3887">
     <span class='ocr_line' id='line_1_54' title="bbox 322 3813 1907 3887; baseline 0.003 -19"><span class='ocrx_word' id='word_1_397' title='bbox 322 3815 704 3886; x_wconf 82' lang='lat' dir='ltr'><strong>episcoporum</strong></span> <span class='ocrx_word' id='word_1_398' title='bbox 755 3813 866 3870; x_wconf 87' lang='lat' dir='ltr'><strong>illic</strong></span> <span class='ocrx_word' id='word_1_399' title='bbox 919 3815 1097 3871; x_wconf 85' lang='lat' dir='ltr'><strong>fuerat</strong></span> <span class='ocrx_word' id='word_1_400' title='bbox 1160 3816 1250 3870; x_wconf 90' lang='lat' dir='ltr'><strong>tali</strong></span> <span class='ocrx_word' id='word_1_401' title='bbox 1284 3816 1462 3872; x_wconf 88' lang='lat' dir='ltr'><strong>ollicio</strong></span> <span class='ocrx_word' id='word_1_402' title='bbox 1506 3833 1701 3887; x_wconf 89' lang='lat' dir='ltr'><strong>passus</strong></span> <span class='ocrx_word' id='word_1_403' title='bbox 1741 3833 1907 3874; x_wconf 89' lang='lat' dir='ltr'><strong>occu-</strong></span> 
     </span>
    </p>
   </div>
   <div class='ocr_carea' id='block_1_55' title="bbox 317 3906 469 3976">
    <p class='ocr_par' dir='ltr' id='par_1_55' title="bbox 317 3906 469 3976">
     <span class='ocr_line' id='line_1_55' title="bbox 317 3906 469 3976; baseline 0.007 -17"><span class='ocrx_word' id='word_1_404' title='bbox 317 3906 469 3976; x_wconf 82' lang='lat' dir='ltr'><strong>pari.</strong></span> 
     </span>
    </p>
   </div>
   <div class='ocr_carea' id='block_1_56' title="bbox 399 3998 1910 4068">
    <p class='ocr_par' dir='ltr' id='par_1_56' title="bbox 399 3998 1910 4068">
     <span class='ocr_line' id='line_1_56' title="bbox 399 3998 1910 4068; baseline 0.001 -16"><span class='ocrx_word' id='word_1_405' title='bbox 399 3998 486 4054; x_wconf 76' lang='lat'><strong>39.</strong></span> <span class='ocrx_word' id='word_1_406' title='bbox 515 3999 683 4054; x_wconf 81' lang='lat' dir='ltr'><strong>Sexto</strong></span> <span class='ocrx_word' id='word_1_407' title='bbox 705 4000 919 4056; x_wconf 88' lang='lat' dir='ltr'><strong>demum</strong></span> <span class='ocrx_word' id='word_1_408' title='bbox 944 4001 1029 4055; x_wconf 93' lang='lat' dir='ltr'><strong>die</strong></span> <span class='ocrx_word' id='word_1_409' title='bbox 1051 4016 1174 4057; x_wconf 90' lang='lat' dir='ltr'><strong>cum</strong></span> <span class='ocrx_word' id='word_1_410' title='bbox 1222 3999 1335 4068; x_wconf 90' lang='lat' dir='ltr'><strong>jam</strong></span> <span class='ocrx_word' id='word_1_411' title='bbox 1387 4001 1728 4057; x_wconf 90' lang='lat' dir='ltr'><strong>innumeram</strong></span> <span class='ocrx_word' id='word_1_412' title='bbox 1772 4000 1910 4054; x_wconf 87' lang='lat' dir='ltr'><strong>mul-</strong></span> 
     </span>
    </p>
   </div>
   <div class='ocr_carea' id='block_1_57' title="bbox 327 4090 1911 4158">
    <p class='ocr_par' dir='ltr' id='par_1_57' title="bbox 327 4090 1911 4158">
     <span class='ocr_line' id='line_1_57' title="bbox 327 4090 1911 4158; baseline 0.004 -15"><span class='ocrx_word' id='word_1_413' title='bbox 327 4090 625 4146; x_wconf 77' lang='lat' dir='ltr'><strong>titudinem</strong></span> <span class='ocrx_word' id='word_1_414' title='bbox 670 4096 1072 4158; x_wconf 82' lang='lat' dir='ltr'><strong>confirmasset,</strong></span> <span class='ocrx_word' id='word_1_415' title='bbox 1116 4105 1172 4150; x_wconf 89' lang='lat' dir='ltr'><strong>et</strong></span> <span class='ocrx_word' id='word_1_416' title='bbox 1202 4109 1299 4149; x_wconf 88' lang='lat' dir='ltr'><strong>nos</strong></span> <span class='ocrx_word' id='word_1_417' title='bbox 1343 4109 1372 4148; x_wconf 89' lang='lat' dir='ltr'><strong>a</strong></span> <span class='ocrx_word' id='word_1_418' title='bbox 1401 4093 1520 4148; x_wconf 91' lang='lat' dir='ltr'><strong>loco</strong></span> <span class='ocrx_word' id='word_1_419' title='bbox 1569 4094 1911 4149; x_wconf 89' lang='lat' dir='ltr'><strong>discessuros</strong></span> 
     </span>
    </p>
   </div>
   <div class='ocr_carea' id='block_1_58' title="bbox 322 4183 1910 4258">
    <p class='ocr_par' dir='ltr' id='par_1_58' title="bbox 322 4183 1910 4258">
     <span class='ocr_line' id='line_1_58' title="bbox 322 4183 1910 4258; baseline 0.003 -22"><span class='ocrx_word' id='word_1_420' title='bbox 322 4183 546 4254; x_wconf 88' lang='lat' dir='ltr'><strong>longum</strong></span> <span class='ocrx_word' id='word_1_421' title='bbox 608 4185 714 4244; x_wconf 87' lang='lat' dir='ltr'><strong>iter</strong></span> <span class='ocrx_word' id='word_1_422' title='bbox 773 4188 942 4258; x_wconf 88' lang='lat' dir='ltr'><strong>ipsius</strong></span> <span class='ocrx_word' id='word_1_423' title='bbox 1003 4188 1113 4242; x_wconf 85' lang='lat' dir='ltr'><strong>diei</strong></span> <span class='ocrx_word' id='word_1_424' title='bbox 1163 4186 1307 4257; x_wconf 92' lang='lat' dir='ltr'><strong>quod</strong></span> <span class='ocrx_word' id='word_1_425' title='bbox 1357 4187 1594 4241; x_wconf 85' lang='lat' dir='ltr'><strong>instabat</strong></span> <span class='ocrx_word' id='word_1_426' title='bbox 1651 4185 1910 4240; x_wconf 75' lang='lat' dir='ltr'><strong>festinare</strong></span> 
     </span>
    </p>
   </div>
   <div class='ocr_carea' id='block_1_59' title="bbox 324 4275 1908 4351">
    <p class='ocr_par' dir='ltr' id='par_1_59' title="bbox 324 4275 1908 4351">
     <span class='ocr_line' id='line_1_59' title="bbox 324 4275 1908 4351; baseline 0.001 -23"><span class='ocrx_word' id='word_1_427' title='bbox 324 4275 701 4344; x_wconf 87' lang='lat' dir='ltr'><strong>compelleret,</strong></span> <span class='ocrx_word' id='word_1_428' title='bbox 751 4293 878 4334; x_wconf 89' lang='lat' dir='ltr'><strong>ecce</strong></span> <span class='ocrx_word' id='word_1_429' title='bbox 933 4280 1108 4351; x_wconf 89' lang='lat' dir='ltr'><strong>puella</strong></span> <span class='ocrx_word' id='word_1_430' title='bbox 1151 4278 1396 4350; x_wconf 58' lang='lat' dir='ltr'><strong>quaedam</strong></span> <span class='ocrx_word' id='word_1_431' title='bbox 1437 4278 1654 4332; x_wconf 88' lang='lat' dir='ltr'><strong>domum</strong></span> <span class='ocrx_word' id='word_1_432' title='bbox 1701 4277 1767 4331; x_wconf 88' lang='lat' dir='ltr'><strong>de</strong></span> <span class='ocrx_word' id='word_1_433' title='bbox 1802 4291 1908 4345; x_wconf 91' lang='lat' dir='ltr'><strong>qua</strong></span> 
     </span>
    </p>
   </div>
   <div class='ocr_carea' id='block_1_60' title="bbox 321 4365 1986 4454">
    <p class='ocr_par' dir='ltr' id='par_1_60' title="bbox 321 4365 1986 4454">
     <span class='ocr_line' id='line_1_60' title="bbox 321 4365 1986 4454; baseline 0.001 -36"><span class='ocrx_word' id='word_1_434' title='bbox 321 4380 500 4434; x_wconf 77' lang='lat' dir='ltr'><strong>equos</strong></span> <span class='ocrx_word' id='word_1_435' title='bbox 547 4370 823 4422; x_wconf 90' lang='lat' dir='ltr'><strong>ascensuri</strong></span> <span class='ocrx_word' id='word_1_436' title='bbox 856 4371 1272 4440; x_wconf 89' lang='lat' dir='ltr'><strong>egrediebamur</strong></span> <span class='ocrx_word' id='word_1_437' title='bbox 1318 4367 1551 4430; x_wconf 87' lang='lat' dir='ltr'><strong>introiit,</strong></span> <span class='ocrx_word' id='word_1_438' title='bbox 1594 4365 1758 4421; x_wconf 81' lang='lat' dir='ltr'><strong>flebili</strong></span> <span class='ocrx_word' id='word_1_439' title='bbox 1789 4368 1906 4435; x_wconf 83' lang='lat' dir='ltr'><strong>pie—</strong></span> <span class='ocrx_word' id='word_1_440' title='bbox 1935 4396 1986 4454; x_wconf 70' lang='grc' dir='ltr'><strong>Β</strong></span> 
     </span>
    </p>
   </div>
   <div class='ocr_carea' id='block_1_61' title="bbox 325 4454 1905 4528">
    <p class='ocr_par' dir='ltr' id='par_1_61' title="bbox 325 4454 1905 4528">
     <span class='ocr_line' id='line_1_61' title="bbox 325 4454 1905 4528; baseline -0.001 -17"><span class='ocrx_word' id='word_1_441' title='bbox 325 4457 457 4511; x_wconf 84' lang='lat' dir='ltr'><strong>tatis</strong></span> <span class='ocrx_word' id='word_1_442' title='bbox 482 4454 677 4512; x_wconf 86' lang='lat' dir='ltr'><strong>affectu</strong></span> <span class='ocrx_word' id='word_1_443' title='bbox 707 4473 764 4513; x_wconf 88' lang='lat' dir='ltr'><strong>se</strong></span> <span class='ocrx_word' id='word_1_444' title='bbox 793 4460 1105 4515; x_wconf 85' lang='lat' dir='ltr'><strong>confirmari</strong></span> <span class='ocrx_word' id='word_1_445' title='bbox 1158 4461 1477 4528; x_wconf 88' lang='lat' dir='ltr'><strong>deposcens.</strong></span> <span class='ocrx_word' id='word_1_446' title='bbox 1511 4457 1662 4522; x_wconf 89' lang='lat' dir='ltr'><strong>Quod</strong></span> <span class='ocrx_word' id='word_1_447' title='bbox 1687 4457 1905 4526; x_wconf 87' lang='lat' dir='ltr'><strong>quidam</strong></span> 
     </span>
    </p>
   </div>
   <div class='ocr_carea' id='block_1_62' title="bbox 325 4548 1907 4616">
    <p class='ocr_par' dir='ltr' id='par_1_62' title="bbox 325 4548 1907 4616">
     <span class='ocr_line' id='line_1_62' title="bbox 325 4548 1907 4616; baseline -0.001 -14"><span class='ocrx_word' id='word_1_448' title='bbox 325 4561 398 4602; x_wconf 81' lang='lat' dir='ltr'><strong>ex</strong></span> <span class='ocrx_word' id='word_1_449' title='bbox 422 4548 587 4603; x_wconf 87' lang='lat' dir='ltr'><strong>sociis</strong></span> <span class='ocrx_word' id='word_1_450' title='bbox 619 4552 823 4606; x_wconf 90' lang='lat' dir='ltr'><strong>nostris</strong></span> <span class='ocrx_word' id='word_1_451' title='bbox 859 4553 1142 4607; x_wconf 87' lang='lat' dir='ltr'><strong>audientes</strong></span> <span class='ocrx_word' id='word_1_452' title='bbox 1177 4551 1338 4605; x_wconf 92' lang='lat' dir='ltr'><strong>nimis</strong></span> <span class='ocrx_word' id='word_1_453' title='bbox 1382 4549 1608 4604; x_wconf 89' lang='lat' dir='ltr'><strong>moleste</strong></span> <span class='ocrx_word' id='word_1_454' title='bbox 1647 4549 1907 4616; x_wconf 88' lang='lat' dir='ltr'><strong>tulerunt,</strong></span> 
     </span>
    </p>
   </div>
   <div class='ocr_carea' id='block_1_63' title="bbox 325 4642 1909 4715">
    <p class='ocr_par' dir='ltr' id='par_1_63' title="bbox 325 4642 1909 4715">
     <span class='ocr_line' id='line_1_63' title="bbox 325 4642 1909 4715; baseline 0.003 -21"><span class='ocrx_word' id='word_1_455' title='bbox 325 4649 386 4694; x_wconf 87' lang='lat' dir='ltr'><strong>et</strong></span> <span class='ocrx_word' id='word_1_456' title='bbox 413 4642 575 4696; x_wconf 89' lang='lat' dir='ltr'><strong>verba</strong></span> <span class='ocrx_word' id='word_1_457' title='bbox 599 4642 768 4710; x_wconf 90' lang='lat' dir='ltr'><strong>illius,</strong></span> <span class='ocrx_word' id='word_1_458' title='bbox 801 4653 990 4715; x_wconf 88' lang='lat' dir='ltr'><strong>utpote</strong></span> <span class='ocrx_word' id='word_1_459' title='bbox 1037 4647 1127 4715; x_wconf 91' lang='lat' dir='ltr'><strong>qui</strong></span> <span class='ocrx_word' id='word_1_460' title='bbox 1170 4645 1284 4714; x_wconf 89' lang='lat' dir='ltr'><strong>jam</strong></span> <span class='ocrx_word' id='word_1_461' title='bbox 1347 4643 1530 4698; x_wconf 89' lang='lat' dir='ltr'><strong>talium</strong></span> <span class='ocrx_word' id='word_1_462' title='bbox 1571 4653 1726 4698; x_wconf 90' lang='lat' dir='ltr'><strong>erant</strong></span> <span class='ocrx_word' id='word_1_463' title='bbox 1754 4645 1909 4698; x_wconf 70' lang='lat' dir='ltr'><strong>taedio</strong></span> 
     </span>
    </p>
   </div>
   <div class='ocr_carea' id='block_1_64' title="bbox 325 4732 1911 4806">
    <p class='ocr_par' dir='ltr' id='par_1_64' title="bbox 325 4732 1911 4806">
     <span class='ocr_line' id='line_1_64' title="bbox 325 4732 1911 4806; baseline 0.002 -21"><span class='ocrx_word' id='word_1_464' title='bbox 325 4732 530 4798; x_wconf 73' lang='lat' dir='ltr'><strong>affecti,</strong></span> <span class='ocrx_word' id='word_1_465' title='bbox 572 4737 998 4792; x_wconf 89' lang='lat' dir='ltr'><strong>contradicendo</strong></span> <span class='ocrx_word' id='word_1_466' title='bbox 1053 4739 1455 4806; x_wconf 82' lang='lat' dir='ltr'><strong>depresserunt.</strong></span> <span class='ocrx_word' id='word_1_467' title='bbox 1507 4736 1645 4803; x_wconf 91' lang='lat' dir='ltr'><strong>Quid</strong></span> <span class='ocrx_word' id='word_1_468' title='bbox 1707 4735 1911 4805; x_wconf 86' lang='lat' dir='ltr'><strong>plura?</strong></span> 
     </span>
    </p>
   </div>
   <div class='ocr_carea' id='block_1_65' title="bbox 333 4821 1905 4897">
    <p class='ocr_par' dir='ltr' id='par_1_65' title="bbox 333 4821 1905 4897">
     <span class='ocr_line' id='line_1_65' title="bbox 333 4821 1905 4897; baseline 0.002 -21"><span class='ocrx_word' id='word_1_469' title='bbox 333 4821 521 4876; x_wconf 82' lang='lat' dir='ltr'><strong>Virum</strong></span> <span class='ocrx_word' id='word_1_470' title='bbox 551 4826 806 4893; x_wconf 87' lang='lat' dir='ltr'><strong>precibus</strong></span> <span class='ocrx_word' id='word_1_471' title='bbox 844 4827 1034 4897; x_wconf 71' lang='lat' dir='ltr'><strong>puclla:</strong></span> <span class='ocrx_word' id='word_1_472' title='bbox 1063 4843 1346 4882; x_wconf 90' lang='lat' dir='ltr'><strong>assensum</strong></span> <span class='ocrx_word' id='word_1_473' title='bbox 1379 4827 1619 4896; x_wconf 68' lang='lat' dir='ltr'><strong>prmbere</strong></span> <span class='ocrx_word' id='word_1_474' title='bbox 1641 4826 1905 4881; x_wconf 89' lang='lat' dir='ltr'><strong>volentem</strong></span> 
     </span>
    </p>
   </div>
   <div class='ocr_carea' id='block_1_66' title="bbox 329 4913 1914 4986">
    <p class='ocr_par' dir='ltr' id='par_1_66' title="bbox 329 4913 1914 4986">
     <span class='ocr_line' id='line_1_66' title="bbox 329 4913 1914 4986; baseline 0.003 -21"><span class='ocrx_word' id='word_1_475' title='bbox 329 4913 458 4981; x_wconf 88' lang='lat' dir='ltr'><strong>ipsi,</strong></span> <span class='ocrx_word' id='word_1_476' title='bbox 493 4915 707 4984; x_wconf 86' lang='lat' dir='ltr'><strong>objecta</strong></span> <span class='ocrx_word' id='word_1_477' title='bbox 738 4915 1072 4986; x_wconf 79' lang='lat' dir='ltr'><strong>longitudine</strong></span> <span class='ocrx_word' id='word_1_478' title='bbox 1099 4918 1306 4970; x_wconf 75' lang='lat' dir='ltr'><strong>diurnze</strong></span> <span class='ocrx_word' id='word_1_479' title='bbox 1352 4917 1473 4978; x_wconf 51' lang='lat' dir='ltr'><strong>viai,</strong></span> <span class='ocrx_word' id='word_1_480' title='bbox 1518 4913 1745 4982; x_wconf 86' lang='lat' dir='ltr'><strong>objectis</strong></span> <span class='ocrx_word' id='word_1_481' title='bbox 1773 4917 1914 4985; x_wconf 85' lang='lat' dir='ltr'><strong>peri-</strong></span> 
     </span>
    </p>
   </div>
   <div class='ocr_carea' id='block_1_67' title="bbox 327 5003 1913 5076">
    <p class='ocr_par' dir='ltr' id='par_1_67' title="bbox 327 5003 1913 5076">
     <span class='ocr_line' id='line_1_67' title="bbox 327 5003 1913 5076; baseline 0.001 -19"><span class='ocrx_word' id='word_1_482' title='bbox 327 5003 471 5058; x_wconf 88' lang='lat' dir='ltr'><strong>culis</strong></span> <span class='ocrx_word' id='word_1_483' title='bbox 506 5021 625 5075; x_wconf 75' lang='lat' dir='ltr'><strong>quze</strong></span> <span class='ocrx_word' id='word_1_484' title='bbox 687 5016 984 5062; x_wconf 88' lang='lat' dir='ltr'><strong>nocturnos</strong></span> <span class='ocrx_word' id='word_1_485' title='bbox 1035 5009 1269 5062; x_wconf 85' lang='lat' dir='ltr'><strong>viatores</strong></span> <span class='ocrx_word' id='word_1_486' title='bbox 1316 5007 1368 5060; x_wconf 92' lang='lat' dir='ltr'><strong>in</strong></span> <span class='ocrx_word' id='word_1_487' title='bbox 1398 5008 1679 5076; x_wconf 83' lang='lat' dir='ltr'><strong>peregrina</strong></span> <span class='ocrx_word' id='word_1_488' title='bbox 1724 5023 1913 5076; x_wconf 90' lang='lat' dir='ltr'><strong>quam-</strong></span> 
     </span>
    </p>
   </div>
   <div class='ocr_carea' id='block_1_68' title="bbox 328 5094 1913 5167">
    <p class='ocr_par' dir='ltr' id='par_1_68' title="bbox 328 5094 1913 5167">
     <span class='ocr_line' id='line_1_68' title="bbox 328 5094 1913 5167; baseline 0.003 -20"><span class='ocrx_word' id='word_1_489' title='bbox 328 5094 570 5151; x_wconf 77' lang='lat' dir='ltr'><strong>maxime</strong></span> <span class='ocrx_word' id='word_1_490' title='bbox 636 5097 813 5167; x_wconf 89' lang='lat' dir='ltr'><strong>patria</strong></span> <span class='ocrx_word' id='word_1_491' title='bbox 891 5098 1348 5167; x_wconf 85' lang='lat' dir='ltr'><strong>comprehendere</strong></span> <span class='ocrx_word' id='word_1_492' title='bbox 1415 5095 1633 5161; x_wconf 86' lang='lat' dir='ltr'><strong>solent,</strong></span> <span class='ocrx_word' id='word_1_493' title='bbox 1699 5095 1913 5164; x_wconf 90' lang='lat' dir='ltr'><strong>objecto</strong></span> 
     </span>
    </p>
   </div>
   <div class='ocr_carea' id='block_1_69' title="bbox 2003 1813 3589 1885">
    <p class='ocr_par' dir='ltr' id='par_1_69' title="bbox 2003 1813 3589 1885">
     <span class='ocr_line' id='line_1_69' title="bbox 2003 1813 3589 1885; baseline 0.004 -19"><span class='ocrx_word' id='word_1_494' title='bbox 2003 1813 2155 1867; x_wconf 86' lang='lat' dir='ltr'><strong>noris</strong></span> <span class='ocrx_word' id='word_1_495' title='bbox 2198 1813 2550 1868; x_wconf 90' lang='lat' dir='ltr'><strong>concentibus</strong></span> <span class='ocrx_word' id='word_1_496' title='bbox 2592 1814 2703 1868; x_wconf 90' lang='lat' dir='ltr'><strong>Deo</strong></span> <span class='ocrx_word' id='word_1_497' title='bbox 2735 1830 2831 1882; x_wconf 87' lang='lat' dir='ltr'><strong>pro</strong></span> <span class='ocrx_word' id='word_1_498' title='bbox 2869 1814 3010 1868; x_wconf 89' lang='lat' dir='ltr'><strong>illius</strong></span> <span class='ocrx_word' id='word_1_499' title='bbox 3058 1816 3292 1870; x_wconf 89' lang='lat' dir='ltr'><strong>adventu</strong></span> <span class='ocrx_word' id='word_1_500' title='bbox 3340 1817 3589 1885; x_wconf 85' lang='lat' dir='ltr'><strong>conjubi-</strong></span> 
     </span>
    </p>
   </div>
   <div class='ocr_carea' id='block_1_70' title="bbox 2004 1903 3588 1973">
    <p class='ocr_par' dir='ltr' id='par_1_70' title="bbox 2004 1903 3588 1973">
     <span class='ocr_line' id='line_1_70' title="bbox 2004 1903 3588 1973; baseline 0.004 -17"><span class='ocrx_word' id='word_1_501' title='bbox 2004 1903 2194 1958; x_wconf 86' lang='lat' dir='ltr'><strong>lautes.</strong></span> <span class='ocrx_word' id='word_1_502' title='bbox 2221 1904 2351 1958; x_wconf 90' lang='lat' dir='ltr'><strong>Cum</strong></span> <span class='ocrx_word' id='word_1_503' title='bbox 2380 1914 2560 1958; x_wconf 88' lang='lat' dir='ltr'><strong>autem</strong></span> <span class='ocrx_word' id='word_1_504' title='bbox 2609 1903 2930 1973; x_wconf 86' lang='lat' dir='ltr'><strong>Lugdunum</strong></span> <span class='ocrx_word' id='word_1_505' title='bbox 2971 1905 3230 1971; x_wconf 90' lang='lat' dir='ltr'><strong>venisset,</strong></span> <span class='ocrx_word' id='word_1_506' title='bbox 3278 1915 3334 1961; x_wconf 89' lang='lat' dir='ltr'><strong>et</strong></span> <span class='ocrx_word' id='word_1_507' title='bbox 3381 1909 3449 1962; x_wconf 87' lang='lat' dir='ltr'><strong>ab</strong></span> <span class='ocrx_word' id='word_1_508' title='bbox 3498 1925 3588 1962; x_wconf 87' lang='lat' dir='ltr'><strong>ar-</strong></span> 
     </span>
    </p>
   </div>
   <div class='ocr_carea' id='block_1_71' title="bbox 2003 1995 3586 2069">
    <p class='ocr_par' dir='ltr' id='par_1_71' title="bbox 2003 1995 3586 2069">
     <span class='ocr_line' id='line_1_71' title="bbox 2003 1995 3586 2069; baseline 0.003 -20"><span class='ocrx_word' id='word_1_509' title='bbox 2003 1995 2352 2065; x_wconf 88' lang='lat' dir='ltr'><strong>chiepisc0po</strong></span> <span class='ocrx_word' id='word_1_510' title='bbox 2429 1995 2670 2050; x_wconf 86' lang='lat' dir='ltr'><strong>civitatis</strong></span> <span class='ocrx_word' id='word_1_511' title='bbox 2748 1995 2917 2066; x_wconf 87' lang='lat' dir='ltr'><strong>ipsius</strong></span> <span class='ocrx_word' id='word_1_512' title='bbox 2998 1996 3234 2066; x_wconf 87' lang='lat' dir='ltr'><strong>gloriose</strong></span> <span class='ocrx_word' id='word_1_513' title='bbox 3300 2009 3586 2069; x_wconf 88' lang='lat' dir='ltr'><strong>susceptus</strong></span> 
     </span>
    </p>
   </div>
   <div class='ocr_carea' id='block_1_72' title="bbox 2005 2085 3586 2158">
    <p class='ocr_par' dir='ltr' id='par_1_72' title="bbox 2005 2085 3586 2158">
     <span class='ocr_line' id='line_1_72' title="bbox 2005 2085 3586 2158; baseline 0.007 -21"><span class='ocrx_word' id='word_1_514' title='bbox 2005 2085 2216 2152; x_wconf 88' lang='lat' dir='ltr'><strong>fuisset,</strong></span> <span class='ocrx_word' id='word_1_515' title='bbox 2249 2095 2370 2158; x_wconf 88' lang='lat' dir='ltr'><strong>post</strong></span> <span class='ocrx_word' id='word_1_516' title='bbox 2397 2088 2514 2142; x_wconf 89' lang='lat' dir='ltr'><strong>dies</strong></span> <span class='ocrx_word' id='word_1_517' title='bbox 2540 2103 2741 2158; x_wconf 90' lang='lat' dir='ltr'><strong>paucos</strong></span> <span class='ocrx_word' id='word_1_518' title='bbox 2776 2087 2959 2141; x_wconf 90' lang='lat' dir='ltr'><strong>missis</strong></span> <span class='ocrx_word' id='word_1_519' title='bbox 3003 2089 3198 2144; x_wconf 87' lang='lat' dir='ltr'><strong>litteris</strong></span> <span class='ocrx_word' id='word_1_520' title='bbox 3241 2091 3528 2146; x_wconf 90' lang='lat' dir='ltr'><strong>consilium</strong></span> <span class='ocrx_word' id='word_1_521' title='bbox 3555 2107 3586 2148; x_wconf 88' lang='lat' dir='ltr'><strong>a</strong></span> 
     </span>
    </p>
   </div>
   <div class='ocr_carea' id='block_1_73' title="bbox 2004 2174 3587 2250">
    <p class='ocr_par' dir='ltr' id='par_1_73' title="bbox 2004 2174 3587 2250">
     <span class='ocr_line' id='line_1_73' title="bbox 2004 2174 3587 2250; baseline 0.004 -22"><span class='ocrx_word' id='word_1_522' title='bbox 2004 2174 2232 2229; x_wconf 89' lang='lat' dir='ltr'><strong>Domino</strong></span> <span class='ocrx_word' id='word_1_523' title='bbox 2293 2191 2426 2245; x_wconf 84' lang='lat' dir='ltr'><strong>papa</strong></span> <span class='ocrx_word' id='word_1_524' title='bbox 2476 2175 2543 2229; x_wconf 90' lang='lat' dir='ltr'><strong>de</strong></span> <span class='ocrx_word' id='word_1_525' title='bbox 2601 2177 2816 2245; x_wconf 86' lang='lat' dir='ltr'><strong>negotio</strong></span> <span class='ocrx_word' id='word_1_526' title='bbox 2863 2194 2962 2232; x_wconf 90' lang='lat' dir='ltr'><strong>suo</strong></span> <span class='ocrx_word' id='word_1_527' title='bbox 3021 2179 3288 2248; x_wconf 65' lang='lat' dir='ltr'><strong>quaisivit,</strong></span> <span class='ocrx_word' id='word_1_528' title='bbox 3346 2188 3402 2234; x_wconf 89' lang='lat' dir='ltr'><strong>et</strong></span> <span class='ocrx_word' id='word_1_529' title='bbox 3456 2181 3587 2250; x_wconf 89' lang='lat' dir='ltr'><strong>quia</strong></span> 
     </span>
    </p>
   </div>
   <div class='ocr_carea' id='block_1_74' title="bbox 2003 2265 3588 2338">
    <p class='ocr_par' dir='ltr' id='par_1_74' title="bbox 2003 2265 3588 2338">
     <span class='ocr_line' id='line_1_74' title="bbox 2003 2265 3588 2338; baseline 0.003 -20"><span class='ocrx_word' id='word_1_530' title='bbox 2003 2266 2201 2336; x_wconf 90' lang='lat' dir='ltr'><strong>partim</strong></span> <span class='ocrx_word' id='word_1_531' title='bbox 2236 2265 2607 2319; x_wconf 87' lang='lat' dir='ltr'><strong>imbecillitate</strong></span> <span class='ocrx_word' id='word_1_532' title='bbox 2666 2265 2747 2320; x_wconf 90' lang='lat' dir='ltr'><strong>sui</strong></span> <span class='ocrx_word' id='word_1_533' title='bbox 2781 2267 3048 2335; x_wconf 88' lang='lat' dir='ltr'><strong>corporis,</strong></span> <span class='ocrx_word' id='word_1_534' title='bbox 3092 2269 3288 2338; x_wconf 89' lang='lat' dir='ltr'><strong>partim</strong></span> <span class='ocrx_word' id='word_1_535' title='bbox 3323 2269 3444 2324; x_wconf 90' lang='lat' dir='ltr'><strong>aliis</strong></span> <span class='ocrx_word' id='word_1_536' title='bbox 3470 2268 3588 2338; x_wconf 84' lang='lat' dir='ltr'><strong>plu-</strong></span> 
     </span>
    </p>
   </div>
   <div class='ocr_carea' id='block_1_75' title="bbox 2003 2355 3587 2430">
    <p class='ocr_par' dir='ltr' id='par_1_75' title="bbox 2003 2355 3587 2430">
     <span class='ocr_line' id='line_1_75' title="bbox 2003 2355 3587 2430; baseline 0.002 -19"><span class='ocrx_word' id='word_1_537' title='bbox 2003 2357 2154 2411; x_wconf 86' lang='lat' dir='ltr'><strong>ribus</strong></span> <span class='ocrx_word' id='word_1_538' title='bbox 2181 2355 2361 2410; x_wconf 89' lang='lat' dir='ltr'><strong>causis</strong></span> <span class='ocrx_word' id='word_1_539' title='bbox 2415 2356 2740 2426; x_wconf 67' lang='lat' dir='ltr'><strong>praepeditus</strong></span> <span class='ocrx_word' id='word_1_540' title='bbox 2783 2357 2923 2412; x_wconf 91' lang='lat' dir='ltr'><strong>ultra</strong></span> <span class='ocrx_word' id='word_1_541' title='bbox 2975 2358 3293 2430; x_wconf 86' lang='lat' dir='ltr'><strong>Lugdunum</strong></span> <span class='ocrx_word' id='word_1_542' title='bbox 3336 2359 3587 2430; x_wconf 82' lang='lat' dir='ltr'><strong>progredi</strong></span> 
     </span>
    </p>
   </div>
   <div class='ocr_carea' id='block_1_76' title="bbox 2007 2449 3586 2522">
    <p class='ocr_par' dir='ltr' id='par_1_76' title="bbox 2007 2449 3586 2522">
     <span class='ocr_line' id='line_1_76' title="bbox 2007 2449 3586 2522; baseline 0.004 -23"><span class='ocrx_word' id='word_1_543' title='bbox 2007 2461 2354 2515; x_wconf 88' lang='lat' dir='ltr'><strong>nequaquam</strong></span> <span class='ocrx_word' id='word_1_544' title='bbox 2403 2455 2609 2517; x_wconf 86' lang='lat' dir='ltr'><strong>posset,</strong></span> <span class='ocrx_word' id='word_1_545' title='bbox 2641 2449 2690 2502; x_wconf 91' lang='lat' dir='ltr'><strong>ei</strong></span> <span class='ocrx_word' id='word_1_546' title='bbox 2727 2450 3011 2522; x_wconf 82' lang='lat' dir='ltr'><strong>suggessit.</strong></span> <span class='ocrx_word' id='word_1_547' title='bbox 3045 2449 3120 2503; x_wconf 93' lang='lat' dir='ltr'><strong>Ita</strong></span> <span class='ocrx_word' id='word_1_548' title='bbox 3169 2465 3300 2521; x_wconf 88' lang='lat' dir='ltr'><strong>ergo</strong></span> <span class='ocrx_word' id='word_1_549' title='bbox 3341 2450 3586 2519; x_wconf 85' lang='lat' dir='ltr'><strong>Lugduni</strong></span> 
     </span>
    </p>
   </div>
   <div class='ocr_carea' id='block_1_77' title="bbox 2007 2539 3585 2614">
    <p class='ocr_par' dir='ltr' id='par_1_77' title="bbox 2007 2539 3585 2614">
     <span class='ocr_line' id='line_1_77' title="bbox 2007 2539 3585 2614; baseline 0.001 -22"><span class='ocrx_word' id='word_1_550' title='bbox 2007 2539 2225 2604; x_wconf 89' lang='lat' dir='ltr'><strong>resedit,</strong></span> <span class='ocrx_word' id='word_1_551' title='bbox 2256 2539 2487 2594; x_wconf 89' lang='lat' dir='ltr'><strong>reditum</strong></span> <span class='ocrx_word' id='word_1_552' title='bbox 2519 2543 2834 2597; x_wconf 91' lang='lat' dir='ltr'><strong>nuntiorum</strong></span> <span class='ocrx_word' id='word_1_553' title='bbox 2869 2559 3088 2598; x_wconf 88' lang='lat' dir='ltr'><strong>suorum</strong></span> <span class='ocrx_word' id='word_1_554' title='bbox 3135 2543 3208 2598; x_wconf 89' lang='lat' dir='ltr'><strong>ibi</strong></span> <span class='ocrx_word' id='word_1_555' title='bbox 3240 2553 3585 2614; x_wconf 83' lang='lat' dir='ltr'><strong>exspectans.</strong></span> 
     </span>
    </p>
   </div>
   <div class='ocr_carea' id='block_1_78' title="bbox 2005 2628 3586 2703">
    <p class='ocr_par' dir='ltr' id='par_1_78' title="bbox 2005 2628 3586 2703">
     <span class='ocr_line' id='line_1_78' title="bbox 2005 2628 3586 2703; baseline 0.004 -21"><span class='ocrx_word' id='word_1_556' title='bbox 2005 2628 2138 2683; x_wconf 87' lang='lat' dir='ltr'><strong>Post</strong></span> <span class='ocrx_word' id='word_1_557' title='bbox 2167 2639 2377 2699; x_wconf 90' lang='lat' dir='ltr'><strong>tempus</strong></span> <span class='ocrx_word' id='word_1_558' title='bbox 2403 2630 2573 2684; x_wconf 82' lang='lat' dir='ltr'><strong>Roma</strong></span> <span class='ocrx_word' id='word_1_559' title='bbox 2598 2633 2768 2687; x_wconf 90' lang='lat' dir='ltr'><strong>nuntii</strong></span> <span class='ocrx_word' id='word_1_560' title='bbox 2813 2633 3060 2698; x_wconf 90' lang='lat' dir='ltr'><strong>redeunt,</strong></span> <span class='ocrx_word' id='word_1_561' title='bbox 3083 2643 3138 2688; x_wconf 91' lang='lat' dir='ltr'><strong>et</strong></span> <span class='ocrx_word' id='word_1_562' title='bbox 3163 2636 3416 2703; x_wconf 81' lang='lat' dir='ltr'><strong>quoaiam</strong></span> <span class='ocrx_word' id='word_1_563' title='bbox 3439 2637 3586 2690; x_wconf 86' lang='lat' dir='ltr'><strong>omni</strong></span> 
     </span>
    </p>
   </div>
   <div class='ocr_carea' id='block_1_79' title="bbox 2004 2718 3590 2794">
    <p class='ocr_par' dir='ltr' id='par_1_79' title="bbox 2004 2718 3590 2794">
     <span class='ocr_line' id='line_1_79' title="bbox 2004 2718 3590 2794; baseline 0.003 -20"><span class='ocrx_word' id='word_1_564' title='bbox 2004 2718 2218 2774; x_wconf 88' lang='lat' dir='ltr'><strong>sublata</strong></span> <span class='ocrx_word' id='word_1_565' title='bbox 2249 2722 2599 2777; x_wconf 77' lang='lat' dir='ltr'><strong>excusatione</strong></span> <span class='ocrx_word' id='word_1_566' title='bbox 2621 2737 2745 2777; x_wconf 90' lang='lat' dir='ltr'><strong>eum</strong></span> <span class='ocrx_word' id='word_1_567' title='bbox 2776 2723 2844 2778; x_wconf 90' lang='lat' dir='ltr'><strong>ad</strong></span> <span class='ocrx_word' id='word_1_568' title='bbox 2868 2739 2928 2778; x_wconf 84' lang='lat' dir='ltr'><strong>se</strong></span> <span class='ocrx_word' id='word_1_569' title='bbox 2947 2739 3086 2793; x_wconf 88' lang='lat' dir='ltr'><strong>papa</strong></span> <span class='ocrx_word' id='word_1_570' title='bbox 3129 2739 3422 2794; x_wconf 89' lang='lat' dir='ltr'><strong>properare</strong></span> <span class='ocrx_word' id='word_1_571' title='bbox 3450 2739 3590 2794; x_wconf 74' lang='lat' dir='ltr'><strong>pra:-</strong></span> 
     </span>
    </p>
   </div>
   <div class='ocr_carea' id='block_1_80' title="bbox 2005 2810 3590 2883">
    <p class='ocr_par' dir='ltr' id='par_1_80' title="bbox 2005 2810 3590 2883">
     <span class='ocr_line' id='line_1_80' title="bbox 2005 2810 3590 2883; baseline 0.001 -19"><span class='ocrx_word' id='word_1_572' title='bbox 2005 2810 2229 2881; x_wconf 89' lang='lat' dir='ltr'><strong>ceperit,</strong></span> <span class='ocrx_word' id='word_1_573' title='bbox 2284 2810 2547 2865; x_wconf 90' lang='lat' dir='ltr'><strong>referunt.</strong></span> <span class='ocrx_word' id='word_1_574' title='bbox 2618 2811 2710 2866; x_wconf 84' lang='lat' dir='ltr'><strong>Ille</strong></span> <span class='ocrx_word' id='word_1_575' title='bbox 2769 2813 2984 2868; x_wconf 87' lang='lat' dir='ltr'><strong>nescius</strong></span> <span class='ocrx_word' id='word_1_576' title='bbox 3040 2828 3206 2867; x_wconf 67' lang='lat' dir='ltr'><strong>litora:</strong></span> <span class='ocrx_word' id='word_1_577' title='bbox 3265 2813 3590 2883; x_wconf 82' lang='lat' dir='ltr'><strong>pontificali-</strong></span> 
     </span>
    </p>
   </div>
   <div class='ocr_carea' id='block_1_81' title="bbox 2007 2897 3589 2972">
    <p class='ocr_par' dir='ltr' id='par_1_81' title="bbox 2007 2897 3589 2972">
     <span class='ocr_line' id='line_1_81' title="bbox 2007 2897 3589 2972; baseline 0.001 -18"><span class='ocrx_word' id='word_1_578' title='bbox 2007 2897 2296 2967; x_wconf 90' lang='lat' dir='ltr'><strong>busjussis</strong></span> <span class='ocrx_word' id='word_1_579' title='bbox 2323 2900 2568 2965; x_wconf 87' lang='lat' dir='ltr'><strong>obaudit,</strong></span> <span class='ocrx_word' id='word_1_580' title='bbox 2626 2900 2726 2955; x_wconf 79' lang='lat' dir='ltr'><strong>via:</strong></span> <span class='ocrx_word' id='word_1_581' title='bbox 2778 2915 2838 2956; x_wconf 88' lang='lat' dir='ltr'><strong>se</strong></span> <span class='ocrx_word' id='word_1_582' title='bbox 2893 2901 3149 2972; x_wconf 88' lang='lat' dir='ltr'><strong>periculis</strong></span> <span class='ocrx_word' id='word_1_583' title='bbox 3206 2912 3435 2957; x_wconf 89' lang='lat' dir='ltr'><strong>mortem</strong></span> <span class='ocrx_word' id='word_1_584' title='bbox 3488 2915 3589 2972; x_wconf 90' lang='lat' dir='ltr'><strong>pro</strong></span> 
     </span>
    </p>
   </div>
   <div class='ocr_carea' id='block_1_82' title="bbox 2009 2989 2705 3047">
    <p class='ocr_par' dir='ltr' id='par_1_82' title="bbox 2009 2989 2705 3047">
     <span class='ocr_line' id='line_1_82' title="bbox 2009 2989 2705 3047; baseline 0.004 -3"><span class='ocrx_word' id='word_1_585' title='bbox 2009 2989 2122 3046; x_wconf 90' lang='lat' dir='ltr'><strong>Deo</strong></span> <span class='ocrx_word' id='word_1_586' title='bbox 2149 3005 2256 3046; x_wconf 91' lang='lat' dir='ltr'><strong>non</strong></span> <span class='ocrx_word' id='word_1_587' title='bbox 2290 2991 2495 3046; x_wconf 89' lang='lat' dir='ltr'><strong>veritus</strong></span> <span class='ocrx_word' id='word_1_588' title='bbox 2521 2992 2705 3047; x_wconf 89' lang='lat' dir='ltr'><strong>tradit.</strong></span> 
     </span>
    </p>
   </div>
   <div class='ocr_carea' id='block_1_83' title="bbox 2078 3085 3588 3158">
    <p class='ocr_par' dir='ltr' id='par_1_83' title="bbox 2078 3085 3588 3158">
     <span class='ocr_line' id='line_1_83' title="bbox 2078 3085 3588 3158; baseline 0.003 -20"><span class='ocrx_word' id='word_1_589' title='bbox 2078 3085 2168 3142; x_wconf 70' lang='lat'><strong>4|.</strong></span> <span class='ocrx_word' id='word_1_590' title='bbox 2201 3085 2338 3141; x_wconf 85' lang='lat' dir='ltr'><strong>llinc</strong></span> <span class='ocrx_word' id='word_1_591' title='bbox 2364 3085 2641 3141; x_wconf 82' lang='lat' dir='ltr'><strong>Secusiani</strong></span> <span class='ocrx_word' id='word_1_592' title='bbox 2674 3085 2787 3158; x_wconf 73' lang='lat'><strong>(28)</strong></span> <span class='ocrx_word' id='word_1_593' title='bbox 2817 3087 3088 3152; x_wconf 89' lang='lat' dir='ltr'><strong>venimus,</strong></span> <span class='ocrx_word' id='word_1_594' title='bbox 3139 3095 3196 3142; x_wconf 89' lang='lat' dir='ltr'><strong>et</strong></span> <span class='ocrx_word' id='word_1_595' title='bbox 3242 3103 3342 3143; x_wconf 90' lang='lat' dir='ltr'><strong>nos</strong></span> <span class='ocrx_word' id='word_1_596' title='bbox 3399 3088 3588 3142; x_wconf 89' lang='lat' dir='ltr'><strong>abbati</strong></span> 
     </span>
    </p>
   </div>
   <div class='ocr_carea' id='block_1_84' title="bbox 2015 3173 3589 3246">
    <p class='ocr_par' dir='ltr' id='par_1_84' title="bbox 2015 3173 3589 3246">
     <span class='ocr_line' id='line_1_84' title="bbox 2015 3173 3589 3246; baseline 0.002 -18"><span class='ocrx_word' id='word_1_597' title='bbox 2015 3173 2116 3230; x_wconf 89' lang='lat' dir='ltr'><strong>loci</strong></span> <span class='ocrx_word' id='word_1_598' title='bbox 2147 3175 2285 3230; x_wconf 82' lang='lat' dir='ltr'><strong>illius</strong></span> <span class='ocrx_word' id='word_1_599' title='bbox 2314 3176 2774 3244; x_wconf 72' lang='lat' dir='ltr'><strong>pra-sentavimus.</strong></span> <span class='ocrx_word' id='word_1_600' title='bbox 2827 3177 3056 3232; x_wconf 85' lang='lat' dir='ltr'><strong>Eramus</strong></span> <span class='ocrx_word' id='word_1_601' title='bbox 3085 3177 3285 3246; x_wconf 87' lang='lat' dir='ltr'><strong>quippe</strong></span> <span class='ocrx_word' id='word_1_602' title='bbox 3337 3177 3589 3232; x_wconf 87' lang='lat' dir='ltr'><strong>monachi</strong></span> 
     </span>
    </p>
   </div>
   <div class='ocr_carea' id='block_1_85' title="bbox 2015 3267 3586 3336">
    <p class='ocr_par' dir='ltr' id='par_1_85' title="bbox 2015 3267 3586 3336">
     <span class='ocr_line' id='line_1_85' title="bbox 2015 3267 3586 3336; baseline 0.001 -14"><span class='ocrx_word' id='word_1_603' title='bbox 2015 3276 2148 3333; x_wconf 92' lang='lat' dir='ltr'><strong>tres,</strong></span> <span class='ocrx_word' id='word_1_604' title='bbox 2186 3267 2435 3323; x_wconf 89' lang='lat' dir='ltr'><strong>dominus</strong></span> <span class='ocrx_word' id='word_1_605' title='bbox 2486 3267 2735 3323; x_wconf 87' lang='lat' dir='ltr'><strong>videlicet</strong></span> <span class='ocrx_word' id='word_1_606' title='bbox 2755 3277 2810 3322; x_wconf 92' lang='lat' dir='ltr'><strong>et</strong></span> <span class='ocrx_word' id='word_1_607' title='bbox 2858 3268 3022 3324; x_wconf 86' lang='lat' dir='ltr'><strong>Pater</strong></span> <span class='ocrx_word' id='word_1_608' title='bbox 3069 3270 3382 3336; x_wconf 77' lang='lat' dir='ltr'><strong>Anselmus,</strong></span> <span class='ocrx_word' id='word_1_609' title='bbox 3432 3270 3586 3324; x_wconf 84' lang='lat' dir='ltr'><strong>dom-</strong></span> 
     </span>
    </p>
   </div>
   <div class='ocr_carea' id='block_1_86' title="bbox 2004 3351 3589 3431">
    <p class='ocr_par' dir='ltr' id='par_1_86' title="bbox 2004 3351 3589 3431">
     <span class='ocr_line' id='line_1_86' title="bbox 2004 3351 3589 3431; baseline 0.002 -18"><span class='ocrx_word' id='word_1_610' title='bbox 2004 3374 2108 3415; x_wconf 90' lang='lat' dir='ltr'><strong>nus</strong></span> <span class='ocrx_word' id='word_1_611' title='bbox 2158 3358 2475 3424; x_wconf 89' lang='lat' dir='ltr'><strong>Balduinus,</strong></span> <span class='ocrx_word' id='word_1_612' title='bbox 2505 3367 2559 3414; x_wconf 93' lang='lat' dir='ltr'><strong>et</strong></span> <span class='ocrx_word' id='word_1_613' title='bbox 2589 3374 2690 3430; x_wconf 92' lang='lat' dir='ltr'><strong>ego</strong></span> <span class='ocrx_word' id='word_1_614' title='bbox 2727 3360 2820 3431; x_wconf 87' lang='lat' dir='ltr'><strong>qui</strong></span> <span class='ocrx_word' id='word_1_615' title='bbox 2868 3351 2984 3417; x_wconf 65' lang='lat' dir='ltr'><strong>hare</strong></span> <span class='ocrx_word' id='word_1_616' title='bbox 3030 3363 3212 3417; x_wconf 91' lang='lat' dir='ltr'><strong>scribo</strong></span> <span class='ocrx_word' id='word_1_617' title='bbox 3241 3361 3411 3417; x_wconf 89' lang='lat' dir='ltr'><strong>frater</strong></span> <span class='ocrx_word' id='word_1_618' title='bbox 3439 3361 3589 3416; x_wconf 79' lang='lat' dir='ltr'><strong>Ead-</strong></span> 
     </span>
    </p>
   </div>
   <div class='ocr_carea' id='block_1_87' title="bbox 2005 3449 3580 3522">
    <p class='ocr_par' dir='ltr' id='par_1_87' title="bbox 2005 3449 3580 3522">
     <span class='ocr_line' id='line_1_87' title="bbox 2005 3449 3580 3522; baseline 0.002 -18"><span class='ocrx_word' id='word_1_619' title='bbox 2005 3466 2203 3505; x_wconf 90' lang='lat' dir='ltr'><strong>merus.</strong></span> <span class='ocrx_word' id='word_1_620' title='bbox 2246 3449 2344 3517; x_wconf 85' lang='lat' dir='ltr'><strong>Qui</strong></span> <span class='ocrx_word' id='word_1_621' title='bbox 2375 3450 2447 3504; x_wconf 89' lang='lat' dir='ltr'><strong>ita</strong></span> <span class='ocrx_word' id='word_1_622' title='bbox 2472 3450 2681 3506; x_wconf 83' lang='lat' dir='ltr'><strong>ibamus</strong></span> <span class='ocrx_word' id='word_1_623' title='bbox 2730 3451 2884 3522; x_wconf 89' lang='lat' dir='ltr'><strong>quasi</strong></span> <span class='ocrx_word' id='word_1_624' title='bbox 2938 3467 3098 3522; x_wconf 90' lang='lat' dir='ltr'><strong>pares</strong></span> <span class='ocrx_word' id='word_1_625' title='bbox 3125 3468 3390 3517; x_wconf 88' lang='lat' dir='ltr'><strong>essemus,</strong></span> <span class='ocrx_word' id='word_1_626' title='bbox 3431 3452 3580 3507; x_wconf 89' lang='lat' dir='ltr'><strong>nullo</strong></span> 
     </span>
    </p>
   </div>
   <div class='ocr_carea' id='block_1_88' title="bbox 2005 3540 3580 3611">
    <p class='ocr_par' dir='ltr' id='par_1_88' title="bbox 2005 3540 3580 3611">
     <span class='ocr_line' id='line_1_88' title="bbox 2005 3540 3580 3611; baseline 0.001 -16"><span class='ocrx_word' id='word_1_627' title='bbox 2005 3541 2204 3596; x_wconf 90' lang='lat' dir='ltr'><strong>iudicio</strong></span> <span class='ocrx_word' id='word_1_628' title='bbox 2242 3541 2364 3610; x_wconf 90' lang='lat' dir='ltr'><strong>quis</strong></span> <span class='ocrx_word' id='word_1_629' title='bbox 2387 3540 2474 3594; x_wconf 92' lang='lat' dir='ltr'><strong>cui</strong></span> <span class='ocrx_word' id='word_1_630' title='bbox 2502 3549 2784 3611; x_wconf 69' lang='lat' dir='ltr'><strong>praestaret</strong></span> <span class='ocrx_word' id='word_1_631' title='bbox 2814 3557 2996 3598; x_wconf 87' lang='lat' dir='ltr'><strong>coram</strong></span> <span class='ocrx_word' id='word_1_632' title='bbox 3044 3543 3166 3600; x_wconf 89' lang='lat' dir='ltr'><strong>aliis</strong></span> <span class='ocrx_word' id='word_1_633' title='bbox 3206 3544 3580 3598; x_wconf 86' lang='lat' dir='ltr'><strong>ostendentes.</strong></span> 
     </span>
    </p>
   </div>
   <div class='ocr_carea' id='block_1_89' title="bbox 2005 3633 3586 3706">
    <p class='ocr_par' dir='ltr' id='par_1_89' title="bbox 2005 3633 3586 3706">
     <span class='ocr_line' id='line_1_89' title="bbox 2005 3633 3586 3706; baseline -0.001 -16"><span class='ocrx_word' id='word_1_634' title='bbox 2005 3635 2089 3690; x_wconf 82' lang='lat' dir='ltr'><strong>Ab</strong></span> <span class='ocrx_word' id='word_1_635' title='bbox 2123 3635 2322 3688; x_wconf 86' lang='lat' dir='ltr'><strong>abbate</strong></span> <span class='ocrx_word' id='word_1_636' title='bbox 2383 3633 2548 3704; x_wconf 88' lang='lat' dir='ltr'><strong>igitur</strong></span> <span class='ocrx_word' id='word_1_637' title='bbox 2569 3634 2661 3702; x_wconf 86' lang='lat' dir='ltr'><strong>qui</strong></span> <span class='ocrx_word' id='word_1_638' title='bbox 2690 3633 2772 3688; x_wconf 86' lang='lat' dir='ltr'><strong>vel</strong></span> <span class='ocrx_word' id='word_1_639' title='bbox 2803 3634 2944 3690; x_wconf 90' lang='lat' dir='ltr'><strong>unde</strong></span> <span class='ocrx_word' id='word_1_640' title='bbox 2971 3635 3586 3706; x_wconf 85' lang='lat' dir='ltr'><strong>essemus,interrogati,</strong></span> 
     </span>
    </p>
   </div>
   <div class='ocr_carea' id='block_1_90' title="bbox 2008 3724 3590 3795">
    <p class='ocr_par' dir='ltr' id='par_1_90' title="bbox 2008 3724 3590 3795">
     <span class='ocr_line' id='line_1_90' title="bbox 2008 3724 3590 3795; baseline -0.001 -16"><span class='ocrx_word' id='word_1_641' title='bbox 2008 3726 2195 3794; x_wconf 89' lang='lat' dir='ltr'><strong>paucis</strong></span> <span class='ocrx_word' id='word_1_642' title='bbox 2254 3724 2651 3795; x_wconf 91' lang='lat' dir='ltr'><strong>respondimus.</strong></span> <span class='ocrx_word' id='word_1_643' title='bbox 2681 3724 2750 3778; x_wconf 82' lang='lat' dir='ltr'><strong>Et</strong></span> <span class='ocrx_word' id='word_1_644' title='bbox 2789 3724 2976 3780; x_wconf 89' lang='lat' dir='ltr'><strong>audito</strong></span> <span class='ocrx_word' id='word_1_645' title='bbox 3023 3727 3284 3794; x_wconf 87' lang='lat' dir='ltr'><strong>quosdam</strong></span> <span class='ocrx_word' id='word_1_646' title='bbox 3327 3741 3395 3779; x_wconf 82' lang='lat' dir='ltr'><strong>ex</strong></span> <span class='ocrx_word' id='word_1_647' title='bbox 3435 3725 3590 3778; x_wconf 89' lang='lat' dir='ltr'><strong>nobis</strong></span> 
     </span>
    </p>
   </div>
   <div class='ocr_carea' id='block_1_91' title="bbox 2008 3813 3586 3880">
    <p class='ocr_par' dir='ltr' id='par_1_91' title="bbox 2008 3813 3586 3880">
     <span class='ocr_line' id='line_1_91' title="bbox 2008 3813 3586 3880; baseline 0.001 -13"><span class='ocrx_word' id='word_1_648' title='bbox 2008 3813 2298 3870; x_wconf 83' lang='lat' dir='ltr'><strong>Beccensis</strong></span> <span class='ocrx_word' id='word_1_649' title='bbox 2337 3818 2570 3872; x_wconf 73' lang='lat' dir='ltr'><strong>emnobii</strong></span> <span class='ocrx_word' id='word_1_650' title='bbox 2616 3815 2911 3870; x_wconf 90' lang='lat' dir='ltr'><strong>monachos</strong></span> <span class='ocrx_word' id='word_1_651' title='bbox 2931 3830 3072 3880; x_wconf 89' lang='lat' dir='ltr'><strong>esse,</strong></span> <span class='ocrx_word' id='word_1_652' title='bbox 3099 3816 3410 3870; x_wconf 90' lang='lat' dir='ltr'><strong>sciscitatus</strong></span> <span class='ocrx_word' id='word_1_653' title='bbox 3441 3823 3525 3869; x_wconf 89' lang='lat' dir='ltr'><strong>est</strong></span> <span class='ocrx_word' id='word_1_654' title='bbox 3574 3831 3586 3844; x_wconf 89' lang='grc'><strong>·</strong></span> 
     </span>
    </p>
   </div>
   <div class='ocr_carea' id='block_1_92' title="bbox 2017 3903 3589 3971">
    <p class='ocr_par' dir='ltr' id='par_1_92' title="bbox 2017 3903 3589 3971">
     <span class='ocr_line' id='line_1_92' title="bbox 2017 3903 3589 3971; baseline -0.002 -12"><span class='ocrx_word' id='word_1_655' title='bbox 2017 3926 2036 3958; x_wconf 77' lang='grc' dir='ltr'>ι</span> <span class='ocrx_word' id='word_1_656' title='bbox 2071 3906 2314 3970; x_wconf 84' lang='lat' dir='ltr'><strong>Fratres,</strong></span> <span class='ocrx_word' id='word_1_657' title='bbox 2345 3907 2571 3962; x_wconf 89' lang='lat' dir='ltr'><strong>obsecro</strong></span> <span class='ocrx_word' id='word_1_658' title='bbox 2601 3923 2717 3971; x_wconf 88' lang='lat' dir='ltr'><strong>vos,</strong></span> <span class='ocrx_word' id='word_1_659' title='bbox 2749 3906 2881 3960; x_wconf 83' lang='lat' dir='ltr'><strong>vivit</strong></span> <span class='ocrx_word' id='word_1_660' title='bbox 2924 3905 3008 3958; x_wconf 90' lang='lat' dir='ltr'><strong>ille</strong></span> <span class='ocrx_word' id='word_1_661' title='bbox 3034 3907 3229 3970; x_wconf 87' lang='lat' dir='ltr'><strong>adlmc,</strong></span> <span class='ocrx_word' id='word_1_662' title='bbox 3285 3905 3374 3958; x_wconf 90' lang='lat' dir='ltr'><strong>ille</strong></span> <span class='ocrx_word' id='word_1_663' title='bbox 3400 3903 3494 3958; x_wconf 89' lang='lat' dir='ltr'><strong>Dei</strong></span> <span class='ocrx_word' id='word_1_664' title='bbox 3534 3912 3589 3956; x_wconf 88' lang='lat' dir='ltr'><strong>et</strong></span> 
     </span>
    </p>
   </div>
   <div class='ocr_carea' id='block_1_93' title="bbox 2007 3993 3592 4058">
    <p class='ocr_par' dir='ltr' id='par_1_93' title="bbox 2007 3993 3592 4058">
     <span class='ocr_line' id='line_1_93' title="bbox 2007 3993 3592 4058; baseline -0.003 -6"><span class='ocrx_word' id='word_1_665' title='bbox 2007 3998 2244 4052; x_wconf 89' lang='lat' dir='ltr'><strong>omnium</strong></span> <span class='ocrx_word' id='word_1_666' title='bbox 2265 3998 2528 4052; x_wconf 89' lang='lat' dir='ltr'><strong>bonorum</strong></span> <span class='ocrx_word' id='word_1_667' title='bbox 2557 3997 2765 4051; x_wconf 89' lang='lat' dir='ltr'><strong>amicus</strong></span> <span class='ocrx_word' id='word_1_668' title='bbox 2810 3993 3121 4058; x_wconf 81' lang='lat' dir='ltr'><strong>Anselmus,</strong></span> <span class='ocrx_word' id='word_1_669' title='bbox 3149 3995 3361 4049; x_wconf 89' lang='lat' dir='ltr'><strong>scilicet</strong></span> <span class='ocrx_word' id='word_1_670' title='bbox 3403 4008 3592 4048; x_wconf 75' lang='lat' dir='ltr'><strong>etenu-</strong></span> 
     </span>
    </p>
   </div>
   <div class='ocr_carea' id='block_1_94' title="bbox 2010 4083 3593 4158">
    <p class='ocr_par' dir='ltr' id='par_1_94' title="bbox 2010 4083 3593 4158">
     <span class='ocr_line' id='line_1_94' title="bbox 2010 4083 3593 4158; baseline -0.004 -17"><span class='ocrx_word' id='word_1_671' title='bbox 2010 4086 2083 4141; x_wconf 91' lang='lat' dir='ltr'><strong>bii</strong></span> <span class='ocrx_word' id='word_1_672' title='bbox 2115 4087 2282 4158; x_wconf 89' lang='lat' dir='ltr'><strong>ipsius</strong></span> <span class='ocrx_word' id='word_1_673' title='bbox 2309 4087 2499 4150; x_wconf 87' lang='lat' dir='ltr'><strong>abbas,</strong></span> <span class='ocrx_word' id='word_1_674' title='bbox 2526 4087 2609 4140; x_wconf 90' lang='lat' dir='ltr'><strong>vir</strong></span> <span class='ocrx_word' id='word_1_675' title='bbox 2661 4087 2715 4140; x_wconf 90' lang='lat' dir='ltr'><strong>in</strong></span> <span class='ocrx_word' id='word_1_676' title='bbox 2766 4085 2913 4140; x_wconf 90' lang='lat' dir='ltr'><strong>omni</strong></span> <span class='ocrx_word' id='word_1_677' title='bbox 2945 4083 3204 4153; x_wconf 89' lang='lat' dir='ltr'><strong>religione</strong></span> <span class='ocrx_word' id='word_1_678' title='bbox 3255 4083 3514 4152; x_wconf 89' lang='lat' dir='ltr'><strong>probatus</strong></span> <span class='ocrx_word' id='word_1_679' title='bbox 3537 4093 3593 4135; x_wconf 88' lang='lat' dir='ltr'><strong>et</strong></span> 
     </span>
    </p>
   </div>
   <div class='ocr_carea' id='block_1_95' title="bbox 2011 4175 3593 4250">
    <p class='ocr_par' dir='ltr' id='par_1_95' title="bbox 2011 4175 3593 4250">
     <span class='ocr_line' id='line_1_95' title="bbox 2011 4175 3593 4250; baseline -0.005 -16"><span class='ocrx_word' id='word_1_680' title='bbox 2011 4179 2302 4250; x_wconf 85' lang='lat' dir='ltr'><strong>acceptus?</strong></span> <span class='ocrx_word' id='word_1_681' title='bbox 2326 4198 2344 4230; x_wconf 72' lang='grc' dir='ltr'><strong><em>ι</em></strong></span> <span class='ocrx_word' id='word_1_682' title='bbox 2373 4179 2668 4234; x_wconf 86' lang='lat' dir='ltr'><strong>Balduinus</strong></span> <span class='ocrx_word' id='word_1_683' title='bbox 2691 4179 2758 4233; x_wconf 91' lang='lat' dir='ltr'><strong>ad</strong></span> <span class='ocrx_word' id='word_1_684' title='bbox 2779 4179 2891 4233; x_wconf 65' lang='lat' dir='ltr'><strong>haec</strong></span> <span class='ocrx_word' id='word_1_685' title='bbox 2921 4195 2933 4231; x_wconf 91' lang='lat'>:</span> <span class='ocrx_word' id='word_1_686' title='bbox 2962 4196 2980 4227; x_wconf 86' lang='grc'>‹</span> <span class='ocrx_word' id='word_1_687' title='bbox 3001 4176 3094 4230; x_wconf 86' lang='lat' dir='ltr'><strong>ille</strong></span> <span class='ocrx_word' id='word_1_688' title='bbox 3114 4175 3210 4240; x_wconf 89' lang='lat' dir='ltr'><strong>ait,</strong></span> <span class='ocrx_word' id='word_1_689' title='bbox 3238 4176 3304 4230; x_wconf 91' lang='lat' dir='ltr'><strong>ad</strong></span> <span class='ocrx_word' id='word_1_690' title='bbox 3327 4175 3593 4244; x_wconf 86' lang='lat' dir='ltr'><strong>archiepi-</strong></span> 
     </span>
    </p>
   </div>
   <div class='ocr_carea' id='block_1_96' title="bbox 2011 4266 3593 4342">
    <p class='ocr_par' dir='ltr' id='par_1_96' title="bbox 2011 4266 3593 4342">
     <span class='ocr_line' id='line_1_96' title="bbox 2011 4266 3593 4342; baseline -0.004 -16"><span class='ocrx_word' id='word_1_691' title='bbox 2011 4280 2290 4342; x_wconf 89' lang='lat' dir='ltr'><strong>scopatum</strong></span> <span class='ocrx_word' id='word_1_692' title='bbox 2317 4273 2370 4326; x_wconf 91' lang='lat' dir='ltr'><strong>in</strong></span> <span class='ocrx_word' id='word_1_693' title='bbox 2395 4271 2537 4325; x_wconf 78' lang='lat' dir='ltr'><strong>aliud</strong></span> <span class='ocrx_word' id='word_1_694' title='bbox 2567 4285 2791 4339; x_wconf 84' lang='lat' dir='ltr'><strong>regnum</strong></span> <span class='ocrx_word' id='word_1_695' title='bbox 2816 4278 3113 4341; x_wconf 86' lang='lat' dir='ltr'><strong>raptusest.</strong></span> <span class='ocrx_word' id='word_1_696' title='bbox 3137 4288 3155 4320; x_wconf 72' lang='grc' dir='ltr'><strong><em>ι</em></strong></span> <span class='ocrx_word' id='word_1_697' title='bbox 3185 4268 3358 4322; x_wconf 82' lang='lat' dir='ltr'><strong>Atille</strong></span> <span class='ocrx_word' id='word_1_698' title='bbox 3385 4285 3397 4320; x_wconf 94' lang='lat'><strong>:</strong></span> <span class='ocrx_word' id='word_1_699' title='bbox 3438 4284 3456 4318; x_wconf 75' lang='grc' dir='ltr'><strong><em>ι</em></strong></span> <span class='ocrx_word' id='word_1_700' title='bbox 3477 4266 3593 4320; x_wconf 85' lang='lat' dir='ltr'><strong>Att-</strong></span> 
     </span>
    </p>
   </div>
   <div class='ocr_carea' id='block_1_97' title="bbox 2013 4357 3594 4431">
    <p class='ocr_par' dir='ltr' id='par_1_97' title="bbox 2013 4357 3594 4431">
     <span class='ocr_line' id='line_1_97' title="bbox 2013 4357 3594 4431; baseline -0.006 -14"><span class='ocrx_word' id='word_1_701' title='bbox 2013 4362 2140 4417; x_wconf 87' lang='lat' dir='ltr'><strong>divi.</strong></span> <span class='ocrx_word' id='word_1_702' title='bbox 2168 4361 2274 4417; x_wconf 89' lang='lat' dir='ltr'><strong>Sed</strong></span> <span class='ocrx_word' id='word_1_703' title='bbox 2301 4377 2467 4427; x_wconf 90' lang='lat' dir='ltr'><strong>nunc,</strong></span> <span class='ocrx_word' id='word_1_704' title='bbox 2491 4375 2694 4431; x_wconf 74' lang='lat' dir='ltr'><strong>quaeso,</strong></span> <span class='ocrx_word' id='word_1_705' title='bbox 2731 4360 2964 4430; x_wconf 89' lang='lat' dir='ltr'><strong>qualiter</strong></span> <span class='ocrx_word' id='word_1_706' title='bbox 2991 4359 3115 4413; x_wconf 87' lang='lat' dir='ltr'><strong>est?</strong></span> <span class='ocrx_word' id='word_1_707' title='bbox 3141 4358 3282 4412; x_wconf 88' lang='lat' dir='ltr'><strong>valet</strong></span> <span class='ocrx_word' id='word_1_708' title='bbox 3303 4358 3326 4411; x_wconf 88' lang='lat'><strong>?</strong></span> <span class='ocrx_word' id='word_1_709' title='bbox 3346 4357 3594 4426; x_wconf 81' lang='lat' dir='ltr'><strong>——Equi-</strong></span> 
     </span>
    </p>
   </div>
   <div class='ocr_carea' id='block_1_98' title="bbox 2011 4448 3588 4525">
    <p class='ocr_par' dir='ltr' id='par_1_98' title="bbox 2011 4448 3588 4525">
     <span class='ocr_line' id='line_1_98' title="bbox 2011 4448 3588 4525; baseline -0.006 -17"><span class='ocrx_word' id='word_1_710' title='bbox 2011 4455 2132 4509; x_wconf 88' lang='lat' dir='ltr'><strong>dem</strong></span> <span class='ocrx_word' id='word_1_711' title='bbox 2165 4469 2229 4509; x_wconf 79' lang='lat' dir='ltr'><strong>ex</strong></span> <span class='ocrx_word' id='word_1_712' title='bbox 2261 4471 2326 4510; x_wconf 91' lang='lat' dir='ltr'><strong>eo</strong></span> <span class='ocrx_word' id='word_1_713' title='bbox 2353 4463 2615 4525; x_wconf 89' lang='lat' dir='ltr'><strong>tempore,</strong></span> <span class='ocrx_word' id='word_1_714' title='bbox 2644 4455 2741 4519; x_wconf 88' lang='lat' dir='ltr'><strong>ait,</strong></span> <span class='ocrx_word' id='word_1_715' title='bbox 2765 4468 2874 4523; x_wconf 90' lang='lat' dir='ltr'><strong>quo</strong></span> <span class='ocrx_word' id='word_1_716' title='bbox 2895 4453 3112 4506; x_wconf 90' lang='lat' dir='ltr'><strong>functus</strong></span> <span class='ocrx_word' id='word_1_717' title='bbox 3141 4460 3227 4505; x_wconf 90' lang='lat' dir='ltr'><strong>est</strong></span> <span class='ocrx_word' id='word_1_718' title='bbox 3252 4448 3588 4520; x_wconf 79' lang='lat' dir='ltr'><strong>pontificatu,</strong></span> 
     </span>
    </p>
   </div>
   <div class='ocr_carea' id='block_1_99' title="bbox 2012 4537 3590 4609">
    <p class='ocr_par' dir='ltr' id='par_1_99' title="bbox 2012 4537 3590 4609">
     <span class='ocr_line' id='line_1_99' title="bbox 2012 4537 3590 4609; baseline -0.003 -13"><span class='ocrx_word' id='word_1_719' title='bbox 2012 4558 2118 4596; x_wconf 90' lang='lat' dir='ltr'><strong>non</strong></span> <span class='ocrx_word' id='word_1_720' title='bbox 2153 4543 2260 4598; x_wconf 89' lang='lat' dir='ltr'><strong>vidi</strong></span> <span class='ocrx_word' id='word_1_721' title='bbox 2289 4559 2413 4597; x_wconf 92' lang='lat' dir='ltr'><strong>eum</strong></span> <span class='ocrx_word' id='word_1_722' title='bbox 2445 4543 2600 4598; x_wconf 84' lang='lat' dir='ltr'><strong>Becci</strong></span> <span class='ocrx_word' id='word_1_723' title='bbox 2631 4561 2646 4609; x_wconf 89' lang='lat'><strong>;</strong></span> <span class='ocrx_word' id='word_1_724' title='bbox 2675 4543 2877 4598; x_wconf 89' lang='lat' dir='ltr'><strong>dicitur</strong></span> <span class='ocrx_word' id='word_1_725' title='bbox 2910 4551 3088 4594; x_wconf 88' lang='lat' dir='ltr'><strong>tamen</strong></span> <span class='ocrx_word' id='word_1_726' title='bbox 3124 4538 3262 4594; x_wconf 89' lang='lat' dir='ltr'><strong>bene</strong></span> <span class='ocrx_word' id='word_1_727' title='bbox 3290 4537 3473 4592; x_wconf 88' lang='lat' dir='ltr'><strong>valere</strong></span> <span class='ocrx_word' id='word_1_728' title='bbox 3501 4538 3590 4592; x_wconf 85' lang='lat' dir='ltr'><strong>ubi</strong></span> 
     </span>
    </p>
   </div>
   <div class='ocr_carea' id='block_1_100' title="bbox 2011 4634 3593 4698">
    <p class='ocr_par' dir='ltr' id='par_1_100' title="bbox 2011 4634 3593 4698">
     <span class='ocr_line' id='line_1_100' title="bbox 2011 4634 3593 4698; baseline -0.006 1"><span class='ocrx_word' id='word_1_729' title='bbox 2011 4651 2114 4698; x_wconf 84' lang='lat' dir='ltr'><strong>est.</strong></span> <span class='ocrx_word' id='word_1_730' title='bbox 2143 4663 2161 4695; x_wconf 74' lang='grc' dir='ltr'><strong>ι</strong></span> <span class='ocrx_word' id='word_1_731' title='bbox 2195 4643 2347 4697; x_wconf 88' lang='lat' dir='ltr'><strong>Tunc</strong></span> <span class='ocrx_word' id='word_1_732' title='bbox 2399 4643 2607 4697; x_wconf 89' lang='lat' dir='ltr'><strong>abbas:</strong></span> <span class='ocrx_word' id='word_1_733' title='bbox 2641 4661 2658 4692; x_wconf 78' lang='grc' dir='ltr'>ι</span> <span class='ocrx_word' id='word_1_734' title='bbox 2686 4641 2751 4696; x_wconf 86' lang='grc' dir='ltr'><strong>Ει</strong></span> <span class='ocrx_word' id='word_1_735' title='bbox 2781 4650 2837 4695; x_wconf 88' lang='lat' dir='ltr'><strong>ut</strong></span> <span class='ocrx_word' id='word_1_736' title='bbox 2869 4640 3043 4694; x_wconf 90' lang='lat' dir='ltr'><strong>valeat</strong></span> <span class='ocrx_word' id='word_1_737' title='bbox 3092 4652 3208 4692; x_wconf 90' lang='lat' dir='ltr'><strong>oro.</strong></span> <span class='ocrx_word' id='word_1_738' title='bbox 3228 4655 3247 4688; x_wconf 67' lang='grc' dir='ltr'><strong><em>ι</em></strong></span> <span class='ocrx_word' id='word_1_739' title='bbox 3283 4634 3410 4690; x_wconf 65' lang='lat' dir='ltr'><strong>llaec</strong></span> <span class='ocrx_word' id='word_1_740' title='bbox 3437 4635 3503 4690; x_wconf 91' lang='lat' dir='ltr'><strong>de</strong></span> <span class='ocrx_word' id='word_1_741' title='bbox 3533 4649 3593 4691; x_wconf 78' lang='lat' dir='ltr'><strong>se</strong></span> 
     </span>
    </p>
   </div>
   <div class='ocr_carea' id='block_1_101' title="bbox 2010 4723 3592 4798">
    <p class='ocr_par' dir='ltr' id='par_1_101' title="bbox 2010 4723 3592 4798">
     <span class='ocr_line' id='line_1_101' title="bbox 2010 4723 3592 4798; baseline -0.007 -11"><span class='ocrx_word' id='word_1_742' title='bbox 2010 4731 2300 4787; x_wconf 84' lang='lat' dir='ltr'><strong>Ansclmus</strong></span> <span class='ocrx_word' id='word_1_743' title='bbox 2323 4732 2427 4786; x_wconf 89' lang='lat' dir='ltr'><strong>dici</strong></span> <span class='ocrx_word' id='word_1_744' title='bbox 2459 4731 2704 4798; x_wconf 88' lang='lat' dir='ltr'><strong>audiens,</strong></span> <span class='ocrx_word' id='word_1_745' title='bbox 2749 4729 3034 4785; x_wconf 86' lang='lat' dir='ltr'><strong>confestim</strong></span> <span class='ocrx_word' id='word_1_746' title='bbox 3063 4735 3206 4782; x_wconf 89' lang='lat' dir='ltr'><strong>tecto</strong></span> <span class='ocrx_word' id='word_1_747' title='bbox 3229 4723 3452 4781; x_wconf 74' lang='lat' dir='ltr'><strong>cuculla:</strong></span> <span class='ocrx_word' id='word_1_748' title='bbox 3480 4737 3592 4795; x_wconf 74' lang='lat' dir='ltr'><strong>sua:</strong></span> 
     </span>
    </p>
   </div>
   <div class='ocr_carea' id='block_1_102' title="bbox 2011 4815 3590 4894">
    <p class='ocr_par' dir='ltr' id='par_1_102' title="bbox 2011 4815 3590 4894">
     <span class='ocr_line' id='line_1_102' title="bbox 2011 4815 3590 4894; baseline -0.008 -14"><span class='ocrx_word' id='word_1_749' title='bbox 2011 4824 2211 4894; x_wconf 91' lang='lat' dir='ltr'><strong>capitio</strong></span> <span class='ocrx_word' id='word_1_750' title='bbox 2234 4826 2430 4894; x_wconf 87' lang='lat' dir='ltr'><strong>capite,</strong></span> <span class='ocrx_word' id='word_1_751' title='bbox 2463 4823 2702 4878; x_wconf 88' lang='lat' dir='ltr'><strong>demisso</strong></span> <span class='ocrx_word' id='word_1_752' title='bbox 2749 4822 2899 4876; x_wconf 90' lang='lat' dir='ltr'><strong>vultu</strong></span> <span class='ocrx_word' id='word_1_753' title='bbox 2957 4820 3206 4876; x_wconf 81' lang='lat' dir='ltr'><strong>sedebat.</strong></span> <span class='ocrx_word' id='word_1_754' title='bbox 3261 4815 3590 4872; x_wconf 84' lang='lat' dir='ltr'><strong>Nolebamus</strong></span> 
     </span>
    </p>
   </div>
   <div class='ocr_carea' id='block_1_103' title="bbox 2009 4907 3589 4982">
    <p class='ocr_par' dir='ltr' id='par_1_103' title="bbox 2009 4907 3589 4982">
     <span class='ocr_line' id='line_1_103' title="bbox 2009 4907 3589 4982; baseline -0.007 -14"><span class='ocrx_word' id='word_1_755' title='bbox 2009 4914 2153 4968; x_wconf 90' lang='lat' dir='ltr'><strong>enim</strong></span> <span class='ocrx_word' id='word_1_756' title='bbox 2185 4913 2425 4982; x_wconf 86' lang='lat' dir='ltr'><strong>agnosci,</strong></span> <span class='ocrx_word' id='word_1_757' title='bbox 2456 4927 2521 4967; x_wconf 92' lang='lat' dir='ltr'><strong>ne</strong></span> <span class='ocrx_word' id='word_1_758' title='bbox 2545 4912 2683 4967; x_wconf 87' lang='lat' dir='ltr'><strong>forte</strong></span> <span class='ocrx_word' id='word_1_759' title='bbox 2704 4919 3066 4982; x_wconf 65' lang='lat' dir='ltr'><strong>praecurrente</strong></span> <span class='ocrx_word' id='word_1_760' title='bbox 3094 4908 3236 4963; x_wconf 88' lang='lat' dir='ltr'><strong>fama</strong></span> <span class='ocrx_word' id='word_1_761' title='bbox 3266 4908 3333 4962; x_wconf 90' lang='lat' dir='ltr'><strong>de</strong></span> <span class='ocrx_word' id='word_1_762' title='bbox 3353 4907 3589 4960; x_wconf 89' lang='lat' dir='ltr'><strong>adventu</strong></span> 
     </span>
    </p>
   </div>
   <div class='ocr_carea' id='block_1_104' title="bbox 2011 4996 3591 5073">
    <p class='ocr_par' dir='ltr' id='par_1_104' title="bbox 2011 4996 3591 5073">
     <span class='ocr_line' id='line_1_104' title="bbox 2011 4996 3591 5073; baseline -0.006 -16"><span class='ocrx_word' id='word_1_763' title='bbox 2011 5003 2144 5057; x_wconf 87' lang='lat' dir='ltr'><strong>tanti</strong></span> <span class='ocrx_word' id='word_1_764' title='bbox 2168 5003 2270 5058; x_wconf 91' lang='lat' dir='ltr'><strong>viri</strong></span> <span class='ocrx_word' id='word_1_765' title='bbox 2302 5003 2475 5058; x_wconf 89' lang='lat' dir='ltr'><strong>cuivis</strong></span> <span class='ocrx_word' id='word_1_766' title='bbox 2525 5002 2764 5073; x_wconf 90' lang='lat' dir='ltr'><strong>periculo</strong></span> <span class='ocrx_word' id='word_1_767' title='bbox 2819 5011 3002 5056; x_wconf 91' lang='lat' dir='ltr'><strong>nostra</strong></span> <span class='ocrx_word' id='word_1_768' title='bbox 3079 4998 3286 5054; x_wconf 89' lang='lat' dir='ltr'><strong>incuria</strong></span> <span class='ocrx_word' id='word_1_769' title='bbox 3338 4996 3591 5050; x_wconf 85' lang='lat' dir='ltr'><strong>fieremus</strong></span> 
     </span>
    </p>
   </div>
   <div class='ocr_carea' id='block_1_105' title="bbox 2011 5087 3590 5161">
    <p class='ocr_par' dir='ltr' id='par_1_105' title="bbox 2011 5087 3590 5161">
     <span class='ocr_line' id='line_1_105' title="bbox 2011 5087 3590 5161; baseline -0.006 -11"><span class='ocrx_word' id='word_1_770' title='bbox 2011 5097 2252 5151; x_wconf 73' lang='lat' dir='ltr'><strong>obnoxii.</strong></span> <span class='ocrx_word' id='word_1_771' title='bbox 2287 5095 2586 5154; x_wconf 87' lang='lat' dir='ltr'><strong>Cclebratis</strong></span> <span class='ocrx_word' id='word_1_772' title='bbox 2629 5097 2824 5152; x_wconf 91' lang='lat' dir='ltr'><strong>dehinc</strong></span> <span class='ocrx_word' id='word_1_773' title='bbox 2875 5096 2927 5149; x_wconf 93' lang='lat' dir='ltr'><strong>in</strong></span> <span class='ocrx_word' id='word_1_774' title='bbox 2957 5093 3205 5149; x_wconf 74' lang='lat' dir='ltr'><strong>ccenobio</strong></span> <span class='ocrx_word' id='word_1_775' title='bbox 3251 5089 3369 5161; x_wconf 73' lang='lat'><strong>(29)</strong></span> <span class='ocrx_word' id='word_1_776' title='bbox 3415 5087 3590 5142; x_wconf 76' lang='lat' dir='ltr'><strong>salicti</strong></span> 
     </span>
    </p>
   </div>
   <div class='ocr_carea' id='block_1_106' title="bbox 1634 5185 2310 5244">
    <p class='ocr_par' dir='ltr' id='par_1_106' title="bbox 1634 5185 2310 5244">
     <span class='ocr_line' id='line_1_106' title="bbox 1634 5185 2310 5244; baseline 0.001 -4"><span class='ocrx_word' id='word_1_777' title='bbox 1634 5185 2044 5242; x_wconf 66' lang='lat' dir='ltr'><strong>HENSCHENII</strong></span> <span class='ocrx_word' id='word_1_778' title='bbox 2079 5187 2310 5244; x_wconf 65' lang='grc' dir='ltr'><strong>ΝΟΤΑΕ.</strong></span> 
     </span>
    </p>
   </div>
   <div class='ocr_carea' id='block_1_107' title="bbox 404 5275 1903 5349">
    <p class='ocr_par' dir='ltr' id='par_1_107' title="bbox 404 5275 1903 5349">
     <span class='ocr_line' id='line_1_107' title="bbox 404 5275 1903 5349; baseline 0.001 -17"><span class='ocrx_word' id='word_1_779' title='bbox 404 5275 517 5346; x_wconf 73' lang='grc'><strong>(28)</strong></span> <span class='ocrx_word' id='word_1_780' title='bbox 557 5276 782 5349; x_wconf 69' lang='lat' dir='ltr'><strong>Secusia</strong></span> <span class='ocrx_word' id='word_1_781' title='bbox 837 5278 992 5349; x_wconf 87' lang='lat' dir='ltr'><strong>vulgo</strong></span> <span class='ocrx_word' id='word_1_782' title='bbox 1048 5277 1225 5345; x_wconf 88' lang='lat' dir='ltr'><strong>Susa,</strong></span> <span class='ocrx_word' id='word_1_783' title='bbox 1275 5279 1420 5334; x_wconf 87' lang='lat' dir='ltr'><strong>haud</strong></span> <span class='ocrx_word' id='word_1_784' title='bbox 1462 5277 1652 5349; x_wconf 89' lang='lat' dir='ltr'><strong>procul</strong></span> <span class='ocrx_word' id='word_1_785' title='bbox 1708 5277 1903 5334; x_wconf 81' lang='lat' dir='ltr'><strong>Seniso</strong></span> 
     </span>
    </p>
   </div>
   <div class='ocr_carea' id='block_1_108' title="bbox 329 5347 1906 5414">
    <p class='ocr_par' dir='ltr' id='par_1_108' title="bbox 329 5347 1906 5414">
     <span class='ocr_line' id='line_1_108' title="bbox 329 5347 1906 5414; baseline 0.002 -14"><span class='ocrx_word' id='word_1_786' title='bbox 329 5358 539 5414; x_wconf 87' lang='lat' dir='ltr'><strong>monte,</strong></span> <span class='ocrx_word' id='word_1_787' title='bbox 589 5350 642 5402; x_wconf 91' lang='lat' dir='ltr'><strong>in</strong></span> <span class='ocrx_word' id='word_1_788' title='bbox 691 5347 1089 5404; x_wconf 82' lang='lat' dir='ltr'><strong>Pedemontana</strong></span> <span class='ocrx_word' id='word_1_789' title='bbox 1144 5350 1367 5405; x_wconf 89' lang='lat' dir='ltr'><strong>ditione.</strong></span> <span class='ocrx_word' id='word_1_790' title='bbox 1416 5347 1512 5404; x_wconf 77' lang='lat' dir='ltr'><strong>Est</strong></span> <span class='ocrx_word' id='word_1_791' title='bbox 1560 5349 1633 5403; x_wconf 88' lang='lat' dir='ltr'><strong>ibi</strong></span> <span class='ocrx_word' id='word_1_792' title='bbox 1688 5349 1906 5403; x_wconf 89' lang='lat' dir='ltr'><strong>abbatia</strong></span> 
     </span>
    </p>
   </div>
   <div class='ocr_carea' id='block_1_109' title="bbox 331 5414 1906 5487">
    <p class='ocr_par' dir='ltr' id='par_1_109' title="bbox 331 5414 1906 5487">
     <span class='ocr_line' id='line_1_109' title="bbox 331 5414 1906 5487; baseline 0.001 -17"><span class='ocrx_word' id='word_1_793' title='bbox 331 5415 394 5470; x_wconf 91' lang='lat' dir='ltr'><strong>S.</strong></span> <span class='ocrx_word' id='word_1_794' title='bbox 429 5414 594 5483; x_wconf 77' lang='lat' dir='ltr'><strong>Justi,</strong></span> <span class='ocrx_word' id='word_1_795' title='bbox 619 5429 799 5474; x_wconf 86' lang='lat' dir='ltr'><strong>erecta</strong></span> <span class='ocrx_word' id='word_1_796' title='bbox 831 5434 974 5473; x_wconf 90' lang='lat' dir='ltr'><strong>anno</strong></span> <span class='ocrx_word' id='word_1_797' title='bbox 1001 5419 1161 5482; x_wconf 69' lang='lat'><strong>1029,</strong></span> <span class='ocrx_word' id='word_1_798' title='bbox 1192 5419 1344 5487; x_wconf 86' lang='lat' dir='ltr'><strong>cujus</strong></span> <span class='ocrx_word' id='word_1_799' title='bbox 1371 5419 1662 5475; x_wconf 87' lang='lat' dir='ltr'><strong>erectionis</strong></span> <span class='ocrx_word' id='word_1_800' title='bbox 1702 5419 1906 5473; x_wconf 90' lang='lat' dir='ltr'><strong>instru-</strong></span> 
     </span>
    </p>
   </div>
   <div class='ocr_carea' id='block_1_110' title="bbox 332 5487 1900 5558">
    <p class='ocr_par' dir='ltr' id='par_1_110' title="bbox 332 5487 1900 5558">
     <span class='ocr_line' id='line_1_110' title="bbox 332 5487 1900 5558; baseline 0.003 -20"><span class='ocrx_word' id='word_1_801' title='bbox 332 5497 580 5541; x_wconf 83' lang='lat' dir='ltr'><strong>mentum</strong></span> <span class='ocrx_word' id='word_1_802' title='bbox 608 5503 729 5542; x_wconf 89' lang='lat' dir='ltr'><strong>cum</strong></span> <span class='ocrx_word' id='word_1_803' title='bbox 764 5490 1108 5558; x_wconf 81' lang='lat' dir='ltr'><strong>chronologia</strong></span> <span class='ocrx_word' id='word_1_804' title='bbox 1147 5489 1646 5545; x_wconf 76' lang='lat' dir='ltr'><strong>abbatumexbibet</strong></span> <span class='ocrx_word' id='word_1_805' title='bbox 1676 5487 1900 5542; x_wconf 84' lang='lat' dir='ltr'><strong>Franci-</strong></span> 
     </span>
    </p>
   </div>
   <div class='ocr_carea' id='block_1_111' title="bbox 329 5558 1908 5628">
    <p class='ocr_par' dir='ltr' id='par_1_111' title="bbox 329 5558 1908 5628">
     <span class='ocr_line' id='line_1_111' title="bbox 329 5558 1908 5628; baseline 0.003 -20"><span class='ocrx_word' id='word_1_806' title='bbox 329 5569 461 5628; x_wconf 62' lang='lat' dir='ltr'><strong>scus</strong></span> <span class='ocrx_word' id='word_1_807' title='bbox 514 5558 843 5628; x_wconf 75' lang='lat' dir='ltr'><strong>Augustinus</strong></span> <span class='ocrx_word' id='word_1_808' title='bbox 889 5559 956 5614; x_wconf 93' lang='lat' dir='ltr'><strong>ab</strong></span> <span class='ocrx_word' id='word_1_809' title='bbox 1001 5560 1230 5614; x_wconf 79' lang='lat' dir='ltr'><strong>Ecclesia</strong></span> <span class='ocrx_word' id='word_1_810' title='bbox 1275 5561 1327 5614; x_wconf 91' lang='lat' dir='ltr'><strong>in</strong></span> <span class='ocrx_word' id='word_1_811' title='bbox 1384 5559 1617 5614; x_wconf 90' lang='lat' dir='ltr'><strong>Historia</strong></span> <span class='ocrx_word' id='word_1_812' title='bbox 1675 5559 1908 5628; x_wconf 85' lang='lat' dir='ltr'><strong>chrono-</strong></span> 
     </span>
    </p>
   </div>
   <div class='ocr_carea' id='block_1_112' title="bbox 330 5625 1907 5700">
    <p class='ocr_par' dir='ltr' id='par_1_112' title="bbox 330 5625 1907 5700">
     <span class='ocr_line' id='line_1_112' title="bbox 330 5625 1907 5700; baseline 0.001 -20"><span class='ocrx_word' id='word_1_813' title='bbox 330 5625 507 5696; x_wconf 81' lang='lat' dir='ltr'><strong>logica</strong></span> <span class='ocrx_word' id='word_1_814' title='bbox 540 5625 952 5684; x_wconf 63' lang='lat' dir='ltr'><strong>Pc&#39;demoutaua:</strong></span> <span class='ocrx_word' id='word_1_815' title='bbox 998 5630 1228 5699; x_wconf 68' lang='lat' dir='ltr'><strong>regionis</strong></span> <span class='ocrx_word' id='word_1_816' title='bbox 1251 5646 1302 5700; x_wconf 91' lang='lat' dir='ltr'><strong>p.</strong></span> <span class='ocrx_word' id='word_1_817' title='bbox 1325 5629 1425 5686; x_wconf 64' lang='lat'><strong>957</strong></span> <span class='ocrx_word' id='word_1_818' title='bbox 1453 5639 1508 5686; x_wconf 91' lang='lat' dir='ltr'><strong>et</strong></span> <span class='ocrx_word' id='word_1_819' title='bbox 1533 5627 1907 5699; x_wconf 87' lang='lat' dir='ltr'><strong>sequentibus.</strong></span> 
     </span>
    </p>
   </div>
   <div class='ocr_carea' id='block_1_113' title="bbox 2075 5267 3592 5362">
    <p class='ocr_par' dir='ltr' id='par_1_113' title="bbox 2075 5267 3592 5362">
     <span class='ocr_line' id='line_1_113' title="bbox 2075 5267 3592 5362; baseline -0.008 -28"><span class='ocrx_word' id='word_1_820' title='bbox 2075 5279 2190 5362; x_wconf 57' lang='lat'><strong>(29)</strong></span> <span class='ocrx_word' id='word_1_821' title='bbox 2204 5278 2626 5362; x_wconf 62' lang='lat' dir='ltr'><strong>Celeberrimum</strong></span> <span class='ocrx_word' id='word_1_822' title='bbox 2655 5277 2937 5362; x_wconf 35' lang='lat' dir='ltr'><strong>illud‘tunc</strong></span> <span class='ocrx_word' id='word_1_823' title='bbox 2956 5283 3083 5362; x_wconf 78' lang='lat' dir='ltr'><strong>erat</strong></span> <span class='ocrx_word' id='word_1_824' title='bbox 3092 5271 3398 5362; x_wconf 32' lang='lat' dir='ltr'><strong>emnob‘ium</strong></span> <span class='ocrx_word' id='word_1_825' title='bbox 3410 5267 3592 5362; x_wconf 44' lang='lat' dir='ltr'><strong>IS:</strong></span> 
     </span>
    </p>
   </div>
   <div class='ocr_carea' id='block_1_114' title="bbox 2012 5342 3588 5421">
    <p class='ocr_par' dir='ltr' id='par_1_114' title="bbox 2012 5342 3588 5421">
     <span class='ocr_line' id='line_1_114' title="bbox 2012 5342 3588 5421; baseline -0.006 -18"><span class='ocrx_word' id='word_1_826' title='bbox 2012 5342 2238 5421; x_wconf 81' lang='lat' dir='ltr'><strong>chaelis,</strong></span> <span class='ocrx_word' id='word_1_827' title='bbox 2260 5365 2364 5421; x_wconf 68' lang='lat' dir='ltr'><strong>an.</strong></span> <span class='ocrx_word' id='word_1_828' title='bbox 2391 5347 2496 5402; x_wconf 82' lang='lat'><strong>966</strong></span> <span class='ocrx_word' id='word_1_829' title='bbox 2523 5356 2921 5421; x_wconf 73' lang='lat' dir='ltr'><strong>consecratum,</strong></span> <span class='ocrx_word' id='word_1_830' title='bbox 2955 5346 3038 5421; x_wconf 81' lang='lat' dir='ltr'><strong>cui</strong></span> <span class='ocrx_word' id='word_1_831' title='bbox 3071 5345 3252 5421; x_wconf 42' lang='grc' dir='ltr'><strong>ντι-ιςίειξ⁸</strong></span> <span class='ocrx_word' id='word_1_832' title='bbox 3272 5350 3428 5395; x_wconf 90' lang='lat' dir='ltr'><strong>erant</strong></span> <span class='ocrx_word' id='word_1_833' title='bbox 3457 5342 3588 5394; x_wconf 89' lang='lat' dir='ltr'><strong>sub-</strong></span> 
     </span>
    </p>
   </div>
   <div class='ocr_carea' id='block_1_115' title="bbox 2007 5413 3592 5492">
    <p class='ocr_par' dir='ltr' id='par_1_115' title="bbox 2007 5413 3592 5492">
     <span class='ocr_line' id='line_1_115' title="bbox 2007 5413 3592 5492; baseline -0.007 -19"><span class='ocrx_word' id='word_1_834' title='bbox 2007 5421 2166 5490; x_wconf 71' lang='lat' dir='ltr'><strong>jecta:</strong></span> <span class='ocrx_word' id='word_1_835' title='bbox 2187 5419 2416 5492; x_wconf 67' lang='lat' dir='ltr'><strong>abbatia:</strong></span> <span class='ocrx_word' id='word_1_836' title='bbox 2457 5435 2470 5492; x_wconf 69' lang='grc' dir='ltr'><strong><em>ς</em></strong></span> <span class='ocrx_word' id='word_1_837' title='bbox 2503 5434 2647 5473; x_wconf 90' lang='lat' dir='ltr'><strong>nunc</strong></span> <span class='ocrx_word' id='word_1_838' title='bbox 2686 5428 2768 5492; x_wconf 77' lang='lat' dir='ltr'><strong>est</strong></span> <span class='ocrx_word' id='word_1_839' title='bbox 2799 5416 3050 5492; x_wconf 72' lang='lat' dir='ltr'><strong>ecclesia&#39;</strong></span> <span class='ocrx_word' id='word_1_840' title='bbox 3066 5413 3343 5492; x_wconf 75' lang='lat' dir='ltr'><strong>collegiata</strong></span> <span class='ocrx_word' id='word_1_841' title='bbox 3370 5425 3592 5492; x_wconf 62' lang='lat' dir='ltr'><strong>canoni-</strong></span> 
     </span>
    </p>
   </div>
   <div class='ocr_carea' id='block_1_116' title="bbox 2017 5482 3591 5557">
    <p class='ocr_par' dir='ltr' id='par_1_116' title="bbox 2017 5482 3591 5557">
     <span class='ocr_line' id='line_1_116' title="bbox 2017 5482 3591 5557; baseline -0.004 -14"><span class='ocrx_word' id='word_1_842' title='bbox 2017 5482 2203 5545; x_wconf 75' lang='lat' dir='ltr'><strong>corum</strong></span> <span class='ocrx_word' id='word_1_843' title='bbox 2227 5487 2591 5557; x_wconf 71' lang='lat' dir='ltr'><strong>saecularium,</strong></span> <span class='ocrx_word' id='word_1_844' title='bbox 2623 5488 2699 5545; x_wconf 91' lang='lat' dir='ltr'><strong>uti</strong></span> <span class='ocrx_word' id='word_1_845' title='bbox 2726 5487 2922 5557; x_wconf 85' lang='lat' dir='ltr'><strong>legitur</strong></span> <span class='ocrx_word' id='word_1_846' title='bbox 2954 5487 3005 5542; x_wconf 91' lang='lat' dir='ltr'><strong>in</strong></span> <span class='ocrx_word' id='word_1_847' title='bbox 3035 5482 3591 5552; x_wconf 28' lang='lat' dir='ltr'><strong>citatarchrontiIOgia</strong></span> 
     </span>
    </p>
   </div>
   <div class='ocr_carea' id='block_1_117' title="bbox 2017 5559 2454 5630">
    <p class='ocr_par' dir='ltr' id='par_1_117' title="bbox 2017 5559 2454 5630">
     <span class='ocr_line' id='line_1_117' title="bbox 2017 5559 2454 5630; baseline 0 -16"><span class='ocrx_word' id='word_1_848' title='bbox 2017 5575 2072 5630; x_wconf 89' lang='lat' dir='ltr'><strong>p.</strong></span> <span class='ocrx_word' id='word_1_849' title='bbox 2095 5559 2198 5618; x_wconf 74' lang='lat'><strong>209</strong></span> <span class='ocrx_word' id='word_1_850' title='bbox 2224 5569 2278 5615; x_wconf 91' lang='lat' dir='ltr'><strong>et</strong></span> <span class='ocrx_word' id='word_1_851' title='bbox 2301 5573 2454 5629; x_wconf 83' lang='lat' dir='ltr'><strong>seqq.</strong></span> 
     </span>
    </p>
   </div>
  </div>
