3882 6054
306 262 375 317 9)
1366 249 1427 306 S.
1469 246 1769 305 ANSELMI
1797 243 2147 301 CANTUAIL
2179 241 2478 299 ARClllEP

3480 242 3589 299 100

288 371 586 435 Michaelis
631 367 960 440 archangeli,
1010 366 1154 437 quod
1191 367 1245 422 in
1292 372 1480 421 monte
1530 365 1694 419 situm
1732 360 1892 432 Clusa
1921 357 2255 419 Aeduxit'in
2299 371 2453 412 suam
2481 354 2664 412 villam
2706 353 3018 410 Schlaviam
3075 356 3319 422 nomine,
3376 371 3499 426 qua:
3526 361 3581 414 in

308 471 560 529 vocatur,
588 460 859 532 passionis
902 473 971 514 ac
997 456 1414 513 resurrectionis
1457 455 1761 515 Dominicis
1805 468 1895 509 so-

309 554 553 622 lemniis,
609 552 795 607 initer
818 549 1026 605 reversi
1082 550 1313 603 Romam
1365 548 1767 604 festinavimus.
1799 545 1896 602 Mi-

310 658 436 698 rum
462 642 612 698 dictu
659 655 674 696 :
709 642 869 711 pauci
903 648 1066 710 alque
1108 638 1280 710 ignoti
1332 651 1430 708 per
1458 637 1575 693 loca
1606 637 1895 708 peregrina

313 734 553 799 ibamus,
580 732 857 788 neminem
880 739 1267 802 agnoscentes,
1296 728 1497 784 nemini
1524 729 1616 797 qui
1640 727 1725 783 vel
1753 728 1898 783 unde

311 835 563 878 essemus
630 821 1061 885 innotescentes,
1139 827 1196 874 et
1271 832 1399 874 ecce
1460 817 1611 873 solus
1655 815 1897 873 Ausetani

318 923 576 983 aspectus
610 912 670 967 in
718 911 1133 966 admirationem
1188 910 1272 965 sui
1322 908 1553 980 populos
1599 908 1898 974 excitabat,

312 1021 550 1076 eumque
567 1021 688 1062 esse
716 1006 891 1059 virum
923 1004 1047 1058 vitae
1095 1002 1437 1071 designabat.
1465 1001 1619 1058 Unde
1639 1014 1768 1056 cum
1786 999 1899 1068 jam

318 1099 583 1169 hospitati
608 1097 774 1153 etiam
799 1097 948 1150 inter
970 1110 1091 1157 eos.
1141 1107 1373 1165 quorum
1424 1093 1651 1150 insidias
1694 1103 1902 1149 metue-

318 1191 535 1257 bamus,
573 1187 887 1251 fuissemus,
942 1200 1328 1256 nonnunquam
1375 1186 1480 1241 vlri
1523 1201 1649 1241 cum
1707 1184 1899 1241 mulie-

318 1282 471 1338 ribus
494 1280 791 1350 hospitium
842 1279 1051 1335 intrare
1103 1276 1225 1351 [al.,
1253 1276 1572 1350 intravere],
1610 1286 1757 1332 etut
1804 1277 1905 1333 ho-

322 1376 525 1432 minem
583 1374 772 1430 videre
821 1373 1049 1444 ejusque
1118 1380 1461 1428 mererentur
1520 1370 1906 1428 benedictione

319 1471 482 1543 potiri
510 1469 711 1525 obnixe
733 1467 1101 1539 precabantur
1125 1465 1248 1540 [al.,
1268 1463 1531 1539 precari].

391 1563 484 1618 42.
506 1561 626 1618 Tali
653 1576 784 1630 ergo
811 1559 954 1631 vulgi
986 1560 1175 1615 favore
1228 1559 1458 1616 Romani
1502 1573 1678 1629 usque
1717 1572 1908 1630 prose-

323 1664 507 1718 cutus,
543 1650 989 1718 Lateranis,.ubi
1018 1659 1148 1706 tunc
1183 1650 1443 1720 temporis
1482 1664 1730 1706 summus
1774 1664 1910 1720 pon-

1996 445 2200 501 montis
2232 445 2439 501 vertice
2462 446 2566 502 sita
2600 460 2741 501 sano
2778 443 2983 517 iugiter
2999 460 3128 501 aere
3142 455 3309 516 atque
3358 449 3588 517 tepenti,

1994 540 2450 597 conversantibus
2472 540 2586 596 illic
2612 539 2809 596 habilis
2838 546 3043 611 essent.
3090 540 3266 610 Igitur
3319 542 3591 600 habitatio

1995 643 2192 686 nostra
2221 630 2276 685 in
2305 631 2505 686 montis
2530 638 2654 686 erat
2688 629 3004 686 summitate
3065 628 3270 696 locata,
3320 646 3354 684 a
3399 634 3593 686 turba-

1999 735 2120 774 rum
2187 720 2420 774 tumultu
2494 720 2668 775 instar
2714 716 3024 775 solitudinis
3061 734 3249 775 vacua.
3283 720 3439 788 Quod
3469 723 3586 776 An.

1997 814 2210 870 selinus
2255 813 2571 878 advertens,
2600 827 2667 868 ex
2727 829 2823 884 spe
2871 813 3067 868 luxurie
3122 814 3325 883 quietis
3382 815 3594 870 exhila-

1996 916 2153 961 ratus
2166 905 2277 961 ait:
2302 904 2436 960 ch
2452 906 2659 977 requies
2680 922 2822 973 mea,
2838 908 2928 961 liic
2943 906 3192 961 habitabo
3207 905 3385 978 (Psal.
3400 924 3594 974 cum,

1997 998 2114 1070 Η).
2166 998 2249 1054 Ad
2296 998 2531 1068 [trimum
2600 998 2770 1069 igitur
2827 999 3269 1055 conversationis
3336 1001 3592 1055 ordinem

2001 1091 2187 1163 (quem
2217 1100 2508 1161 antequam
2539 1091 2708 1147 abbas
2737 1102 2883 1146 esset
2936 1091 3194 1155 habebat,
3233 1106 3508 1161 quemque
3532 1106 3597 1147 se

2002 1181 2059 1235 in
2084 1180 2400 1250 pontiﬁcatu
2432 1183 2668 1251 positum
2695 1181 2933 1236 maxime
2982 1181 3288 1252 perdidisse
3334 1180 3609 1261 deﬂebam

2004 1275 2173 1329 vitam
2201 1274 2455 1340 instituit,
2479 1274 2687 1329 sanctis
2724 1274 3004 1343 operibus,
3029 1273 3226 1327 divina:
3254 1274 3602 1344 contempla-

2004 1362 2165 1428 tioni,
2217 1362 2577 1435 mysticarum
2612 1377 2800 1417 rerum
2840 1362 3154 1417 entxlationi
3203 1363 3290 1418 die
3319 1372 3599 1433 noctuque

2008 1463 2247 1507 mentem
2298 1452 2607 1508 intendens.
2639 1451 2791 1509 Unde
2843 1452 3173 1509 Christianae
3233 1453 3356 1509 ﬁdei
3400 1470 3602 1511 arnore

2006 1554 2310 1617 permotus,
2346 1544 2564 1617 insigne
2600 1546 2854 1602 volumen
2904 1546 3097 1612 edidit,
3144 1550 3292 1615 quod
3316 1545 3425 1601 Cur
3451 1546 3601 1602 Deus

2009 1636 2164 1690 homo
2211 1635 2468 1690 titulavit.
2534 1636 2688 1703 Quod
2730 1652 2870 1708 opus
2927 1637 3071 1692 sicut
3120 1637 3172 1691 in
3199 1637 3424 1708 prologo
3479 1637 3602 1708 ejus

326 1745 456 1801 tifex
490 1743 828 1809 morabatur,
877 1741 1117 1798 advenit.
1176 1740 1470 1797 Nuntiatur
1510 1741 1754 1812 pontilici
1801 1741 1908 1796 Pa-

2012 1726 2126 1796 ipse
2175 1735 2411 1781 testatur
2442 1724 2496 1779 in
2523 1725 2717 1797 Anglia
2768 1726 2958 1796 coepit,
2993 1727 3086 1781 sed
3118 1727 3212 1781 hic
3264 1728 3318 1781 in
3340 1726 3602 1797 Capuana

278 1890 291 1909 ο
327 1835 430 1890 uis
478 1833 766 1897 amemus,
788 1840 845 1887 ει
880 1847 1049 1887 ovans
1075 1831 1230 1902 jubet
1260 1831 1410 1887 illum
1440 1833 1494 1888 ίη
1533 1842 1693 1903 ρει-ιο
1737 1833 1910 1904 ἱρείας
2012 1817 2262 1872 videlicet
2286 1817 2567 1887 provincia
2619 1818 2952 1909 constitutus
2980 1818 3232 1874 absolvit.
3283 1818 3433 1874 Inter
3482 1823 3604 1876 hinc

325 1926 410 1980 sui
464 1924 650 1996 palatii
700 1923 987 1995 hospitari,
1026 1932 1086 1979 et
1113 1924 1202 1979 die
1249 1922 1345 1979 illo
1389 1925 1674 1996 indulgere
1716 1925 1908 1997 quieti.
2012 1909 2345 1964 ouwiasese
2384 1909 2643 1965 omnibus
2671 1907 2821 1972 fecit.
2853 1920 3053 1964 cuncta
3078 1925 3178 1980 βω
3204 1925 3361 1982 posse
3393 1911 3602 1967 subve-

323 2016 484 2072 Mane
531 2014 752 2071 conﬂuit
772 2019 848 2071 ad
902 2032 1096 2086 papam
1147 2015 1393 2072 Romana
1449 2018 1728 2086 nobilitas,
1762 2018 1909 2077 etde

2012 2003 2174 2057 nisus
2204 2016 2219 2067 ;
2257 2011 2486 2058 cunctos
2517 2003 2609 2072 qui
2638 2016 2702 2058 se
2727 2002 2926 2058 audire
2950 2002 3232 2069 volebant,
3286 2020 3394 2059 non
3418 2006 3605 2060 cousi-

323 2108 450 2165 novi
479 2106 712 2178 hospitis
739 2108 977 2163 adventu
1002 2123 1186 2164 sermo
1231 2109 1563 2165 conseritur.
1603 2109 1903 2167 Adducitur

2012 2094 2202 2149 derata
2226 2094 2459 2165 alicujus
2484 2110 2737 2165 persona,
2761 2095 2829 2149 ad
2856 2109 3012 2150 suum
3042 2094 3372 2166 colloquium
3398 2097 3603 2152 admit-

322 2214 447 2255 cum
490 2200 795 2255 reverentia
836 2200 922 2275 vir
983 2199 1036 2253 in
1091 2200 1352 2267 medium,
1410 2209 1466 2255 et
1496 2201 1550 2256 in
1578 2214 1688 2271 qua
1717 2216 1910 2257 coram

312 2302 462 2364 ‘papa
493 2292 753 2347 decenter
779 2293 985 2358 sedeat,
1015 2290 1146 2347 sella
1167 2290 1469 2362 profertur.
1497 2291 1779 2362 ingressus
1806 2292 1908 2346 lm-

336 2381 512 2437 miliat
540 2396 602 2437 se
632 2395 733 2451 pro
751 2395 908 2436 more
957 2379 1024 2435 ad
1060 2380 1235 2451 pedes
1261 2381 1460 2436 summi
1492 2381 1787 2451 pontiﬁcis,
1816 2381 1913 2436 sed

324 2473 506 2528 statim
548 2474 617 2529 ab
673 2471 793 2542 ipso
840 2471 1076 2542 erigitur
1120 2472 1186 2525 ad
1236 2470 1482 2526 osculum
1531 2471 1666 2542 ejus.
1724 2470 1910 2536 Sedet,

325 2580 393 2622 ac
412 2581 512 2636 pro
539 2565 781 2620 adventu
809 2563 958 2619 illius
1008 2563 1179 2618 laetari
1212 2579 1271 2620 se
1304 2562 1639 2635 apostolicus
1661 2579 1783 2619 cum
1805 2562 1912 2619 llo-

327 2671 488 2710 mana
534 2655 689 2710 curia
717 2654 875 2722 dicit,
930 2653 1197 2709 acclamat
1274 2655 1426 2711 curia
1496 2656 1662 2711 dicto.
1718 2656 1914 2712 Postea

327 2744 547 2801 silentio
594 2741 761 2810 facto,
794 2742 962 2799 multa
997 2745 1048 2798 in
1074 2744 1293 2801 laudem
1323 2744 1562 2801 hominis
1586 2759 1729 2816 papa
1759 2745 1913 2802 loeu-

329 2843 420 2889 tus
449 2841 556 2899 est,
612 2835 791 2888 virum
844 2833 996 2887 illum
1034 2833 1256 2889 virtutis
1305 2849 1369 2890 ac
1423 2834 1590 2890 totius
1636 2834 1914 2906 religionis

333 2939 457 2981 esse
505 2928 841 2980 contestans.
882 2923 951 2979 Et
984 2924 1237 2995 quidem,
1293 2924 1486 2994 inquit,
1510 2925 1583 2979 ita
1618 2934 1719 2980 est.
1744 2925 1915 2980 Cunt-

330 3035 439 3092 que
467 3020 638 3087 illum,
677 3028 861 3091 utpote
892 3019 1168 3075 hominem
1224 3020 1437 3077 cunctis
1490 3019 1796 3075 liberalium
1818 3034 1912 3074 ar-

328 3112 468 3167 tium
519 3107 824 3180 disciplinis
878 3110 1208 3166 innutritum
1268 3124 1372 3181 pro
1421 3111 1681 3181 magistro
1722 3120 1914 3165 tenea-

326 3216 473 3270 mus,
499 3210 556 3257 ει
595 3200 751 3273 quasi
808 3215 1118 3272 comparem
1166 3200 1250 3258 vel
1274 3211 1333 3257 ut
1354 3202 1585 3258 alterius
1608 3202 1758 3259 orbis
1774 3216 1912 3272 apo-

329 3294 604 3361 stolicum,
633 3300 689 3348 et
721 3292 1092 3364 patriarcham
1117 3292 1241 3363 jure
1266 3295 1640 3350 venerandum
1685 3309 1913 3351 censea—

333 3399 502 3451 mus;
538 3383 612 3439 ita
642 3392 826 3438 tamen
875 3381 1146 3438 excellens
1199 3384 1367 3439 menti
1422 3381 1543 3451 ejus
1590 3383 1916 3440 humilitatis

327 3473 638 3531 constantia
680 3471 962 3544 prasidet,
990 3482 1050 3526 ut
1075 3487 1181 3529 nec
1236 3473 1465 3527 marinis
1506 3472 1786 3543 periculis,
1813 3487 1916 3529 nec

329 3565 664 3638 longissimis
701 3564 1004 3635 peregrina:
1052 3574 1220 3620 terra:
1256 3565 1454 3634 spatiis
1507 3566 1917 3636 terreripotue-

328 3660 425 3725 rit,
451 3658 582 3728 quin
611 3656 857 3729 vestigiis
903 3655 1050 3712 beati
1097 3655 1244 3712 Petri
1264 3671 1367 3728 pro
1403 3669 1603 3713 nostra:
1632 3658 1916 3728 parvitatis

330 3749 638 3806 ministerio
661 3763 720 3803 se
749 3756 1101 3819 praesentare,
1127 3761 1335 3818 nosque
1375 3748 1548 3819 magis
1574 3748 1718 3804 illius
1741 3764 1904 3819 quam

331 3841 487 3898 illum
528 3848 719 3897 nostro
771 3849 1023 3912 egentem
1062 3839 1318 3905 consilio,
1361 3855 1525 3910 super
1569 3840 1755 3897 causis
1801 3841 1916 3898 suis

338 3930 884 3991 consulendos‘adire
934 3931 1229 3988 studuerit.
1283 3933 1625 4005 Quapropter
1667 3933 1915 3990 conside-

330 4035 452 4081 rate
492 4037 601 4095 quo
655 4036 862 4091 amore,
913 4036 1020 4092 quo
1072 4023 1281 4078 honore
1335 4023 1714 4094 suscipiendus
1759 4025 1833 4080 sit
1861 4034 1916 4081 et

322 4114 761 4184 amplectendns.
800 4110 927 4167 Haec
952 4128 1074 4167 cum
1130 4109 1417 4168 Anselmus
1455 4114 1521 4168 de
1547 4128 1626 4179 se,
1659 4123 1713 4169 et
1740 4115 1914 4172 multo

326 4206 422 4262 .his
449 4205 602 4276 plura
631 4217 733 4273 pro
750 4202 836 4258 sui
867 4201 1025 4257 laude
1050 4202 1157 4257 dici
1207 4202 1438 4270 audiret,
1492 4205 1634 4260 sicut
1686 4207 1918 4276 ipsemet

2010 2195 2159 2255 lens,
2210 2197 2270 2243 et
2315 2188 2544 2258 singulis
2600 2202 2700 2258 pro
2743 2188 3010 2258 qualitate
3067 2196 3231 2244 motio
3281 2190 3605 2256 quastionis

2012 2278 2246 2350 benigna
2282 2278 2600 2334 aﬂ‘abilitate
2617 2287 2781 2348 atque
2802 2277 3001 2334 aﬂ'abili
3053 2279 3391 2350 benignitate
3425 2281 3603 2337 satis-

2013 2369 2240 2425 faciens.
2278 2370 2629 2441 Quapropter
2649 2369 2805 2425 fama
2847 2371 2990 2427 illius
3042 2370 3097 2426 in
3144 2370 3299 2428 brevi
3348 2373 3602 2428 circum-

2013 2463 2158 2517 circa
2187 2461 2519 2533 percrebuit,
2549 2469 2610 2518 et
2637 2462 2692 2517 in
2718 2463 3071 2520 dilectionem
3100 2474 3269 2534 atque
3288 2465 3605 2520 veneratio-

2013 2569 2139 2610 nem
2167 2553 2284 2623 ejus
2332 2561 2657 2610 cuuctorum
2696 2554 2866 2609 corda
2922 2557 3220 2613 convertit.
3274 2555 3606 2627 Quicunque

2014 2644 2180 2714 igitur
2228 2657 2354 2698 eum
2408 2643 2621 2712 videre,
2668 2643 2898 2715 ejusque
2936 2644 3119 2715 potuit
3164 2645 3604 2702 benedictionem

2016 2732 2247 2798 habere,
2277 2732 2500 2789 beatum
2528 2748 2591 2790 se
2612 2734 2821 2806 proprii
2852 2748 3092 2790 censura
3133 2734 3331 2806 indicii
3354 2737 3605 2793 aestima-

2010 2825 2113 2879 vit.

2084 2919 2176 2976 ιι.
2207 2919 2507 2977 Monachus
2527 2921 2693 2976 etiam
2719 2921 2813 2992 qui
2847 2920 2987 2977 villa:
3034 2922 3206 2993 ipsius
3254 2937 3355 2992 pro
3380 2923 3606 2980 abbatis

2019 3011 2250 3080 imperio
2290 3020 2475 3068 custos
2510 3021 2651 3077 erat,
2678 3013 2883 3083 quique
2909 3013 3067 3069 nobis
3096 3028 3249 3068 more
3272 3013 3398 3069 boni
3425 3014 3600 3084 hospi-

2016 3103 2087 3158 tis
2112 3102 2166 3157 in
2198 3104 2475 3159 nonnullis
2517 3103 2890 3171 ministrabat,
2947 3106 3303 3162 considerans
3346 3106 3515 3161 vitam
3544 3117 3608 3162 et

2016 3203 2175 3249 actus
2194 3192 2396 3261 Patris,
2431 3194 2684 3266 concepit
2710 3196 2851 3266 apud
2898 3210 2962 3252 se
2989 3209 3142 3267 spem
3187 3196 3316 3252 boni
3343 3197 3526 3269 magni
3546 3209 3609 3253 et

2016 3281 2248 3352 gratiam
2293 3282 2389 3341 Dei
2430 3284 2587 3340 ineo
2627 3285 2835 3356 vigere,
2880 3285 3226 3357 crediditque
3270 3287 3417 3357 quod
3459 3288 3608 3344 Deus

2021 3370 2190 3427 multa
2235 3373 2412 3430 libens
2438 3374 2646 3430 faceret
2683 3377 2754 3431 ob
2807 3377 3002 3432 merita
3024 3375 3164 3450 ejus.
3215 3377 3475 3435 Homines
3506 3390 3609 3434 au-

2015 3472 2128 3518 tem
2177 3463 2320 3521 villis
2368 3465 2573 3522 multas
2621 3467 3103 3526 incommoditates
3135 3469 3378 3541 quotidie
3422 3472 3607 3541 patie-

2017 3552 2339 3626 banturpro
2368 3558 2594 3629 penuria
2641 3572 2834 3629 aqtne;
2868 3558 2922 3614 in
2961 3560 3166 3616 devexo
3197 3568 3383 3616 tamen
3429 3561 3613 3620 htere

2018 3649 2219 3703 montis
2246 3658 2445 3719 puteus
2463 3664 2608 3705 unus
2639 3650 2823 3705 nimiae
2842 3649 3233 3720 profunditatis
3258 3652 3560 3708 habebatur
3586 3695 3606 3719 ,

2015 3741 2112 3798 sed
2159 3739 2235 3795 ita
2261 3738 2496 3811 singulis
2542 3740 2736 3797 diebus
2778 3740 3232 3809 exhauriebatur,
3280 3750 3342 3797 ut
3371 3744 3440 3798 ab
3465 3743 3608 3799 hora

2014 3832 2123 3888 diei
2172 3847 2315 3888 nona
2366 3831 2513 3887 nulla
2555 3845 2682 3903 quae
2735 3831 2953 3887 extrahi
3005 3842 3194 3902 posset
3230 3834 3283 3888 in
3334 3835 3430 3889 illo
3456 3850 3604 3907 aqua

2021 3939 2192 3992 usque
2216 3938 2374 3978 mane
2406 3923 2760 3993 reperiretur.
2788 3922 2906 3990 Quo
2949 3924 3294 3979 incommodo
3313 3924 3488 3979 frater
3512 3925 3609 3981 ille

2019 4014 2346 4070 subventum
2372 4014 2441 4069 iri
2480 4014 2824 4081 desiderans,
2883 4029 3002 4069 rem
3059 4014 3320 4072 Anselmo
3368 4031 3610 4087 conque-

2017 4107 2188 4162 rentis
2218 4120 2367 4160 urere
2412 4106 2666 4172 innotuit,
2699 4117 2755 4161 et
2776 4120 2888 4162 suto
2934 4106 3201 4162 voluntati
3246 4108 3427 4163 inesse
3455 4110 3600 4165 sub-

2013 4199 2196 4270 junxit
2221 4208 2445 4270 puteum
2474 4200 2528 4255 in
2557 4201 2679 4270 ipso
2704 4217 2814 4274 quo
2842 4201 3225 4260 habitabamus
3253 4203 3374 4260 loco
3395 4205 3604 4272 facere,

326 4270 477 4366 smpe
509 4270 665 4350 fateri
692 4292 923 4358 solebat,
975 4306 1080 4347 non
1134 4308 1327 4363 parum
1354 4296 1595 4364 erubuit,
1661 4270 1916 4367 quoniam
2018 4291 2064 4345 Si
2093 4289 2232 4345 forte
2253 4291 2395 4346 0008
2419 4305 2518 4346 sua
2552 4270 2763 4362 pietate
2783 4296 3108 4367 dignaretur
3152 4296 3255 4351 hoc
3301 4270 3609 4349 incumino-
3640 4270 3650 4312 θ

324 4403 393 4443 se
421 4386 585 4442 talem
624 4385 765 4455 apud
797 4397 879 4449 se,
919 4382 1097 4453 qualis
1132 4398 1170 4438 a
1214 4393 1370 4441 tanto
1412 4384 1530 4443 viro
1579 4390 1918 4456 praedicaba-
1950 4410 1995 4466 ῃ
2019 4382 2148 4436 dum
2186 4380 2528 4452 propulsare.
2567 4381 2777 4440 Laudat
2812 4386 3105 4444 Anselmus
3124 4388 3272 4458 piam
3301 4384 3488 4441 fratris
3510 4400 3608 4441 νο-
3644 4444 3647 4447 _

327 4489 445 4546 tur,
499 4478 724 4533 minime
778 4475 1051 4547 cognovit.
1135 4475 1520 4533 Verumtamen
1568 4490 1690 4535 erat
1772 4480 1914 4537 inter
2020 4479 2306 4545 lim-tatem,
2348 4487 2408 4534 et
2455 4493 2569 4535 rem
2607 4488 2821 4536 tentate
2860 4483 3071 4538 suadet.
3120 4480 3363 4537 Laetatur
3416 4479 3509 4536 ille
3533 4482 3607 4535 ad

333 4572 496 4627 verba
532 4579 742 4635 tacens,
797 4567 1079 4623 decentius
1126 4567 1242 4623 fore
1290 4570 1635 4639 perpendens
1686 4573 1751 4626 ad
1799 4573 1916 4644 ejus
2020 4572 2156 4634 haec.
2200 4580 2256 4627 et
2288 4581 2443 4643 rogat
2487 4580 2758 4642 quatenus
2792 4574 2910 4644 ipse
2970 4573 3150 4630 locum
3215 4572 3496 4644 inspiciat,
3538 4584 3610 4627 ac

332 4661 481 4719 modi
509 4660 671 4717 silere
721 4675 887 4731 quam
936 4657 1104 4728 loqui.
1136 4658 1407 4717 Posthac
1425 4662 1495 4718 de
1520 4664 1604 4719 sui
1642 4665 1915 4721 adventus
2017 4665 2296 4735 praemissa
2324 4676 2487 4734 prece
2528 4678 2656 4717 cum
2699 4664 3074 4722 benedictione
3113 4680 3210 4722 sua
3254 4666 3467 4736 primus
3494 4673 3616 4721 ter-

327 4766 496 4809 causa
525 4761 909 4824 percunctatus
941 4766 975 4806 'a
1002 4765 1165 4821 papa,
1189 4767 1262 4809 eo
1308 4754 1417 4811 sibi
1473 4757 1632 4812 modo
1660 4758 1905 4813 narravit

329 4858 475 4912 eam,
518 4858 626 4914 quo
666 4843 912 4899 veritatis
959 4859 1022 4901 ac
1065 4846 1412 4903 discretionis
1459 4849 1600 4905 ratio
1640 4849 1909 4920 poposcit.

330 4936 425 4993 ille
474 4936 543 4991 ad
591 4935 775 4990 audita
823 4934 1073 5002 miratur,
1116 4947 1172 4993 et
1224 4938 1646 4996 subventionem
1691 4942 1911 5012 plenam

327 5027 639 5100 pollicetur.
692 5024 963 5096 Prieccpit
1013 5026 1194 5097 itaque
1232 5037 1294 5082 ut
1335 5030 1706 5086 subventionis
1744 5029 1914 5102 ipsius

330 5120 584 5175 etl’ectum
611 5119 756 5174 circa
779 5132 841 5173 se
869 5118 1160 5174 Anselmus
1186 5120 1613 5188 pmstolaretur.

400 5208 492 5263 45.
526 5207 725 5264 Verum
773 5207 902 5277 quia
959 5208 1110 5264 calor
1159 5209 1368 5263 azstatis
1416 5208 1469 5263 in
1514 5209 1757 5279 partibus
1809 5211 1914 5267 illis

326 5312 524 5356 cuncta
550 5302 764 5366 urebat,
793 5311 847 5358 et
868 5301 1131 5357 habitatio
1157 5302 1307 5359 urbis
1331 5302 1556 5359 nimium
1592 5305 1911 5376 insalubris,

328 5392 429 5448 sed
451 5394 721 5463 principue
756 5395 1063 5467 peregrinis
1120 5393 1437 5469 hominibus
1495 5407 1639 5468 erat,
1672 5398 1910 5457 Joannes

334 5483 553 5552 quidam
581 5486 821 5551 nomine,
848 5487 981 5542 olim
1014 5487 1312 5544 monachus
1339 5488 1525 5557 Becci,
1553 5500 1682 5549 tunc
1726 5503 1911 5549 autem

335 5571 503 5628 abbas
525 5577 756 5630 coenobii
791 5575 978 5635 Sancti
1003 5579 1303 5636 Salvatoris
1349 5581 1602 5649 'l‘elesim,
1636 5597 1911 5643 annuente

335 5679 474 5735 papa
520 5666 759 5736 suscepit
800 5682 924 5722 cum
962 5679 1021 5724 ut
1069 5672 1345 5741 proprium
1394 5682 1603 5743 patrem
1632 5674 1686 5731 in
1711 5690 1831 5745 sua,
1858 5689 1910 5733 ct

2019 4772 2134 4810 ram
2189 4756 2417 4827 aperiat.
2473 4754 2787 4822 Acquiescit
2842 4756 2933 4812 ille
2991 4756 3260 4829 precanti,
3300 4767 3362 4812 et
3406 4753 3605 4810 nolens

2017 4848 2288 4907 ollendcre
2335 4853 2667 4910 voluntatem
2734 4849 2965 4922 hospitis
3012 4850 3118 4905 sui.
3166 4848 3305 4916 Quid
3376 4847 3605 4903 dicam?

2014 4942 2358 4997 Ccrnebatur
2400 4944 2552 4998 mira:
2602 4941 2943 4999 celsitudinis
2992 4955 3177 5010 rupes,
3222 4950 3281 4996 et
3316 4938 3474 5008 quasi
3499 4938 3601 4993 de-

2017 5036 2221 5092 utentia
2260 5037 2551 5092 videbatur
2603 5038 2658 5092 in
2725 5035 2818 5091 tali
2864 5037 2983 5092 loco
3028 5033 3165 5089 velle
3211 5032 3414 5088 fontem
3445 5045 3603 5100 aqua:

2017 5128 2364 5199 investigare.
2397 5128 2559 5184 Vadit
2580 5135 2760 5182 tamen
2788 5126 3079 5183 Auselmus
3120 5124 3278 5180 nobis
3306 5122 3603 5179 comitatus

2015 5220 2084 5275 ad
2118 5220 2317 5287 locum,
2340 5230 2395 5276 et
2445 5221 2674 5292 supplici
2709 5235 2873 5292 prece
2921 5220 3222 5291 praemissa,
3272 5219 3373 5273 hoc
3403 5226 3507 5284 est,
3540 5225 3604 5271 ut

2014 5311 2406 5366 abundantiam
2453 5309 2602 5383 jugis
2629 5320 2795 5383 atque
2822 5310 3056 5366 salubris
3082 5325 3237 5380 aqua:
3264 5307 3409 5364 Deus
3462 5306 3601 5362 inibi

2013 5403 2328 5475 largiretur,
2373 5406 2534 5461 tertio
2584 5400 2789 5461 feriens
2839 5413 3043 5459 terram
3083 5403 3325 5475 aperuit,
3365 5410 3423 5459 et
3470 5401 3602 5458 reli-

2015 5511 2123 5567 quo
2144 5496 2291 5567 operi
2319 5497 2439 5554 dari
2469 5512 2691 5570 operam
2729 5496 2920 5567 jussit.
2952 5497 3220 5568 Perpauei
3267 5497 3388 5552 dies
3430 5494 3604 5565 erepti

2014 5589 2195 5659 operis
2219 5591 2571 5659 transierant,
2597 5602 2651 5648 et
2673 5606 2801 5648 ecce
2833 5592 2956 5648 fons
2976 5593 3136 5647 vivus
3162 5605 3194 5646 e
3223 5589 3421 5645 duritia
3444 5589 3600 5657 rupis

2015 5697 2329 5753 erumpens,
2380 5684 2587 5756 ingenti
2621 5694 2846 5741 cunctos
2895 5693 3113 5751 stupore
3161 5680 3449 5746 percussit.
3486 5678 3600 5735 Nec
