3882 6050
243 254 344 308 101

1254 252 1412 306 ἮΤΛ
1453 248 1784 305 ΑυέᾀΤΟΙῖΕ
1825 247 2176 304 ΕΔΞὶΜΕῘῖΟ.
2207 281 2278 292 -—
2315 251 2443 307 LIB.
2481 253 2540 308 ll.

3411 260 3514 315 102

241 372 442 426 mirum
477 386 494 422 :
533 383 674 438 aqua
701 367 876 430 cuitu,
929 382 1092 435 quam
1121 381 1180 420 se
1209 369 1470 436 magister
1497 371 1679 437 operis
1729 383 1831 422 nec
1857 371 1904 426 Α
1933 367 2132 420 tionem
2185 367 2420 434 u-ansiit,
2455 368 2668 422 obsidio
2721 368 2862 424 illius
2905 369 3180 426 dominum
3225 386 3420 442 papam
3456 383 3512 430 et

239 465 298 518 in
339 461 590 532 plurimis
613 461 808 514 diebus
841 469 1182 528 reperturum
1213 461 1460 528 putabat,
1489 477 1595 514 non
1623 462 1827 514 mirum

237 556 288 608 si
311 565 592 623 stuporem
621 550 916 620 incesserit
943 550 1090 602 brevi
1119 559 1360 619 reperta.
1405 550 1686 606 Perfectus
1717 552 1830 606 ita-

235 661 348 716 que
379 651 574 714 puteus
621 653 726 706 est,
783 641 1010 696 modicm
1055 642 1271 710 quidem
1315 643 1706 711 profunditatis
1739 660 1833 698 cx-

241 744 414 796 stans,
441 734 536 786 sed
567 731 968 800 limpidissima:
1013 739 1178 800 atque
1237 731 1471 787 salubris
1520 747 1674 802 aqua:
1716 733 1830 803 jugi

243 823 390 877 ﬁnite
415 821 748 876 redundans.
775 819 904 886 Qua:
927 835 1016 875 res
1037 820 1185 875 illico
1205 821 1488 892 divulgata
1513 838 1624 876 non
1650 838 1832 893 parva:

239 914 592 968 admirationi
635 913 760 978 fuit,
816 923 870 968 et
915 928 1040 968 eam
1083 914 1186 967 viri
1245 916 1456 970 meritis
1504 918 1684 972 omnis
1735 917 1832 987 qui

237 1007 452 1060 audivit
475 1005 750 1074 ascripsit.
777 1005 966 1073 itaque
991 1013 1184 1074 puteus
1217 1005 1323 1068 ille,
1359 1017 1556 1075 puteus
1589 1009 1833 1064 Cantua-

243 1097 444 1150 ricnsis
475 1096 874 1165 archiepiscopi
909 1111 1079 1165 usque
1123 1097 1282 1152 hodie
1317 1097 1388 1151 ab
1419 1099 1614 1156 incolis
1660 1103 1831 1172 ipsius

245 1199 406 1242 terra:
437 1197 688 1242 vocatur.
722 1188 925 1242 Ferunt
964 1200 1146 1244 autem
1196 1189 1268 1254 hi,
1307 1191 1403 1261 qui
1457 1193 1524 1246 ad
1569 1209 1670 1249 nos
1705 1196 1832 1253 inde

239 1294 386 1348 sa-pe
415 1289 708 1346 venerunt,
747 1281 872 1350 quia
908 1280 1058 1335 multi
1099 1282 1332 1338 diversis
1379 1283 1734 1354 languoribus
1763 1303 1828 1344 ac

239 1365 490 1426 febribus
515 1371 674 1436 ten-ti,
707 1381 920 1440 sumpta
961 1373 1012 1426 in
1043 1383 1228 1442 potum
1275 1376 1473 1430 eadem
1501 1393 1666 1447 aqua,
1717 1382 1832 1450 pri-

233 1466 400 1519 stimo
423 1465 644 1520 sanitati
673 1481 799 1518 mox
837 1467 1198 1520 restituuntur
1223 1467 1359 1538 ('50).

870 1573 1097 1630 CAPUT
1131 1577 1190 1632 V.

241 1663 508 1719 Excursio
533 1664 586 1718 in
615 1663 982 1748 Campaniam.
1035 1667 1252 1790 Ileldilus
1292 1669 1341 1724 in
1376 1669 1625 1728 Galliam.
1663 1671 1827 1730 Varia

893 1753 1094 1790 unmcu
1120 1757 1170 1790 η.

893 1753 1170 1791 nurerum.

311 1827 407 1882 45.
445 1827 540 1882 llis
590 1826 782 1882 diebus
837 1827 1104 1898 Roget-ius
1143 1829 1253 1884 dux
1297 1831 1502 1900 Apulia:
1545 1833 1823 1889 civitatem

233 1919 484 1988 Capuam
525 1920 834 1974 obsederat.
879 1919 980 1986 Qui
1011 1920 1152 1974 fama
1177 1923 1275 1976 viri
1305 1934 1582 1992 permotus
1607 1927 1828 1982 mittens

237 2011 454 2081 rogavit
479 2025 606 2066 eum
643 2011 830 2066 venire
859 2013 924 2064 ad
963 2027 1059 2066 se:
1103 2016 1470 2082 ascendimus,
1518 2017 1734 2085 ivimus,
1773 2030 1830 2074 et

235 2101 426 2168 plures
457 2101 510 2153 in
553 2100 840 2156 obsidione
886 2102 1000 2156 dies
1043 2105 1342 2173 exegimus,
1393 2109 1586 2162 remoti
1617 2111 1672 2164 in
1712 2117 1828 2166 tcu-

237 2191 400 2245 toriis
417 2206 450 2244 a
473 2189 776 2261 frequentia
799 2203 852 2247 et
873 2194 1101 2248 tumultu
1123 2199 1514 2266 perstrepentis
1531 2201 1825 2257 exercitus.

241 2283 372 2336 Enn
419 2293 598 2338 autem
629 2284 718 2338 ubi
755 2299 976 2340 eratth
1013 2288 1258 2356 quaedam
1291 2290 1577 2347 ccclesiola
1611 2295 1828 2364 penitus

239 2375 480 2441 deserta,
533 2383 589 2430 et
629 2375 786 2444 juxta
833 2376 1034 2431 ostium
1079 2379 1322 2434 cisterna
1371 2383 1602 2453 desuper
1647 2385 1828 2441 diruta

239 2489 454 2544 magna:
481 2474 866 2544 profunditatis
901 2477 1106 2532 hiatum
1135 2493 1230 2532 sua
1257 2478 1568 2548 direptione
1599 2487 1830 2548 prteten-

237 2565 399 2618 dens.
451 2565 508 2618 in
561 2580 668 2634 qua
717 2566 948 2620 ecclesia
995 2567 1140 2622 velut
1181 2568 1232 2621 in
1281 2583 1496 2622 camera
1548 2583 1644 2638 pro
1694 2568 1830 2623 velle

239 2657 730 2721 mnversabamur,
781 2665 892 2710 tam
931 2659 1094 2726 quieti
1133 2674 1295 2729 quam
1349 2660 1498 2727 operi
1541 2661 1593 2713 iu
1643 2675 1708 2714 ea
1739 2661 1827 2714 in-

241 2749 549 2818 dulgentes,
575 2759 632 2803 et
655 2750 846 2804 ducent
884 2751 1056 2820 ipsum
1083 2767 1205 2806 cum
1235 2752 1349 2807 suis
1393 2751 1677 2808 nobiscqu
1720 2753 1834 2808 siu-

241 2841 388 2910 gnlis
429 2842 618 2896 diebus
643 2843 708 2896 ad
740 2859 861 2913 qua:
899 2843 1210 2899 volebamus
1241 2846 1292 2898 in
1333 2855 1584 2915 promptu
1627 2845 1832 2900 haben-

245 2941 349 2986 tes.
393 2933 641 3000 Quadam
681 2949 809 2990 vero
857 2945 1016 2990 nocte
1057 2951 1180 2990 cum
1227 2937 1281 2991 in
1329 2952 1392 2992 ea
1443 2938 1832 3002 det-iniremus,

241 3025 478 3095 contigit
505 3026 820 3081 Auschnum
857 3029 938 3082 sui
971 3029 1220 3097 corporis
1254 3031 1578 3085 necessitate
1613 3029 1832 3085 silentio

1934 455 2251 510 Anselmum
2287 457 2499 511 vicinos
2535 457 2744 523 habuit,
2795 459 2870 514 ita
2901 469 2961 514 ut
2997 460 3198 514 familia
3238 471 3512 518 utrorum-

1933 561 2038 614 que
2093 548 2266 616 magis
2313 549 2591 602 videretur
2643 564 2748 602 una
2798 566 2962 620 quam
3011 551 3152 614 duae,
3206 568 3304 608 nec
3351 553 3509 628 facile

1934 636 2110 705 quivis
2142 637 2436 692 declinaret
2477 641 2543 692 ad
2575 655 2794 708 papam,
2829 657 2918 710 qut
2971 657 3076 696 non
3109 641 3402 700 diverteret
3442 647 3508 700 ad

1931 727 2266 782 Ansclmum.
2297 729 2440 798 Papa
2471 746 2706 800 namque
2735 731 3014 786 colebatur
3040 749 3068 787 a
3107 737 3341 804 cunctis,
3371 753 3508 806 que-

1935 819 2278 874 tnadmodum
2322 833 2474 890 pater
2517 831 2571 875 et
2609 833 2794 892 pastor
2837 827 3170 891 communis;
3222 829 3510 885 Ansclmus

1933 929 2062 968 vero
2093 915 2416 986 diligebatur
2445 917 2513 972 ab
2537 918 2808 986 omnibus,
2845 921 2984 974 sicut
3009 922 3170 976 homo
3197 931 3512 977 mansuetus

1931 1011 1988 1056 et
2023 1004 2189 1070 initis,
2224 1014 2280 1058 et
2313 1006 2397 1060 cui
2439 1021 2538 1060 suo
2569 1006 2774 1074 judicio
2809 1009 2938 1062 nihil
2975 1009 3275 1064 debebatur
3310 1028 3338 1064 a
3371 1027 3510 1079 quo-

1933 1092 2033 1146 vis.
2085 1093 2138 1148 In
2185 1110 2324 1163 papa
2373 1097 2608 1166 denique
2657 1099 3068 1168 supereminens
3115 1102 3331 1172 vigebat
3387 1117 3508 1157 cum

1933 1181 2212 1254 dignitatis
2244 1189 2566 1244 auctoritate
2593 1199 2858 1259 potestas;
2891 1191 2942 1246 in
2971 1192 3232 1247 Ansclmo
3271 1194 3409 1247 mira
3453 1203 3510 1248 et

1931 1287 2053 1341 qua:
2099 1286 2326 1332 cunctos
2388 1281 2728 1336 denmlcebat
2791 1298 2924 1353 pura
2979 1301 3104 1338 cum
3163 1287 3512 1356 simplicitate

1929 1363 2228 1422 humilitas.
2277 1369 2430 1428 Multi
2481 1387 2630 1442 ergo,
2687 1391 2822 1444 quos
2875 1377 3036 1432 timor
3077 1381 3398 1448 prohibebat
3445 1387 3513 1440 ad

1933 1471 2128 1528 papam
2165 1463 2448 1529 accedere,
2491 1465 2825 1522 festinabant
2855 1469 2923 1524 ad
2949 1470 3268 1526 Anselmum
3297 1476 3512 1542 venire,

1931 1564 2118 1606 amore
2171 1553 2316 1608 ducti
2365 1556 2457 1624 qui
2509 1558 2684 1611 nescit
2735 1558 2946 1614 timere.
3003 1559 3259 1630 Maiestas
3311 1564 3508 1618 etenim

1933 1657 2083 1711 papa:
2119 1644 2262 1700 solos
2305 1649 2624 1704 admittebat
2673 1651 2888 1717 divites,
2924 1652 3230 1708 humanitas
3271 1655 3513 1712 Anseimi

1861 1723 1903 1778 Β
1931 1733 2047 1788 sine
2069 1750 2429 1804 personarum
2461 1739 2776 1810 acceptione
2817 1743 3146 1810 suscipiebat
3187 1759 3396 1800 omnes.
3445 1747 3513 1802 Et

1927 1841 2068 1896 quos
2109 1831 2346 1884 omnes?
2376 1829 2620 1900 Paganos
2647 1833 2840 1898 etiam,
2875 1845 2934 1888 ut
2975 1835 3042 1889 de
3081 1834 3408 1893 Christianis
3439 1847 3515 1892 ta-

1929 1933 2104 1974 ceam.
2137 1919 2418 1990 Siquidem
2447 1923 2688 1978 nonnulli
2717 1926 2929 1990 talium,
2973 1943 3098 1981 nam
3127 1943 3317 1984 eorum
3340 1930 3510 1984 multa

1931 2008 2368 2080 milliainipsam
2433 2017 2828 2085 expeditionem
2871 2034 3054 2074 secum
3085 2021 3384 2078 adduxerat
3411 2021 3511 2094 [αι.

1931 2099 2075 2152 omit.
2107 2116 2158 2154 s.
2181 2099 2262 2172 a.]
2287 2101 2450 2158 homo
2483 2106 2635 2160 ducis
2663 2107 2931 2178 Rogerus,
2987 2125 3171 2165 comes
3199 2111 3268 2166 de
3303 2113 3511 2184 Sicilia;

1927 2189 2196 2254 nonnulli,
2243 2191 2484 2259 inquam,
2529 2194 2715 2248 talium
2755 2199 2899 2251 tanta
2931 2199 3189 2254 bonitatis
3226 2201 3342 2270 ejus
3371 2203 3506 2257 intet

1927 2293 2056 2334 suos
2090 2281 2252 2334 exciti
2293 2283 2632 2338 niausionem
2683 2294 2922 2340 nostram
2969 2287 3406 2358 frequentabant,
3453 2305 3511 2348 et

1927 2372 2158 2438 sumptis
2187 2372 2256 2426 ab
2301 2372 2554 2428 Ansclmo
2587 2377 2957 2445 corporalibus
3000 2380 3138 2434 cibis
3173 2383 3398 2450 gratiosi
3427 2399 3509 2439 re—

1935 2464 2302 2531 vertebantur,
2357 2465 2732 2522 admirandam
2795 2470 2898 2526 viri
2957 2473 3344 2544 benignitatem
3398 2479 3514 2532 suis

1930 2555 2286 2623 pradicantes
2339 2571 2500 2626 quam
2547 2559 2986 2628 experiebantur.
3051 2563 3204 2620 Unde
3260 2567 3313 2619 in
3362 2577 3512 2622 tanta

1933 2645 2186 2716 deinceps
2209 2648 2556 2703 veneratione
2581 2650 2744 2705 etiam
2771 2653 2913 2721 apud
2939 2669 3036 2708 eos
3079 2655 3299 2712 habitus
3319 2667 3426 2724 est,
3455 2669 3515 2712 ut

1931 2753 2056 2794 cum
2087 2754 2184 2808 per
2203 2749 2385 2793 castra
2407 2739 2504 2812 [ιιι.
2523 2781 2540 2804 ,
2565 2740 2826 2814 claustra]
2851 2741 3086 2808 illorum,
3113 2761 3232 2814 qua:
3255 2745 3310 2800 in
3343 2763 3510 2802 unum

1933 2831 2112 2888 locata
2151 2843 2332 2898 erant,
2375 2834 2751 2900 transiremus,
2783 2837 2974 2905 ingens
3005 2837 3296 2895 multitudo
3321 2824 3514 2896 eorum

1929 2921 2158 2978 elevatis
2179 2922 2247 2978 ad
2275 2922 2470 2978 ctelum
2502 2925 2750 2979 manibus
2779 2926 2828 2980 ei
2858 2941 3113 2996 prospera
3143 2927 3514 2998 imprecaren—

1937 3021 2048 3081 tttr,
2082 3023 2137 3070 et
2161 3013 2421 3070 osculatis
2444 3029 2542 3085 pm
2571 3017 2677 3072 ritu
2711 3032 2814 3072 suo
2845 3019 3091 3074 manibus
3127 3023 3364 3090 propriis
3409 3041 3512 3079 nec

241 3129 490 3185 surgere,
519 3127 578 3171 et
617 3133 684 3172 ne
713 3118 1146 3187 inquietarcmur
1173 3135 1272 3174 suo
1313 3135 1467 3175 πηοί-θ
1517 3121 1662 3176 lento
1693 3122 1828 3191 pede
1859 3107 2024 3166 υιιοιι
2051 3123 2230 3164 coram
2253 3125 2317 3164 ου
2335 3108 2564 3180 genibus
2601 3107 2776 3174 θεῇς,
2815 3125 2914 3180 pro
2956 3125 3053 3166 sua
3101 3127 3228 3166 eum
3278 3116 3512 3187 benigna

239 3207 312 3260 ad
339 3209 536 3263 nstitnn
561 3213 801 3265 tendere.
850 3210 1003 3278 Quod
1035 3227 1155 3265 cum
1186 3212 1420 3278 exisset,
1464 3221 1520 3268 et
1545 3212 1832 3268 immemor

243 3299 419 3355 fovete
451 3317 547 3370 per
588 3303 840 3359 tenebras
882 3304 934 3358 in
974 3315 1182 3374 partem
1225 3306 1557 3373 divertisset,
1599 3305 1655 3360 in
1707 3321 1834 3378 pro-

245 3392 478 3447 fundum
537 3395 772 3461 cecidit,
819 3397 1062 3452 clamosa
1124 3413 1258 3454 voce
1313 3401 1555 3454 cadendo
1611 3400 1828 3454 dicens:

245 3481 454 3538 Sancta
485 3484 696 3540 Maria!
722 3487 802 3541 Ad
835 3504 992 3558 quem
1023 3490 1256 3545 sonitum
1289 3505 1387 3544 nos
1410 3505 1472 3546 ac
1501 3491 1632 3545 socii
1657 3492 1831 3545 nostri

245 3579 340 3647 qui
399 3581 450 3631 in
505 3581 758 3635 tentoriis
811 3583 1163 3651 quiescebant
1225 3583 1621 3654 cxpergcf;.;cti,
1679 3583 1835 3639 lectis

243 3669 660 3740 prosilivimus,
714 3669 1061 3730 occurrentes
1117 3675 1392 3730 hominem
1451 3678 1502 3730 in
1569 3675 1834 3747 profundo

247 3764 504 3830 vidimus,
558 3775 610 3820 et
655 3781 767 3836 prze
804 3769 999 3823 timore
1047 3769 1210 3823 simul
1263 3777 1317 3824 et
1359 3770 1606 3839 angustia
1655 3770 1837 3824 cordis

243 3854 544 3908 exanimati
585 3853 699 3911 fere
746 3872 952 3912 sunms.
997 3857 1148 3924 Quod
1183 3859 1298 3928 ipse
1335 3859 1658 3929 percipiens,
1711 3875 1835 3914 mox

243 3943 428 3998 levato
471 3945 648 4014 capite
673 3947 813 4001 comi
846 3947 1017 4012 vultu,
1043 3949 1282 4020 jucunde
1327 3947 1526 4003 intuitu
1559 3949 1712 4004 nobis
1754 3949 1838 4004 iu-

245 4039 372 4090 nnit
415 4038 550 4092 nihil
589 4039 828 4095 ltesiouis
879 4055 998 4096 sese
1043 4057 1382 4113 perpessum.
1441 4035 1841 4098 Descendentes

247 4131 422 4200 igitur
473 4131 692 4202 quidam
746 4147 810 4188 ex
863 4134 1068 4189 nostris
1127 4151 1192 4189 ex
1241 4134 1412 4189 altera
1463 4145 1618 4206 parte
1672 4135 1840 4205 ipsius

249 4223 573 4293 pnccipitii,
629 4239 735 4294 qua
782 4225 868 4280 via
919 4235 1039 4282 erat
1093 4227 1484 4292 descendendi,
1531 4229 1840 4283 eduxerunt

243 4329 378 4370 eum
409 4331 436 4369 a
473 4316 592 4373 loco
617 4333 808 4372 sanum
839 4320 1060 4375 omnino
1085 4329 1247 4390 atque
1278 4319 1618 4377 incolumem.

1933 3197 2184 3269 largitate
2199 3209 2384 3269 grates
2407 3200 2616 3269 agendo
2641 3209 3050 3255 rauci-arentum
3081 3201 3319 3269 Quorum
3345 3206 3509 3260 etiam

1931 3281 2346 3360 plurimi,'vclnt
2367 3293 2753 3362 comperimus,
2782 3308 2840 3348 se
2863 3293 3092 3348 libenter
3109 3293 3228 3362 ejus
3255 3297 3514 3351 doctrinm

1935 3382 2282 3439 instruendus
2322 3382 2720 3447 submisissent,
2769 3398 2831 3437 ac
2869 3381 3197 3438 Christianae
3241 3385 3363 3438 ﬁdei
3386 3386 3517 3457 jugo

1935 3493 2032 3534 sua
2059 3492 2158 3548 per
2181 3491 2304 3530 eum
2331 3475 2466 3530 colla
2499 3475 2835 3545 iniecissent,
2857 3475 2904 3530 si
2931 3474 3309 3530 credulitatem
3336 3477 3514 3531 comi-

1939 3571 2007 3626 tis
2041 3570 2122 3625 sui
2151 3585 2250 3640 per
2281 3569 2383 3623 hoc
2423 3569 2567 3623 inse
2608 3567 2917 3622 szevituram
2949 3583 3055 3622 non
3101 3567 3512 3623 formidassent.

1938 3661 2071 3716 Nam
2098 3677 2284 3716 revera
2312 3661 2514 3714 nullum
2540 3675 2726 3715 eorum
2765 3661 2875 3730 pati
2903 3660 3116 3716 volebat
3145 3661 3514 3716 Christianum

1939 3756 2156 3824 impune
2197 3743 2334 3808 lieri.
2383 3754 2535 3820 Quod
2585 3767 2692 3822 qua
2747 3753 3036 3818 industria,
3083 3761 3142 3808 ut
3191 3754 3265 3808 ita
3314 3753 3516 3818 dicam,

1940 3847 2194 3909 faciebat,
2221 3846 2355 3898 nihil
2383 3860 2499 3900 mea
2527 3845 2786 3908 interest;
2813 3845 3008 3900 viderit
3039 3847 3180 3900 Deus
3205 3855 3260 3900 et
3307 3847 3444 3915 ipse.

2009 3939 2100 3992 47.
2155 3937 2364 3991 Dehine
2423 3936 2598 3991 soluta
2647 3937 2949 3999 obsidione,
3004 3937 3290 3990 Anselmus
3345 3937 3518 3990 inulta

1939 4045 2102 4100 prece
2127 4043 2324 4099 papam
2351 4027 2421 4082 ad
2449 4029 2552 4082 hoc
2587 4027 2806 4082 ﬂectere
2843 4035 3074 4082 conatus
3117 4035 3220 4091 est,
3251 4035 3521 4096 quatenus

1941 4125 2012 4178 ab
2047 4137 2211 4178 onere
2239 4120 2536 4190 pontiﬁcali
2567 4111 2688 4175 eum
2733 4119 3054 4184 absolveret,
3085 4126 3138 4173 et
3165 4118 3340 4187 quieti
3389 4119 3520 4172 libe-

1947 4231 2064 4270 rum
2103 4229 2302 4272 vacare
2339 4213 2687 4268 concederet.
2733 4209 2934 4266 Verum
2990 4225 3136 4274 cum,
3165 4210 3221 4263 in
3249 4219 3516 4280 quantum

1941 4311 2163 4383 quidem
2187 4308 2256 4363 ad
2291 4305 2546 4362 eﬂ‘eetutn
2583 4307 2882 4375 spectabat,
2927 4305 2981 4358 in
3014 4303 3245 4359 nihilum
3279 4303 3523 4358 laboras—
3559 4331 3564 4336 -

323 4407 414 4462 46,
443 4407 578 4463 Cum
609 4421 731 4480 post
765 4411 881 4466 tunc
912 4413 1057 4468 sedis
1098 4408 1409 4483 apostolica;
1458 4412 1701 4483 pontifex
1735 4411 1840 4468 Ur-
1869 4425 1916 4484 ο
1943 4413 2054 4469 set;
2101 4401 2274 4458 frctus
2312 4399 2685 4455 benedictione
2729 4397 2884 4465 ejus,
2927 4395 3236 4451 Schlaviam
3271 4411 3524 4449 reversus

247 4497 430 4552 banus
457 4497 552 4552 illo
591 4501 931 4568 adventaret,
955 4509 1010 4556 et
1039 4503 1086 4556 ei
1121 4503 1189 4558 ab
1215 4502 1471 4557 Ansclmo
1499 4512 1553 4557 et
1579 4503 1840 4573 principi-

247 4587 358 4645 bus
419 4591 584 4646 totius
636 4593 910 4648 exercitus
957 4593 1167 4650 obviam
1223 4596 1353 4649 itum
1402 4604 1578 4659 esset,
1631 4593 1841 4664 ingenti

253 4681 550 4736 mundialis
593 4681 776 4752 gloria:
819 4697 1012 4754 pompa
1061 4693 1409 4754 prosccutus,
1443 4683 1638 4738 ductus
1669 4693 1751 4738 est
1786 4683 1840 4740 in

251 4773 554 4827 tentorium
596 4773 736 4842 quod
779 4773 930 4843 juxta
975 4791 1094 4830 mos
1118 4778 1219 4831 sibi
1254 4786 1374 4831 erat
1417 4777 1629 4832 caeteris
1663 4775 1844 4831 excel-

255 4859 460 4920 lentius
488 4866 865 4921 constitutum.
911 4867 1114 4934 Sicque
1155 4869 1328 4922 donec
1359 4869 1552 4923 civitas
1599 4869 1653 4922 in
1691 4867 1842 4921 dedi-

1941 4495 2348 4566 est,opperiens
2387 4491 2458 4545 ibi
2493 4499 2704 4558 tempus
2733 4488 2972 4552 concilii,
3003 4489 3146 4558 quod
3193 4487 3334 4542 idem
3379 4501 3520 4556 papa

1943 4588 2084 4658 apud
2112 4586 2305 4639 Barum
2343 4579 2570 4636 Kalend.
2607 4579 2798 4634 Octob.
2827 4585 2948 4632 erat
2975 4577 3376 4632 celebraturus.
3417 4575 3524 4631 Cui

1943 4677 2170 4734 concilio
2205 4675 2334 4730 dum
2364 4671 2653 4726 Auselmus
2693 4683 2752 4723 se
2773 4675 3177 4739 prtcsentassct,
3215 4677 3272 4722 et
3301 4681 3526 4737 persua-

1945 4785 2036 4826 sus
2068 4787 2096 4822 a
2127 4781 2266 4839 papa
2315 4765 2535 4821 Graecos
2567 4765 2618 4816 in
2663 4763 3013 4834 processione
3061 4759 3298 4832 Spiritus
3327 4759 3526 4827 sancti,

1945 4869 2130 4930 utpote
2159 4874 2318 4930 quem
2345 4873 2376 4912 a
2419 4857 2579 4911 Patre
2617 4867 2726 4908 non
2763 4865 2793 4907 a
2823 4851 2959 4907 Filio
2987 4851 3285 4921 procedere
3317 4857 3528 4906 astrue-

1571 4997 1986 5055 llE-NSCllENll
2023 4993 2250 5052 NOTAE.

325 5087 438 5162 (50)
481 5089 652 5162 Hujtts
680 5093 756 5146 rei
807 5101 968 5149 testes
1013 5094 1225 5149 litteras
1254 5091 1517 5148 habemus
1541 5107 1572 5146 a
1615 5093 1684 5148 cl.
1721 5093 1836 5147 viro

251 5159 625 5235 l):;Silvesti-o
667 5163 894 5233 Ayossa,
931 5166 1245 5235 presbytero
1281 5163 1568 5235 Capuano;
1616 5163 1706 5235 qui
1743 5179 1833 5216 an.

253 5231 420 5304 1640Δ
441 5231 767 5304 devotionis
797 5231 962 5288 causa
1001 5236 1066 5288 ad
1093 5231 1325 5304 puteum
1357 5233 1504 5286 illum
1535 5231 1832 5302 profectus,

251 5317 378 5355 eum
409 5301 612 5356 invenit
641 5303 966 5370 profundum
993 5303 1080 5370 50,
1104 5301 1274 5357 latum
1301 5303 1332 5356 6
1355 5301 1590 5372 palatos;
1615 5305 1840 5356 hausta-

253 5387 364 5444 que
387 5372 514 5444 inde
541 5387 680 5444 aqua
709 5374 950 5444 implevit
969 5374 1244 5430 vasculum
1271 5383 1328 5428 et
1349 5375 1584 5444 Capuam
1611 5373 1830 5437 detulit;

255 5441 456 5495 deinde
485 5441 694 5496 mulieri
723 5441 970 5498 febrienti
1005 5447 1291 5513 potandam
1324 5441 1491 5508 dedit,
1533 5453 1588 5496 et
1619 5458 1739 5496 cum
1771 5458 1834 5497 ea

253 5513 834 5584 subitamsanitatem.
873 5515 945 5568 Ex
975 5516 1164 5570 eadem
1195 5523 1412 5584 rogatus
1431 5513 1834 5568 communicare

256 5581 462 5650 aliquid
491 5579 675 5650 juveni
707 5583 948 5648 Nolario,
979 5579 1473 5646 Leonardo'Pizzo,
1504 5583 1568 5638 de
1599 5584 1707 5637 vita
1736 5583 1834 5638 de-

259 5653 527 5724 spcranti,
547 5651 749 5724 similis
770 5653 992 5710 eﬂ'cctus
1021 5654 1654 5724 expet'ientiathtabuit;
1689 5653 1835 5708 vive-

259 5721 464 5793 batque
493 5721 900 5794 adhucjuvenis
945 5725 1030 5781 ille
1076 5721 1163 5780 an.
1211 5725 1364 5794 1660,
1395 5726 1606 5795 quando
1634 5723 1834 5796 scripta

1939 5084 2568 5160 cpistolalactuminse
2599 5081 2924 5160 miraculum
2947 5081 3264 5160 prasdicans.
3301 5081 3526 5160 Duravit

1941 5151 2076 5228 aqua
2133 5155 2528 5228 illa,_imodic_is
2571 5151 3320 5228 portiunculis'dispensata,
3368 5151 3526 5204 anuis

1939 5224 2158 5284 omnino
2210 5225 2382 5302 tritius
2433 5225 2639 5302 alisque
2687 5224 3038 5302 corruptione
3090 5232 3348 5302 :_postca
3382 5233 3530 5302 χεῖ-ο

1935 5299 2178 5371 ejusdetn
2229 5295 2489 5371 Silvestri
2523 5291 2770 5357 hertatu,
2813 5291 3001 5348 doctor
3031 5294 3272 5371 medicans
3308 5291 3522 5371 cuidam

1940 5361 2184 5439 deposito
2207 5381 2352 5434 aagro
2379 5379 2444 5418 ex
2479 5366 2592 5433 ipso
2621 5373 2786 5439 puteo
2813 5379 3008 5439 aquam
3039 5379 3161 5416 cum
3190 5362 3293 5415 ﬁde
3325 5361 3521 5439 obtulit

1941 5433 2029 5494 an'.
2063 5439 2218 5500 1650,
2249 5433 2302 5490 et
2331 5451 2520 5490 sanum
2551 5435 2730 5490 subito
2751 5433 2902 5496 fecit,
2929 5449 3052 5487 cum
3077 5448 3174 5487 sua
3205 5445 3400 5500 magna
3425 5433 3526 5486 ad-

1943 5511 2250 5566 miratione.
2280 5506 2402 5560 ll;cc
2429 5505 2658 5583 Ayossa,
2687 5503 3000 5583 signiﬁcans
3027 5512 3267 5583 castrum
3299 5503 3526 5583 Selavo-

1943 5596 2060 5636 rum
2114 5593 2234 5634 esse
2261 5577 2312 5631 in
2341 5573 2592 5630 districta
2621 5574 2880 5629 Calatiam
2910 5589 3004 5630 seu
3046 5573 3358 5640 Cajaceusis
3391 5573 3521 5626 rivi-

1953 5651 2102 5716 tatis,
2130 5649 2380 5704 distantis
2409 5663 2437 5702 a
2485 5645 2668 5716 Capua
2715 5645 2934 5702 circiter
2981 5660 3054 5700 tx.
3103 5645 3162 5698 Ρ.
3219 5643 3286 5696 Μ.
3333 5655 3519 5696 versas

1952 5735 2236 5779 Ol'lL'lliClll.
