3882 6054
377 243 482 298 ’103
1436 235 1492 286 S.

1537 231 1832 287 ΔΝΜ-211111
1873 232 1953 285 (λλ
1971 230 2222 285 λτυέιῐὶ.
2266 227 2580 281 ΛὶὶίῖΗΞΕΡ.

3540 232 3563 284 1
3576 232 3650 285 Oi»

375 356 527 416 bant.
560 364 828 419 errantes,
863 356 1168 408 rationabili
1206 365 1368 423 atque
1406 353 1670 406 catholica
1704 353 1944 420 disputa—
1978 354 2016 407 Α
2051 352 2176 401 tiam
2226 357 2332 400 tam
2387 348 2437 400 in
2494 345 2660 399 laicus
2731 346 2822 413 qui
2872 345 3221 399 investituras
3276 344 3645 401 ecclesiarum

380 450 526 504 tione
555 449 917 514 confutasset;
962 451 1136 516 magni
1183 449 1324 517 apud
1369 461 1560 500 omnes
1601 447 1817 499 habitus
1847 454 1950 508 est,

373 549 432 596 et
471 543 818 596 veneratione
855 541 1632 611 dignissimuscomprobatus.

447 635 536 688 48.
571 633 747 688 Finito
791 633 1037 694 concilio,
1075 633 1301 686 Ruinam
1334 647 1454 686 cum
1499 629 1793 699 apostolico
1824 645 1953 700 pro-

378 723 502 777 fecti
545 739 752 778 sumus.
799 722 1112 777 Transactis
1164 733 1345 777 autem
1390 721 1684 791 aliquantis
1739 721 1952 784 diebus,

373 815 523 867 venit
549 814 774 867 Romam
807 805 1112 868 Willelmus
1155 814 1262 877 ille,
1300 814 1452 884 cujus
1484 813 1536 866 in
1573 813 1719 866 exitu
1749 811 1954 880 Anglia:

378 905 705 957 mentionem
740 903 988 958 fecimus.
1040 905 1089 958 ls
1130 907 1271 958 inter
1300 904 1403 957 alia
1452 905 1552 958 hoc
1597 903 1772 957 effecit
1813 905 1952 970 apud

376 995 752 1063 apostolicum,
782 1004 842 1049 ut
863 996 1108 1050 inducias
1141 995 1258 1065 regi
1288 993 1493 1064 Anglia:
1516 997 1671 1047 daret
1695 993 1761 1047 de
1788 1006 1952 1046 causa

371 1085 614 1138 Anselmi
645 1101 816 1155 usque
856 1087 922 1139 ad
955 1086 1154 1139 festum
1202 1084 1373 1139 sancti
1413 1083 1691 1138 Michaelis
1719 1083 1954 1136 archan-

369 1173 500 1242 geli.
543 1173 695 1240 Quod
741 1174 1031 1230 Anselmus
1075 1190 1396 1245 agnoscens,
1447 1175 1596 1229 illico
1629 1174 1950 1243 Lugdunum

376 1265 555 1319 redire
599 1265 840 1331 volebat;
875 1265 969 1320 sed
1021 1266 1326 1335 prohibitus
1354 1281 1384 1319 a
1417 1282 1551 1336 papa
1603 1274 1685 1320 est
1727 1277 1954 1336 propter

365 1356 680 1421 concilimn,
710 1358 852 1427 quod
876 1371 933 1412 se
959 1358 1118 1412 tertia
1146 1357 1484 1413 hebdomada
1512 1357 1738 1413 Pascha:
1767 1359 1950 1412 Romae

376 1447 680 1502 habiturum
727 1458 1015 1503 statuerat.
1053 1449 1247 1502 Morati
1301 1449 1484 1517 itaque
1532 1465 1720 1505 sumus
1771 1451 1953 1504 [toruae

366 1538 544 1593 .ferme
583 1554 680 1608 per
716 1541 998 1595 dimidium
1029 1557 1250 1605 annum,
1284 1543 1540 1595 continue
1563 1543 1717 1596 circa
1756 1558 1950 1612 papam

376 1629 655 1697 degentes,
685 1638 740 1684 et
769 1631 922 1700 quasi
972 1632 1025 1686 in
1069 1646 1355 1686 commune
1403 1632 1666 1685 viventes.
1723 1631 1871 1686 Unde
1897 1640 1951 1685 et

378 1719 493 1787 ipse
521 1734 657 1788 papa
678 1735 1074 1790 nonnunquam
1099 1723 1166 1776 ad
1194 1721 1508 1776 Anselmuin
1537 1723 1808 1790 veniebat,
1835 1723 1952 1776 la:te

365 1825 496 1864 cum
519 1825 584 1865 eo
609 1826 728 1866 sese
753 1814 986 1883 agendo,
1016 1823 1070 1868 et
1093 1815 1302 1868 curiam
1329 1814 1378 1868 ei
1411 1813 1678 1869 faciendo.
1711 1815 1868 1868 Dedit
1905 1814 1953 1869 ei

374 1915 592 1969 queque
638 1901 930 1972 hospitium
990 1903 1046 1957 in
1087 1919 1195 1974 quo
1230 1905 1689 1958 conversabamur
1719 1921 1784 1960 eo
1807 1903 1950 1972 jure,

373 1999 432 2045 ut
474 1991 520 2046 si
549 1992 838 2061 aliquando
880 1993 1109 2049 Romam
1148 1995 1372 2062 rediret,
1407 2004 1594 2052 contra
1623 2011 1813 2051 oumes
1857 1997 1954 2050 ho-

366 2083 548 2137 mines
592 2083 720 2137 illud
764 2085 868 2139 sibi
911 2085 1228 2141 vindicaret.
1260 2086 1377 2156 Ipse
1420 2088 1473 2141 in
1505 2098 1773 2142 conventu
1802 2088 1956 2142 nobi-

373 2171 530 2238 lium,
575 2173 626 2226 in
665 2177 1122 2243 processionibus,
1166 2177 1221 2231 in
1267 2177 1613 2240 stationibus,
1661 2191 1874 2246 semper
1901 2188 1956 2232 et

374 2263 572 2333 ubique
600 2281 628 2318 a
663 2281 801 2335 papa
845 2268 1116 2323 secundus
1143 2279 1282 2335 erat,
1324 2285 1434 2338 pra:
1462 2270 1680 2324 cunctis
1724 2270 1958 2325 honora-

369 2364 489 2420 .tus,
534 2358 747 2411 cunctis
775 2368 1056 2429 acceptus,
1082 2369 1135 2415 et
1171 2361 1285 2431 ipse
1311 2361 1566 2416 omnibus
1589 2361 1820 2432 simplici
1854 2363 1956 2417 liu-

375 2448 608 2504 militate
637 2451 957 2506 submissus.
991 2451 1267 2505 Praeterea
1296 2451 1455 2522 Angli
1484 2450 1589 2506 illls
1618 2452 1955 2521 temporibus

371 2536 606 2591 Romam
647 2540 946 2606 venientes,
976 2540 1154 2608 pedes.
1183 2537 1300 2606 ejus
1324 2540 1391 2593 ad
1425 2540 1596 2593 instar
1622 2542 1818 2609 pedum
1847 2541 1957 2598 Ro-

370 2628 518 2680 inani
545 2628 818 2696 pontificis
841 2645 936 2683 sua
963 2630 1238 2686 oblatione
1261 2631 1528 2686 honorare
1549 2632 1954 2690 desiderabant.

370 2713 584 2780 Quibus
609 2715 700 2770 ille
725 2731 1068 2787 nequaquam
1106 2718 1482 2788 aequiescens,
1512 2719 1565 2772 in
1595 2721 1956 2777 secretiorem

369 2806 570 2862 domus
598 2817 808 2876 partem
834 2807 1091 2877 fugiebat,
1118 2818 1173 2864 et
1192 2825 1292 2866 eos
1315 2826 1414 2882 pro
1441 2811 1530 2864 tali
1577 2828 1636 2868 re
1681 2813 1828 2869 nullo
1855 2831 1955 2886 pa-

373 2895 619 2951 tiebatur
664 2898 730 2952 ad
779 2914 838 2954 se
868 2908 1027 2970 pacto
1058 2901 1339 2956 accedere.
1373 2901 1525 2969 Quod
1566 2905 1656 2959 ubi
1692 2921 1842 2976 papze
1872 2921 1958 2961 re-

375 2984 546 3040 latum
574 2995 678 3054 est,
703 2988 1006 3044 admiratus
1045 2989 1097 3043 in
1147 2991 1367 3046 homine
1411 2993 1767 3049 humilitatem
1797 3011 1952 3050 mun-

376 3079 539 3147 dique
580 3089 968 3151 contemptum,
1008 3080 1174 3150 jussit
1219 3096 1340 3138 sese
1388 3083 1442 3138 in
1494 3099 1554 3140 se
1593 3084 1721 3155 [al.,
1764 3087 1818 3142 in
1863 3088 1952 3162 eo]

378 3181 580 3239 tenere,
627 3182 684 3228 et
719 3173 924 3228 nullum
970 3173 1293 3230 benefacere
1324 3175 1465 3230 ultra
1503 3176 1772 3232 volentem
1821 3195 1950 3250 pro-

373 3265 584 3331 bibere,
627 3265 721 3319 sed
755 3279 948 3321 omnes
989 3279 1088 3334 pro
1124 3265 1217 3319 tali
1265 3281 1428 3321 causa
1461 3267 1821 3325 adventantes
1856 3286 1951 3340 pa-

375 3354 576 3408 tienter
622 3355 934 3412 admittere.
987 3360 1058 3412 At
1091 3359 1181 3415 ille
1228 3361 1472 3416 modesta
1518 3364 1750 3432 quadam
1805 3380 1960 3421 vere-

373 3446 574 3510 cundia
605 3457 760 3504 actus
809 3448 942 3520 [al.,
983 3450 1170 3522 ictus],
1207 3451 1357 3520 jussa
1388 3453 1632 3523 profecto
1674 3466 1961 3528 postpone-

379 3547 498 3604 ret,
555 3540 600 3595 si
669 3556 774 3596 non
836 3543 1214 3599 iuobedientiae
1269 3560 1419 3600 naevo
1469 3549 1745 3620 corrumpi
1805 3551 1960 3606 time-

374 3640 480 3686 ret.

446 3717 534 3774 49.
565 3718 703 3787 Quid
735 3718 964 3776 referam
1003 3723 1290 3779 nonnullos
1319 3725 1465 3780 cives
1499 3720 1691 3793 Urbis,
1721 3743 1954 3799 quorum

377 3809 568 3880 ingens
617 3809 902 3866 multitudo
951 3820 1170 3882 propter
1225 3812 1540 3869 fidelitatem
1611 3817 1959 3887 imperatoris

373 3902 478 3971 ipsi
516 3917 666 3972 papa:
698 3910 816 3956 erat
845 3902 1074 3968 infesta,
1117 3919 1506 3975 nonnunquam
1532 3905 1587 3960 in
1633 3923 1797 3961 unum
1827 3923 1957 3962 con-

375 3991 642 4060 globatos,
661 3992 977 4047 Anselmum
1001 4008 1030 4047 a
1053 3993 1338 4049 Lateranis
1359 3996 1426 4049 ad
1450 3996 1712 4050 Sanctum
1733 3996 1954 4052 Petrum

375 4091 595 4138 euntem
640 4099 764 4138 cum
805 4084 918 4139 suis
963 4094 1186 4154 propter
1215 4086 1398 4141 odium
1429 4103 1581 4157 papa:
1623 4103 1822 4158 capere
1863 4107 1959 4146 vo-

376 4172 570 4237 lentes,
617 4172 713 4226 sed
762 4188 884 4225 mox
928 4173 1042 4226 viso
1084 4173 1236 4227 vultu
1278 4173 1396 4243 ejus
1434 4178 1657 4232 territos
1699 4178 1958 4249 projectis

376 4261 544 4315 armis
590 4269 748 4315 terra:
781 4261 1162 4331 procumbere,
1199 4273 1255 4318 et
1291 4278 1351 4319 se
1390 4263 1532 4321 illius
1571 4268 1952 4326 benedictione

2057 438 2209 501 dam,
2239 451 2402 504 quam
2436 435 2489 488 in
2515 449 2608 488 eos
2650 434 2740 502 qui
2771 434 2836 487 de
2863 435 3114 488 manibus
3138 448 3326 486 eorum
3364 435 3486 490 illas
3516 450 3642 490 sus-

2052 528 2284 595 cipiunt,
2333 541 2456 579 cum
2504 533 2618 579 toto
2666 523 2901 579 concilio
2949 539 3086 594 papa
3141 524 3380 578 intorsit.
3437 525 3644 579 Eadem

2056 617 2324 672 sententia
2353 631 2571 686 quoque
2605 615 2886 670 damnavit
2922 627 2976 669 et
3015 631 3110 669 eos
3142 615 3236 684 qui
3283 615 3335 668 in
3393 615 3642 670 officium

2056 711 2133 765 sic
2161 708 2342 776 adepti
2379 706 2602 762 honoris
2636 705 2872 775 aliquem
2897 715 3138 759 sacrant.

2124 798 2211 852 50.
2252 796 2440 852 Soluto
2481 804 2774 859 conventu,
2823 804 3049 864 accepta
3080 795 3326 861 licentia,
3351 795 3526 852 Roma
3564 796 3649 850 di-

2055 890 2352 959 gredimur.
2408 886 2500 942 Via
2535 902 2663 941 vero
2699 887 2957 941 redeundi
3002 887 3189 942 multis
3218 900 3336 943 erat
3383 889 3646 958 periculis

2053 979 2317 1044 obnoxia,
2381 979 2477 1032 sed
2551 986 2871 1048 protegente
2937 993 3038 1032 nos
3104 977 3335 1034 Domino
3398 981 3642 1050 pericula

2054 1079 2250 1124 cuncta
2291 1068 2583 1133 evasimus,
2616 1083 2679 1121 ac
2719 1066 3040 1137 Lugdunum
3070 1067 3219 1122 illzesi
3267 1070 3640 1137 pervenimus.

2058 1161 2158 1216 Ubi
2206 1174 2418 1214 summo
2447 1173 2570 1213 cum
2616 1158 2822 1212 honore
2866 1159 3174 1227 gaudioque
3215 1161 3477 1228 suscepti,
3521 1173 3580 1215 et
3609 1177 3640 1212 a

2055 1251 2310 1322 pontifice
2366 1249 2604 1304 civitatis
2648 1246 2947 1303 venerabili
3004 1247 3213 1302 scilicet
3263 1248 3486 1319 llngone
3535 1248 3639 1320 [αι.

2056 1345 2201 1394 omit.
2218 1356 2270 1394 v.
2295 1356 2337 1394 s.
2359 1338 2686 1411 ll.]detenti,
2702 1337 3039 1391 mansionem
3063 1347 3303 1391 nostram
3328 1339 3434 1392 illic
3455 1337 3646 1392 firma-

2057 1433 2231 1486 vimus
2259 1431 2458 1485 amissa
2483 1430 2631 1484 omni
2677 1427 2895 1495 fiducia,
2926 1431 3145 1482 vivente
3188 1442 3313 1498 rege
3345 1428 3642 1495 Willelmo,

2054 1524 2300 1592 Angliam
2328 1521 2622 1576 remeandi.
2654 1519 2889 1576 Habitus
2971 1529 3054 1574 est
3079 1535 3209 1589 ergo
3234 1521 3305 1574 ibi
3339 1520 3643 1575 Anselmus

2057 1632 2163 1669 non
2199 1615 2337 1669 sicut
2365 1616 2558 1683 hospes
2585 1622 2676 1666 aut
2712 1614 3080 1684 peregrinus,
3106 1613 3198 1668 sed
3227 1628 3352 1667 vere
3381 1614 3525 1668 sicut
3558 1615 3643 1667 iu-

1985 1703 2028 1761 Β
2057 1710 2250 1778 digeua
2281 1717 2333 1761 et
2367 1705 2470 1760 loci
2502 1707 2776 1760 dozninus.
2827 1705 2979 1761 Unde
3025 1721 3288 1775 nusquam
3323 1705 3436 1774 ipse
3469 1706 3645 1775 ipsius

2059 1802 2207 1856 urbis
2253 1801 2480 1856 antistes
2518 1814 2590 1854 eo
2622 1807 2890 1869 praesente
2930 1812 3027 1852 suo
3057 1797 3270 1851 volebat
3300 1797 3420 1852 loco
3450 1797 3645 1863 pra-si-

2057 1893 2205 1959 dere,
2235 1894 2326 1948 sed
2355 1891 2678 1963 praesidente
2710 1890 2910 1961 ubique
2944 1889 3220 1956 Anselmo,
3249 1888 3336 1944 ille
3374 1888 3509 1942 mira
3537 1889 3642 1942 hu-

2059 1985 2285 2039 militate
2319 1994 2374 2039 et
2409 1984 2694 2038 honestate
2727 1982 3004 2052 praeditus,
3045 1980 3342 2046 inferioris,
3384 1990 3439 2035 et
3481 1980 3639 2049 quasi

2057 2077 2384 2147 sufl‘raganci
2431 2076 2549 2131 loco
2576 2074 2736 2130 simul
2765 2083 2821 2128 et
2863 2074 3040 2128 ofﬁcio
3069 2071 3414 2143 fungebatur.
3461 2071 3642 2142 Super

2057 2171 2175 2225 haec
2224 2179 2284 2222 ut
2327 2167 2634 2238 episcopale
2667 2164 2899 2222 cilicium
2952 2181 3048 2235 per
3101 2175 3270 2220 totam
3321 2165 3638 2234 parochiam

2059 2273 2212 2313 suam
2239 2273 2337 2328 pro
2373 2257 2508 2312 velle
2550 2265 2855 2321 exerceret,
2887 2256 2939 2310 in
2982 2256 3260 2310 voluntate
3306 2254 3422 2322 ejus
3456 2270 3521 2309 ac
3549 2255 3644 2309 de-

2059 2349 2380 2404 liberatione
2433 2347 2736 2402 constituit.
2784 2346 2940 2413 Quod
2995 2346 3086 2400 ubi
3137 2361 3234 2415 per
3284 2344 3403 2399 loca
3462 2344 3641 2399 vicina

2058 2439 2314 2506 innotuit,
2340 2438 2490 2493 illico
2511 2438 2765 2507 frequens
2792 2435 3111 2506 populorum
3137 2449 3436 2490 concursus
3460 2433 3644 2488 factus

2056 2539 2162 2596 est,
2197 2529 2502 2584 unctionem
2547 2528 2690 2582 sacri
2739 2526 3049 2580 chrismatis
3091 2540 3188 2595 per
3233 2523 3638 2594 impositiouem

2059 2635 2252 2675 manus
2280 2619 2422 2674 illius
2451 2616 2788 2687 poscentium
2818 2616 2921 2671 sibi
2951 2614 3209 2670 conferri.
3233 2615 3309 2670 At
3331 2614 3419 2670 ille
3446 2630 3644 2671 onmes

2054 2713 2126 2768 ad
2177 2712 2408 2784 gratiam
2460 2711 2629 2782 ipsius
2676 2709 3004 2764 sacramenti
3053 2708 3400 2773 admittebat,
3455 2708 3527 2762 ita
3583 2719 3642 2763 ut

2058 2808 2356 2878 smpissime
2397 2805 2450 2860 in
2495 2804 2598 2858 hoc
2647 2811 2790 2857 totus
2836 2801 2952 2857 dies
2995 2802 3417 2871 expenderetur,
3452 2810 3508 2855 et
3534 2817 3642 2856 nos

2058 2900 2150 2970 qui
2181 2899 2230 2952 ei
2257 2895 2702 2952 miuistrabamus
2732 2892 2885 2963 gravi
2928 2891 3086 2946 taedio
3119 2891 3481 2957 afﬁcerentur,
3521 2892 3644 2962 ipso

2059 3003 2272 3058 semper
2309 2983 2550 3055 jucundo
2598 2991 2654 3036 et
2703 2981 2861 3036 hilari
2911 2980 3061 3034 vultu
3112 2982 3404 3036 existente.
3454 2981 3640 3036 Crevit

2060 3087 2240 3135 autem
2270 3093 2336 3133 ex
2367 3077 2470 3132 huc
2507 3077 2560 3130 in
2598 3090 2719 3129 eum
2758 3071 2895 3126 mira
2937 3072 3181 3141 quamam
3223 3083 3276 3128 et
3306 3072 3644 3128 incredibilis

2056 3172 2275 3229 dilectio
2318 3171 2584 3235 omnium,
2615 3177 2670 3223 et
2713 3165 2929 3222 bonitas
2971 3163 3090 3233 ejus
3131 3165 3513 3236 divulgabatnr
3542 3180 3644 3234 per

2061 3263 2372 3320 circuitum.

2132 3355 2221 3410 51.
2272 3355 2438 3424 Igitur
2487 3351 2576 3422 qui
2625 3348 2732 3405 illis
2779 3348 2971 3404 diebus
3014 3351 3208 3404 saltem
3260 3348 3518 3418 reliquias
3571 3347 3640 3405 de

2063 3459 2252 3500 mensa
2280 3444 2421 3498 illius
2464 3451 2676 3513 poterat
2707 3439 2931 3507 habere,
2971 3443 3163 3494 contra
3191 3440 3372 3494 omnia
3400 3439 3644 3508 pericula

2061 3548 2118 3594 et
2145 3537 2490 3592 infirmitates
2523 3549 2581 3589 se
2611 3531 2893 3589 salutifera
2935 3531 3193 3586 credebat
3251 3531 3520 3587 medicina
3558 3531 3642 3585 di-

2063 3642 2253 3689 tatum.
2283 3631 2392 3686 Nec
2420 3631 2519 3684 ista
2556 3629 2688 3683 fides
2712 3628 2932 3684 fallebat
2971 3641 3086 3680 eos.
3129 3624 3264 3678 Nam
3291 3639 3482 3679 revera
3506 3639 3646 3678 non-

2065 3724 2239 3780 nullos
2271 3721 2514 3777 febribus
2545 3729 2744 3787 tentus,
2777 3728 2830 3775 et
2853 3719 3180 3789 quibusdam
3207 3715 3326 3771 aliis
3352 3714 3644 3770 infirmita-

2065 3817 2207 3872 tibus
2235 3828 2472 3888 pressos,
2517 3828 2642 3867 mox
2669 3812 2897 3881 sumptis
2941 3811 3186 3865 ciborum
3219 3807 3337 3876 ejus
3373 3808 3642 3877 reliquiis,

2062 3907 2311 3962 novimus
2343 3905 2564 3974 integrae
2585 3901 2807 3957 sanitati
2837 3900 3134 3956 restitutos.
3170 3896 3412 3965 Exempli
3442 3897 3642 3968 gratia,

2059 3997 2324 4053 festivitas
2400 3993 2542 4048 beati
2618 3991 2854 4045 Mauritii
2934 3991 3045 4062 (51)
3103 3989 3336 4044 celebris
3414 3987 3648 4042 habetur

2065 4090 2302 4143 Vienme.
2347 4087 2586 4158 Rogatus
2620 4083 2806 4151 itaque
2844 4081 3134 4137 Auseln‘ius
3173 4096 3204 4135 a
3243 4079 3490 4134 Guidoue
3520 4079 3643 4150 (δὲ)

2062 4181 2233 4253 ipsius
2262 4180 2412 4235 urbis
2440 4178 2870 4248 archiepiscopo,
2907 4175 2963 4229 in
2993 4175 3110 4244 ipsa
3149 4172 3451 4228 festivitate
3492 4173 3647 4226 venit

2059 4287 2145 4328 eo.
2191 4272 2258 4326 Et
2302 4270 2577 4326 celebrato
2622 4269 2852 4324 solemni
2898 4266 3078 4320 missae
3128 4279 3192 4318 ac
3240 4263 3648 4334 praedicationis

377 4354 671 4422 deposcere
709 4351 996 4422 insigniri?
1026 4352 1092 4407 Hi
1134 4355 1388 4422 honores,
1433 4367 1487 4412 et
1518 4359 1708 4415 horum
1753 4362 1958 4421 similes
1984 4388 2035 4448 ι)
2061 4366 2261 4430 ollicio,
2292 4379 2414 4419 cum
2460 4363 2528 4417 ad
2574 4362 2931 4418 refectionem
2977 4359 3223 4428 corporis
3253 4358 3502 4421 sedisset,
3549 4373 3648 4411 ve-

378 4441 520 4513 vulgi
542 4441 754 4497 favores
781 4443 928 4498 illum
958 4445 1156 4515 ubique
1177 4446 1600 4516 comitabantur,
1622 4453 1748 4522 quia
1779 4472 1958 4512 mores

377 4534 463 4587 sui
504 4535 558 4588 in
589 4535 799 4590 cunctis
835 4535 946 4591 Deo
979 4538 1398 4596 l’amulabanlur.
1440 4544 1579 4600 lliuc
1615 4547 1778 4603 etiam
1817 4558 1953 4614 erat,

371 4624 522 4694 quod
558 4640 663 4680 non
691 4625 848 4681 facile
871 4642 900 4680 a
924 4643 1198 4698 quoquam
1229 4632 1412 4688 Romae
1439 4635 1763 4706 simpliciter
1795 4639 1957 4694 homo

379 4714 466 4771 vel
488 4715 949 4786 archiepiscopus,
998 4719 1094 4773 sed
1125 4723 1278 4789 quasi
1310 4725 1532 4794 proprio
1565 4728 1786 4782 nomine
1829 4743 1946 4783 san-

379 4813 500 4861 ctus
540 4804 703 4860 homo
739 4807 1052 4862 vocabatur.
1093 4809 1412 4883 Quicunque
1462 4815 1624 4884 igitur
1658 4816 1706 4870 ei
1751 4818 1954 4873 servie-

379 4894 592 4960 bamus,
629 4895 801 4951 amori
841 4904 896 4951 et
924 4897 1117 4952 honori
1147 4903 1357 4957 cunctis
1398 4920 1633 4962 eramus.
1664 4907 1799 4962 Cum
1827 4923 1956 4965 vero

382 4984 518 5058 [al.,
550 4985 703 5058 ergo]
756 4987 822 5040 ad
869 4987 1154 5058 praefatum
1200 4993 1491 5048 concilium
1529 5005 1746 5051 ventum
1785 5008 1954 5066 esset,

379 5089 434 5136 et
451 5077 566 5150 jam
589 5095 709 5150 quae
736 5079 1022 5135 recidenda
1049 5083 1244 5152 recisa,
1275 5094 1330 5139 et
1357 5102 1474 5155 qua:
1496 5089 1785 5143 statuenda
1809 5091 1957 5148 vide-

380 5174 578 5230 bantur
605 5183 804 5230 statuta
841 5174 1089 5242 fuissent,
1127 5179 1711 5236 cxcommuuicationis
1737 5193 1956 5238 senten-

2061 4467 2258 4514 nerunt
2287 4465 2412 4511 ante
2442 4455 2592 4510 illum
2623 4454 2827 4509 milites
2867 4455 2995 4518 duo,
3026 4465 3158 4504 voce
3205 4459 3259 4504 et
3286 4448 3435 4503 vultu
3466 4465 3646 4518 aegro-

2063 4549 2280 4604 tationis
2319 4547 2622 4602 molestiam
2671 4559 2776 4614 qua
2828 4542 3215 4613 premebantur
3264 4539 3643 4609 praeferentes,

2059 4649 2314 4709 rogantes
2343 4647 2611 4707 quatenus
2648 4635 2714 4690 de
2757 4633 2914 4687 micis
2944 4631 3026 4687 sui
3073 4631 3228 4701 panis
3274 4631 3354 4685 eis
3385 4631 3516 4686 dare
3558 4631 3645 4685 di-

2061 4739 2341 4802 gnaretur.
2395 4729 2464 4782 At
2498 4728 2627 4782 ille:
2675 4745 2692 4777 ι
2729 4724 3106 4795 Nequaquam,
3136 4721 3341 4792 inquit;
3370 4737 3468 4777 nec
3492 4723 3642 4777 enim

2062 4836 2202 4892 pane
2232 4821 2442 4892 integro
2484 4819 2682 4874 nedum
2732 4815 2887 4871 micis
2917 4830 3011 4870 vos
3055 4816 3295 4886 indigere
3339 4815 3641 4886 conspicio.

2061 4914 2167 4968 Sed
2211 4913 2256 4968 si
2300 4913 2584 4968 comedere
2632 4910 2785 4965 vobis
2833 4907 3031 4977 placet,
3077 4908 3289 4978 amplus
3338 4908 3488 4963 locus
3530 4917 3642 4976 est,

2061 5007 2267 5067 sedete,
2313 5015 2522 5059 etcum
2564 5004 2938 5059 benedictione
2985 5001 3078 5056 Dei
3110 5019 3228 5072 qnze
3274 5003 3428 5057 vobis
3475 5017 3644 5072 appo-

2061 5105 2260 5151 nentur
2309 5095 2596 5150 comedite.
2629 5114 2646 5147 ι
2703 5094 3122 5166 Responderunt
3151 5109 3208 5148 se
3253 5109 3352 5164 pro
3381 5095 3480 5148 hoc
3531 5109 3644 5150 non

2060 5187 2296 5242 venis'se.
2325 5205 2342 5237 ι
2378 5185 2486 5240 Nec
2506 5201 2626 5256 ego,
2661 5187 2758 5254 ait,
2791 5185 2946 5240 vobis
2967 5185 3110 5240 aliud
3133 5182 3351 5238 faciam.
3379 5203 3398 5234 ι
3425 5182 3646 5238 Intelle-

1679 5254 2085 5334 IIENSCHENII
2139 5279 2366 5335 Noua.

455 5362 568 5433 (51)
599 5361 987 5433 _S.7Mauritius
1028 5361 1366 5433 Agauncnsis
1406 5361 1603 5416 colitur
1641 5364 1838 5419 ibidem
1879 5367 1962 5424 bis

384 5430 612 5485 solemni
643 5432 839 5498 ofﬁcio,
870 5430 1182 5489 scilicet'ﬂﬁ
1209 5431 1542 5500 Septembris
1568 5433 1654 5486 die
1683 5435 1864 5496 natali,
1905 5449 1961 5493 et

385 5500 581 5554 iterum
624 5501 696 5554 ‘26
739 5501 1008 5568 Octobris,
1048 5513 1102 5558 et
1141 5502 1338 5556 dicitur
1377 5501 1573 5554 festum
1614 5505 1960 5563 revelationis

387 5569 446 5622 S.
520 5569 750 5624 Mauritii
807 5583 859 5626 et
908 5575 1200 5637 sociorum,
1273 5571 1488 5638 quando
1553 5586 1704 5627 saera
1770 5593 1957 5631 eorum

385 5655 613 5710 corpora
638 5658 700 5694 eo
732 5641 940 5697 fuerunt
972 5643 1165 5708 delata,
1200 5651 1250 5696 et
1281 5643 1392 5697 lucc
1439 5640 1724 5699 chtivitas
1754 5644 1838 5699 hic
1879 5649 1960 5702 vi-

2066 5373 2220 5426 detur
2250 5370 2476 5427 indicari
2503 5387 2518 5438 ;
2550 5380 2740 5443 estque
2767 5371 2840 5426 illi
2871 5369 3100 5427 ecclesia
3129 5368 3461 5425 cathedralis
3492 5369 3649 5424 dedi-

2063 5452 2250 5638 ea???
2285 5510 2464 5567 Guido
2518 5510 2840 5568 Viennensis
2888 5510 3366 5581 archiepiscopus.
3425 5519 3650 5568 creatus

2064 5600 2151 5638 an.
2186 5584 2207 5638 1
2253 5584 2342 5638 85.
2374 5584 2546 5638 l'aCtus
2570 5594 2651 5638 est
2679 5581 2920 5638 pontifex
2949 5581 3084 5638 1119
3134 5581 3382 5637 Calixtus
3413 5583 3476 5638 11.

2064 5581 2152 5638 an.
2186 5581 2342 5651 1085,
2374 5584 2546 5639 l'aCtus
2570 5594 2651 5640 est
2677 5581 2920 5653 pontifex
2949 5581 3084 5638 1119
3134 5581 3382 5637 Calixtus
3413 5583 3476 5643 ll.
