3882 6050
234 294 342 353 105

1240 287 1396 343 VITA
1427 284 1750 343 AUCTORE
1779 285 2132 343 EADMERO.
2170 316 2239 327 —
2266 286 2393 341 LIB.
2439 284 2504 341 II.

3405 291 3501 345 £06

236 409 398 458 xerat
427 400 571 457 enim
601 415 708 471 quo
736 386 1101 456 intenderent.
1148 400 1300 458 Unus
1340 417 1470 475 ergo
1506 420 1572 459 ex
1611 405 1697 459 his
1724 402 1817 473 qui
1851 403 1893 458 A
1920 399 2140 465 struxit,
2176 406 2231 455 et
2254 398 2573 455 familiarem
2605 396 2709 453 sibi
2740 395 2988 454 effectum
3031 399 3347 456 correctiori
3380 404 3508 456 vitae

237 492 290 545 in
354 489 472 556 ejus
525 491 714 551 dextra
776 490 1040 545 sedebant
1093 490 1405 562 intelligens
1457 493 1578 547 illos
1628 493 1825 549 salutis

234 580 473 651 propriae
519 594 706 635 curam
740 579 963 642 habere.
1008 588 1064 633 et
1093 579 1268 634 virum
1299 581 1352 635 in
1385 582 1490 637 hoc
1514 582 1649 637 nihil
1681 583 1827 651 quod

237 669 505 725 miraculo
552 678 740 740 posset
779 670 981 736 ascribi
1014 670 1152 726 velle
1204 670 1404 739 facere,
1449 673 1603 742 quasi
1637 687 1826 728 eorum

238 763 655 833 importunitate
710 772 1005 834 pertaesus,
1070 773 1288 834 arrepta
1346 765 1579 835 desuper
1640 780 1827 820 mensa

237 853 545 925 fragmenta
582 855 817 925 prtebuit
855 856 957 921 eis,
987 864 1043 912 et
1088 871 1158 912 ne
1204 858 1481 923 hominem
1534 858 1831 930 fatigarent

237 947 501 1001 secedere
538 946 770 1001 monuit.
820 945 923 1014 Qui
973 948 1155 1004 statim
1207 956 1270 1003 ut
1309 950 1505 1005 exinde
1555 950 1825 1005 modicum

237 1046 596 1109 gnstaverunt
614 1054 737 1094 cum
765 1039 1143 1095 benedictione
1168 1041 1270 1095 viri
1297 1041 1501 1112 egressi
1530 1051 1674 1096 sunt.
1700 1041 1829 1097 Post

238 1144 489 1184 mensam
517 1129 572 1183 in
603 1130 957 1184 secretiorem
989 1130 1168 1185 locum
1192 1146 1278 1184 me
1310 1131 1566 1197 tulerunt,
1597 1147 1827 1202 magno-

236 1233 368 1289 pere
394 1208 743 1288 postulantes
786 1227 1058 1287 quatenus
1104 1217 1275 1286 adjuti
1320 1235 1438 1275 mea
1463 1235 1565 1290 ope
1587 1221 1655 1273 ad
1694 1220 1829 1274 mis-

235 1325 354 1365 sam
385 1309 567 1364 Patris
616 1318 960 1367 mererentur
999 1310 1067 1364 de
1113 1324 1276 1364 manu
1322 1309 1440 1378 ejus
1482 1310 1827 1366 Dominicum

234 1419 439 1474 corpus
469 1416 527 1459 et
554 1405 875 1475 sanguinem
928 1420 1167 1459 sumere.
1217 1406 1366 1473 Quos
1417 1422 1541 1462 eum
1593 1406 1830 1462 libenter

238 1494 538 1563 audissem,
585 1502 639 1549 et
668 1495 907 1564 quando,
939 1510 1115 1565 quove
1148 1496 1201 1549 in
1248 1496 1367 1551 loco
1421 1497 1475 1551 id
1523 1496 1678 1551 fieret
1703 1498 1831 1551 edo-

236 1584 499 1650 cuissem,
532 1583 770 1653 gratiosa
819 1598 952 1638 voce
991 1584 1428 1653 responderunt:
1475 1584 1542 1638 Et
1571 1599 1671 1640 nos
1704 1584 1828 1653 qui-

241 1678 369 1729 dem
402 1675 553 1729 omni
605 1676 958 1730 excusatione
1003 1686 1231 1739 semota,
1264 1676 1406 1730 sicut
1435 1676 1592 1738 diris,
1640 1676 1830 1731 venie-

238 1780 387 1831 mus,
419 1765 465 1819 si
495 1765 598 1819 hac
645 1764 933 1830 medicina,
959 1781 1117 1835 quam
1150 1782 1295 1821 nunc
1343 1769 1408 1821 de
1440 1783 1624 1822 mensa
1665 1768 1833 1836 ipsius

237 1856 587 1925 suscepimus
629 1872 658 1910 a
685 1858 988 1927 quartanis,
1034 1867 1089 1912 et
1125 1858 1423 1914 mortiferis
1473 1859 1736 1926 febribus,
1769 1877 1832 1916 ac

238 1948 635 2002 intestinorum
684 1949 1037 2016 tortionibus,
1086 1950 1286 2019 quibus
1335 1951 1663 2006 intolerabili
1703 1968 1829 2008 cru—

239 2038 390 2092 ciatu
439 2039 819 2106 concutimur,
870 2040 1086 2095 liberati
1133 2056 1240 2096 non
1290 2041 1577 2097 fuerimus.
1623 2043 1689 2097 Et
1731 2046 1833 2099 hoc

240 2132 350 2185 erit
387 2130 601 2201 signum
649 2129 744 2202 [αι.
769 2173 785 2196 ,
823 2130 986 2201 signi]
1021 2132 1159 2186 inter
1209 2147 1307 2187 nos
1337 2143 1393 2188 et
1446 2143 1520 2199 te,
1569 2139 1830 2203 quoniam

241 2225 286 2278 si
319 2223 785 2287 convaluerimus,
817 2239 924 2278 non
955 2224 1274 2279 veniemus:
1320 2226 1601 2280 veniemus
1630 2227 1676 2281 si
1726 2242 1830 2281 non

239 2314 639 2370 convaluimus.
683 2314 949 2385 Adquievi
981 2315 1125 2369 dicto
1155 2314 1252 2386 [αι.
1275 2356 1291 2380 ,
1324 2317 1523 2384 quibus
1565 2317 1749 2389 dictis]
1781 2327 1835 2371 et

243 2408 314 2463 ad
354 2408 583 2464 invicem
616 2408 775 2463 divisi
806 2422 1015 2463 sumus.
1048 2406 1165 2463 Non
1215 2418 1504 2474 venerunt,
1537 2409 1663 2477 quia
1696 2411 1835 2464 sicut

240 2501 431 2571 accepi
462 2500 533 2555 ab
576 2501 657 2556 eis
696 2501 789 2571 qui
834 2510 1124 2570 utrumque
1174 2510 1441 2555 noverunt
1484 2516 1549 2556 eo
1596 2501 1737 2570 quod
1770 2503 1835 2555 de

242 2605 432 2646 mensa
461 2598 787 2659 acceperant
832 2590 901 2644 ad
932 2590 1151 2660 plenum
1198 2590 1291 2643 Dei
1324 2590 1498 2659 gratia
1544 2590 1837 2645 convalue-

243 2698 398 2741 runt.
425 2686 581 2754 Quod
608 2685 827 2756 quidem
874 2687 916 2740 si
947 2686 1021 2740 ita
1052 2701 1155 2741 non
1199 2684 1418 2749 fuisset,
1483 2686 1836 2755 quemadmo-

245 2777 378 2834 dum
430 2777 554 2833 illos
619 2777 939 2834 infirmitate
1002 2786 1258 2847 gravatos
1318 2778 1542 2831 sanitati
1604 2778 1839 2835 voluisse

246 2869 468 2924 restitui
502 2869 761 2925 credibile
791 2880 907 2934 est;
941 2869 1015 2923 ita
1043 2884 1139 2923 eos
1176 2869 1244 2922 ab
1285 2868 1640 2937 requisitione
1682 2871 1839 2925 istius

244 2962 574 3033 posterioris
621 2961 903 3017 medicina:
947 2960 1308 3032 supersedere
1349 2959 1587 3016 noluisse
1614 2962 1837 3017 dubium

248 3068 359 3107 non
388 3062 493 3110 est.

1870 3105 1912 3160 C

317 3168 412 3222 52.
440 3166 606 3222 Certo
646 3182 840 3237 nempe
879 3167 1142 3222 tenebant
1171 3166 1272 3221 ista
1306 3181 1385 3231 se,
1424 3167 1555 3235 quin
1584 3166 1840 3220 convale-

250 3268 477 3315 scerent
534 3258 644 3312 falli
699 3273 804 3312 non
860 3272 1041 3327 posse,
1103 3257 1342 3312 scientes
1394 3257 1682 3326 quemdam
1736 3271 1875 3320 non,

252 3350 426 3420 ignoti
456 3349 698 3404 nominis
717 3349 901 3403 virum
924 3362 989 3403 eo
1018 3347 1139 3403 solo
1164 3349 1308 3417 quod
1333 3363 1430 3417 spe
1455 3346 1841 3416 recuperandae

247 3440 510 3496 sanitatis
548 3439 727 3493 missa:
770 3438 915 3493 illius
945 3437 1212 3502 interfuit,
1243 3455 1272 3492 a
1311 3438 1427 3507 pari
1478 3446 1605 3493 tunc
1632 3438 1845 3492 noviter

249 3528 626 3584 invaletudine
655 3528 1021 3585 convaluisse.
1058 3527 1339 3597 Siquidem
1371 3544 1513 3583 unus
1561 3544 1592 3582 e
1638 3529 1843 3598 princi-

251 3623 417 3692 pibus
471 3630 627 3676 terrae
680 3620 826 3674 illius
877 3620 969 3675 diu
1017 3620 1208 3677 eadem
1265 3635 1371 3690 qua
1410 3621 1509 3689 ipsi
1567 3621 1845 3691 languoris

254 3712 506 3765 molestia
539 3719 765 3766 vexatus
802 3710 999 3766 fuerat.
1052 3710 1151 3764 llic
1201 3712 1384 3781 agnito
1418 3711 1737 3767 Anselmum
1789 3713 1843 3766 in

252 3803 487 3858 ecclesia
519 3802 669 3856 Beati
715 3802 973 3873 Stephani
1007 3802 1120 3872 (55)
1153 3803 1372 3857 missam
1418 3817 1484 3857 ex
1529 3818 1678 3858 more
1705 3803 1847 3857 celeo

253 3896 565 3959 bratur-um,
598 3894 880 3949 festinavit
923 3893 1016 3947 illo
1045 3894 1320 3948 arbitrans
1350 3894 1451 3947 sibi
1501 3895 1567 3947 ad
1617 3909 1847 3963 recupe-

260 3988 490 4043 randam
534 3988 829 4042 sanitatem
877 3986 1009 4040 utile
1061 3985 1200 4049 fore,
1250 3988 1295 4040 si
1347 3987 1511 4041 missa
1565 3986 1702 4040 tanti
1746 3988 1847 4040 viri

255 4096 321 4135 ac
351 4080 734 4136 benedictione
778 4078 1071 4135 meruisset
1116 4079 1303 4148 potiri.
1357 4078 1578 4140 Fateor,
1612 4078 1849 4132 vidimus

255 4170 538 4227 hominem
577 4186 801 4226 suorum
852 4171 1103 4225 manibus
1153 4170 1398 4224 innixum
1430 4169 1720 4225 ecclesiam
1768 4169 1851 4222 in-

256 4271 591 4328 troeuntem,
615 4270 831 4316 mortuo
857 4273 1021 4329 quam
1049 4260 1249 4315 viventi
1296 4260 1636 4314 similiorem.
1672 4259 1847 4323 Sedit,

253 4364 312 4407 et
345 4352 503 4407 ﬁnita
541 4352 703 4406 missa
735 4365 988 4421 egressus
1032 4358 1136 4405 est.
1187 4349 1351 4403 Nobis
1392 4365 1548 4413 vero,
1580 4364 1679 4403 nec
1705 4349 1850 4417 quis,

1930 501 1990 544 ut
2023 498 2146 560 post
2191 488 2483 544 multorum
2532 488 2844 544 testimonio
2890 487 3276 559 comperimus,
3326 490 3501 545 reddi-

1929 580 2024 635 dit.

1998 672 2089 727 55.
2143 671 2240 728 llis
2285 672 2397 728 fere
2451 672 2825 743 temporibus,
2881 672 3199 728 Clnniacum
3254 674 3512 730 euntibus
3598 731 3601 735 ,

1930 761 2089 818 nobis
2116 765 2354 819 occurrit
2382 764 2602 833 quidam
2626 765 2765 819 sacri
2792 764 3000 819 ordinis
3026 765 3207 830 homo,
3239 765 3513 836 lacrymo-

1928 854 2003 907 sis
2033 855 2287 924 precibus
2322 856 2500 910 virum
2538 856 2837 925 deprecans
2875 865 3142 926 quatenus
3178 865 3235 911 et
3261 872 3321 912 se
3350 858 3512 912 oculo

1929 944 2316 1000 misericordia
2378 955 2433 1001 et
2488 960 2732 1002 sororem
2790 962 2946 1002 suam
3002 961 3175 1017 nuper
3235 959 3511 1003 amentem

1928 1032 2176 1089 effectam
2226 1036 2451 1091 dextera
2489 1052 2599 1091 suae
2648 1036 3043 1093 benedictionis
3088 1038 3403 1109 dignaretur
3430 1054 3514 1093 re-

1929 1126 2157 1197 spicere.
2194 1127 2261 1181 Et
2292 1128 2570 1183 subdens:
2616 1129 2779 1193 Ecce,
2807 1129 2903 1193 ait,
2952 1129 3006 1183 in
3045 1129 3133 1183 via
3163 1145 3269 1199 qua
3315 1131 3515 1184 transb-

1931 1219 2036 1272 turi
2068 1218 2202 1275 estis
2230 1219 2374 1275 inter
2400 1220 2599 1275 multos
2627 1230 2867 1287 tenetur,
2894 1229 3181 1292 sperantes
3199 1224 3325 1293 quia
3357 1225 3401 1279 si
3434 1235 3511 1289 tu,

1927 1307 2164 1373 domine,
2218 1310 2269 1363 ei
2308 1325 2525 1364 manum
2577 1310 2925 1381 imposueris,
2981 1312 3242 1367 continuo
3288 1310 3512 1369 favente

1930 1401 2103 1471 gratia
2144 1400 2264 1467 Dei,
2295 1417 2405 1457 suae
2456 1403 2623 1457 menti
2682 1403 3086 1458 restitueretur.
3134 1403 3217 1458 Ad
3264 1405 3377 1460 haec
3426 1406 3515 1461 ille

1931 1502 2081 1547 muta
2133 1508 2266 1549 voce
2293 1503 2348 1547 et
2405 1495 2561 1563 quasi
2612 1494 2773 1550 surda
2825 1495 3139 1564 pertransiit
3184 1510 3333 1553 aure.
3388 1497 3516 1553 Pre-

1930 1584 2207 1654 sbyterum
2258 1592 2439 1639 autem
2497 1599 2561 1638 eo
2620 1584 2793 1654 magis
2847 1585 3138 1639 instantem
3202 1601 3267 1640 ac
3323 1601 3515 1656 preces

1932 1675 2382 1744 multiplicantem
2410 1677 2606 1747 repulit
2632 1693 2663 1731 a
2693 1693 2771 1742 se,
2793 1679 3045 1734 omnibus
3066 1680 3239 1736 modis
3263 1696 3515 1736 asserens

1866 1756 2044 1819 Btam
2077 1776 2402 1821 extraneum
2451 1766 2654 1823 factum
2702 1768 2849 1823 nulla
2900 1770 3001 1824 sibi
3044 1771 3254 1828 ratione
3303 1780 3516 1828 tentan-

1937 1858 2084 1911 dum.
2114 1857 2258 1912 Inter
2283 1858 2399 1912 luec
2438 1857 2783 1927 procedimus
2824 1866 2879 1912 et
2908 1859 3053 1914 illam
3093 1861 3146 1915 in
3179 1862 3357 1917 medio
3384 1864 3519 1917 adn-

1934 1958 2078 2003 natze
2132 1949 2496 2005 multitudinis
2568 1951 2817 2006 cominus
2870 1953 3040 2006 teneri
3108 1953 3517 2022 conspicimus,

1933 2042 2255 2097 l'urihundos
2283 2051 2481 2105 motus,
2522 2052 2577 2098 et
2608 2043 2933 2098 inhumanos
2963 2051 3153 2108 nutus,
3189 2045 3366 2113 vultu,
3398 2063 3515 2110 ore,

1934 2132 2126 2194 oculis,
2170 2141 2225 2184 et
2273 2132 2438 2187 totius
2489 2132 2736 2201 corporis
2766 2141 2918 2201 gestu
2959 2134 3231 2189 edentem.
3282 2133 3519 2204 Populus

1937 2225 2121 2293 itaque
2164 2225 2337 2278 virum
2369 2224 2747 2277 advenientem
2782 2224 3109 2287 circumdat,
3142 2228 3374 2280 retentis
3421 2228 3521 2282 ha-

1937 2315 2093 2369 benis
2116 2328 2308 2382 preces
2349 2312 2671 2382 ingeminat,
2710 2321 2770 2364 ut
2796 2314 3011 2367 miserm
3052 2314 3263 2369 mulieri
3298 2331 3518 2372 mamnn

1940 2406 2201 2475 imponat,
2232 2412 2377 2467 orat,
2424 2402 2696 2456 obsecrat.
2742 2402 2972 2457 Obsistit
3002 2403 3091 2459 ille
3134 2405 3321 2460 dicens
3377 2411 3522 2477 quod

1939 2495 2213 2565 postulant
2253 2509 2595 2564 nequaquam
2641 2509 2763 2549 esse
2791 2495 3090 2563 sapientize.
3120 2494 3396 2565 Objiciunt
3443 2498 3520 2552 illi

1941 2586 2083 2657 vulgi
2117 2601 2267 2640 more
2314 2601 2436 2654 quae
2480 2587 2877 2651 occurrebant,
2903 2589 3091 2645 saltem
3116 2585 3523 2656 importunitate

1942 2678 2159 2732 vincere
2201 2677 2515 2745 gestientes.
2569 2676 2721 2731 Tune
2769 2678 2854 2731 vir
2900 2678 3061 2731 aliter
3109 2693 3310 2733 senon
3362 2697 3523 2749 posse

1941 2768 2171 2823 evadere
2203 2767 2468 2832 sentiens,
2506 2767 2607 2821 hoc
2648 2767 2766 2822 solo
2800 2768 2881 2821 eis
2923 2784 3129 2823 morem
3159 2773 3345 2840 gessit,
3374 2774 3521 2828 vide-

1943 2860 2070 2915 licet
2109 2858 2252 2928 quod
2298 2856 2426 2910 nulli
2463 2871 2660 2925 negare
2702 2857 2933 2923 solebat,
2962 2858 3119 2927 signo
3162 2875 3281 2914 eam
3324 2872 3527 2917 sauctze

1944 2952 2122 3007 erucis
2159 2951 2335 3005 levata
2382 2949 2573 3003 dextra
2628 2949 2881 3019 signavit.
2938 2952 3056 3016 Quo
3104 2952 3267 3018 facto,
3323 2954 3527 3009 laxatis

1947 3043 2173 3099 habenis
2194 3043 2344 3096 ocior
2364 3041 2497 3104 abit,
2532 3041 2893 3109 impusitoque
2929 3041 3152 3097 cucullze
3185 3060 3295 3098 suae
3327 3046 3529 3115 capitio

1946 3133 2133 3203 capiti,
2165 3133 2391 3185 remotis
2421 3130 2609 3194 sociis,
2655 3131 2946 3201 singularis
2974 3133 3144 3197 vadit,
3178 3133 3409 3189 infelicis
3446 3137 3533 3191 fc-

1946 3230 2108 3283 mina:
2137 3242 2408 3281 aerumnas
2433 3225 2649 3295 pietatis
2678 3224 2873 3280 affectu
2899 3226 3405 3300 perfususlacrymis
3427 3228 3529 3304 [αἱ.

1946 3322 2094 3375 omit.
2135 3336 2186 3390 p.
2230 3318 2294 3391 1.]
2329 3318 2621 3374 tenerrime
2659 3317 2884 3373 deflens.
2924 3318 3035 3374 Hac
3076 3335 3174 3376 nos
3201 3324 3532 3380 contritione

1947 3417 2493 3484 afﬂictiCluniacum,
2542 3418 2631 3471 illa
2661 3418 2803 3488 vulgi
2853 3420 3105 3475 manibus
3150 3432 3274 3476 acta
3310 3423 3531 3478 domum

1948 3508 2198 3563 tetendit.
2226 3506 2463 3564 Necdum
2499 3522 2595 3576 pes
2627 3507 2742 3576 ejus
2782 3509 2951 3563 limen
2994 3524 3107 3565 suae
3144 3510 3337 3567 domus
3374 3515 3532 3568 attri-

1948 3601 2045 3667 vit,
2076 3611 2131 3657 et
2163 3602 2530 3673 integerrimas
2570 3602 2789 3657 sanitati
2837 3604 3036 3657 donata
3085 3605 3138 3659 in
3174 3604 3392 3661 laudem
3427 3608 3531 3662 viri

1948 3695 2156 3764 linguas
2183 3696 2425 3750 omnium
2456 3693 2638 3749 solvit.
2683 3693 2855 3761 Quam
2887 3710 3003 3750 rem
3047 3695 3126 3751 sic
3171 3696 3373 3753 factam
3404 3702 3533 3755 dum

1949 3794 2095 3840 certa
2124 3787 2385 3841 relatione
2407 3785 2649 3840 Cluniaci
2670 3788 3089 3855 accepissemus,
3117 3789 3284 3858 gavisi
3320 3807 3527 3859 sumus,

1950 3893 2013 3933 ac
2060 3893 2158 3947 pro
2210 3894 2305 3932 sua
2360 3876 2731 3931 misericordia
2788 3878 2898 3932 Deo
2946 3880 3174 3949 gratiam
3223 3891 3275 3935 et
3306 3880 3533 3951 gloriam

1949 3972 2213 4027 dedimus.

2023 4063 2111 4116 54.
2157 4064 2307 4116 Actis
2346 4063 2538 4116 deinde
2563 4068 2783 4131 propter
2812 4075 2931 4130 qum
2965 4060 3285 4116 Cluniacum
3316 4063 3537 4118 adveni-

1954 4172 2094 4219 mns,
2145 4154 2411 4208 reversuri
2461 4153 2776 4222 Lugdunum
2826 4155 2929 4207 iter
2974 4167 3067 4223 per
3107 4153 3383 4209 civitatem
3428 4155 3539 4210 Ma-

1956 4249 2313 4302 tisconensem
2344 4246 2691 4315 arripuimus.
2740 4245 2841 4300 Ubi
2873 4245 3159 4301 Anselmus
3201 4257 3391 4316 rogatu
3420 4249 3535 4317 epi-

1955 4340 2101 4410 scopi
2160 4340 2269 4409 (55)
2324 4350 2378 4391 et
2424 4340 2805 4391 czmonicorum
2857 4338 3079 4392 missam
3132 4338 3346 4408 publice
3393 4342 3535 4408 apud

258 4444 343 4498 γει
375 4444 521 4500 unde
564 4454 657 4499 am
688 4460 785 4499 ωι-
814 4445 1093 4499 advenerit
1123 4444 1420 4497 scientibus
1471 4450 1564 4495 aut
1605 4440 1849 4495 cummi-
1882 4456 1930 4514 ι)
1959 4433 2213 4487 Sanclmn
2266 4430 2603 4484 Vincentium
2655 4429 2979 4494 celebravit;
3035 4440 3089 4483 et
3145 4430 3286 4482 inter
3338 4444 3541 4484 serum-

260 4537 388 4601 bus,
437 4537 579 4590 idem
626 4535 730 4600 vir,
778 4535 1009 4591 evolutis
1035 4536 1222 4604 paucis
1267 4534 1475 4600 diebus,
1524 4533 1590 4587 ad
1634 4532 1849 4586 Patrem

258 4627 436 4690 venit,
482 4626 636 4681 flexis
666 4627 894 4695 genibus
920 4626 968 4681 ei
1018 4641 1115 4694 pro
1147 4626 1342 4694 adepta
1390 4624 1623 4677 sanitate
1647 4624 1852 4692 gratias

261 4731 455 4786 agens.
494 4716 574 4771 Ad
599 4717 740 4785 quod
768 4731 894 4771 cum
927 4715 1015 4769 ille
1048 4716 1479 4784 obstupe’sceret,
1511 4712 1771 4768 indicavit
1804 4711 1854 4766 ei

259 4809 515 4864 ordinem
554 4818 717 4877 gestat
766 4808 866 4873 rei,
916 4807 1246 4863 confirmans
1291 4804 1434 4875 quod
1470 4807 1538 4859 ab
1581 4820 1645 4859 ea
1695 4804 1851 4867 hora,

262 4916 374 4972 qua
402 4916 462 4956 se
491 4902 670 4957 missa!
699 4901 842 4956 illius
877 4899 1249 4969 praxsentavit,
1280 4898 1425 4952 omni
1468 4896 1669 4951 doloris
1690 4912 1854 4951 vexa-

263 4992 420 5046 tione
447 4991 688 5061 depulsa,
722 4992 944 5046 sanitati
992 4992 1275 5045 restitutus
1299 4991 1389 5044 sit.
1420 4989 1489 5042 At
1515 4987 1603 5042 ille
1627 4988 1758 5043 nihil
1787 4989 1855 5042 ad

265 5098 329 5137 se
370 5084 475 5136 hoc
507 5083 799 5151 pertinere,
832 5083 924 5137 sed
970 5082 1139 5150 ipsius
1186 5080 1309 5135 fidei
1354 5095 1417 5134 ae
1460 5078 1669 5133 meritis
1712 5077 1857 5133 beati

264 5176 552 5244 martyris,
598 5177 664 5230 ad
692 5192 852 5245 quem
882 5176 1135 5240 divertit,
1170 5172 1548 5227 ascribendum
1586 5186 1856 5235 asserens,

267 5265 360 5319 liis
403 5282 523 5333 quae
567 5267 729 5320 saluti
767 5266 963 5319 anima:
991 5264 1133 5317 illius
1170 5270 1563 5330 competerent,
1611 5276 1742 5316 eum
1775 5262 1858 5313 iu-

1958 4540 2102 4588 nem,
2128 4536 2288 4591 quem
2317 4521 2381 4574 ad
2409 4519 2659 4587 populum
2694 4518 2902 4583 habuit,
2937 4525 2998 4571 ut
3022 4531 3213 4571 omnes
3255 4516 3539 4572 Dominum

1956 4631 2055 4685 pro
2086 4614 2334 4668 siccitate
2364 4627 2468 4681 qua
2515 4612 2567 4664 in
2598 4611 2921 4664 immensum
2950 4616 3098 4663 terra
3128 4618 3367 4675 aruerat,
3396 4627 3544 4667 com-

1960 4706 2195 4761 muniter
2234 4711 2609 4773 precarentur,
2657 4702 2955 4757 admonuit.
2991 4700 3190 4757 Dicunt
3231 4716 3291 4757 se
3332 4702 3444 4771 jam
3488 4703 3543 4757 id

1959 4800 2155 4869 saepius
2213 4797 2427 4864 fecisse,
2478 4798 2570 4851 sed
2625 4795 2757 4849 nihil
2812 4793 3086 4863 effecisse;
3142 4806 3198 4851 et
3242 4811 3307 4851 ea
3356 4811 3435 4860 re,
3486 4805 3546 4848 ut

1962 4905 2150 4960 preces
2192 4904 2377 4943 eorum
2420 4888 2532 4958 ipse
2561 4901 2655 4940 sua
2704 4902 2868 4956 prece
2898 4901 3080 4940 coram
3132 4886 3244 4939 Deo
3296 4883 3543 4939 efficaces

1966 4984 2185 5047 efficiat,
2210 4995 2538 5051 magnopere
2559 4988 2718 5034 erant
2737 4988 2792 5031 et
2813 4978 3124 5032 obsecrant.
3156 4977 3295 5044 Quid
3320 4977 3495 5031 dicam
3520 4976 3545 5029 ?

1968 5073 2203 5128 Necdum
2243 5070 2426 5141 pransi
2463 5082 2697 5131 eramus,
2728 5077 2781 5120 et
2811 5081 2941 5120 ecce
2987 5065 3166 5119 subito
3198 5063 3545 5132 stupentibus

1970 5168 2178 5223 cunctis
2207 5164 2479 5219 serenitas
2506 5160 2629 5215 ωδιί
2665 5160 2717 5213 in
2750 5158 2988 5214 nubilum
3018 5159 3272 5223 vertitur,
3318 5156 3545 5225 ipsaque

1972 5260 2057 5313 die
2103 5258 2416 5328 priusquam
2470 5252 2693 5305 civitate
2750 5249 3155 5320 egrederemur,
3194 5246 3372 5309 pluvia
3428 5245 3549 5301 dul-

1583 5375 1993 5433 IIENSCIIENII
2044 5371 2270 5427 NOTAE.

350 5477 469 5548 (33)
506 5476 772 5548 Oppidum
818 5472 876 5548 S.
935 5473 1195 5548 Stephani
1244 5472 1312 5525 de
1362 5470 1658 5548 Furenti-iis.
1716 5470 1856 5548 intra

270 5540 480 5605 nonam
527 5540 805 5600 aHVienna
863 5540 1094 5607 leucam,
1144 5543 1371 5597 fortasse
1416 5540 1763 5607 intelligitur;
1814 5541 1858 5591 si

273 5630 465 5675 tamen
509 5627 659 5671 extra
698 5616 968 5670 civitatem
1008 5615 1177 5683 ipsam
1220 5613 1594 5683 Viennensem,
1645 5607 1859 5683 Lugdu-

272 5704 535 5755 nensem,
559 5696 651 5741 aut
675 5686 904 5741 similem
923 5680 1081 5738 aliain
1108 5684 1455 5753 qmerendum
1484 5682 1583 5735 hoc
1601 5680 1856 5749 teoi'plum

611 5789 880 5850 Pauor.
924 5781 1200 5846 CLVIII,

1966 5477 2150 5608 est“)
2192 5533 2498 5608 Bernartius
2527 5534 2573 5587 is
2596 5531 2712 5597 fuit,
2739 5546 2881 5587 anno
2908 5529 3042 5586 1097
3068 5528 3241 5599 factus
3264 5527 3549 5598 episcopus

1968 5606 2397 5663 Matisconensis.
3472 5608 3475 5613 ‘

3000 5762 3036 5819 [ι
