3882 6050
368 267 480 330 107

1357 269 1414 324 S.
1464 269 1765 327 ANSELMI
1800 273 2148 333 CANTUAR.
2204 271 2520 332 ARCHIEP.

3508 269 3618 324 ⁸1(τὸ

366 406 449 448 CiS
480 399 533 443 et
563 401 778 460 copiosa
811 385 971 442 terris
1007 383 1261 440 illabitur.
1294 383 1453 440 Plebs
1493 386 1655 456 igitur
1682 388 1796 443 viso
1826 391 1925 445 hoc
1957 392 2005 452 Λ
2035 400 2090 446 et
2121 391 2446 448 Willelmum
2470 401 2671 458 regem,
2703 384 3118 439 determinatum
3158 393 3240 439 cst
3267 369 3429 454 atque
3457 387 3614 442 seda-

368 481 510 538 facto
557 479 837 536 benedixit
867 477 1176 542 Dominum,
1221 484 1273 531 et
1311 475 1426 545 ejus
1472 487 1598 547 post
1643 478 1810 535 Deum
1841 499 1937 538 au-

366 586 574 630 ctorem
603 570 812 641 magnis
841 568 1088 624 laudibus
1117 567 1413 638 przcdicant
1458 570 1794 626 Anselmum.
1828 575 1936 630 Ita-

367 680 495 738 que,
527 665 582 718 in
635 661 1004 718 habitaculum
1058 670 1301 716 nostrum
1358 659 1676 732 Lugdunum
1711 669 1934 732 reversi,

368 759 610 828 quietam
639 755 804 808 vitam
831 753 899 806 ab
946 752 1091 807 omni
1138 751 1366 806 tumultu
1414 754 1614 822 negotii
1663 755 1940 812 saecularis

370 847 682 916 agebamus.
727 843 1014 898 Anselmus
1043 857 1171 897 vero
1219 843 1381 897 vitam
1412 844 1524 898 veri
1571 847 1713 900 servi
1745 847 1835 901 Dei
1883 849 1937 902 in

368 937 574 993 sanctis
620 933 1078 998 meditationibus,
1122 933 1174 987 in
1219 933 1394 988 omnis
1437 949 1618 1000 sexus,
1663 939 1838 991 aetatis
1885 949 1939 993 et

368 1027 577 1084 ordinis
605 1026 886 1082 hominum
917 1024 982 1078 ad
1013 1038 1072 1078 se
1108 1024 1437 1078 venientium
1467 1025 1935 1094 aedificationibus,

370 1132 432 1172 ac
459 1117 512 1171 in
541 1125 862 1172 eaeterarum
892 1114 1152 1168 virtutum
1170 1114 1602 1171 exhibitionibus
1625 1119 1935 1174 exercebat.

369 1205 473 1260 Per
521 1205 572 1260 id
622 1204 783 1260 etiam
830 1202 1088 1272 temporis
1132 1203 1349 1272 scripsit
1396 1202 1594 1259 librum
1652 1222 1818 1262 unum
1867 1206 1942 1261 De

368 1305 616 1364 conceptu
658 1293 900 1363 virginali
930 1301 984 1347 et
1024 1292 1102 1346 De
1129 1303 1338 1362 peccato
1386 1294 1651 1364 originali,
1696 1305 1751 1352 et
1797 1296 1942 1352 aliud

369 1381 638 1451 quoddam
668 1379 985 1450 opusculum
1017 1378 1203 1432 multis
1247 1387 1459 1448 gratum
1502 1389 1556 1433 et
1598 1380 1940 1447 delectabile,

371 1475 458 1530 cui
514 1473 726 1530 titulum
789 1471 1028 1526 indidit:
1088 1469 1362 1524 Meditatio
1420 1471 1784 1540 redemptionis
1839 1472 1942 1525 liu-

369 1580 556 1620 mana’.

971 1647 1198 1704 CAPUT
1250 1647 1335 1704 Vl.

2042 490 2173 536 tum.
2206 481 2288 535 Ad
2335 480 2477 550 quod
2509 477 2599 531 ille
2631 475 2867 530 alacrior
2895 473 3066 528 factus
3099 474 3239 529 illico
3283 485 3443 545 caput
3471 476 3610 532 leva-

2037 571 2137 637 vit,
2168 579 2221 626 et
2250 569 2453 641 apertis
2479 566 2651 622 oculis
2675 565 3139 634 circumspectans
3168 566 3438 621 nemiuem
3461 567 3618 622 vidit.

2039 658 2301 731 Sequenti
2329 667 2506 713 autem
2531 665 2692 711 nocte
2723 655 2864 708 inter
2885 654 3183 709 matutinas
3209 669 3346 708 unus
3377 665 3620 711 nostrum

2037 752 2234 809 clausis
2259 749 2429 806 oculis
2461 748 2638 803 stabat
2657 753 2714 802 et
2744 745 3029 816 psallebat.
3055 745 3121 800 Et
3149 760 3275 813 ecce
3298 746 3373 802 illi
3397 748 3619 818 quidam

2040 842 2339 898 chartulam
2395 838 2687 894 admodum
2741 853 2962 907 parvam
3017 837 3301 906 legendam
3354 839 3620 894 exhibuit.

2037 929 2282 998 Aspexit,
2315 938 2370 982 et
2396 929 2449 982 in
2476 943 2562 988 ea.
2593 927 2733 980 Obiit
2770 942 2862 980 rex
2895 925 3215 993 Willelmus,
3246 928 3505 997 scriptum
3535 930 3617 981 in-

2039 1021 2204 1076 venit.
2263 1018 2562 1074 Confestim
2614 1017 2829 1087 aperuit
2875 1017 3086 1083 oculos,
3136 1026 3190 1073 et
3239 1017 3445 1073 nullum
3488 1019 3622 1074 vidit

2024 1120 2239 1181 praeter
2263 1111 2459 1166 socios.

2110 1202 2200 1256 57.
2239 1199 2367 1256 P’ost
2396 1201 2632 1255 triduum
2669 1200 2869 1254 abhinc
2904 1200 2972 1253 ad
3011 1199 3282 1254 abbatiam
3316 1215 3435 1271 qua:
3461 1216 3624 1258 voca-

2043 1299 2130 1345 tur
2171 1290 2310 1346 Casa
2358 1289 2472 1356 Dei,
2522 1289 2708 1344 multis
2742 1289 2994 1359 precibus
3033 1289 3292 1344 invitatus
3336 1289 3626 1346 Anselmus

2043 1382 2302 1452 perrexit.
2345 1380 2448 1436 Ubi
2479 1396 2599 1434 cum
2636 1380 2932 1436 honoriﬁce
2968 1389 3254 1450 susceptus
3289 1389 3343 1435 et
3383 1381 3624 1452 ltOSpila-

2045 1484 2132 1528 tus
2161 1473 2368 1538 fuisset,
2394 1488 2500 1526 una
2523 1473 2732 1528 dierum
2755 1471 3015 1528 fratribus
3039 1472 3143 1528 loci
3169 1473 3309 1528 illius
3331 1483 3452 1543 post
3472 1490 3624 1528 men-

2046 1581 2161 1620 sam
2193 1566 2246 1619 in
2272 1564 2424 1620 lectis
2449 1564 2560 1619 suis
2585 1565 2961 1634 pausantibus,
2989 1565 3166 1619 subito
3189 1563 3401 1634 fragore
3423 1565 3621 1621 coelum

2050 1657 2302 1722 intonuit,
2332 1665 2387 1712 et
2412 1657 2752 1712 vibrantibus
2783 1657 3022 1712 coruscis
3052 1657 3240 1713 crebra
3261 1674 3359 1728 per
3383 1667 3625 1714 montem

374 1764 517 1819 Mors
547 1761 818 1818 Willielmi
843 1763 997 1832 regis,
1026 1771 1073 1815 et
1096 1777 1364 1832 novarum
1390 1777 1688 1832 successore
1713 1761 1942 1819 Henrico

2052 1748 2257 1819 fulgura
2289 1749 2534 1803 volitant.
2567 1747 2780 1804 Crescit
2810 1758 3104 1818 tempestas
3142 1749 3252 1815 illa,
3286 1759 3341 1806 et
3365 1750 3626 1820 multipli-

440 1833 716 1905 diﬂicultas
745 1835 807 1887 ob
831 1831 1183 1886 inuestiturat.
1221 1831 1457 1886 Romana
1481 1831 1691 1902 legatio.
1727 1832 1943 1890 lieditus

440 1904 771 1959 interdictas.

441 2015 529 2071 55.
571 2015 716 2071 Inter
744 2015 859 2070 haec
895 2013 1148 2070 Urbanus
1185 2013 1332 2070 sedis
1369 2013 1679 2085 apostolica:
1703 2014 1945 2085 pontifex

371 2107 495 2162 huic
523 2106 644 2159 vitae
673 2104 912 2170 decedit;
941 2113 996 2159 et
1017 2105 1084 2158 ad
1114 2103 1359 2160 inducias
1387 2119 1523 2174 quas
1549 2105 1614 2162 de
1644 2121 1806 2161 causa
1833 2108 1946 2161 An-

369 2197 524 2254 selnii
570 2196 680 2267 regi
731 2194 983 2260 dederat,
1043 2211 1148 2250 non
1203 2196 1472 2265 pervenit.
1539 2197 1656 2265 Quo
1708 2207 1948 2269 tempore

371 2289 537 2344 multa
565 2289 730 2343 etiam
762 2288 828 2343 de
857 2287 998 2356 regis
1037 2287 1260 2343 interitu
1291 2303 1321 2342 a
1359 2289 1544 2344 multis
1574 2291 1947 2359 praediceban-

372 2392 478 2445 tur,
505 2389 560 2434 et
588 2388 696 2433 tam
727 2393 794 2433 ex
824 2377 992 2448 signis
1015 2392 1135 2447 quae
1165 2393 1301 2434 nova
1331 2388 1388 2434 et
1422 2379 1678 2436 inusitata
1708 2397 1805 2452 per
1832 2383 1945 2437 An-

369 2470 532 2540 gliam
561 2467 1023 2532 monstrabantur,
1049 2482 1211 2537 quam
1241 2483 1304 2522 ex
1336 2469 1637 2527 visionibus
1675 2487 1795 2542 qua:
1824 2473 1946 2543 plu-

371 2561 521 2616 ribus
572 2558 836 2628 rcligiosis
879 2559 1129 2628 personis
1181 2560 1584 2626 revelabantur,
1637 2565 1762 2632 quia
1815 2564 1947 2619 ultio

370 2651 548 2705 divina
580 2650 634 2704 in
677 2649 925 2720 proximo
971 2663 1094 2704 eum
1141 2665 1240 2720 pro
1280 2654 1657 2721 persecutione
1706 2655 1947 2710 Anselmi

370 2753 692 2809 Oppressura
731 2747 877 2792 esset
907 2735 1207 2794 ferebatur.
1250 2738 1357 2794 Sed
1389 2739 1679 2796 Anselmus
1720 2742 1773 2796 in
1811 2740 1948 2797 nihil

372 2831 563 2884 horum
595 2829 833 2882 animum
855 2842 1080 2898 ponens,
1112 2829 1351 2898 quotidie
1380 2845 1477 2899 pro
1506 2833 1863 2888 conversione
1896 2841 1949 2888 et

371 2921 546 2976 salute
589 2921 706 2990 ejus
754 2921 921 2975 Deum
965 2922 1308 2991 precabatur.
1359 2921 1496 2978 liinc
1539 2925 1718 2979 exsilii
1774 2926 1948 2981 nostri

372 3026 513 3065 anno
543 3011 722 3076 tertio,
754 3011 846 3080 qui
882 3026 950 3064 ex
979 3026 1084 3080 quo
1126 3011 1296 3067 Roma
1342 3013 1659 3084 Lugdunum
1702 3017 1948 3072 venimus

371 3109 486 3156 erat
508 3100 796 3166 secundus,
827 3101 923 3155 ivit
947 3101 1232 3157 Anselmus
1253 3101 1633 3159 Marciuiacum
1664 3105 1775 3175 (55)
1803 3105 1948 3176 loqui
1973 3087 2022 3149 (ἶ

371 3192 591 3246 domino
614 3191 799 3246 abbati
837 3191 1180 3248 Cluniacensi
1209 3192 1416 3265 Hugoni
1445 3203 1499 3249 et
1523 3195 1952 3251 sanctimoniali-

371 3282 489 3337 bus.
527 3281 629 3337 Ubi
671 3295 792 3336 cum
838 3290 964 3337 ante
1006 3282 1180 3352 ipsum
1217 3285 1466 3340 abbatem
1493 3288 1949 3354 consedissemus,

372 3381 426 3426 et
464 3372 532 3427 de
577 3372 661 3426 his
700 3387 819 3443 qua:
854 3373 996 3451 inter
1031 3374 1344 3430 Anselmum
1373 3386 1428 3432 et
1464 3391 1644 3447 regem
1681 3394 1746 3434 eo
1776 3396 1950 3451 usque

372 3464 752 3534 versabantur,
785 3466 948 3521 verba
973 3449 1031 3520 ut
1061 3466 1120 3522 lit
1147 3469 1400 3523 nonnulla
1429 3470 1556 3525 hinc
1583 3471 1708 3526 inde
1736 3449 1949 3542 profer-

375 3565 582 3623 rentur,
620 3555 798 3610 intulit
824 3556 964 3611 idem
998 3558 1320 3614 venerabilis
1359 3560 1530 3617 abbas
1574 3562 1674 3617 sub
1707 3564 1949 3619 testimo-

375 3648 464 3703 nio
482 3647 724 3703 veritatis
748 3648 992 3718 proxime
1014 3650 1286 3719 praeterita
1313 3661 1470 3708 nocte
1491 3656 1740 3711 eumdem
1768 3672 1949 3726 regem

375 3749 500 3794 ante
548 3739 799 3794 thronum
850 3740 944 3795 Dei
991 3751 1324 3809 accusatum,
1367 3744 1691 3815 judicatum,
1735 3759 1952 3804 senten-

379 3832 617 3900 tiamque
638 3831 1000 3886 damnationis
1040 3833 1093 3886 in
1121 3848 1245 3888 eum
1271 3835 1688 3908 promulgatam.
1724 3839 1799 3894 Ex
1828 3841 1950 3911 qui-

373 3922 474 3977 bus
511 3922 686 3978 verbis
712 3922 963 3978 admirati
989 3940 1094 3980 non
1126 3926 1333 3982 modice
1363 3943 1570 3994 sumus,
1601 3934 1693 3985 sed
1722 3949 1950 4002 perpen-

376 4013 565 4069 dentes
603 4011 956 4070 eminentiam
1005 4016 1308 4071 sanctitatis
1343 4032 1406 4070 ac
1445 4022 1765 4074 reverentiae
1808 4022 1948 4090 ejus,

376 4105 533 4160 fidem
564 4104 649 4160 his
677 4119 797 4174 quae
840 4105 1071 4168 dicebat,
1113 4107 1420 4164 nullatenus
1464 4125 1569 4164 non
1612 4111 1813 4170 habere
1852 4132 1947 4170 ue-

376 4194 665 4262 quivimus.

448 4283 534 4338 56.
573 4283 791 4340 Postera
825 4285 911 4340 die
941 4302 1062 4340 cum
1097 4287 1221 4343 inde
1247 4288 1471 4360 digressi
1505 4292 1818 4363 Lugdunum
1861 4313 1950 4351 ve-

376 4376 660 4443 nissemus,
689 4387 744 4432 et
764 4377 983 4434 instanti
1029 4379 1166 4436 festo
1197 4381 1338 4438 beati
1364 4380 1508 4440 Petri
1540 4386 1672 4459 (56),
1701 4391 1841 4458 quod
1863 4407 1947 4446 co-

377 4467 504 4522 litur
537 4467 792 4524 Kalendis
833 4470 1084 4542 Augusti,
1140 4473 1301 4530 dictis
1353 4477 1656 4544 matutinis,
1711 4497 1808 4536 nos
1859 4485 1949 4552 qui

377 4561 520 4615 circa
563 4561 874 4616 Ansclmum
923 4563 1138 4618 assidue
1175 4579 1410 4632 eramus,
1457 4569 1626 4638 quieti
1671 4571 1951 4644 indulgere

378 4667 718 4722 caperemus,
767 4668 892 4708 ecce
941 4655 1161 4722 quidam
1203 4656 1417 4727 juvenis
1460 4672 1654 4717 ornatu
1699 4679 1762 4719 ac
1801 4668 1947 4721 vultu

380 4760 482 4796 non
518 4744 638 4798 vilis
666 4744 863 4799 clerico
907 4754 1094 4802 nostro
1131 4749 1222 4818 qui
1267 4765 1434 4821 prope
1480 4755 1678 4810 ostium
1721 4773 1950 4814 camerae

372 4837 608 4905 jacebat,
630 4846 685 4891 et
713 4837 938 4892 necdum
963 4839 1259 4908 dormiens,
1289 4844 1475 4900 oculos
1506 4855 1684 4901 tamen
1716 4849 1783 4904 ad
1805 4864 1950 4904 som-

378 4945 506 4985 num
549 4930 761 4986 clausos
806 4931 1042 4997 tenebat,
1099 4933 1272 4990 astitit
1327 4951 1526 4992 vocans
1563 4954 1686 4993 eum
1735 4943 1951 4997 nomine

377 5037 476 5078 suo
505 5038 518 5076 :
547 5022 736 5088 Adam,
771 5022 962 5091 inquit,
995 5024 1234 5080 dormis?
1263 5025 1358 5082 Cui
1385 5029 1510 5082 dum
1545 5029 1630 5084 ille
1662 5035 1953 5102 responde-

377 5122 458 5169 ret
489 5131 503 5168 :
531 5112 668 5169 Non.
703 5113 846 5169 Dixit
873 5115 924 5170 ei
953 5133 965 5168 :
1001 5115 1095 5171 Vis
1128 5117 1316 5172 audire
1343 5120 1516 5174 nova?
1541 5119 1606 5174 Et
1634 5122 1827 5186 libens.
1861 5125 1947 5178 in-

379 5205 514 5273 quit.
558 5205 628 5260 At
673 5205 761 5262 ille
806 5225 818 5260 :
869 5205 975 5263 Pro
1013 5218 1183 5274 certo,
1225 5210 1319 5276 ait,
1366 5212 1583 5268 noveris
1621 5215 1746 5283 quia
1780 5225 1948 5272 totum

378 5293 657 5352 dissidium
684 5297 824 5365 quod
846 5307 929 5353 est
957 5298 1098 5353 inter
1119 5298 1583 5371 archiepiscopum
1607 5305 1945 5374 Anselmum,

2047 1846 2164 1894 cata
2197 1853 2301 1893 non
2349 1839 2618 1893 modicum
2659 1837 2901 1895 fulminis
2930 1855 3091 1910 super
3128 1841 3368 1908 domum,
3405 1856 3511 1911 qua
3541 1839 3627 1897 fc-

2049 1945 2174 1985 num
2200 1931 2515 1986 monasterii
2545 1931 2888 1998 servabatur,
2924 1933 3244 2002 praecipitat.
3281 1932 3429 1988 Unde
3459 1936 3625 2004 proti-

2047 2038 2150 2078 nus
2179 2022 2429 2079 horridus
2456 2023 2594 2094 ignis
2619 2039 2879 2080 accensus
2904 2027 3245 2081 teterrimum
3270 2035 3434 2098 atque
3459 2027 3631 2082 feten-

2051 2123 2157 2170 tem
2184 2128 2250 2170 ex
2277 2129 2335 2170 se
2356 2114 2564 2170 fumum
2595 2131 2691 2186 per
2718 2130 2844 2171 aera
2873 2117 3097 2187 spargit.
3123 2117 3441 2188 Quicunque
3464 2118 3631 2189 igitur
3661 2117 3665 2124 ’

2048 2219 2169 2259 eum
2229 2203 2484 2260 Anselmo
2529 2204 2584 2258 in
2634 2205 2868 2274 hospitio
2912 2215 3092 2271 erant,
3140 2206 3334 2262 timore
3373 2208 3628 2262 concussi

2048 2296 2343 2352 dissiliunt.
2377 2296 2633 2352 Remansi
2667 2298 2849 2367 itaque
2894 2297 3043 2353 solus
3085 2313 3206 2354 cum
3250 2298 3388 2355 solo.
3423 2299 3492 2354 At
3541 2299 3630 2354 ille

2049 2388 2188 2443 lecto
2221 2388 2404 2443 volens
2433 2387 2782 2455 decumbere,
2815 2389 3170 2462 interrogavit
3200 2405 3286 2446 me
3314 2400 3627 2445 utrumnam

2050 2479 2205 2550 ignis,
2249 2480 2340 2548 qui
2371 2487 2646 2550 eruperat,
2687 2481 2896 2550 sepitus
2920 2489 3088 2537 esset.
3120 2482 3216 2536 Cui
3249 2497 3373 2537 cum
3404 2495 3632 2551 respon-

2049 2577 2233 2631 derem
2265 2586 2484 2630 auctum
2513 2576 2693 2647 potius
2719 2592 2882 2648 quam
2919 2577 3152 2648 sopitum
3179 2593 3318 2643 esse,
3349 2577 3523 2633 erexit
3548 2592 3630 2642 sc,

2049 2683 2111 2722 ac
2136 2669 2284 2721 vultu
2310 2668 2522 2738 placido
2551 2678 2715 2738 atque
2744 2670 2988 2724 modesto
3017 2669 3154 2724 dixit
3187 2686 3201 2722 :
3237 2668 3427 2724 Melius
3456 2679 3540 2724 est
3572 2678 3634 2724 ut

2050 2760 2204 2815 nobis
2233 2760 2634 2831 provideamus,
2661 2762 2786 2831 quia
2827 2771 2915 2816 tua
2949 2770 3074 2815 tunc
3111 2775 3197 2816 res
3225 2761 3421 2832 agitur,
3448 2763 3634 2831 paries

2049 2867 2172 2906 eum
2203 2852 2478 2920 proximus
2527 2853 2701 2906 ardet.
2751 2852 2868 2918 Quo
2897 2851 3041 2908 dicto
3075 2853 3142 2907 ad
3173 2853 3348 2922 ignem
3386 2853 3635 2908 concitus

2051 2945 2224 3010 venit;
2255 2959 2426 3019 eoque
2458 2945 2592 3008 viso,
2623 2960 2745 3000 mox
2779 2944 2852 2998 illi
2882 2954 3080 2999 sanctae
3104 2945 3283 3000 crucis
3309 2945 3522 3014 signum
3557 2945 3636 2998 le-

2053 3037 2174 3088 vata’
2215 3035 2437 3090 dextera
2467 3033 2684 3104 objecit.
2724 3034 2950 3090 Videres
2993 3036 3250 3107 evestigio
3276 3035 3546 3089 flammam
3575 3050 3635 3090 sc

2055 3125 2128 3178 ita
2172 3125 2571 3192 demittentem,
2618 3141 2682 3180 ac
2724 3141 2822 3195 pro
2860 3125 3206 3195 suscipienda
3253 3125 3634 3181 benedictione

2055 3214 2195 3270 illius
2223 3216 2650 3284 conquiesceret.
2687 3215 2829 3286 Ignis
2871 3231 3002 3287 ergo
3031 3217 3217 3272 statim
3255 3217 3310 3271 in
3338 3228 3510 3271 semet
3542 3232 3632 3272 rc-

2053 3307 2205 3362 diens
2259 3316 2402 3362 totus
2464 3307 2746 3378 elanguit,
2815 3323 2916 3363 nec
2983 3309 3188 3377 aliquid
3243 3310 3634 3378 absumpturns

2053 3414 2279 3468 nsquam
2311 3400 2591 3468 processit.
2621 3400 2884 3468 Quodque
2909 3399 3156 3454 fortassis
3183 3415 3288 3455 non
3324 3401 3502 3455 minus
3525 3410 3636 3454 stu-

2053 3505 2198 3560 peas,
2235 3490 2440 3546 voratis
2487 3491 2809 3560 quibusdam
2856 3492 3080 3557 aedibus,
3114 3507 3234 3563 qua:
3275 3493 3422 3549 circa
3454 3505 3631 3560 erant,

2053 3582 2186 3636 nihil
2215 3581 2450 3637 Iasionis
2496 3582 2672 3638 intulit
2704 3583 2827 3652 feno
2857 3585 3246 3639 monachorum
3291 3585 3381 3654 qui
3433 3585 3632 3640 Ansel-

2053 3687 2198 3725 nuun
2236 3671 2503 3742 hospitem
2543 3665 2835 3741 habebant,
2881 3689 2989 3744 quo
3027 3674 3236 3730 scilicet
3275 3673 3399 3730 feno
3435 3675 3636 3730 domus

2054 3762 2222 3819 ferme
2265 3765 2421 3835 plena
2450 3774 2590 3831 erat,
2619 3771 2781 3837 super
2812 3782 2974 3836 quam
3023 3767 3201 3837 fulgur
3243 3767 3418 3837 ipsum
3456 3768 3636 3838 primo

2053 3869 2353 3912 corruerat.

2120 3948 2210 4004 58.
2253 3949 2458 4004 Exinde
2490 3951 2596 4006 duo
2642 3951 2725 4005 sui
2755 3951 3001 4006 monachi
3036 3952 3103 4005 ad
3131 3951 3443 4008 Anselmum
3472 3965 3636 4008 vene-

2054 4049 2197 4106 runt,
2239 4041 2551 4094 nuntiantes
2590 4039 2641 4096 ei
2681 4041 2960 4096 decessum
2990 4039 3114 4113 [al.,
3141 4039 3461 4113 discessum]
3489 4056 3635 4111 pra:-

2057 4131 2148 4185 lati
2177 4131 2337 4202 regis.
2365 4131 2643 4202 Siquidem
2672 4134 2906 4188 secunda
2931 4135 3018 4190 die
3045 4137 3246 4191 mensis
3266 4134 3514 4205 Augusti,
3537 4134 3633 4203 qui

2055 4232 2176 4289 post
2207 4224 2435 4292 primam
2465 4225 2751 4292 visionem,
2789 4241 2951 4296 quam
2975 4226 3218 4297 Lugduni
3244 4226 3443 4282 factam
3480 4227 3634 4281 novi-

2054 4322 2135 4368 ter
2164 4315 2321 4369 retuli
2362 4317 2650 4380 secundus,
2686 4327 2741 4372 et
2783 4327 2903 4386 post
2932 4317 3225 4372 secundam
3269 4317 3476 4387 primus
3504 4316 3631 4370 illu-

1983 4431 2028 4486 ο
2057 4405 2154 4470 xit,
2183 4405 2322 4460 idem
2361 4423 2458 4463 rex
2493 4423 2652 4464 mane
2695 4410 2746 4464 in
2789 4409 2979 4464 silvam
3013 4417 3264 4462 venatum
3297 4409 3412 4473 ivit,
3449 4409 3635 4479 ibique

2061 4495 2209 4550 illum
2239 4498 2428 4566 sagitta
2469 4499 2522 4553 in
2566 4499 2730 4554 corde
2769 4499 3051 4567 percussit,
3103 4507 3158 4554 et
3201 4498 3344 4552 nulla
3396 4499 3634 4552 interve-

2057 4588 2236 4642 niente
2257 4604 2404 4643 mora
2425 4590 2707 4644 exstinxit.
2731 4589 2848 4656 Quo
2871 4590 3157 4647 Ansclmus
3183 4591 3490 4646 vehementi
3514 4599 3634 4644 stu-

2056 4695 2186 4746 pore
2228 4696 2535 4750 percussus,
2581 4697 2705 4735 mox
2752 4691 2835 4738 est
2881 4683 2933 4737 in
2991 4684 3398 4739 acerbissimum
3445 4681 3635 4738 fletum

2057 4785 2364 4826 concussus.
2392 4773 2544 4839 Quod
2562 4773 2822 4837 videntes,
2845 4774 3094 4830 admirati
3118 4777 3406 4830 admodum
3421 4791 3632 4830 sumus.

2056 4863 2125 4916 At
2154 4863 2240 4917 ille
2279 4863 2515 4934 singultu
2558 4866 2722 4920 verba
2763 4865 2878 4933 ejus
2915 4867 3364 4936 interrumpente,
3396 4866 3630 4920 asseruit

2055 4953 2197 5021 quod
2226 4953 2270 5008 si
2314 4953 2414 5008 hoc
2438 4953 2650 5010 edicere
2677 4966 2879 5024 posset,
2911 4957 3082 5014 multo
3113 4958 3284 5028 magis
3313 4957 3540 5027 eligeret
3571 4971 3637 5012 se

2053 5043 2228 5112 ipsum
2257 5059 2502 5115 corpore,
2528 5060 2689 5115 quam
2721 5046 2870 5102 illum
2893 5049 3031 5103 sicut
3055 5059 3171 5104 erat
3192 5059 3459 5104 mortuum
3486 5062 3630 5104 esse.

2053 5135 2218 5191 Nobis
2260 5148 2382 5207 post
2430 5139 2544 5194 haec
2590 5137 2906 5208 Lugdunum
2961 5141 3214 5205 reversis,
3269 5154 3397 5195 ecce
3445 5138 3628 5193 nuntii

2055 5243 2192 5282 unus
2212 5238 2331 5298 post
2361 5245 2524 5284 unum
2555 5229 2810 5287 Anselmo
2845 5242 3161 5295 occurrunt,
3187 5231 3395 5286 litteras
3429 5229 3478 5284 ei
3502 5244 3632 5284 cum

2051 5317 2302 5385 precibus
2350 5333 2416 5374 ex
2478 5329 2632 5391 parte
2677 5322 2866 5376 matris
2913 5322 3164 5378 Ecclesize
3207 5321 3521 5392 Anglorum,
3561 5335 3627 5378 ex

1685 5419 2093 5484 HENSCHENII
2131 5430 2338 5486 ΝΟΤᾹΞ

448 5522 562 5594 (35)
604 5523 1003 5592 Marciniacum,
1043 5529 1428 5584 monasterium
1454 5535 1942 5594 sanctimonialium

380 5593 432 5672 in
474 5593 689 5672 dimcesi
724 5597 1266 5672 A_ugus_todt_t_nensi_a
1316 5599 1374 5654 S.
1416 5601 1638 5672 llugone
1687 5593 1939 5662 constru¥

375 5671 542 5731 etum,
592 5665 667 5718 uti
711 5666 776 5720 ad
820 5665 974 5734 hujus
1006 5667 1178 5722 Vitam
1210 5669 1312 5725 late
1339 5665 1654 5730 deducimus
1677 5678 1746 5731 ‘29
1779 5679 1938 5747 Apri-

2050 5545 2231 5687 118ίόϐ)
2271 5616 2359 5672 Est
2390 5618 2440 5674 id
2470 5618 2664 5674 festum
2701 5616 3047 5675 Vinculorum
3079 5619 3134 5672 S.
3178 5618 3340 5673 Petri.
