3882 6050
273 246 380 300 109

1275 249 1436 306 νιτΑ
1475 250 1801 310 AUCTORE
1839 253 2186 311 EADMERO.
2234 287 2303 296 —
2341 255 2466 312 LIB.
2521 259 2582 313 ll.

3413 267 3514 322 ΗΟ

269 367 428 424 p..rte
453 357 578 411 novi
609 357 756 428 regis
785 357 1024 424 llenrici,
1064 360 1154 430 qui
1181 359 1333 416 fratri
1361 375 1719 432 successerat,
1755 379 1855 420 nec
1881 371 1928 428 Λ
1958 382 2084 422 ecce
2112 368 2200 436 qui
2235 381 2476 434 venerat,
2517 375 2755 428 secundo
2778 373 2891 444 jam
2923 377 3069 432 vultu
3111 376 3386 448 paululum
3433 385 3534 436 mi-

269 465 380 502 non
407 464 473 502 ex
499 459 654 519 parte
689 452 992 520 principum
1026 451 1201 522 regni,
1235 453 1484 509 deferunt
1511 471 1854 527 summopere

268 538 606 607 postulantes
637 555 759 595 eum
792 541 1048 596 festinato
1077 557 1266 612 gressu
1291 545 1489 612 redire,
1527 555 1582 600 et
1611 561 1858 602 asseren-

263 637 356 682 tes
383 635 552 683 totam
589 638 790 683 terram
819 631 872 684 in
901 631 1191 686 adventum
1223 632 1368 688 illius
1399 634 1705 702 attonitam,
1737 651 1858 690 om-

271 717 468 786 niaque
493 719 706 788 negotia
733 719 884 790 regni
916 720 984 774 ad
1015 727 1206 774 nutum
1253 720 1370 788 ejus
1401 725 1638 792 pendere
1665 725 1854 778 dilata.

221 871 226 874 _
269 808 368 863 llis
414 812 655 879 acceptis
701 809 988 867 Anselmus
1032 813 1188 868 velox
1239 815 1484 885 Angliam
1535 817 1668 887 petit
1729 816 1853 888 [al.,

269 901 423 952 omit.
471 900 536 954 ll.
574 917 627 957 a.
657 901 724 956 Α.
749 919 803 956 v.
837 902 898 958 Α.
929 901 1036 976 p.].

343 990 431 1046 59.
467 989 665 1046 Verum
695 994 783 1048 ubi
823 993 1132 1050 Serberiam
1177 997 1248 1052 ad
1299 1013 1478 1068 regem
1519 1001 1688 1064 venit,
1718 1011 1771 1054 et
1805 1003 1854 1056 ei

261 1082 399 1152 quid
440 1081 506 1136 de
537 1083 901 1139 Ecclesiarum
922 1085 1256 1144 investituris
1281 1088 1333 1143 in
1361 1089 1607 1146 Romano
1627 1091 1857 1146 concilio

265 1175 559 1242 acceperit,
601 1174 762 1245 plano
797 1192 1049 1234 sermone
1073 1179 1331 1248 innotuit;
1360 1183 1604 1238 turbatus
1631 1194 1715 1239 est
1739 1199 1853 1254 rex,

265 1286 335 1324 ac
365 1270 715 1328 vehementer
755 1274 1004 1342 indoluit,
1039 1290 1139 1330 nec
1177 1284 1364 1332 nutum
1403 1277 1519 1347 ejus
1557 1279 1608 1333 in
1648 1279 1854 1350 aliquo,

263 1359 410 1413 sicut
441 1361 613 1414 nuntii
645 1361 916 1428 dixerant,
948 1375 1264 1436 exspectare
1289 1367 1480 1423 voluit.
1525 1368 1654 1436 Quae
1693 1371 1857 1442 igitur

263 1449 409 1504 inter
434 1467 527 1506 eos
551 1467 647 1522 per
670 1453 803 1510 duos
834 1457 1002 1511 semis
1031 1455 1150 1529 [al.,
1183 1459 1328 1512 omit.
1351 1458 1421 1531 s.]
1449 1475 1620 1515 annos
1637 1477 1733 1530 pro
1755 1463 1856 1516 isto

263 1545 483 1614 negotio
510 1556 634 1600 acta
663 1548 793 1614 sint,
823 1557 878 1605 et
905 1559 1038 1621 quot
1064 1561 1362 1622 quantasve
1388 1555 1564 1610 minas
1589 1571 1654 1611 ac
1686 1557 1856 1612 tribu-

265 1632 498 1689 lationes
533 1635 821 1692 Anselmus
866 1653 1058 1709 passus
1097 1641 1192 1707 sit,
1237 1641 1321 1697 vel
1367 1646 1641 1714 quomodo
1675 1647 1852 1700 nuntii

1958 457 2076 511 naci
2123 458 2350 524 assistit,
2386 471 2636 530 repetens
2678 464 2820 520 dicta
2856 483 2975 536 qua:
3013 470 3186 538 primo
3215 471 3534 538 protulerat.

1955 549 2028 602 At
2055 541 2151 605 ille
2176 553 2606 621 expergefactus,
2645 571 2708 610 ac
2755 559 2962 616 visione
3000 571 3058 616 ut
3095 563 3274 632 primo
3316 567 3540 634 posthu-

1958 638 2088 702 bita,
2124 651 2283 697 nocte
2309 645 2464 698 tertia
2497 645 2550 700 in
2577 647 2736 703 solito
2763 650 2882 706 loco
2909 667 3100 709 somno
3129 670 3188 710 se
3219 658 3404 711 tradit.
3438 657 3537 713 Cui

1956 729 2336 798 obdormienti,
2390 735 2530 791 idem
2579 739 2670 808 qui
2705 744 2945 798 secundo
2991 755 3340 815 apparuerat,
3375 751 3537 804 tertio

1957 822 2203 896 apparuit
2255 823 2373 876 irati
2425 834 2657 882 mentem
2695 830 2843 885 vultu
2888 847 2952 886 ac
2987 849 3121 888 voce
3171 840 3534 904 praetendens.

1957 909 2155 976 Quare,
2191 913 2288 978 ait,
2319 914 2454 972 facis
2480 920 2622 986 quod
2646 919 2760 990 jam
2790 924 2956 978 semel
3001 925 3096 980 tibi
3138 939 3193 982 et
3235 928 3430 984 iterum
3471 947 3540 986 ne

1957 1000 2164 1056 faceres
2185 1003 2331 1057 dixi?
2359 1004 2512 1061 Nune
2537 1008 2700 1090 igitur
2727 1011 2809 1066 vel
2839 1015 2999 1069 tertio
3019 1017 3327 1074 admonitus
3356 1036 3534 1090 surge,

1957 1099 2012 1146 et
2043 1102 2094 1146 te
2123 1109 2150 1146 a
2186 1094 2326 1150 lecto
2353 1087 2626 1166 pontificis
2652 1105 2844 1159 amodo
2874 1107 3086 1163 cohibe.
3121 1108 3255 1164 Nam
3283 1111 3405 1168 dico
3441 1087 3564 1184 tibi?

1957 1184 2084 1254 quia
2119 1185 2162 1239 si
2197 1185 2334 1241 ultra
2363 1188 2416 1242 in
2444 1204 2510 1245 eo
2552 1201 2802 1261 repertus
2831 1195 3017 1262 fueris,
3065 1200 3362 1268 experieris
3403 1203 3540 1258 nihil

1957 1277 2350 1344 phantasmatis
2369 1295 2488 1336 esse
2519 1282 2572 1337 in
2603 1284 2720 1340 istis
2745 1302 2864 1356 qum
2891 1289 3064 1345 audis.
3093 1290 3244 1348 Tunc
3271 1294 3356 1348 ille
3378 1296 3542 1351 vehe-

1957 1375 2169 1422 menter
2195 1371 2488 1426 exterritus
2519 1371 2657 1429 lecto
2687 1375 2886 1442 desilit,
2919 1379 3230 1450 episc0pum
3264 1382 3376 1454 (37)
3408 1385 3542 1439 civi-

1959 1457 2084 1511 tatis
2121 1472 2284 1528 super
2313 1461 2528 1532 negotio
2568 1465 2910 1522 consulturus
2948 1469 3177 1527 celerius
3219 1474 3353 1540 adit,
3381 1475 3540 1544 eique

1957 1548 2199 1603 ordinem
2229 1551 2306 1606 rei
2339 1553 2390 1606 in
2419 1557 2707 1623 praesentia
2737 1559 3031 1616 multorum
3053 1565 3293 1634 exponit.
3319 1566 3541 1636 Episco-

1955 1651 2057 1704 pus
2085 1648 2264 1694 autem
2284 1639 2603 1708 jamdudum
2639 1646 2738 1700 viri
2767 1649 3108 1704 sanctitatem
3141 1653 3282 1708 fama
3323 1655 3538 1710 discur-

257 1727 432 1780 semel
461 1741 528 1783 ac
558 1728 752 1782 iterum
784 1729 1010 1784 Romam
1043 1748 1142 1802 pm
1170 1734 1468 1792 mulatione
1498 1737 1734 1806 ipsorum
1759 1739 1854 1794 de-
1885 1715 1932 1774 Β
1959 1737 2110 1785 rente
2135 1732 2376 1797 edoctus,
2417 1751 2483 1790 ac
2529 1739 2840 1806 nuperrime
2883 1757 2952 1796 ex
2995 1743 3353 1803 collocutione
3395 1749 3540 1805 illius

263 1825 543 1869 cretorum
577 1816 726 1872 missi
765 1818 899 1882 sint,
928 1819 1168 1891 quidque
1203 1821 1504 1890 effecerint,
1553 1826 1646 1894 qui
1693 1841 1854 1882 nosse

263 1903 520 1970 voluerit,
549 1920 686 1974 opus
708 1906 860 1972 illud,
891 1909 1046 1978 cujus
1075 1911 1126 1964 in
1165 1913 1388 1983 prologo
1418 1914 1580 1984 hujus
1607 1918 1854 1986 opusculi

267 1996 600 2051 mentionem
631 1997 882 2063 fecimus,
915 1999 1075 2070 legat,
1111 2012 1167 2057 et
1202 2003 1273 2058 ibi
1301 2006 1509 2074 singula
1545 2007 1702 2076 plene
1729 2008 1850 2080 [al.,

259 2084 474 2156 plane],
522 2096 581 2140 ut
625 2096 776 2156 puto,
814 2091 1020 2161 digesta
1071 2096 1326 2164 reperiet.
1356 2095 1485 2152 Post
1512 2114 1634 2167 qua:
1670 2102 1852 2155 omnia

268 2178 479 2247 rogavit
525 2180 842 2236 Anselmum
895 2201 1012 2249 rex,
1053 2196 1321 2254 quatenus
1361 2189 1588 2258 ipsemet
1627 2191 1852 2247 Romam

267 2267 392 2333 iret,
435 2276 490 2323 et
515 2285 638 2324 cum
669 2273 862 2328 nuntio
890 2289 1049 2344 quem
1083 2291 1148 2330 eo
1177 2279 1484 2334 directurus
1511 2289 1649 2345 erat,
1678 2297 1855 2344 causa:

267 2373 390 2426 qua:
417 2370 738 2426 emerserat,
775 2379 872 2433 pro
891 2380 990 2420 suo
1019 2366 1224 2424 honore
1247 2383 1406 2438 opem
1435 2369 1624 2427 ferret.
1659 2373 1714 2426 In
1747 2390 1856 2444 quo

261 2463 390 2501 cum
419 2463 607 2504 omnes
639 2453 802 2506 totius
821 2455 1029 2525 Anglia:
1068 2457 1304 2526 episcopi
1332 2457 1451 2530 [al.,
1479 2459 1602 2533 ipsi]
1631 2463 1856 2520 abbates

269 2547 324 2590 et.
349 2539 624 2610 principes
643 2543 1072 2611 acquiescerent,
1095 2554 1150 2600 et
1171 2563 1294 2602 eum
1322 2565 1420 2618 pro
1449 2559 1596 2605 tanta
1617 2568 1698 2619 re,
1723 2555 1852 2622 quin

271 2630 376 2686 iret
424 2631 733 2688 nullatenus
773 2638 1128 2704 supersedere
1173 2639 1370 2694 debere
1417 2641 1852 2712 conclamarent;

267 2735 328 2776 se
359 2721 578 2789 quidem
613 2724 812 2778 iturum
839 2728 1139 2796 respondit,
1177 2730 1271 2784 sed
1301 2731 1437 2786 nihil
1465 2734 1612 2802 quod
1639 2735 1722 2789 vel
1753 2737 1853 2790 Ee-

270 2811 559 2868 rlesiarum
599 2815 858 2886 libertati,
903 2818 985 2874 vel
1021 2835 1132 2876 suae
1181 2831 1364 2890 posset
1412 2823 1634 2880 obviare
1685 2829 1851 2882 hone—

271 2905 422 2970 stati,
457 2919 556 2958 suo
597 2906 681 2960 vel
729 2916 918 2978 rogatu
973 2910 1055 2965 vel
1107 2913 1335 2969 consilio
1375 2931 1613 2986 unquam
1659 2935 1852 2989 papam

269 3005 518 3049 acturum
547 2996 667 3051 viva
695 3013 824 3054 voce
845 3003 1134 3071 spopondit
1163 3003 1285 3076 [al.,
1313 3009 1637 3082 respondit].
1670 3011 1854 3082 Itaque

265 3098 390 3136 cum
431 3083 660 3140 Romam
699 3089 960 3155 venisset,
993 3107 1022 3145 a
1051 3093 1272 3150 domino
1302 3112 1436 3166 papa
1464 3097 1711 3154 Paschali
1760 3103 1850 3172 qui

273 3175 494 3230 Urbano
519 3191 879 3248 successerat,
921 3191 1140 3255 totaque
1171 3189 1322 3242 urbis
1359 3191 1642 3248 nobilitate
1677 3195 1852 3249 hono-

267 3264 420 3318 rilice
447 3277 731 3338 susceptus
764 3281 866 3327 est.
905 3272 1001 3328 Die
1046 3275 1242 3332 dehinc
1281 3281 1598 3348 constituto,
1641 3283 1852 3340 Willel~

271 3371 390 3410 mus
421 3355 532 3422 ille,
569 3359 722 3428 cujus
756 3378 918 3432 supra
956 3367 1325 3432 meminimus,
1358 3386 1388 3424 a
1441 3385 1568 3440 rege
1593 3373 1851 3440 directus,

267 3461 487 3500 causam
533 3450 680 3521 regis
719 3452 770 3505 in
809 3455 1048 3510 medium
1089 3457 1230 3526 tulit,
1261 3473 1326 3514 ac
1365 3461 1507 3516 inter
1543 3463 1670 3528 alia,
1709 3467 1854 3534 quod

271 3551 362 3589 rex
396 3539 514 3606 ipse
553 3557 654 3596 nec
695 3557 796 3612 pro
837 3546 992 3614 regni
1035 3548 1328 3604 amissione
1367 3551 1720 3610 investituras
1751 3555 1852 3613 Ec-

267 3629 563 3686 clesiarum
619 3643 900 3704 pateretur
961 3639 1252 3708 amittere,
1319 3643 1623 3701 minacibus
1675 3649 1854 3704 verbis

267 3723 521 3776 asseruit.
570 3723 652 3778 Ad
689 3741 810 3795 qua:
849 3743 986 3797 papa
1033 3747 1046 3783 :
1093 3730 1170 3795 Si,
1203 3735 1656 3801 quemadmodum
1695 3739 1850 3804 dicis,

269 3829 360 3867 rex
409 3823 538 3871 tuus
583 3833 684 3872 nec
727 3833 826 3889 pro
869 3822 1020 3891 regni
1064 3824 1357 3880 amissione
1391 3827 1630 3897 patietur
1665 3830 1852 3887 Eccle-

267 3905 470 3960 siarum
523 3909 848 3967 donationes
902 3915 1196 3981 amittere;
1252 3917 1426 3986 scias,
1486 3935 1616 3977 ecce
1665 3938 1852 3978 coram

270 3995 376 4050 Deo
423 3997 564 4068 dico,
617 4002 748 4068 quia
795 4017 893 4058 nec
949 4020 1048 4073 pro
1097 4005 1178 4060 sui
1234 4009 1431 4078 capitis
1477 4011 1854 4082 redemptione

265 4101 358 4142 eas
403 4089 478 4142 illi
516 4090 810 4161 aliquando
841 4093 1116 4150 Paschalis
1153 4112 1288 4168 papa
1325 4099 1546 4170 impune
1577 4103 1854 4172 permittet

271 4181 498 4238 habere.

331 4279 420 4333 60.
463 4279 520 4334 In
547 4279 634 4334 his
663 4282 933 4352 negotium
965 4282 1108 4354 regis
1139 4285 1212 4338 ita
1242 4285 1404 4341 linem
1432 4295 1560 4344 tunc
1593 4291 1852 4361 temporis

265 4373 514 4440 sumpsit,
553 4381 608 4425 et
641 4373 929 4428 Anselmus
957 4375 1079 4432 aliis
1121 4388 1282 4447 atque
1313 4379 1434 4434 aliis
1460 4396 1582 4436 eum
1622 4397 1759 4452 papa
1785 4385 1852 4438 de

265 4463 756 4519 ecclesiasticarum
791 4483 970 4522 rerum
1009 4471 1439 4527 institutionibus
1465 4474 1622 4538 actis,
1661 4476 1714 4529 in
1748 4477 1854 4531 iter

267 4569 518 4609 reversus
571 4557 846 4613 civitatem
897 4560 1226 4617 Florentiam
1278 4581 1449 4634 usque
1491 4569 1759 4636 pervenit,
1799 4579 1856 4624 et

267 4655 424 4701 nocte
453 4662 560 4702 una
595 4648 646 4701 in
677 4663 741 4702 ea
766 4651 990 4720 quievit.
1025 4653 1189 4710 Lecto
1226 4656 1389 4726 igitur
1427 4657 1480 4712 in
1527 4673 1636 4727 quo
1673 4661 1856 4730 sopori

266 4738 494 4792 antistes
535 4739 851 4806 indulserat,
896 4745 1149 4802 dominus
1189 4748 1383 4803 domus
1426 4765 1492 4805 eo
1542 4751 1854 4808 discedente

268 4841 362 4895 pro
387 4843 544 4883 more
575 4830 851 4887 decubuit.
885 4833 982 4888 Cui
1013 4835 1370 4892 obdormienti
1415 4841 1586 4896 astitit
1633 4843 1850 4912 quidam

267 4916 428 4987 ignoti
457 4916 636 4973 vultus
657 4921 842 4988 homo,
871 4939 1095 4980 mouens
1125 4937 1182 4980 ut
1211 4927 1350 4982 lecto
1369 4929 1520 4984 ocior
1542 4931 1850 4987 decederet.

266 5006 374 5066 Nec
405 5013 556 5068 enim
601 5013 777 5077 decet,
806 5014 1004 5085 inquit,
1043 5026 1093 5073 te
1125 5027 1211 5072 tua
1247 5021 1532 5088 praesentia
1561 5021 1679 5077 loco
1709 5039 1849 5093 pra:-

269 5103 466 5173 ripere,
505 5107 650 5175 quod
685 5122 752 5162 ex
799 5111 1088 5177 praesentia
1146 5113 1280 5166 tanti
1329 5113 1430 5168 viri
1483 5117 1678 5170 meruit
1713 5116 1854 5170 obti-

267 5209 412 5250 nere.
449 5197 552 5264 Qui
588 5213 747 5254 mane
771 5215 1125 5270 consurgens,
1165 5214 1220 5258 et
1249 5205 1420 5259 visum
1466 5215 1646 5261 mente
1677 5207 1852 5262 revol-

269 5299 392 5342 vens
445 5290 812 5360 phantasmati
863 5295 1106 5366 deputat,
1169 5312 1232 5352 ac
1287 5307 1446 5354 nocte
1493 5302 1742 5370 sequenti
1795 5303 1850 5355 in

266 5379 450 5435 eodem
499 5397 558 5438 se
594 5384 738 5440 lecto
779 5387 912 5442 nihil
958 5389 1218 5444 haesitans
1245 5388 1496 5444 collocat.
1531 5391 1762 5458 Dormit,
1795 5404 1849 5446 et

1957 1837 2078 1876 eam
2127 1825 2372 1879 nonnihil
2421 1837 2696 1897 expertus,
2747 1831 2981 1888 hominis
3023 1835 3301 1892 audaciam
3353 1839 3542 1895 durius

1954 1913 2280 1984 increpavit,
2336 1927 2392 1972 et
2449 1920 2576 1988 quia
2645 1921 2806 1976 stulte
2846 1933 2903 1978 et
2953 1925 3321 1995 insipientium
3387 1946 3542 1986 more

1955 2005 2148 2074 egerit,
2204 2010 2346 2078 quod
2395 2009 2534 2066 lecto
2591 2013 2682 2066 ubi
2733 2014 2816 2066 vir
2869 2025 3050 2071 tantus
3091 2019 3394 2086 quieverat,
3441 2037 3538 2076 cu-

1955 2098 2086 2154 bare
2136 2102 2590 2172 praesumpsissct,
2636 2108 2988 2161 asseveravit.
3043 2108 3304 2165 Eumdem
3357 2113 3541 2182 itaque

1956 2187 2156 2244 lectum
2209 2201 2527 2246 reverenter
2587 2195 2841 2264 deinceps
2891 2205 3168 2252 servatum
3219 2199 3284 2254 iri
3338 2216 3542 2270 prame-

1954 2282 2053 2352 pit,
2085 2291 2140 2336 et
2176 2299 2244 2340 ne
2279 2284 2476 2354 aliquis
2509 2286 2563 2341 in
2604 2302 2668 2343 eo
2705 2289 2934 2346 ulterius
2955 2289 3140 2359 jacere
3163 2307 3536 2363 praesumeret,

1951 2371 2132 2440 jussit.
2185 2372 2338 2442 Quod
2387 2390 2556 2446 usque
2607 2377 2790 2443 hodie,
2841 2380 2917 2433 uti
2972 2383 3300 2452 accepimus,
3349 2401 3540 2441 serva-

1957 2470 2070 2516 tum
2102 2472 2204 2519 est.

2025 2555 2115 2610 61.
2157 2557 2444 2614 Anselmus
2469 2567 2670 2623 autem,
2711 2575 2832 2614 cum
2883 2577 3106 2618 emenso
3149 2563 3344 2620 itinere
3393 2565 3538 2638 Lug-

1955 2643 2099 2700 duno
2132 2647 2635 2716 apprOpinquasset,
2673 2647 2977 2706 Willetmus
3017 2652 3274 2722 praafatus
3309 2659 3542 2712 comita-

1957 2746 2070 2790 tum
2116 2737 2259 2792 illius
2302 2739 2556 2794 deserere
2603 2739 2811 2808 volens,
2861 2741 3139 2798 interdixit
3179 2746 3228 2801 ei
3273 2760 3338 2800 ex
3383 2757 3540 2816 parte

1957 2827 2158 2882 domini
2186 2827 2266 2882 sui
2301 2831 2444 2899 regis
2471 2830 2646 2884 redire
2689 2833 2743 2885 in
2771 2833 3044 2904 Angliam,
3077 2837 3176 2892 nisi
3211 2838 3324 2908 ipse
3349 2855 3540 2896 omnes

1955 2920 2127 2988 patris
2156 2929 2210 2974 et
2233 2919 2420 2975 fratris
2449 2921 2590 2977 illius
2615 2926 3032 2981 consuetudines
3059 2929 3356 2998 postposita
3391 2932 3538 2986 sedis

1959 3011 2266 3080 apostolica:
2291 3014 2626 3082 subjectione
2656 3024 2712 3068 et
2745 3016 3075 3084 obedientia,
3107 3035 3166 3074 se
3201 3021 3248 3075 ei
3290 3036 3538 3078 servatu-

1907 3104 1925 3127 ‘
1957 3119 2076 3158 rum
2107 3113 2256 3158 certo
2279 3107 2647 3174 promitteret.
2681 3105 2832 3174 Quod
2865 3107 2953 3162 ille
2983 3110 3205 3164 audiens
3237 3112 3538 3168 admiratus

1953 3203 2056 3260 est,
2107 3192 2283 3248 sciens
2328 3209 2388 3248 se
2421 3195 2526 3248 alia
2575 3193 2695 3266 [al.,
2747 3211 2851 3250 non
2901 3197 3028 3270 alia]
3074 3199 3380 3256 conditione
3429 3204 3539 3256 An-

1954 3285 2080 3356 gliai
2161 3285 2380 3342 exiisse.
2505 3285 2833 3341 Perveniens
2871 3304 3000 3342 vero
3041 3289 3356 3359 Lugdunum
3391 3309 3537 3349 rese-

1954 3375 2033 3430 dit
2063 3376 2133 3430 ibi
2165 3389 2232 3430 ex
2271 3391 2422 3431 more
2455 3377 2680 3446 antiquo
2709 3377 2760 3430 in
2793 3391 2928 3445 pace
2955 3388 3009 3434 et
3039 3381 3220 3448 quiete
3260 3383 3536 3452 propriam

1953 3465 2163 3534 praifati
2213 3467 2494 3522 reverendi
2545 3467 2783 3538 llugonis
2831 3469 3074 3540 ejusdem
3125 3471 3274 3526 urbis
3325 3473 3540 3528 archie-

1955 3545 2156 3628 piscopi
2188 3559 2408 3614 domum
2443 3561 2775 3624 inhabitans,
2814 3571 2964 3616 etne
2994 3562 3058 3615 ad
3099 3562 3292 3618 horam
3315 3566 3534 3634 quidem

1953 3649 2023 3704 ab
2051 3649 2135 3704 his
2159 3665 2281 3720 quae
2313 3650 2405 3704 Dei
2434 3657 2579 3714 sunt,
2618 3651 2783 3705 verbo
2812 3665 2872 3705 se
2899 3651 2986 3706 vel
3011 3661 3134 3708 actu
3157 3653 3438 3724 elongans.

2024 3741 2114 3794 62.
2153 3741 2366 3796 Accidit
2401 3752 2581 3798 autem
2633 3757 2738 3796 una
2783 3741 2992 3796 dierum
3043 3744 3168 3798 dum
3219 3744 3334 3815 ipse
3377 3745 3538 3801 Pater

1953 3829 2225 3886 celebrato
2245 3831 2470 3886 solemni
2503 3832 2682 3886 missae
2709 3830 2905 3899 ofﬁcio,
2937 3833 3105 3900 solus,
3135 3844 3295 3904 prout
3323 3839 3372 3890 ei
3403 3851 3534 3890 con-

1953 3921 2252 3978 suetudinis
2275 3929 2410 3985 erat,
2442 3922 2497 3975 in
2524 3923 2764 3976 oratorio
2793 3937 2889 3991 per
2925 3921 3107 3976 fletum
3138 3923 3249 3977 Deo
3274 3939 3394 3979 sese
3423 3941 3538 3978 ma-

1953 4023 2150 4078 ctaret,
2181 4023 2239 4068 ut
2275 4012 2494 4082 quidam
2542 4013 2702 4068 homo
2733 4014 2896 4082 pedes
2933 4029 3062 4068 suos
3097 4013 3290 4068 baculo
3317 4026 3538 4082 regente

1956 4107 2236 4162 adveniret
2263 4106 2562 4160 oratorium
2595 4105 2766 4175 ipsum
2807 4120 3056 4176 rumpere
3077 4106 3331 4174 gestiens.
3365 4107 3534 4174 Quem

1957 4197 2127 4252 frater
2159 4205 2212 4251 et
2234 4198 2414 4252 socius
2452 4205 2636 4252 noster
2676 4197 2984 4251 Alexander
3017 4197 3314 4252 monachus
3341 4197 3533 4253 Eccle-

1956 4290 2052 4344 siae
2075 4288 2280 4343 scilicet
2308 4287 2740 4355 Cantuariensis,
2765 4289 2854 4358 qui
2883 4305 2980 4359 pro
3015 4289 3225 4345 foribus
3251 4304 3534 4362 egressura

1881 4414 1932 4474 Β
1957 4379 2133 4437 Patris
2159 4379 2300 4436 forte
2320 4381 2754 4450 praestolabatur,
2785 4381 2997 4436 intuens
3027 4381 3322 4436 Ecclesiam
3352 4383 3538 4438 subire

1955 4474 2224 4530 volentem
2259 4475 2508 4542 detinuit,
2526 4475 2809 4529 sciscitans
2837 4475 3094 4543 quidnam
3130 4475 3308 4529 vellet.
3347 4475 3418 4530 At
3446 4476 3537 4532 ille

1954 4564 2188 4620 clamosa
2217 4579 2348 4622 voce
2377 4579 2435 4620 se
2461 4563 2736 4619 oculorum
2761 4563 2939 4618 lumen
2964 4564 3210 4620 amisisse
3233 4567 3536 4636 respondit,

1954 4670 2019 4709 ae
2047 4653 2180 4708 velle
2207 4663 2266 4708 ut
2295 4669 2486 4709 servus
2507 4653 2600 4708 Dei
2629 4655 2730 4709 sibi
2762 4669 2980 4708 manum
3012 4655 3336 4724 imponeret,
3357 4657 3536 4714 sciens

1955 4747 2097 4817 quod
2145 4755 2332 4800 saneta
2385 4746 2578 4800 merita
2629 4745 2745 4814 ejus
2803 4746 2903 4800 sibi
2952 4747 3325 4802 subvenirent.
3378 4750 3540 4805 Pater

1955 4841 2121 4910 igitur
2147 4841 2444 4896 clamorem
2474 4841 2720 4905 audiens,
2745 4841 2842 4895 sed
2869 4843 3032 4896 verba
3073 4842 3297 4898 minime
3329 4843 3538 4898 discer-

1959 4949 2114 5000 nens,
2141 4934 2318 4988 innuit
2345 4935 2570 5004 przcl'ato
2603 4933 2758 4988 fratri
2784 4934 2970 4988 venire
3001 4935 3066 4988 ad
3099 4951 3176 4998 se,
3219 4944 3275 4990 et
3313 4949 3536 4990 causam

1957 5021 2210 5077 clamoris
2234 5022 2401 5092 ipsius
2431 5023 2702 5078 intimare.
2736 5019 2884 5076 Tunc
2919 5021 3008 5076 ille
3037 5037 3050 5074 :
3094 5021 3322 5076 Domine
3352 5021 3537 5085 Pater,

1958 5115 2055 5179 ait,
2084 5128 2291 5182 pauper
2337 5113 2554 5180 quidam
2598 5114 2747 5166 venit
2791 5127 3126 5182 conquerens
3168 5127 3228 5168 se
3269 5113 3322 5166 in
3361 5113 3538 5168 oculis

1957 5205 2141 5276 affligi,
2175 5215 2535 5274 precaturque
2559 5219 2656 5275 per
2685 5219 2780 5259 vos
2812 5205 2860 5259 ei
2894 5204 3106 5274 signum
3131 5211 3332 5258 sancta:
3356 5203 3538 5258 crucis

1961 5297 2184 5366 imponi.
2219 5298 2285 5350 At
2315 5295 2402 5350 ille
2428 5297 2542 5366 ipse
2585 5296 2674 5364 pio
2705 5295 2880 5360 vultu,
2914 5295 3096 5349 veniat
3129 5294 3264 5349 dixit
3294 5309 3307 5347 :
3348 5294 3538 5364 Itaque

1961 5390 2120 5443 tertio
2144 5403 2304 5456 super
2331 5389 2516 5442 oculos
2553 5389 2670 5458 ejus
2699 5388 2839 5456 quod
2869 5387 3082 5457 petebat
3111 5385 3326 5458 signum
3355 5387 3538 5444 crucis
3571 5425 3578 5432 -

1578 5545 1986 5602 HENSCHENII
2029 5545 2258 5602 NOTJE.

333 5651 448 5722 (Ξῖ)
491 5653 773 5714 Rainerius
823 5659 909 5713 hic
953 5659 1073 5724 fuit,
1120 5659 1210 5728 qui
1259 5657 1625 5714 Florentinam
1658 5660 1840 5716 sedem
1880 5661 1948 5714 4‘2
1980 5662 2136 5716 annis
2165 5659 2358 5724 tenuit,
2385 5674 2412 5712 a
2447 5658 2576 5712 1071
2613 5657 2680 5712 ad
2715 5657 2870 5712 1115.
