3882 6054
364 320 456 375 ιιι

1348 316 1403 372 S.
1445 313 1740 370 ANSELMI
1777 308 2132 368 CANTUAR.
2172 302 2488 362 ARCHIEP.

3498 304 3607 360 ΗΞ

361 449 482 489 cum
514 433 702 503 pollice
724 432 968 504 pingens,
997 433 1168 487 oravit
1195 431 1274 486 sic
1308 447 1320 483 ε
1356 430 1539 485 Virtus
1565 428 1741 484 erucis
1767 426 1924 483 Chri-
1956 433 1994 485 Α
2026 423 2132 479 ciat
2160 421 2276 475 tibi.
2307 420 2362 474 ιιι
2393 420 2619 474 veritate
2650 417 2846 487 quippe
2876 416 2997 472 dico
3041 415 3158 484 tibi,
3189 419 3312 488 quia
3354 435 3455 491 pro
3487 430 3612 477 toto

360 524 430 578 sti
457 522 721 578 illuminat
744 523 928 578 oculos
972 522 1125 588 istos,
1159 521 1311 576 etab
1341 521 1419 576 eis
1452 535 1664 575 omnem
1701 519 1915 573 inﬁrmi.

364 621 528 667 tatem
588 611 836 681 depellat,
889 610 1219 679 integrteque
1269 610 1487 664 sanitati
1541 609 1814 664 restituat.
1865 608 1930 661 Et

362 718 653 774 aspergens
694 716 788 757 eos
816 715 951 769 aqua
984 699 1339 767 sanctiﬁcata,
1374 700 1643 755 hominem
1672 700 1928 770 prmcepit

362 796 530 848 abire.
564 792 864 847 Alexander
892 806 1020 845 vero
1050 806 1172 844 mox
1217 790 1364 845 illum
1407 792 1690 852 reducens,
1721 790 1930 844 monuit

359 896 418 940 ut
454 886 496 940 si
535 882 735 938 factum
759 881 877 935 .viri
906 882 997 936 Dei
1028 896 1135 936 non
1165 896 1552 952 usquequaque
1582 882 1654 934 illi
1685 883 1785 936 hac
1813 883 1928 935 vice

357 977 533 1045 primo
576 973 799 1043 profuit,
857 988 1014 1027 mane
1057 972 1278 1038 rediret,
1338 972 1598 1042 pollicens
1635 973 1775 1040 quod
1829 973 1930 1027 hoc

358 1068 530 1137 ipsum
563 1064 635 1119 illi
665 1063 889 1133 repetita
913 1064 1027 1119 vice
1049 1064 1166 1118 ﬁeri
1189 1064 1522 1132 impetraret.
1553 1062 1634 1116 Ad
1654 1077 1771 1131 qua:
1801 1062 1925 1115 ille:

358 1157 469 1226 Ego
499 1153 735 1223 quidem,
775 1153 912 1208 bone
954 1153 1189 1217 domine,
1232 1152 1334 1206 hac
1376 1152 1441 1206 de
1482 1165 1645 1205 causa
1686 1166 1791 1204 non
1842 1166 1930 1205 re-

359 1246 505 1307 dibo,
548 1245 673 1314 quia
709 1243 881 1313 gratia
928 1242 1021 1296 Dei
1072 1249 1127 1297 et
1168 1239 1340 1296 ﬁdelis
1380 1238 1496 1310 ejus
1544 1238 1751 1303 famuli,
1783 1239 1926 1292 onmi

359 1335 600 1389 caecitate
628 1331 830 1403 fugata,
879 1331 1178 1386 clarissime
1210 1330 1387 1384 video.
1436 1328 1560 1383 Hmc
1606 1330 1679 1382 ita
1713 1329 1926 1398 scripsi,

359 1427 497 1481 sicut
541 1425 609 1479 ab
651 1438 746 1479 ore
798 1424 964 1493 ipsius
1008 1422 1320 1487 Alexandri,
1367 1421 1456 1491 qui
1502 1429 1823 1491 pratscntem
1873 1436 1931 1476 se

362 1516 526 1570 fuisse
560 1526 806 1582 testatur,
839 1515 1043 1585 accepi.
1598 1566 1603 1573 .

429 1604 517 1657 65.
570 1605 683 1659 Rex
739 1615 922 1659 autem
987 1603 1250 1657 Henricus
1303 1610 1362 1657 ut
1414 1601 1678 1672 comperit
1736 1615 1929 1671 papam

362 1697 414 1750 in
466 1711 562 1751 sua
619 1697 883 1752 sententia
931 1704 1096 1757 stare,
1141 1709 1265 1748 mox
1309 1694 1829 1763 archiepiscopatum
1874 1693 1928 1746 in

2032 527 2163 566 auro
2205 511 2349 581 quod
2377 507 2900 577 Constantinopolim
2931 516 2985 562 et
3014 508 3153 563 ultra
3189 510 3393 567 citrave
3441 512 3613 567 habe-

2031 611 2140 666 tur,
2165 616 2269 655 non
2300 599 2573 654 omitteret
2599 596 2817 653 domina
2851 597 2968 666 ipsa
2994 595 3147 664 cujus
3174 606 3278 665 est,
3308 600 3440 669 quin
3471 601 3609 656 illud

2031 692 2131 746 sibi
2184 690 2483 743 vindicaret
2543 688 2595 742 in
2648 688 2735 742 die
2789 688 3208 743 resurrectionis
3258 700 3611 745 cunctorum.

2030 781 2388 847 Quamobrem
2422 794 2465 833 sn
2510 778 2745 832 debitam
2775 777 2849 831 illi
2884 779 3242 833 reverentiam
3269 779 3610 846 exhibueris,

2030 888 2182 942 atque
2229 871 2486 941 suscipiet
2530 885 2593 923 ac
2629 870 2672 924 si
2727 870 2825 923 toti
2868 871 3082 938 corpori
3131 870 3247 940 ejus
3293 871 3609 928 exhiberes.

2031 966 2182 1033 Quod
2209 978 2307 1034 ego
2336 963 2564 1016 audiens
2586 960 2850 1031 acquievi,
2878 971 2932 1016 et
2961 976 3123 1031 quam
3151 964 3430 1017 decentius
3453 964 3609 1032 potui

2033 1056 2209 1125 ipsum
2235 1067 2301 1107 ex
2333 1054 2435 1107 hoc
2482 1052 2586 1106 huc
2617 1066 2785 1120 usque
2814 1051 3027 1107 servavi
3057 1066 3072 1116 ;
3106 1051 3171 1104 de
3203 1066 3311 1118 quo
3338 1066 3463 1106 osse
3484 1062 3612 1122 post

2030 1148 2213 1218 plures
2241 1147 2354 1201 dies
2395 1145 2589 1200 Petrus
2617 1145 2834 1214 quidam
2875 1144 3177 1199 monachus
3202 1144 3610 1210 Cluniacensis,

2031 1238 2114 1291 vir
2138 1251 2236 1291 suo
2265 1244 2506 1305 tempore
2535 1234 2647 1305 (58)
2669 1249 2879 1304 magnae
2904 1235 3266 1298 auctoritatis,
3291 1235 3382 1304 qui
3422 1250 3610 1290 came-

2033 1327 2211 1382 rarius
2248 1335 2365 1380 erat
2402 1325 2604 1380 domini
2632 1340 2782 1394 papae
2807 1323 3009 1380 Urbani
3034 1334 3195 1393 atque
3228 1322 3507 1381 Paschalis
3535 1329 3607 1381 ad

2032 1435 2132 1475 nos
2161 1420 2383 1474 veniens
2413 1434 2442 1471 a
2473 1433 2557 1472 me
2580 1425 2967 1486 percunctatus
2994 1426 3078 1471 est
3103 1417 3232 1486 quid
3260 1418 3508 1472 sentiret.
3536 1420 3613 1473 At

2033 1511 2123 1566 ille
2150 1511 2238 1565 ubi
2268 1526 2355 1566 me
2382 1509 2652 1564 referente
2672 1509 2880 1576 accepit
2905 1508 3136 1579 qualiter
3159 1510 3213 1564 id
3239 1510 3467 1581 adeptus
3490 1510 3613 1568 fue-

2034 1606 2159 1670 rim,
2186 1620 2313 1660 vera
2339 1604 2558 1659 omnino
2581 1617 2701 1657 esse
2724 1600 3004 1657 confessus
3029 1611 3133 1664 est,
3163 1617 3283 1672 quae
3314 1606 3609 1674 episcOpus

2032 1698 2157 1752 inde
2210 1697 2441 1759 dixerat,
2500 1709 2665 1764 seque
2722 1702 3044 1764 praesentem
3100 1692 3266 1749 fuisse
3330 1697 3604 1758 asseruit,

358 1803 513 1840 suum
554 1788 846 1842 dominium
889 1786 1115 1857 redegit,
1143 1794 1197 1839 et
1241 1785 1555 1840 Anselmum
1600 1785 1712 1840 suis
1757 1784 1932 1837 omni-
1961 1787 2004 1840 Β
2030 1789 2245 1858 quando
2276 1787 2415 1841 idem
2441 1801 2502 1840 os
2537 1801 2566 1839 a
2594 1799 2820 1854 corpore
2850 1786 3100 1857 martyris
3122 1785 3391 1840 sublatum
3421 1802 3451 1840 a
3483 1802 3609 1841 car-

359 1880 457 1934 bus
493 1877 761 1945 spoliavit.
804 1877 937 1931 Acta
987 1886 1113 1931 sunt
1158 1876 1286 1931 hinc
1327 1875 1467 1930 inter
1510 1889 1604 1929 eos
1655 1875 1844 1938 multa,
1876 1883 1929 1928 et

360 1983 503 2023 anno
556 1981 660 2021 uno
730 1981 794 2021 ac
857 1966 1023 2022 semis
1096 1964 1390 2035 indignatio
1458 1964 1602 2034 regis
1672 1979 1779 2017 non
1849 1971 1932 2018 est

358 2059 554 2128 sopita.

429 2149 516 2203 64.
559 2148 700 2203 lnter
731 2148 843 2202 haec
875 2146 1021 2201 venit
1047 2147 1115 2200 ad
1155 2161 1253 2201 nos
1279 2144 1435 2200 Walo
1461 2145 1743 2215 episcopus
1776 2142 1928 2197 Pari—

357 2241 638 2308 siacensis,
687 2240 771 2294 vir
817 2241 956 2295 bene
1001 2239 1306 2310 religiosus,
1347 2246 1401 2292 et
1432 2236 1930 2292 ecclesiasticarum

357 2334 802 2390 consuetudinum
834 2332 1264 2387 institutionibus
1292 2332 1359 2385 ab
1389 2332 1607 2385 ineunte
1634 2339 1794 2384 aetate
1826 2330 1931 2384 im-

357 2425 538 2479 butus.
567 2422 663 2478 Hic
691 2422 875 2477 Romae
902 2433 1082 2488 notus,
1105 2430 1162 2475 et
1189 2418 1498 2489 apostolicae
1529 2418 1812 2488 legationis
1833 2418 1928 2471 mi-

359 2514 586 2570 nisterio
613 2513 848 2579 functus,
883 2512 1255 2565 familiaritate
1287 2510 1463 2564 Patris
1489 2509 1728 2564 Anselmi
1758 2511 1930 2579 potie-

358 2608 535 2659 batur.
561 2605 730 2673 lgitur
749 2605 851 2657 iste
874 2618 904 2656 a
929 2603 1098 2657 Roma
1117 2601 1182 2656 ad
1205 2617 1301 2656 nos
1322 2600 1545 2655 veniens
1571 2602 1931 2670 quorumdam

358 2704 668 2751 sanctorum
704 2694 957 2763 reliquias
999 2708 1180 2749 secum
1222 2690 1450 2755 ferebat,
1502 2707 1658 2760 quas,
1698 2700 1756 2744 ut
1782 2701 1932 2747 certo

360 2788 742 2857 comperimus,
771 2785 871 2840 sibi
902 2784 1085 2839 Roma:
1122 2784 1274 2838 datas
1314 2784 1567 2838 habebat.
1596 2782 1784 2851 Itaque
1810 2798 1930 2837 cum

359 2877 613 2932 Anselmo
641 2892 723 2932 me
754 2885 1015 2947 prtesente
1052 2875 1295 2945 loquens,
1326 2874 1560 2930 innotuit
1600 2875 1648 2927 ei
1687 2875 1815 2943 quid
1847 2889 1932 2928 re-

361 2969 650 3038 liquiarum
690 2983 719 3021 a
759 2966 929 3021 Roma
971 2980 1156 3021 secum
1203 2964 1476 3019 detulerit.
1512 2964 1595 3019 Ad
1632 2965 1776 3033 quod
1808 2980 1930 3019 cum

361 3058 448 3112 ille
478 3058 588 3116 Deo
613 3057 813 3127 gratias
843 3067 1047 3127 ageret,
1073 3056 1357 3126 episcopus
1381 3071 1544 3108 unum
1577 3070 1658 3118 os,
1692 3057 1833 3125 quod
1866 3056 1932 3109 de

2032 1876 2199 1932 dinali
2235 1885 2568 1946 susceperat.

2628 1964 2855 2021 CAPUT
2899 1966 3007 2021 ΠΙ.

2032 2077 2410 2133 Reconciliatio
2438 2094 2552 2131 cum
2580 2094 2714 2149 rege.
2740 2076 2958 2132 Redite:
2986 2079 3041 2149 in
3068 2077 3330 2149 Angliam.
3367 2078 3608 2146 Morbus,

2561 2148 2753 2214 obitus,
2774 2147 3049 2201 miracula.

2101 2240 2189 2295 65.
2230 2240 2360 2295 Post
2406 2239 2519 2294 haec
2568 2254 2690 2293 cum
2725 2253 2824 2308 pro
2872 2239 3175 2294 exercendo
3224 2240 3611 2295 ecclesiastica:

2030 2331 2327 2401 disciplina:
2379 2331 2578 2398 rigore,
2624 2338 2735 2384 tum
2772 2344 2868 2400 pro
2906 2331 3270 2385 Eeclesiarum
3318 2333 3371 2385 in
3411 2333 3610 2401 Anglia

2030 2424 2445 2477 constitutarum
2474 2420 2825 2488 relevatione,
2852 2421 3034 2476 relicta
3058 2421 3385 2493 Burgundia,
3412 2423 3610 2476 Ansel-

2031 2530 2150 2569 mus
2180 2514 2466 2570 Franciam
2500 2514 2618 2568 ivit.
2665 2513 2819 2581 Quod
2857 2515 2947 2569 ubi
2992 2516 3103 2589 regi
3137 2515 3428 2585 Anglorum
3460 2516 3611 2569 Hen-

2032 2604 2147 2658 rico
2199 2605 2449 2669 innotuit,
2506 2615 2726 2675 rogatus
2784 2605 2850 2659 ad
2899 2621 3021 2659 eum
3065 2606 3117 2659 in
3152 2603 3605 2660 Northmanniam

2033 2699 2197 2764 venit,
2224 2701 2404 2770 ibique
2437 2716 2530 2755 rex
2563 2701 2754 2755 timore
2794 2700 2953 2755 simul
2982 2709 3038 2754 ct
3062 2715 3246 2756 amore
3290 2702 3384 2755 Dei
3415 2715 3608 2755 corre-

2029 2799 2153 2860 ptus
2183 2792 2459 2846 revestivit
2479 2792 2627 2846 illum
2650 2793 2715 2847 de
2735 2793 2869 2860 suis,
2894 2792 3023 2846 etin
3051 2792 3348 2847 amicitiam
3376 2792 3494 2860 ejus
3522 2807 3610 2847 re-

2031 2891 2218 2952 ceptus
2246 2893 2351 2937 est.
2392 2882 2760 2939 Conversante
2788 2884 2987 2938 dehinc
3013 2884 3271 2940 Anselmo
3317 2885 3369 2939 in
3395 2883 3607 2939 North-

2032 2974 2272 3039 mannia,
2320 2975 2655 3043 reversisque
2682 2974 2941 3030 Balduino
2983 2984 3038 3030 et
3079 2974 3368 3042 Willelmo,
3406 2976 3496 3044 qui
3537 2993 3609 3030 ex

2028 3063 2183 3133 jussu
2229 3066 2368 3137 regis
2398 3076 2561 3136 atque
2606 3067 2877 3135 pontiﬁcis
2911 3067 3137 3122 Romam
3169 3083 3267 3138 pro
3301 3068 3609 3137 expletione

359 3149 532 3217 capite
567 3156 766 3203 sanetae
796 3147 1049 3219 martyris
1076 3148 1170 3202 Dei
1198 3147 1398 3203 Prisca:
1419 3162 1541 3201 esse
1576 3150 1875 3213 asserebat,
1904 3164 1927 3202 e

2035 3164 2233 3233 negotii
2261 3164 2402 3233 quod
2427 3163 2493 3217 de
2517 3163 2852 3217 investituris
2884 3161 3236 3217 ecclesiarum
3259 3163 3399 3216 inter
3420 3177 3516 3217 eos
3539 3178 3608 3217 eo

359 3242 556 3313 pyxide
595 3240 837 3311 protulit,
871 3249 923 3294 et
961 3239 1015 3293 id
1054 3240 1286 3310 qualiter
1324 3240 1551 3310 adeptus
1591 3239 1756 3295 fuerit
1785 3240 1931 3297 illico

358 3330 699 3385 subiuferens
725 3331 801 3384 ait
846 3347 859 3383 :
910 3329 1093 3385 Roma:
1118 3345 1288 3397 erant,
1326 3338 1381 3385 et
1411 3331 1712 3385 oratorium
1759 3331 1931 3386 nomi-

359 3433 502 3478 nata:
554 3424 832 3495 martyris,
896 3424 949 3478 in
1005 3439 1111 3493 quo
1162 3424 1508 3480 beatissimus
1564 3424 1929 3495 apostolorum

358 3518 610 3589 princeps
651 3516 845 3573 Petrus
872 3516 1044 3572 altare
1083 3518 1339 3582 sacravit,
1370 3526 1636 3573 vetustate
1679 3532 1932 3573 consum-

358 3619 533 3679 ptum,
580 3610 814 3664 dirutum
841 3617 947 3676 est,
975 3617 1030 3664 et
1060 3623 1254 3679 corpus
1285 3608 1537 3679 martyris
1568 3610 1621 3661 in
1660 3624 1792 3662 nova
1841 3624 1931 3664 re-

358 3701 692 3756 condendum
725 3699 974 3767 ecclesia,
1012 3715 1097 3755 me
1141 3708 1374 3764 astante,
1418 3701 1649 3755 levatmn
1683 3709 1784 3755 est.
1830 3701 1934 3771 lgi-

360 3805 447 3848 tur
470 3810 591 3849 cum
615 3793 722 3849 loci
754 3793 922 3863 ipsius
940 3792 1232 3848 cardinalis
1251 3792 1506 3860 reliquias
1531 3800 1732 3846 sancta:
1757 3792 1808 3846 in
1833 3808 1932 3848 suo

350 3884 475 3953 jure
499 3882 742 3950 haberet,
773 3892 828 3936 et
855 3883 967 3951 ipse
994 3882 1132 3937 idem
1163 3881 1292 3935 mihi
1338 3880 1619 3935 familiaris
1648 3883 1929 3951 existeret,

356 3991 419 4028 os
449 3975 588 4030 istud
634 3974 775 4044 quod
828 3973 1023 4027 videtis
1069 3973 1132 4027 de
1178 3988 1334 4026 sacro
1379 3986 1606 4041 corpore
1658 3980 1929 4040 sumptum

357 4064 491 4120 mihi
520 4081 619 4135 pro
651 4066 806 4135 signo
833 4064 1002 4117 mutui
1047 4063 1248 4116 amoris
1274 4062 1437 4115 dedit.
1472 4061 1713 4115 Finierat
1737 4061 1932 4130 praesul

358 4158 413 4209 in
462 4156 599 4210 istis.
638 4156 736 4207 Ast
764 4169 863 4223 ego
899 4152 1211 4205 earumdem
1262 4152 1610 4219 reliquiarum
1664 4153 1934 4206 habenda-

359 4262 479 4300 rum
526 4261 708 4299 amore
756 4245 985 4308 illectus,
1035 4252 1094 4296 ut
1122 4258 1187 4298 ex
1231 4243 1347 4311 ipso
1389 4258 1509 4297 osse
1549 4244 1677 4296 mihi
1724 4254 1930 4313 partem

359 4335 531 4399 daret,
574 4332 851 4403 deprecari
892 4332 1206 4401 episcopum
1245 4331 1405 4401 empi.
1449 4332 1512 4384 Et
1542 4331 1672 4385 ille:
1714 4335 1928 4402 Accipe,

358 4425 556 4495 inquit,
582 4435 635 4480 et
659 4436 918 4494 quantum
947 4424 1070 4479 inde
1098 4424 1273 4494 primo
1294 4432 1489 4477 conatu
1514 4422 1759 4493 frangere
1784 4437 1932 4495 pote-

360 4518 456 4581 ris,
484 4527 630 4573 tuum
659 4519 749 4572 sit.
782 4517 999 4587 Accepi,
1029 4525 1083 4570 et
1104 4532 1168 4570 cn
1192 4526 1341 4570 extra
1372 4531 1531 4586 quam
1564 4520 1845 4585 sperabam
1873 4520 1924 4573 in

357 4610 623 4681 principio
650 4613 751 4664 mei
781 4621 1026 4676 conatus,
1053 4625 1158 4663 una
1186 4590 1312 4663 mihi
1340 4610 1602 4679 particula
1633 4612 1684 4664 in
1708 4611 1924 4665 dextera

358 4719 519 4757 manu
560 4703 837 4758 remansit.
868 4703 1110 4772 Cumque
1137 4705 1201 4758 de
1230 4706 1496 4775 parvitate
1532 4706 1698 4775 ipsius
1736 4722 1930 4763 moero-

358 4812 472 4851 rem
498 4797 660 4850 animi
694 4797 1032 4852 dissimulare
1060 4799 1364 4867 nequirem,
1393 4808 1447 4853 et
1475 4809 1534 4853 ut
1562 4801 1728 4856 semel
1755 4801 1929 4856 adhuc

355 4888 609 4959 frangere
640 4886 760 4960 [al.,
805 4888 1131 4961 frangerem]
1165 4890 1285 4944 inde
1316 4892 1447 4945 mihi
1491 4891 1680 4947 liceret
1708 4909 1928 4963 magno-

355 4991 481 5048 pere
518 4979 773 5049 gestirem
806 4978 927 5051 [al.,
960 4980 1183 5053 gestire]
1217 4982 1361 5051 rupit
1391 4983 1716 5038 desiderium
1748 5000 1925 5040 meum

356 5069 515 5126 Pater
536 5070 843 5135 Ansclmus,
867 5080 920 5125 et
941 5072 1013 5125 ait
1040 5089 1055 5155 ξ
1084 5071 1227 5139 Noli,
1255 5072 1391 5139 noli;
1420 5072 1561 5142 quod
1591 5073 1757 5128 habes
1783 5076 1925 5129 sufﬁ-

2034 3270 2205 3324 usque
2244 3256 2582 3319 versabatur,
2630 3255 2821 3310 directi
2864 3254 3098 3321 fuerant,
3151 3253 3453 3310 Willelmus
3492 3255 3607 3310 An-

2033 3344 2193 3414 gliam
2220 3346 2286 3398 ad
2330 3359 2511 3415 regem
2540 3344 2707 3408 vadit,
2739 3359 2803 3398 ac
2844 3345 2897 3397 in
2947 3344 3096 3400 brevi
3134 3342 3363 3399 Beccum
3395 3344 3463 3398 ad
3489 3346 3605 3398 An-

2033 3435 2256 3489 selnmm
2282 3448 2558 3504 regressus
2574 3442 2728 3502 rogat
2749 3447 2874 3487 eum
2901 3447 2970 3486 ex
2998 3441 3152 3500 parte
3181 3431 3348 3501 ipsius
3374 3434 3519 3503 regis
3547 3443 3610 3486 ut

2026 3525 2138 3595 jam
2167 3524 2354 3593 Sopitis
2383 3525 2668 3578 retroactis
2691 3523 2928 3592 querelis
2952 3524 3104 3578 ocior
3126 3523 3373 3593 Angliam
3400 3523 3606 3579 visitet.

2032 3615 2127 3670 Cui
2164 3631 2288 3670 cum
2315 3615 2404 3669 ille
2426 3624 2705 3684 promptus
2736 3614 3128 3684 acquiesceret,
3152 3622 3208 3669 et
3242 3615 3344 3667 iter
3380 3630 3608 3685 aggres-

2034 3720 2126 3760 sus
2150 3705 2539 3761 Gemmetieum
2580 3705 2807 3770 veniret,
2846 3705 3162 3769 inﬁrmitate
3198 3720 3264 3760 ne
3293 3706 3396 3759 iter
3423 3705 3611 3780 exple-

2034 3809 2117 3853 ret
2155 3799 2285 3853 inibi
2329 3798 2581 3853 detentus
2620 3806 2723 3854 est.
2752 3797 2867 3866 Qua
2895 3797 3071 3867 sopita
3113 3796 3344 3855 Beecnm
3373 3804 3605 3856 reverti-

2037 3900 2140 3957 tur,
2175 3904 2354 3959 regem
2386 3889 2601 3963 Anglim
2634 3887 3106 3943 transfretaturum
3137 3889 3245 3943 illic
3267 3890 3601 3959 praestolatu-

2035 3996 2144 4033 rus.
2181 3979 2277 4034 Ubi
2305 3995 2425 4034 cum
2454 3994 2552 4049 pro
2583 3978 2755 4034 reditu
2786 3979 2902 4048 ejus
2921 3993 3111 4033 omnes
3139 3979 3432 4035 exsultatio
3463 3983 3606 4036 mira

2036 4079 2262 4133 teneret,
2284 4084 2419 4140 ecce
2450 4069 2731 4123 inﬁrmitas
2752 4069 2993 4126 Anselmi
3032 4081 3310 4135 renovata,
3340 4080 3398 4126 et
3423 4072 3629 4142 ipsum-

2034 4160 2171 4213 lecto
2200 4167 2254 4212 et
2274 4157 2528 4212 subversa
2559 4158 2915 4214 exsultatione
2940 4159 3090 4229 gravi
3119 4170 3343 4215 cunctos
3370 4173 3609 4216 mmrore

2031 4256 2343 4326 prostravit.
2390 4253 2556 4322 Igitur
2597 4253 2711 4323 ipse
2756 4268 2854 4308 nec
2896 4254 3242 4319 manducare,
3274 4269 3373 4309 nec
3398 4256 3607 4324 aliquid

2033 4346 2173 4398 unde
2204 4344 2427 4398 salutem
2457 4342 2571 4412 ejus
2599 4357 2817 4410 sperare
2846 4358 3128 4411 possemus
3155 4344 3336 4399 facere
3367 4354 3609 4414 poterat,

2033 4444 2087 4488 et
2125 4436 2191 4487 (le
2234 4444 2406 4487 morte
2443 4433 2585 4487 illius
2618 4443 2821 4487 tantum
2850 4432 2969 4504 [al.,
3005 4433 3207 4506 tamen]
3251 4450 3348 4490 nos
3372 4435 3610 4492 formido

2035 4526 2296 4580 immensa
2337 4526 2575 4580 tenebat.
2613 4524 2755 4579 Inter
2794 4525 2905 4578 haec
2940 4535 2996 4578 ut
3024 4526 3130 4580 cibi
3161 4525 3281 4598 [al.,
3319 4527 3371 4581 in
3400 4528 3608 4600 cibum]

2036 4619 2234 4688 aliquid
2281 4626 2517 4671 sumeret
2566 4616 2807 4685 diligenti
2857 4632 2985 4671 cura
3024 4619 3329 4686 petebatur,
3383 4621 3475 4674 sed
3518 4621 3611 4675 ille

2034 4708 2168 4761 nihil
2200 4707 2299 4760 sibi
2332 4705 2511 4758 animo
2547 4719 2689 4769 esse,
2716 4705 2985 4772 quomodo
3012 4715 3243 4774 poterat,
3275 4706 3471 4761 anhelo
3504 4711 3611 4777 spi-

2035 4798 2140 4852 ritu
2167 4796 2456 4851 fatebatur.
2490 4793 2652 4849 Nobis
2682 4802 2857 4847 tamen
2883 4808 3070 4863 preces
3101 4795 3607 4863 multiplicantibus,

2037 4888 2247 4942 tandem
2295 4899 2362 4939 ne
2406 4885 2618 4954 penitus
2669 4885 2912 4953 negando
2962 4899 3059 4939 nos
3105 4886 3279 4956 magis
3325 4887 3610 4956 magisque

2035 4983 2283 5047 gravaret
2310 4992 2322 5026 :
2364 4973 2542 5038 Forte,
2574 4973 2668 5035 ait,
2711 4973 2777 5027 de
2815 4972 3034 5042 perdiee
3063 4974 3403 5028 comederem
3432 4977 3476 5029 si
3505 4977 3609 5029 ha-

2034 5069 2239 5122 berem.
2286 5064 2423 5130 Quid
2456 5063 2648 5133 plura?
2682 5061 2783 5116 Per
2813 5078 3033 5133 campos
3081 5074 3135 5118 et
3176 5064 3339 5119 silvas
3374 5065 3607 5134 dispersi

1364 5230 1393 5257 \
1660 5187 2068 5249 HENSCHENII
2107 5185 2333 5242 NOTAE.

427 5278 536 5348 (38)
577 5278 634 5332 Si
658 5280 725 5333 de
755 5276 1100 5349 subsequenti
1135 5286 1375 5349 tempore
1392 5279 1599 5349 agitur,
1623 5279 1796 5349 deque
1829 5282 1915 5335 illa

358 5346 674 5418 auctoritate
703 5363 806 5417 qua
836 5346 1029 5401 Petrus
1047 5349 1153 5418 sub
1173 5347 1422 5418 Paschali
1444 5346 1627 5402 lioruit
1653 5346 1824 5418 usque
1851 5353 1915 5405 ad

356 5431 555 5486 annum
601 5417 766 5482 “18;
800 5416 1059 5486 suspicari
1093 5417 1213 5485 quis
1257 5427 1457 5485 posset,
1493 5418 1631 5471 hunc
1670 5416 1916 5474 eumdem

353 5499 476 5557 esse
522 5484 985 5557 famosumiillum
1024 5484 1589 5557 gestistseriptisac
1633 5490 1917 5544 sanctitate

354 5554 594 5632 Petrum,
622 5568 763 5608 anno
790 5556 928 5609 “22
966 5554 1164 5610 factum
1195 5554 1440 5609 abbatem
1471 5556 1912 5632 Cluniacenscm;

355 5624 446 5697 sed
475 5624 1111 5697 eo_nject_ura_m_moratur
1131 5635 1371 5697 nontam
1395 5642 1568 5682 annus
1593 5630 1802 5693 mortis,
1825 5631 1916 5697 qui

354 5695 454 5748 fuit
489 5693 688 5749 Christi
742 5694 875 5747 1157
924 5696 1129 5765 (quidni
1178 5696 1319 5753 enim
1364 5698 1747 5767 octogesimum
1795 5693 1917 5754 vitae

2033 5292 2229 5334 annum
2256 5275 2494 5342 attigerit
2514 5282 2607 5328 aut
2631 5275 3088 5344 transcenderit?)
3110 5288 3268 5342 quam
3297 5273 3440 5342 quod
3471 5273 3608 5327 nihil

2027 5352 2094 5405 de
2124 5347 2285 5401 rebus
2314 5362 2342 5397 a
2373 5346 2532 5398 Petro
2563 5354 2686 5399 ante
2718 5343 3075 5413 praelaturam’
3097 5345 3263 5413 gestis
3300 5343 3610 5397 inveniatur

2026 5418 2169 5487 quod
2199 5418 2361 5487 istam
2384 5414 2598 5487 fulciat;
2633 5423 2685 5468 et
2705 5417 2845 5487 quod
2876 5415 3170 5487 Eadmems
3199 5413 3609 5487 scribenspost

2027 5483 2184 5542 istius
2223 5485 2366 5539 Petri
2410 5485 2500 5553 qui
2550 5483 2735 5540 abbas‘
2754 5485 2853 5538 fuit
2903 5483 3243 5545 electionem,
3290 5497 3411 5551 qua:
3461 5483 3607 5537 haud

2026 5558 2186 5612 dubie
2211 5556 2515 5611 Cantuaria:
2537 5556 2645 5610 cito
2677 5556 2928 5617 innotuit,
2961 5570 3067 5609 non
3095 5567 3350 5622 expresse
3382 5553 3609 5622 addide-

2028 5629 2119 5691 rit,
2144 5643 2264 5681 cum
2298 5626 2364 5680 de
2393 5640 2501 5692 quo
2525 5625 2636 5695 agit
2668 5625 2905 5691 Petrum,
2935 5624 3075 5680 baud
3102 5620 3180 5678 ita
3201 5623 3409 5693 pridem
3434 5620 3610 5679 fuisse

2026 5698 2225 5754 factum
2256 5696 2525 5750 abbatem.
