3882 6050
296 203 404 262 H3

1277 199 1434 256 VlTA
1485 193 1811 254 AUCTORE
1852 195 2202 254 EADMERO.
2235 226 2304 239 -—
2344 193 2472 252 LIB:
2508 195 2572 254 ll.

3441 201 3542 264 ιη

291 328 424 374 sunt
467 317 665 387 quique
716 331 958 380 suorum,
998 327 1053 370 et
1098 317 1212 372 dies
1257 334 1396 372 unus
1446 320 1496 372 in
1547 319 1868 386 requirenda
1899 321 1943 376 Α
1973 316 2070 384 pit.
2105 313 2253 368 Unde
2281 315 2554 382 paululum
2603 323 2829 384 gustans
2870 313 3022 385 juxta
3051 317 3209 374 ﬁdem
3243 335 3394 374 suam
3426 331 3536 374 sta-

291 409 514 478 perdice
542 421 699 461 casso
739 407 924 461 labore
970 419 1340 478 consumptus.
1394 410 1629 478 Contigit
1670 417 1870 470 autem,

291 510 356 552 ut
387 515 524 553 unus
553 514 622 552 ex
659 499 976 552 monasterii
1003 502 1364 556 sementibus
1399 503 1516 572 ipsa
1563 503 1646 556 die
1675 519 1770 570 per
1794 503 1876 554 vi-

291 593 474 644 cinam
505 589 692 644 silvam
720 590 823 643 iter
844 589 984 674 forte
1013 599 1250 659 caperet,
1281 593 1496 662 negotio
1526 609 1630 662 quo
1661 593 1748 646 alii
1781 607 1872 646 oc-

288 678 634 745 cupabantur
652 677 784 730 nihil
811 678 1115 744 intendens,
1141 689 1193 734 et
1213 697 1339 735 ecce
1364 683 1510 736 invia
1536 699 1636 752 qua
1662 683 1874 752 gradie—

285 769 476 830 batur,
503 767 749 832 bestiola,
773 783 931 835 quam
949 779 1238 840 martyram
1255 769 1364 840 (39)
1381 782 1591 840 vocant,
1607 773 1872 842 perdicem

285 857 342 908 in
383 871 480 910 ore
521 855 746 910 ferebat.
781 856 910 922 Quae
949 857 1199 924 bestiola,
1234 861 1348 916 viso
1379 859 1619 926 homine,
1648 877 1796 915 suam
1825 861 1874 916 ei

281 944 529 1012 praedam
565 943 804 1012 reliquit,
833 945 1043 1014 sibique
1077 947 1198 1018 fuga
1230 949 1521 1003 consuluit.
1547 951 1616 1002 At
1641 949 1730 1003 ille
1755 965 1878 1017 per-

279 1035 470 1087 dicem
502 1049 785 1089 assumens
811 1036 876 1088 ad
909 1051 1006 1091 nos
1033 1038 1242 1092 detulit.
1273 1039 1350 1093 Ex
1379 1055 1481 1108 qua
1511 1055 1653 1110 :eger
1683 1049 1872 1094 noster

289 1126 549 1190 refectus,
585 1127 766 1181 statim
815 1128 1088 1182 meliorari
1137 1132 1204 1184 ab
1231 1131 1550 1201 :rgriludine
1596 1133 1779 1198 cmpit,
1813 1147 1876 1186 ac

291 1219 512 1270 detmtm
557 1217 609 1271 in
645 1218 765 1272 dies
795 1219 988 1274 melius
1034 1221 1332 1294 meliusque
1371 1224 1644 1288 habendo,
1694 1225 1876 1294 pristi-

291 1319 421 1358 nam
445 1315 532 1359 est
565 1307 853 1360 sanitatem
885 1310 1128 1378 adeptus.

367 1393 456 1447 66.
499 1394 630 1449 Post
670 1395 784 1450 haec
823 1397 1092 1468 episcopis
1141 1409 1195 1454 et
1244 1401 1550 1466 abbatibus,
1592 1404 1683 1472 qui
1722 1419 1876 1458 exse—

293 1483 552 1550 quiarum
582 1484 724 1538 illius
753 1500 916 1540 causa
948 1499 1332 1558 convenerant,
1372 1491 1426 1545 in
1455 1507 1551 1547 sua
1583 1493 1878 1548 remeanti-

293 1573 422 1632 bus,
459 1575 722 1628 remeavit
748 1575 910 1630 etiam
945 1577 1256 1647 Radulphus
1284 1581 1420 1652 (40),
1454 1582 1621 1637 abbas
1641 1583 1874 1637 ctenobii

1980 405 2072 457 tim
2117 403 2494 457 convalescere
2544 404 2725 472 coepit,
2769 404 3098 475 integraeque
3130 407 3344 462 sanitati
3374 407 3541 461 dona-

1979 503 2083 556 tus,
2113 495 2223 548 Deo
2251 502 2304 546 et
2335 494 2426 547 Dei
2455 495 2572 547 viro
2599 509 2664 548 ex
2695 495 2858 549 corde
2881 496 3083 565 gratias
3105 497 3236 565 egit.

2048 585 2137 639 69.
2181 586 2323 638 lnter
2359 585 2473 639 haec
2503 600 2596 640 rex
2637 586 2688 639 in
2723 585 3116 640 Northmannia
3155 586 3358 655 positus
3392 585 3546 640 valde

1977 676 2278 742 laetabatur,
2308 677 2448 730 sicut
2481 675 2726 731 ferebant
2752 678 2808 731 bi
2839 677 2928 748 qui
2965 678 3031 731 ad
3060 692 3159 731 nos
3201 677 3323 730 inde
3363 677 3548 730 venie-

1977 769 2127 830 bant,
2152 768 2292 836 quod
2319 767 2754 821 fueratAnselmi
2781 783 2912 837 pace
2941 770 3164 836 potitus.
3201 765 3353 822 Unde
3382 768 3544 822 etiam

1984 858 2138 912 ﬁrma
2174 859 2276 912 sibi
2325 874 2418 928 spe
2460 859 2837 930 applaudebat,
2881 875 2978 915 suo
3020 876 3078 915 se
3109 861 3344 916 dominio
3380 869 3544 914 totam

1979 947 2422 1001 Norlhmat‘tuiam
2465 947 2894 1018 subjugaturum.
2929 949 3082 1016 Quod
3127 959 3180 1004 et
3205 950 3404 1002 factum
3438 957 3543 1003 est.

1977 1037 2108 1092 Nam
2137 1046 2387 1092 conserto
2416 1040 2564 1109 gravi
2589 1039 2770 1107 prtelio
2799 1039 3016 1093 fratrem
3048 1055 3202 1093 suum
3225 1037 3545 1104 Robertum,

1977 1127 2384 1182 Northmannize
2413 1127 2686 1192 comitem,
2723 1137 2777 1182 et
2798 1129 2931 1184 alios
2957 1131 3247 1200 principes,
3280 1131 3370 1200 qui
3400 1147 3534 1184 con.

1979 1225 2058 1268 tra
2093 1215 2240 1270 illum
2285 1217 2339 1269 in
2369 1216 2568 1270 bellum
2597 1225 2881 1284 venerunt,
2930 1217 3102 1288 cepit;
3136 1219 3544 1289 innume’risque

1978 1307 2290 1374 peremptis,
2331 1315 2498 1361 totam
2537 1316 2736 1361 terram
2780 1309 2950 1362 victor
2975 1309 3231 1376 obtinuit,
3263 1311 3425 1380 idque
3451 1327 3549 1378 per

1979 1395 2191 1450 litteras
2239 1395 2497 1450 Anselmo
2542 1397 2845 1466 gaudenter
2882 1405 2937 1449 et
2968 1399 3234 1466 gratiosus
3268 1415 3386 1452 mox
3422 1400 3549 1453 inti-

1979 1485 2166 1539 mavit.
2209 1485 2407 1540 Omnes
2437 1500 2565 1538 vero
2601 1487 2692 1554 qui
2744 1487 2859 1540 hate
2911 1497 3060 1558 gesta
3109 1498 3235 1542 tunc
3288 1491 3548 1558 temporis

1981 1575 2220 1640 audiere,
2250 1589 2313 1628 ea
2347 1575 2555 1630 meritis
2603 1576 2924 1642 concordize,
2965 1592 3122 1646 quam
3155 1593 3246 1632 rex
3289 1595 3410 1633 cum
3439 1581 3548 1633 Au-

297 1663 602 1733 Sagiensis;
643 1665 734 1734 qui
763 1683 902 1722 unus
937 1679 1054 1724 erat
1082 1685 1148 1724 ex
1185 1672 1283 1727 eis.
1313 1671 1463 1728 Unus
1491 1674 1655 1743 igitur
1682 1689 1748 1728 ex
1779 1675 1873 1729 ho-

1983 1665 2146 1720 selmo
2177 1665 2400 1730 fecerat,
2433 1665 2756 1734 ascripsere.

291 1755 538 1810 minibus
560 1757 678 1826 ejus
709 1773 804 1827 per
829 1761 970 1814 viam
1001 1763 1168 1831 coepit
1203 1765 1460 1820 Anselmo
1485 1765 1794 1834 detrahere,
1819 1779 1873 1823 et

289 1847 438 1912 quod
475 1847 670 1902 merito
698 1849 876 1904 nullus
900 1849 1202 1906 inﬁrmitati
1224 1855 1342 1924 ejus
1374 1858 1606 1926 compati
1631 1859 1870 1926 deberet,

289 1935 622 2004 praesertim,
663 1937 935 2006 inquiens,
967 1955 1088 1994 cum
1129 1942 1241 2011 ipse
1284 1945 1404 2000 cibo
1440 1953 1494 1999 et
1536 1955 1665 2016 potu
1714 1949 1870 2002 saluti

295 2039 432 2088 stne,
469 2027 512 2079 si
567 2037 772 2082 remota
814 2029 1077 2098 iactantia
1129 2033 1310 2100 vellet,
1357 2034 1518 2090 facile
1549 2052 1873 2094 succurrere

288 2125 500 2182 posset,
523 2116 786 2172 maledica
809 2134 940 2174 voce
957 2129 1225 2176 astruere.
1252 2123 1406 2189 Quod
1427 2125 1594 2180 abbas
1622 2127 1870 2192 audiens,

291 2206 574 2260 hominem
605 2210 814 2263 monuit
843 2218 904 2263 ut
937 2211 1140 2275 sileret,
1190 2227 1292 2268 nec
1323 2215 1388 2268 de
1419 2223 1568 2270 tanto
1601 2217 1716 2272 viro
1745 2219 1873 2286 qttid

291 2295 504 2350 sinistri
533 2297 671 2351 ultra
699 2298 986 2367 proferret.
1013 2301 1142 2367 Quae
1169 2303 1256 2359 ille
1283 2305 1666 2362 subsannando
1689 2309 1872 2378 despi-

291 2387 474 2452 ciens,
511 2397 575 2442 et-
599 2389 650 2442 in
687 2391 772 2444 bis
809 2406 928 2460 quae
957 2403 1198 2462 coeperat
1228 2395 1410 2450 furore
1438 2399 1668 2466 quodam
1691 2401 1874 2472 exagi-

291 2485 463 2541 tatus,
516 2478 825 2545 persistens
871 2495 1010 2549 eqno
1059 2481 1364 2539 calcaribus
1416 2486 1641 2552 institit,
1695 2499 1755 2542 ut
1803 2492 1874 2545 ab

289 2568 490 2622 abbate
525 2569 808 2640 clongatus
839 2571 1068 2628 liberius
1114 2577 1298 2631 ederet
1341 2579 1486 2646 quod
1523 2595 1634 2634 sum
1675 2581 1874 2638 mentis

290 2659 604 2716 amaritudo
649 2663 750 2716 sibi
787 2675 1136 2733 proponeret.
1183 2665 1380 2722 Verum
1419 2681 1539 2724 cum
1589 2671 1706 2742 ipse
1737 2689 1874 2742 prae-

289 2749 404 2816 peti
433 2765 598 2804 cursu
629 2751 762 2806 ferri
793 2754 1041 2823 gestiret,
1071 2771 1136 2810 ac
1175 2758 1418 2813 remissis
1457 2761 1686 2818 habenis
1722 2765 1876 2819 ocior

289 2843 378 2896 ire
435 2843 720 2912 inciperet,
773 2859 933 2914 quem
990 2847 1214 2902 sedebat
1269 2851 1578 2921 quadrupes
1641 2858 1882 2924 corruit,

289 2949 528 3002 eumque
559 2949 754 3004 magno
775 2951 896 2991 eum
927 2937 1192 2994 dedecore
1215 2947 1368 3010 tergo
1393 2957 1492 2998 suo
1519 2945 1776 3010 excussit,
1808 2962 1872 3002 ac

291 3039 396 3093 per
419 3024 686 3078 devexum
723 3038 960 3082 montem
997 3028 1158 3098 longo
1193 3039 1373 3085 rotatu
1411 3034 1804 3103 praecipitatum
1838 3053 1870 3091 a

289 3115 398 3168 viri
427 3115 762 3185 blasphemia
794 3118 1031 3190 linguam
1063 3135 1412 3192 compescere
1440 3125 1644 3180 docuit.

367 3207 455 3260 67.
488 3207 692 3262 Dehinc
719 3209 772 3263 in
799 3211 1182 3280 Assumptione
1207 3215 1376 3268 beatae
1407 3215 1496 3274 Dei
1521 3218 1798 3290 genitricis
1820 3233 1876 3279 et

291 3307 576 3366 perpetua:
603 3299 826 3370 virginis
861 3300 1046 3361 Merita
1087 3319 1182 3362 rex
1214 3303 1482 3364 Henricus
1515 3310 1746 3365 Beccum
1775 3314 1874 3367 ad—

291 3389 542 3459 veniens,
581 3391 760 3449 munia
797 3412 918 3467 qua.I
947 3399 1089 3452 inter
1127 3415 1184 3454 se
1215 3411 1270 3454 et
1295 3399 1608 3455 Anselmum
1637 3403 1704 3457 de
1733 3417 1876 3473 saepe

293 3485 412 3540 fato
443 3485 657 3557 negotio
689 3489 1018 3555 resederant,
1045 3492 1364 3546 moderante
1395 3493 1538 3547 sedis
1565 3495 1876 3561 apostolicae

295 3575 582 3630 sanctione
605 3576 820 3644 delevit,
853 3589 1016 3648 atque
1049 3581 1116 3635 de
1157 3581 1384 3651 singulis
1425 3583 1490 3636 ad
1517 3597 1638 3652 quae
1683 3585 1874 3639 tende-

293 3667 414 3728 bat,
466 3683 576 3721 suae
627 3668 777 3722 illum
829 3671 1123 3726 voluntatis
1185 3653 1487 3742 compotem
1535 3674 1682 3730 fecit.
1737 3675 1872 3730 Cum

293 3758 470 3828 igitur
493 3759 740 3830 Angliam
769 3763 1045 3832 repetendi
1071 3764 1178 3818 iter
1201 3764 1634 3820 Anselmi-certis
1658 3781 1724 3820 ex
1745 3781 1876 3820 eau-

298 3850 384 3902 sis
411 3849 804 3920 aliquantisper
849 3852 1246 3919 demoraretur,
1291 3862 1513 3925 rogatus
1557 3856 1624 3910 ab
1677 3857 1874 3910 abbate

299 3939 582 4006 Beccensi,
634 3943 902 3996 dedicavit
945 3944 1210 4014 capellam
1259 3960 1420 4000 unam
1476 3945 1616 4000 infra
1666 3947 1872 4001 curiam

299 4030 474 4098 ipsius
489 4033 718 4086 ctenobii
737 4033 990 4088 sitam.ln
1015 4051 1120 4105 qua
1148 4035 1483 4090 dedicatione
1519 4037 1736 4106 quidam
1765 4037 1875 4092 cle-

299 4123 454 4176 ricus
497 4124 782 4192 phrenesis
823 4125 1133 4182 valetudine
1179 4135 1304 4182 tunc
1339 4129 1550 4183 noviter
1597 4138 1806 4197 captus,
1844 4145 1872 4183 a

303 4212 424 4266 suis
449 4223 533 4268 est
566 4223 694 4270 ante
730 4215 1036 4284 pontiﬁcem
1077 4217 1290 4278 ductus,
1327 4218 1578 4286 illicoque
1616 4223 1682 4273 ad
1711 4219 1874 4273 bene-

299 4305 594 4359 dictionem
630 4306 748 4374 ejus
785 4323 816 4362 a
847 4323 956 4363 sua:
985 4310 1184 4363 mentis
1213 4310 1536 4366 alienatione
1559 4321 1798 4366 sanatus.

375 4393 466 4448 68.
498 4394 630 4448 Cum
661 4406 782 4465 post
815 4397 930 4452 btec
957 4413 1216 4466 prospero
1239 4397 1400 4453 cut-su
1423 4399 1670 4468 Angliam
1695 4401 1874 4454 venis-

299 4493 407 4546 set.
443 4499 638 4556 magno
677 4497 880 4543 sanctae
929 4489 1184 4544 Ecclesize
1219 4491 1414 4560 gaudio
1449 4501 1505 4546 et
1549 4493 1756 4546 honore
1781 4509 1876 4546 su-

301 4583 522 4642 sceptus
563 4585 666 4630 est.
712 4576 840 4632 inde
869 4579 1100 4634 evolutis
1133 4581 1320 4634 diebus
1353 4582 1644 4646 nonnullis,
1671 4583 1876 4652 Anglus

301 4667 522 4734 quidam
559 4669 644 4721 vir
671 4668 868 4724 nobilis
897 4670 1114 4742 quidem
1143 4680 1198 4724 et
1231 4671 1381 4727 dives
1410 4673 1586 4728 valida
1629 4677 1876 4744 corporis

301 4757 624 4813 infirmitate
667 4767 942 4829 gravatus,
977 4761 1046 4815 ab
1071 4761 1322 4816 Anselmo
1363 4764 1466 4816 sibi
1513 4779 1706 4832 panem
1737 4781 1766 4818 a
1816 4779 1888 4825 se,

301 4847 648 4902 benedictum
685 4849 975 4904 transmitti
1003 4865 1100 4919 per
1133 4852 1384 4906 nuntium
1419 4853 1595 4920 petiit,
1627 4862 1684 4907 et
1721 4869 1876 4910 acce-

1898 2993 1946 3056 C

2045 1757 2132 1810 70.
2163 1755 2285 1825 lpso
2315 1771 2457 1810 anno
2480 1756 2766 1812 Anselmus
2792 1758 3062 1814 celebrata
3087 1759 3324 1829 paschali
3355 1759 3550 1815 solem-

1973 1850 2162 1914 nitate,
2195 1852 2249 1904 in
2285 1849 2434 1904 curia
2465 1849 2606 1920 regis
2650 1851 2791 1920 apud
2821 1850 3152 1906 Londoniam
3196 1851 3329 1906 abiit
3362 1853 3426 1906 ad
3455 1852 3550 1907 ab-

1972 1942 2177 1997 batiam
2211 1941 2396 1996 Sancti
2419 1939 2708 2008 Edmundi,
2737 1941 2968 1997 electura
2993 1943 3123 1997 inibi
3153 1943 3266 2014 (41)
3295 1944 3546 1998 abbatem

1972 2047 2067 2088 sua
2100 2032 2422 2086 auctoritate
2453 2033 2832 2098 roboraturus,
2867 2040 2920 2087 et
2954 2033 3060 2086 alia
3091 2035 3335 2102 quaedam
3375 2031 3548 2087 ollicia

1971 2120 2296 2192 pontiﬁcalia
2337 2135 2436 2190 pro
2465 2119 2702 2188 suojure
2744 2121 3139 2176 celebraturus.
3181 2121 3311 2188 Quae
3335 2123 3424 2176 ubi
3455 2137 3546 2175 so-

1973 2212 2228 2266 lemniter
2247 2219 2440 2266 cuncta
2465 2212 2695 2280 peregit,
2723 2212 3043 2281 gravissima
3067 2213 3216 2266 febre
3240 2223 3544 2280 correptus,

1974 2317 2076 2372 per
2101 2301 2286 2370 plures
2329 2301 2448 2354 dies
2485 2315 2624 2370 pene
2667 2315 2836 2370 usque
2877 2301 2944 2356 ad
2988 2303 3334 2358 emissionem
3369 2303 3542 2357 ultimi

1977 2389 2140 2444 ﬁatus
2165 2397 2392 2443 vexatus
2419 2395 2524 2445 est.
2557 2387 2662 2443 Pro
2688 2404 2794 2459 quo
2819 2389 2929 2445 illic
2949 2399 3168 2446 octavas
3195 2391 3548 2447 Pentecostes

1973 2494 2146 2548 usque
2187 2479 2436 2533 detentus
2473 2485 2579 2544 est,
2623 2487 2678 2533 et
2707 2479 3016 2545 consilium,
3045 2479 3188 2549 quod
3230 2495 3289 2535 se
3317 2480 3553 2535 viduatis

1975 2569 2236 2624 Ecclesiis
2283 2583 2372 2622 rex
2415 2579 2774 2638 proposuerat
2811 2568 3155 2634 collaturum,
3187 2579 3410 2641 prepter
3435 2569 3552 2639 ejus

1976 2661 2272 2716 absentiam
2307 2660 2359 2713 in
2387 2659 2656 2714 Kalendas
2682 2660 2910 2730 Augusti
2940 2660 3164 2715 dilatum
3211 2670 3314 2716 est.
3346 2661 3422 2715 Eo
3453 2663 3552 2732 igi-

1978 2759 2068 2804 tur
2119 2759 2362 2817 tempore
2419 2751 2670 2804 adunatis
2727 2751 2782 2804 in
2825 2751 3026 2819 palatio
3073 2753 3216 2821 regis
3261 2753 3552 2808 Londonia:

1977 2841 2192 2898 cunctis
2220 2842 2552 2911 primoribus
2577 2841 2812 2910 Angliae,
2849 2843 3148 2896 victoriam.
3177 2846 3244 2898 de
3297 2843 3550 2899 libertate

1977 2931 2250 2992 Ecclesiae,
2285 2945 2382 3000 pro
2419 2944 2524 2998 qua
2550 2929 2641 2983 diu
2691 2931 3038 2987 laboraverat
3083 2933 3369 2988 Anselmus
3417 2936 3544 2990 ade-

1975 3034 2098 3095 ptus
2120 3033 2222 3081 est.
2237 3026 2351 3080 Rex
2367 3027 2529 3090 enim,
2549 3033 2950 3082 antecessorum
2968 3041 3188 3081 suorum
3212 3043 3308 3081 usu
3338 3027 3547 3092 relicto,

1977 3132 2078 3172 nec
2129 3131 2390 3186 personas
2439 3133 2558 3187 quae
2595 3118 2648 3172 in
2689 3118 2930 3188 regimen
2961 3115 3324 3172 Ecclesiarum
3362 3133 3546 3171 sume-

1973 3207 2172 3262 bantur
2223 3223 2318 3277 per
2359 3223 2420 3262 se
2463 3209 2645 3278 elegit,
2694 3223 2794 3262 nec
2837 3222 2930 3262 eas
2959 3223 3055 3274 per
3081 3207 3352 3261 dationem
3379 3207 3548 3278 virgae

1975 3299 2264 3370 pastoralis
2293 3299 2548 3354 Ecclesiis
2575 3299 2770 3368 quibus
2792 3299 3226 3369 praeﬁciebantur
3247 3299 3540 3353 investivit.

2051 3383 2140 3446 71.
2183 3393 2414 3462 Scripsit
2452 3392 2595 3446 inter
2629 3392 2744 3447 haee
2775 3391 3062 3446 Anselmus
3099 3391 3337 3446 libellum
3383 3407 3546 3445 ttnum

1977 3486 2053 3540 De
2069 3487 2346 3540 concordia
2365 3486 2704 3554 prwsciemiw
2724 3494 2772 3538 et
2791 3484 3285 3552 prwdestinationis,
3303 3493 3348 3536 et
3367 3483 3550 3553 gratia:

1977 3577 2099 3644 Dei,
2125 3593 2242 3632 cum
2281 3577 2444 3631 libero
2487 3577 2726 3630 arbitrio.
2773 3576 2830 3630 ln
2861 3591 2970 3645 quo
3009 3589 3172 3645 opere
3213 3583 3401 3629 contra
3436 3589 3550 3628 mo—

1977 3685 2115 3734 rem,
2159 3683 2368 3723 moram
2409 3669 2461 3721 itt
2502 3667 2792 3723 scribendo
2821 3681 3014 3736 passus
3049 3675 3150 3728 est,
3195 3666 3451 3736 quoniam
3479 3679 3547 3718 ex

1978 3775 2086 3828 quo
2136 3759 2274 3828 apud
2322 3765 2568 3811 sanctum
2621 3757 2958 3810 Edmundum
3011 3756 3186 3810 fuerat
3223 3756 3546 3815 inﬁrmatus,

1977 3851 2148 3904 donec
2201 3847 2454 3916 praesenti
2507 3845 2634 3899 vitae
2683 3845 2970 3915 superfuit,
3020 3845 3176 3900 solito
3227 3845 3552 3899 imbecillior

1983 3953 2213 4007 corpore
2241 3935 2358 3990 fuit.
2390 3935 2730 4004 Quapropter
2752 3936 2817 3988 de
2843 3935 2962 3988 loco
2991 3937 3057 3988 ad
3085 3935 3258 3988 locum
3287 3935 3549 4003 migrans,

1979 4031 2178 4084 lectica
2210 4029 2467 4098 deinceps
2497 4043 2602 4082 non
2634 4042 2774 4096 equo
2797 4027 2990 4081 sedens
3019 4025 3332 4080 vehebatur.
3367 4025 3546 4078 Vexa-

1975 4123 2140 4177 batur
2167 4132 2431 4189 praeterea
2459 4117 2829 4188 frequentibus
2857 4128 2911 4174 et
2959 4118 3170 4173 acerbis
3217 4117 3550 4170 inﬁrmitati-

1975 4215 2098 4278 bus,
2149 4213 2222 4265 ita
2270 4221 2327 4265 ut
2379 4211 2466 4265 vix
2508 4211 2582 4264 illi
2631 4212 2796 4265 vitam
2845 4211 3160 4281 promittere
3207 4209 3548 4263 auderemus.

1978 4305 2096 4373 Ipse
2127 4313 2312 4356 tamen
2349 4317 2624 4371 nunquam
2671 4302 2913 4370 pristinae
2957 4299 3384 4354 conversationis
3417 4296 3552 4352 obli-

1985 4395 2313 4456 viscebatur,
2355 4394 2447 4447 sed
2495 4407 2712 4462 semper
2755 4401 2848 4445 aut
2897 4391 3334 4444 meditationibus
3373 4389 3549 4454 bonis,

1983 4498 2074 4542 aut
2119 4485 2588 4540 exhortationibus
2626 4483 2750 4555 [al.,
2783 4479 3286 4551 exercitationibus]
3326 4482 3550 4546 sanctis,

1979 4589 2070 4634 aut
2099 4581 2218 4634 aliis
2249 4581 2352 4650 piis
2379 4577 2637 4646 operibus
2665 4575 3048 4642 occupabatur.

2048 4671 2138 4725 72.
2167 4671 2351 4725 Tertio
2373 4669 2540 4739 igitur
2562 4681 2704 4721 anno
2733 4675 3015 4735 postquam
3045 4681 3073 4718 a
3103 4664 3341 4720 secundo
3363 4663 3557 4718 exsilio

1986 4775 2084 4830 per
2119 4777 2300 4833 regem
2333 4761 2626 4816 llenricum
2659 4767 2946 4812 revocatus
2972 4764 3078 4821 est,
3101 4771 3289 4810 omnes
3316 4755 3421 4810 cibi
3446 4755 3566 4822 qui-

1983 4853 2083 4911 bus
2115 4857 2351 4910 humana
2383 4861 2574 4906 natura
2605 4858 2884 4921 vegetatur
2913 4857 2967 4904 et
2997 4849 3178 4915 alitur,
3203 4849 3256 4902 in
3283 4846 3556 4902 fastidium

1598 4964 2010 5022 HENSCHENII
2053 4965 2282 5022 NOTAE.

373 5051 488 5120 (59)
525 5053 769 5124 Martira,
815 5053 970 5123 vulgo
1019 5063 1234 5117 martre,
1265 5055 1399 5110 alias
1442 5056 1633 5124 fouine.
1687 5055 1878 5111 Latine

297 5133 496 5194 manes
533 5121 754 5194 dicitur,
783 5121 1182 5194 ovis‘pullisque
1209 5121 1460 5181 infestum
1478 5126 1880 5189 animalculum,

299 5191 713 5265 quasvisjacile
739 5191 1058 5265 perreptans
1088 5191 1386 5265 angustias.

377 5263 490 5330 (40)
531 5263 701 5317 Paulo
729 5273 868 5333 post,
907 5264 1114 5334 scilicet
1150 5263 1290 5319 anno
1318 5265 1452 5321 1108
1480 5264 1742 5319 Rolfcusis
1767 5265 1881 5334 epi-

301 5347 523 5401 scopus,
554 5343 611 5386 et
645 5349 788 5387 anno
823 5334 960 5387 MM
996 5333 1404 5389 Cantuariensis
1447 5333 1883 5402 archiepiscopus

301 5411 524 5474 creatus
559 5417 574 5454 :
608 5403 662 5458 iri
701 5404 942 5474 sagiensi
970 5413 1148 5474 autem
1179 5403 1394 5458 abbatia
1424 5412 1564 5473 (qua:
1591 5423 1618 5458 a
1653 5405 1882 5474 Rogerio

301 5471 762 5542 Montis-gomerii
781 5471 1112 5527 'vicecomite
1135 5481 1186 5527 et
1213 5490 1384 5530 uxore
1413 5471 1627 5528 Mabilia
1669 5471 1881 5528 restan-

303 5552 426 5596 rata
473 5541 652 5598 fuerat
701 5557 788 5596 an.
841 5541 998 5612 1060)
1049 5553 1386 5598 successerat
1441 5546 1552 5612 ipse
1603 5561 1688 5598 an.
1747 5543 1880 5599 1089

1983 5058 2162 5128 primo
2191 5055 2522 5128 ejusabbati
2539 5055 2772 5128 Roberto

2058 5129 2170 5195 (M)
2211 5127 2265 5179 In
2299 5126 2594 5195 Monastico
2623 5123 2920 5195 Anglicano

1987 5189 2214 5250 mortem
2247 5195 2466 5248 Roberti
2491 5194 2720 5254 abbatis,
2744 5207 2836 5245 an.
2863 5189 2999 5245 1107
3019 5189 3254 5246 defuncti
3291 5227 3306 5250 ,
3331 5201 3555 5241 vacasse

1986 5263 2598 5336 abbatiajuSJfldmundi
2640 5262 2796 5336 annis
2837 5270 3068 5330 septem;
3109 5257 3439 5336 a_c'demutp‘
3465 5271 3552 5336 an.

1992 5335 2126 5388 1115
2157 5333 2454 5386 Abboldum
2485 5347 2604 5386 esse
2635 5324 3029 5392 conﬁrmatum,
3055 5324 3152 5397 qui
3187 5325 3364 5380 fuerat
3399 5324 3556 5379 Prior

1989 5405 2050 5460 S.
2077 5403 2274 5456 Nieasii
2301 5403 2366 5456 de
2409 5401 2654 5461 Melente.
2681 5405 2762 5455 An
2785 5409 2964 5454 autem
3006 5399 3210 5452 electus
3245 5397 3458 5450 vivente
3493 5397 3550 5450 S.

1987 5473 2260 5536 Anselmo,
2295 5488 2360 5525 an
2399 5480 2580 5540 postea
2617 5478 2828 5529 cassata
2854 5469 3020 5537 priori
3055 5467 3316 5524 electione
3361 5467 3552 5522 substiv

1990 5555 2156 5608 tutus,
2189 5545 2308 5612 quis
2339 5542 2516 5598 dicet?

2960 5135 3016 5188 p.
3057 5119 3164 5174 295
3204 5118 3400 5172 dicitur
3437 5127 3555 5185 post
