3882 6050
307 168 412 222 115

1364 159 1422 214 S.
1463 157 1762 215 ANSE‘LMI
1801 157 2149 216 CANTUAR.
2194 159 2509 216 ARCIIEEP.

3462 155 3561 213 HG

305 281 356 335 ei
405 278 548 334 versi
578 282 726 332 sunt.
767 272 1124 329 Manducabat
1179 279 1360 327 tamen
1398 279 1604 330 naturae
1631 285 1741 325 sua:
1773 270 1880 323 vim
1909 271 1956 332 Α
1990 269 2150 324 tionis
2199 271 2487 327 millesimo
2529 272 2828 326 centesimo
2875 287 3039 335 nono,
3093 271 3186 341 qui
3234 270 3337 326 fuit
3384 286 3561 328 annus

307 366 576 430 faciendo,
609 365 787 421 sciens
814 379 872 420 se
907 363 1092 421 vivere
1117 377 1225 418 non
1255 376 1414 432 posse
1442 361 1560 416 sine
1589 360 1734 416 cibo.
1768 360 1883 426 Qua

305 459 358 512 vi
387 473 484 529 per
506 455 789 512 dimidimn
817 453 1038 509 circiter
1059 467 1263 507 annum
1293 451 1457 506 vitam
1486 465 1703 520 quoquo
1725 449 1886 505 modo

307 545 614 618 transigens
639 543 840 599 sensim
882 556 1116 612 corpore
1155 539 1463 604 deficiebat,
1487 540 1655 594 animi
1687 539 1888 594 virtute

308 653 525 708 semper
557 637 700 691 idem
737 635 830 706 qui
869 650 990 690 esse
1026 632 1234 688 solebat
1259 633 1521 687 existens.
1551 629 1757 700 Spiritu
1788 631 1888 685 ita-

307 743 416 800 que
450 729 630 795 fortis,
675 733 769 782 sed
810 740 976 782 carne
1005 725 1236 779 nimium
1266 723 1478 794 fragilis
1505 722 1672 794 pedes
1701 732 1886 778 orato-

307 821 450 875 rium
483 819 634 875 adire
671 818 948 888 nequibat.
982 817 1234 872 Attamen
1267 814 1664 872 consecrationi
1710 813 1889 868 Domi-

305 910 416 966 nici
471 909 746 980 corporis,
808 907 953 978 quod
1003 905 1229 977 speciali
1289 905 1524 976 quodam
1583 903 1888 959 devotionis

308 1001 504 1057 affectu
539 999 926 1065 venerabatur,
969 999 1234 1053 interesse
1279 996 1618 1059 desiderans,
1661 993 1890 1066 singulis

309 1091 504 1148 diebus
529 1089 658 1145 illuc
688 1105 749 1145 se
779 1089 832 1144 in
868 1087 997 1144 sella
1025 1086 1266 1142 faciebat
1294 1085 1520 1140 deferri.
1553 1085 1598 1138 A
1628 1099 1733 1153 quo
1761 1085 1888 1138 dum

308 1196 410 1236 nos
439 1181 532 1251 qui
567 1181 616 1236 ei
648 1180 1042 1243 serviebamus,
1075 1192 1220 1244 eum,
1267 1177 1392 1246 quia
1437 1175 1666 1230 multum
1693 1175 1889 1230 exinde

310 1274 660 1345 fatigabatur,
699 1271 977 1329 declinare
1025 1270 1356 1335 niteremur;
1407 1269 1494 1322 vix
1540 1268 1730 1337 quinto
1767 1276 1891 1323 ante

311 1371 394 1426 sui
427 1369 606 1426 exitus
633 1367 776 1424 diem
806 1366 1060 1422 evincere
1087 1363 1385 1436 potuimus.
1421 1361 1630 1416 Exinde
1651 1375 1781 1432 ergo
1810 1375 1892 1414 as-

309 1458 464 1514 sidue
511 1456 653 1512 lecto
701 1455 1000 1520 decubans,
1044 1453 1238 1508 anhela
1289 1467 1423 1508 voce
1458 1466 1649 1507 omnes
1690 1451 1782 1521 qui
1823 1449 1890 1506 ad

309 1561 434 1602 eum
466 1545 728 1601 accedere
775 1543 1147 1608 merebantur,
1187 1543 1241 1598 in
1274 1558 1373 1598 suo
1403 1557 1673 1612 quemque
1701 1543 1892 1598 ordine

1987 363 2332 434 pontificatus
2354 363 2470 426 eius
2494 365 2736 420 decimus
2761 373 2945 420 sextus
2971 363 3098 436 [al.,
3119 359 3266 432 xm],
3289 363 3412 419 vita:
3436 379 3566 419 vero

1988 455 2418 526 septuagesimus
2447 464 2652 512 sextus.

2062 543 2150 598 74.
2193 543 2332 599 Loto
2356 545 2519 614 igitur
2540 560 2603 600 cx
2630 559 2780 601 more
2806 558 3035 614 corpore
3057 542 3196 615 ejus,
3224 542 3381 612 petiit
3403 555 3566 612 supra

1991 651 2135 706 saape
2171 645 2502 692 memoratus
2527 652 2709 691 rerum
2734 636 2975 692 Anselmi
3000 636 3248 706 provisor
3267 650 3330 690 ac
3352 635 3570 704 dispen-

1992 735 2144 781 sator
2178 726 2496 792 Balduinus,
2534 737 2802 796 quatenus
2849 727 3018 782 facies
3066 725 3247 782 Patris
3293 725 3569 793 balsamo,

1998 817 2142 887 quod
2173 817 2462 873 admodum
2500 833 2690 889 parum
2719 819 2772 872 in
2810 818 3034 888 parvulo
3067 832 3198 872 vase
3226 816 3330 871 sibi
3372 814 3568 886 majori

1990 907 2108 979 ejus
2129 916 2283 979 parte
2309 909 2520 979 perdita
2553 918 2910 974 remanserat,
2941 909 3313 978 iniungeretur,
3340 919 3569 977 sperans

1991 1013 2154 1072 atque
2179 1010 2474 1072 pemptans
2507 1017 2575 1058 eo
2605 1001 2765 1056 modo
2791 1001 2940 1056 illam
2966 1000 3052 1056 vel
3079 1000 3290 1056 modice
3333 998 3568 1070 amplius

1989 1101 2263 1147 servatum
2296 1091 2362 1147 iri
2407 1106 2474 1147 ne
2511 1101 2978 1163 corrumperetur.
3011 1089 3430 1162 Acquievimus,
3464 1090 3572 1144 viri

1992 1180 2315 1237 industriam
2338 1183 2754 1252 amplectentes.
2781 1184 2889 1238 Vas
2911 1197 3042 1253 ergo
3065 1182 3235 1252 ipsius
3260 1181 3488 1251 liquoris
3514 1180 3570 1236 in

1993 1289 2214 1328 manum
2261 1274 2548 1345 episcopus
2576 1275 2825 1345 sumpsit,
2857 1284 2913 1331 et
2941 1284 3203 1330 uncturus
3227 1274 3435 1329 vultum
3471 1274 3574 1330 de-

1993 1363 2189 1429 functi,
2238 1365 2466 1436 digitum
2511 1365 2677 1420 fundo
2711 1366 2857 1421 vasis
2898 1366 3180 1422 immersit.
3223 1365 3393 1434 Quem
3429 1365 3574 1421 illico

1994 1457 2305 1521 extrahens,
2350 1457 2445 1512 sed
2485 1458 2573 1512 vix
2598 1458 2964 1512 summitatem
3010 1458 3092 1513 sui
3137 1457 3291 1528 digiti
3329 1456 3573 1512 madefa-

1995 1557 2141 1604 ctam
2166 1548 2464 1620 reperiens,
2493 1558 2641 1604 ratus
2667 1558 2750 1604 est
2777 1548 3078 1604 balsamum
3108 1549 3280 1617 ipsum
3312 1547 3590 1622 ungenda;

312 1640 425 1694 Deo
447 1639 630 1694 vivere
659 1637 1002 1693 hortabatur.
1036 1635 1294 1692 llluxerat
1328 1635 1605 1692 Dominica
1632 1637 1747 1692 dies
1773 1636 1890 1691 Pal-
1923 1612 1968 1672 Β
1998 1640 2155 1695 faciei
2183 1612 2602 1710 haudquaquam
2635 1655 2793 1709 posse
2819 1637 3088 1695 sullicere.
3117 1612 3457 1708 Quapropter
3487 1654 3576 1693 ro-

310 1743 548 1794 marum,
573 1736 630 1782 et
659 1742 758 1783 nos
790 1741 889 1798 pro
917 1741 1070 1782 more
1099 1727 1243 1783 circa
1275 1741 1397 1782 eum
1428 1727 1771 1782 sedebamus.
1807 1728 1896 1782 Di-

310 1823 392 1876 xit
421 1822 608 1891 itaque
645 1821 695 1875 ei
737 1835 878 1875 unus
910 1829 1158 1876 nostrum
1195 1837 1210 1874 :
1241 1819 1470 1874 Domine
1498 1818 1682 1886 Pater,
1715 1831 1774 1874 ut
1804 1835 1896 1873 no-

311 1913 396 1968 bis
432 1912 658 1984 intelligi
685 1912 868 1977 datur,
895 1911 962 1967 ad
984 1911 1296 1981 paschalem
1319 1909 1524 1966 domini
1558 1911 1634 1965 tui
1663 1911 1894 1976 curiam,

317 2004 512 2061 relicto
542 2003 737 2059 saeculo
777 2002 952 2059 vadis.
1010 2003 1309 2074 Respondit
1357 2021 1370 2056 :
1415 2002 1678 2072 Equidem
1718 2002 1763 2056 si
1803 2016 1897 2054 vo-

313 2096 498 2151 luntas
529 2093 647 2163 ejus
674 2093 728 2148 in
763 2093 869 2148 hoc
896 2103 1002 2161 est,
1033 2093 1302 2149 voluntati
1335 2092 1454 2163 ejus
1484 2092 1660 2148 libens
1692 2093 1896 2162 parebo

315 2184 439 2256 [al.,
476 2199 583 2238 non
615 2184 1036 2257 eontradicam].
1073 2185 1270 2241 Verum
1302 2185 1347 2240 si
1388 2184 1573 2240 mallet
1602 2199 1688 2239 me
1717 2184 1897 2240 adhuc

313 2276 458 2331 inter
496 2291 593 2331 vos
639 2276 836 2332 saltem
870 2287 984 2332 tam
1025 2277 1116 2332 diu
1162 2292 1406 2343 manere,
1439 2277 1612 2332 donec
1641 2277 1897 2347 quaestio-

314 2382 467 2434 nem,
511 2382 677 2438 quam
724 2369 791 2424 de
829 2368 1026 2423 anima:
1053 2367 1264 2440 origine
1292 2377 1474 2423 mente
1509 2369 1749 2429 revolvo.
1794 2369 1892 2424 trb-

313 2460 525 2517 solvere
561 2477 806 2532 possem,
848 2463 1123 2533 gratiosus
1157 2461 1495 2530 acciperem;
1527 2477 1594 2516 eo
1623 2462 1766 2530 quod
1800 2475 1893 2516 ne-

311 2553 430 2608 scio
459 2563 638 2608 utrum
661 2553 862 2624 aliquis
889 2567 1010 2608 eam
1035 2567 1123 2606 me
1147 2551 1406 2609 defuncto
1427 2551 1499 2607 sit
1523 2551 1894 2608 absoluturus.

313 2642 429 2713 Ego
458 2645 679 2713 quippe,
711 2644 754 2698 si
788 2642 1073 2696 comedere
1097 2657 1334 2712 possem,
1365 2656 1526 2713 spero
1549 2641 1896 2697 convalesce-

317 2749 454 2789 rem.
509 2733 642 2787 Nam
683 2731 820 2787 nihil
860 2731 1063 2788 doloris
1114 2733 1169 2786 in
1219 2731 1405 2802 aliqua
1447 2732 1694 2803 corporis
1741 2743 1898 2801 parte

317 2827 518 2891 sentio,
567 2825 670 2880 nisi
715 2824 859 2895 quod
903 2825 1208 2881 lacessente
1255 2825 1562 2892 stomacho,
1597 2826 1670 2882 ob
1710 2825 1898 2882 cibum

317 2937 477 2992 quem
506 2932 701 2989 capere
723 2917 910 2988 nequit
933 2917 1056 2990 [al.,
1081 2917 1334 2989 nequeo],
1355 2928 1500 2974 totus
1521 2918 1736 2974 deﬁcio.

391 3018 479 3071 75.
524 3013 950 3084 Vesperascente
995 3014 1193 3070 dehinc
1230 3013 1368 3070 feria
1399 3015 1581 3081 tertia,
1616 3030 1740 3071 cum
1782 3015 1897 3085 ipse

318 3108 506 3173 verba,
528 3122 649 3177 quae
679 3106 901 3177 intelligi
933 3115 1174 3177 possent,
1196 3105 1357 3161 edere
1380 3105 1490 3175 jam
1516 3106 1658 3160 nulla
1672 3105 1899 3172 valeret,

324 3207 592 3270 rogatusa
628 3197 911 3268 Radulpho
939 3197 1053 3268 (42)
1082 3197 1301 3254 Rofensi
1325 3198 1600 3268 episcopo,
1644 3206 1703 3251 ut
1744 3197 1902 3252 nobis

323 3290 421 3360 qui
448 3290 758 3353 aderamus,
790 3298 848 3344 et
874 3288 999 3342 aliis
1028 3289 1154 3344 filiis
1178 3289 1310 3354 suis,
1347 3290 1458 3360 regi
1497 3303 1713 3358 quoque
1738 3295 1794 3342 et
1819 3302 1904 3343 re-

325 3384 466 3455 ginae
495 3399 616 3439 cum
665 3383 852 3439 liberis
895 3397 1108 3450 eorum,
1155 3398 1222 3439 ac
1266 3382 1466 3454 populo
1511 3391 1688 3447 terr-re,
1721 3384 1811 3450 qui
1847 3381 1902 3434 in

327 3472 447 3542 ejus
477 3473 788 3529 obedientia
817 3489 878 3529 se
907 3475 1009 3529 sub
1049 3472 1160 3529 Deo
1209 3481 1478 3538 tenuerat,
1505 3487 1660 3528 suam
1687 3471 1904 3527 absolu-

326 3565 528 3621 tionem
560 3580 622 3621 ac
649 3565 1082 3622 benedictionem
1106 3565 1416 3636 largiretur,
1448 3565 1727 3620 dexteram
1752 3563 1906 3649 quasi

327 3652 467 3710 nihil
503 3655 632 3710 mali
677 3663 959 3724 pateretur
990 3654 1188 3720 erexit,
1216 3663 1272 3709 et
1308 3655 1464 3724 signo
1497 3663 1700 3709 sancta:
1724 3653 1906 3710 crucis

326 3744 493 3812 edito,
523 3745 758 3800 demisso
791 3744 970 3814 capite
1004 3743 1165 3799 sedit.
1204 3743 1320 3799 Jam
1349 3745 1577 3800 fratrum
1605 3757 1905 3802 conventus

327 3835 383 3890 in
423 3832 617 3902 majori
654 3833 885 3890 ecclesia
925 3833 1221 3891 matutinas
1261 3833 1446 3891 laudes
1481 3837 1826 3902 decantahat,
1852 3844 1909 3891 et

327 3938 476 3979 unus
493 3938 684 3978 eorum
718 3923 812 3994 qui
848 3923 996 3980 circa
1031 3923 1249 3980 Patrem
1288 3924 1653 3991 excubabant,
1692 3933 1910 3996 sumpto

328 4024 483 4072 textu
541 4015 954 4086 Evangeliorum
1005 4014 1137 4086 legit
1205 4015 1517 4070 Passionem
1575 4031 1758 4070 coram
1809 4029 1908 4082 eo,

327 4123 448 4177 qua:
475 4105 590 4178 (45)
624 4107 736 4176 ipsa
780 4107 868 4162 die
897 4105 964 4161 ad
1012 4107 1230 4162 missam
1262 4105 1368 4174 legi
1399 4105 1650 4161 debebat.
1681 4105 1783 4162 Ubi
1813 4121 1909 4161 au-

330 4207 438 4251 tem
464 4196 613 4252 venit
639 4197 708 4251 ad
737 4196 898 4251 verba
938 4195 1155 4250 Domini
1189 4213 1202 4248 :
1242 4194 1346 4249 Vos
1385 4195 1509 4250 estis
1534 4197 1624 4266 qui
1663 4213 1908 4266 perman-

292 4323 296 4330 ι
329 4285 472 4340 sistis
510 4300 717 4340 mecum
759 4286 816 4340 in
861 4285 1236 4339 tentationibus
1284 4287 1436 4350 meis,
1468 4296 1514 4341 et
1556 4303 1650 4357 ego
1689 4287 1908 4356 dispono

288 4391 297 4412 τ
329 4375 488 4441 vobis,
541 4375 678 4430 sicut
714 4374 972 4445 disposuit
1014 4375 1144 4430 mihi
1189 4373 1354 4430 Pater
1403 4393 1548 4431 meus
1580 4393 1816 4448 regnum,
1850 4391 1907 4434 ut

328 4466 494 4521 edatis
522 4475 570 4521 et
601 4465 790 4520 bibatis
831 4481 991 4534 super
1033 4479 1265 4519 mensam
1305 4482 1476 4520 meam
1518 4467 1574 4520 in
1606 4483 1765 4537 regno
1794 4483 1908 4522 meo

332 4555 482 4628 (Luc.
523 4573 660 4624 xxtt,
687 4555 805 4626 29),
833 4555 1036 4612 lentius
1060 4557 1222 4612 solito
1260 4557 1509 4627 spiritum
1555 4559 1772 4614 trahere
1796 4573 1911 4613 ca:-

339 4649 437 4716 pit.
471 4645 754 4703 Sensimus
794 4647 958 4716 igitur
997 4648 1368 4719 eumjamjam
1395 4650 1694 4714 obiturum,
1737 4659 1792 4704 ct
1841 4650 1909 4705 de

333 4738 478 4794 lecto
497 4752 662 4807 super
684 4737 918 4793 cilicium
945 4745 1002 4794 et
1033 4739 1245 4794 cineres
1268 4739 1472 4810 positus
1498 4750 1601 4795 est.
1633 4739 1912 4796 Adunato-

329 4843 436 4899 que
477 4828 624 4884 circa
662 4841 787 4883 eum
830 4829 1090 4885 universos
1132 4829 1366 4885 filiorum
1401 4845 1622 4885 suorum
1669 4831 1910 4899 agmine,

333 4920 585 4976 ultimum
615 4919 865 4991 spiritum
897 4920 951 4974 in
983 4936 1176 4977 manus
1197 4920 1472 4977 Creatoris
1503 4923 1758 4978 emittens
1783 4922 1912 4978 dor-

337 5012 494 5067 mivit
533 5011 588 5066 in
631 5024 783 5080 pace.
812 5009 1050 5066 Transiit
1095 5021 1278 5067 autem
1322 5012 1674 5068 illucescente
1715 5027 1914 5067 aurora

332 5116 540 5175 quartae
557 5102 706 5159 feria:
732 5103 1087 5172 praecedentis
1099 5103 1322 5159 Cmnam
1343 5103 1577 5168 Domini,
1591 5119 1711 5174 quae
1724 5115 1843 5159 erat
1860 5120 1911 5158 xt

333 5195 604 5253 Kalendas
640 5195 787 5262 Maii,
829 5212 973 5252 anno
1015 5196 1267 5252 videlicet
1317 5195 1610 5250 Dominicte
1662 5195 1918 5250 lncarna-

1921 2961 1969 3025 ο

1998 1740 2110 1802 gat,
2156 1729 2458 1785 balsamum
2496 1730 2639 1800 quod
2670 1729 3010 1786 conficiendo
3049 1729 3328 1784 chrismati
3374 1729 3427 1784 in
3460 1744 3577 1783 ma-

1992 1823 2102 1893 jori
2132 1821 2367 1878 ecclesia
2417 1825 2762 1889 servabatur,
2803 1821 3006 1887 afferri,
3051 1822 3274 1892 cupiens
3322 1821 3576 1876 videlicet

1996 1932 2102 1972 una
2131 1932 2254 1973 cum
2281 1918 2458 1988 capite
2483 1918 2764 1974 dexteram
2791 1917 2930 1988 ejus,
2963 1931 3063 1986 per
3085 1931 3206 1987 quae
3237 1915 3404 1970 multa
3431 1917 3575 1971 bona

1998 2015 2162 2077 atque
2203 2009 2382 2063 divina
2421 2009 2634 2064 dixerat
2661 2018 2716 2064 et
2748 2009 3063 2080 scripserat,
3093 2007 3186 2061 tali
3214 2017 3442 2062 unctura
3473 2007 3576 2062 ho-

2001 2101 2210 2154 norari.
2237 2100 2294 2155 ln
2331 2102 2416 2156 his
2443 2117 2565 2156 cum
2600 2103 2855 2170 episcopo
2882 2116 3054 2166 eram,
3088 2109 3144 2156 et
3173 2115 3297 2154 eum
3333 2101 3386 2154 in
3417 2101 3580 2156 mini-

1998 2193 2167 2248 sterio
2197 2192 2290 2248 illo
2319 2193 2598 2262 juvabam.
2639 2193 2894 2262 lmpressi
2934 2203 3056 2265 post
3094 2207 3218 2248 eum
3249 2193 3302 2246 in
3334 2207 3428 2246 vas
3461 2192 3577 2246 bal-

1997 2284 2134 2340 sami
2166 2284 2392 2355 digitum
2420 2300 2617 2347 meum,
2645 2293 2700 2340 et
2719 2299 2890 2355 teque,
2918 2293 3010 2339 aut
3036 2293 3184 2340 certe
3207 2285 3384 2338 minus
3406 2283 3576 2355 digito

1997 2373 2116 2443 ejus
2166 2375 2471 2430 madentem
2509 2375 2744 2430 extraxi.
2799 2375 2986 2444 Itaque
3023 2382 3244 2444 rogatus
3288 2373 3572 2444 episc0pus

1995 2463 2130 2518 mihi
2178 2478 2275 2518 vas
2315 2463 2369 2516 in
2413 2463 2649 2532 palmam
2691 2477 2917 2518 versare
2961 2463 3006 2518 si
3059 2463 3198 2518 forte
3239 2463 3362 2517 inde
3391 2462 3573 2530 aliqua

1997 2563 2148 2626 gutta
2173 2554 2472 2618 deflueret;
2503 2555 2794 2625 acquievit,
2820 2564 2875 2610 et
2898 2554 3045 2610 illico
3076 2552 3418 2623 stupentibus
3443 2567 3576 2606 cun-

1997 2648 2102 2703 ctis
2142 2647 2320 2717 liquor
2359 2648 2638 2711 desiliens,
2666 2648 2823 2717 copia
2855 2647 2937 2702 sui
2971 2661 3188 2700 manum
3218 2660 3392 2700 meam
3423 2658 3576 2698 com-

1998 2738 2165 2809 plevit
2187 2747 2241 2793 et
2275 2737 2680 2808 superemuxit?
2715 2737 2829 2792 lloc
2863 2737 3034 2808 ipsum
3067 2737 3308 2792 secundo
3334 2743 3390 2788 et
3415 2735 3580 2789 tertio

2001 2845 2063 2886 ac
2101 2830 2300 2900 saepius
2350 2829 2558 2886 factum
2615 2837 2721 2884 est.
2782 2827 2848 2882 Et
2902 2827 3032 2898 quid
3077 2826 3292 2881 dicam?
3345 2825 3578 2879 Tantam

2000 2920 2385 2975 abundantiam
2406 2920 2631 2976 balsami
2657 2934 2754 2974 vas
2776 2917 2947 2973 ferme
2971 2933 3199 2972 vacuum
3225 2915 3581 2982 ministravit,

2004 3021 2062 3067 ut
2089 3013 2294 3067 intacto
2313 3028 2442 3068 vase
2471 3012 2718 3067 ecclesia:
2754 3025 2860 3065 non
2886 3009 3060 3064 solum
3090 3017 3254 3078 caput
3278 3017 3335 3062 et
3363 3021 3578 3072 manus,

2001 3103 2095 3156 sed
2138 3102 2382 3166 brachia,
2415 3109 2620 3171 pectus,
2661 3099 2823 3169 pedes
2861 3113 3076 3168 quoque
3103 3110 3158 3152 et
3186 3106 3356 3152 totum
3381 3111 3582 3164 corpus

2001 3195 2118 3265 ejus
2147 3209 2252 3248 non
2283 3209 2389 3248 una
2415 3194 2506 3248 sed
2539 3193 2734 3262 saepius
2759 3192 2985 3262 repetita
3013 3190 3130 3247 vice
3147 3189 3304 3246 omni
3329 3205 3393 3246 ex
3417 3199 3579 3260 parte

2003 3287 2411 3357 inungeremus.
2444 3283 2650 3338 Dehinc
2694 3298 2844 3337 more
2877 3283 3073 3338 summi
3113 3281 3386 3351 pontificis
3416 3279 3584 3335 vesti-

2001 3379 2105 3435 bus
2127 3389 2212 3433 est
2247 3363 2421 3432 sacris
2459 3376 2700 3439 imlutus,
2735 3385 2790 3429 et
2819 3375 2869 3429 in
2900 3373 3201 3430 oratorium
3229 3373 3413 3428 debita
3454 3386 3580 3426 cum

2002 3470 2357 3525 veneratione
2385 3467 2616 3524 delatus.

2074 3561 2162 3616 75.
2202 3561 2257 3619 In
2287 3558 2527 3615 crastino
2557 3567 2736 3613 autem
2769 3573 2890 3611 cum
2917 3556 3210 3626 sepulturte
3252 3557 3583 3622 traderetur,

2005 3655 2404 3724 sarcOphagum
2429 3652 2575 3723 quod
2604 3651 2680 3706 illi
2703 3650 2882 3706 fuerat
2902 3650 3149 3720 pluribus
3175 3649 3587 3705 retroactisdic-

2012 3747 2115 3802 bus
2145 3755 2529 3816 praeparatum,
2562 3741 2896 3812 longitudine
2936 3738 3155 3810 quidem
3206 3747 3261 3794 et
3297 3738 3588 3793 latitudine

2014 3847 2222 3910 aptum,
2250 3837 2343 3892 sed
2365 3835 2730 3907 profunditate
2756 3848 2950 3904 magna
2980 3847 3049 3887 ex
3089 3839 3243 3902 parte
3282 3830 3461 3884 minus
3489 3830 3588 3883 ha-

2006 3933 2144 3987 bens
2181 3930 2458 3985 inventum
2497 3938 2600 3983 est.
2628 3926 2783 3994 Quod
2809 3925 3221 3980 considerantes
3243 3921 3425 3975 animo
3455 3919 3591 3974 defi-

2008 4021 2310 4085 ciebamus,
2359 4019 2504 4074 nulla
2554 4017 2763 4073 scilicet
2810 4015 3025 4069 ratione
3071 4013 3182 4084 pati
3232 4010 3498 4074 valentes,
3530 4016 3592 4062 ut

2009 4110 2276 4180 superiori
2307 4109 2486 4178 lapide
2508 4122 2746 4178 pressus,
2779 4121 2874 4159 sua
2903 4104 3214 4173 integritate
3244 4100 3594 4169 aliquatenus

2009 4203 2170 4258 laesus
2197 4202 2524 4270 privaretur.
2551 4198 2684 4254 Cum
2715 4198 2897 4266 itaque
2918 4196 2970 4249 in
2999 4195 3100 4249 hoc
3126 4192 3341 4268 plurimi
3368 4191 3592 4244 ﬂuctua-

1937 4303 2156 4381 Drent,
2202 4302 2260 4347 et
2296 4292 2385 4346 alii
2426 4291 2528 4354 sic,
2566 4289 2657 4344 alii
2700 4301 2832 4342 vero
2870 4287 2949 4340 sic
2993 4300 3107 4340 rem
3140 4297 3297 4351 posse
3337 4280 3592 4350 componi

2015 4385 2370 4448 dictitarent;
2419 4381 2640 4452 quidam
2683 4395 2750 4434 ex
2799 4377 3044 4434 conferta
3099 4373 3444 4429 multitudine
3482 4371 3594 4424 fra-

2015 4484 2181 4542 trum,
2210 4486 2492 4544 acceptum
2528 4470 2780 4528 baculum
2807 4467 3045 4539 episcopi
3072 4463 3348 4529 Rofensis,
3383 4464 3474 4532 qui
3503 4461 3593 4515 fu-

2015 4570 2166 4625 neris
2219 4567 2454 4624 oﬂicium
2506 4579 2750 4636 praesens
2805 4562 3024 4632 agebat,
3077 4574 3174 4629 per
3223 4567 3594 4612 transversum

2017 4659 2336 4728 sarcophagi
2361 4671 2524 4728 super
2545 4669 2744 4723 corpus
2767 4652 2946 4707 Patris
2967 4651 3163 4706 ducere
3192 4649 3378 4719 ccepit,
3407 4658 3461 4701 et
3479 4647 3593 4717 jam

2018 4751 2149 4806 illud
2195 4749 2340 4804 omni
2391 4763 2459 4802 ex
2510 4756 2666 4816 parte
2708 4742 2928 4814 corpori
2961 4742 3200 4813 jacentis
3241 4739 3598 4810 praemittere

2018 4856 2216 4912 magna
2255 4839 2411 4893 nobis
2443 4836 2640 4892 exinde
2676 4833 3037 4889 admiratione
3071 4830 3336 4900 permotis
3365 4827 3596 4882 invenit.

2015 4932 2094 4988 Ita
2121 4947 2250 5001 ergo
2282 4927 2590 4984 venerabile
2620 4941 2817 4994 corpus
2857 4921 3037 4978 Patris
3077 4918 3316 4975 Anselmi
3359 4917 3595 4973 Cantua~

2019 5027 2215 5081 riensis
2242 5024 2362 5095 [al.,
2399 5015 2848 5088 Doroberncnsis]
2873 5012 3264 5082 archiepiscopi
3300 5026 3363 5065 ac
3389 5009 3594 5081 prima-

2020 5118 2093 5174 tis
2122 5117 2288 5172 totius
2315 5113 2614 5168 Britannia:
2639 5110 2888 5179 sepulcro
2918 5107 3208 5169 inclusum,
3244 5103 3372 5173 quid
3413 5100 3602 5155 condi-

2023 5209 2098 5263 tio
2127 5208 2289 5263 sortis
2306 5207 2554 5260 humana:
2587 5203 2804 5267 habeat,
2832 5201 2883 5254 in
2907 5215 2966 5272 se
2989 5213 3180 5254 omnes
3203 5196 3291 5266 qui
3313 5203 3599 5265 pertrans-

1634 5309 2046 5373 HENSCHENII
2071 5315 2317 5374 NOTAE.

405 5403 519 5474 (42)
557 5404 658 5472 Qui
689 5407 896 5463 scilicet
921 5422 986 5460 ex
1013 5403 1207 5460 abbate
1243 5401 1511 5474 Sagiensi,
1529 5400 1639 5470 jam
1670 5414 1796 5460 ante
1824 5421 1916 5460 as-

338 5483 584 5542 sumptus
613 5487 754 5541 erat,
785 5487 847 5530 ut
884 5476 1088 5531 dictum
1115 5483 1220 5530 est.

408 5544 522 5617 (43)
559 5545 630 5601 Ea
667 5559 752 5604 est
781 5547 968 5606 Passio
1006 5544 1302 5629 secundum
1345 5543 1563 5610 Lucam,
1597 5546 1912 5617 przescripta

2022 5427 2128 5535 prol
2158 5409 2293 5464 feria
2319 5423 2370 5463 tv
2397 5407 2613 5478 Majoris
2643 5404 3010 5470 hebdomadas,
3034 5415 3154 5472 qua:
3183 5398 3270 5453 illa
3306 5403 3465 5456 nocte
3482 5404 3607 5455 erat

2025 5498 2108 5535 IllC
2134 5490 2292 5535 toata.
2404 5490 2406 5492 '

2025 5490 2292 5536 inchoata.
2404 5490 2406 5492 ⁷
