3882 6050
228 242 336 301 {l7

1165 248 1321 304 VITA
1367 247 1692 306 AUCTORE
1734 246 2086 304 EADMERO.
2119 277 2189 287 —
2228 245 2566 303 SUPPLEM.

3397 247 3498 303 118

226 367 383 425 eum,
417 360 500 414 sui
544 360 794 430 exemplo
841 368 1020 416 monet
1051 364 1348 418 attendere.
1391 362 1535 418 Sane
1577 363 1628 417 in
1669 362 1818 417 obitu
1848 366 1895 422 Α
1919 361 2118 416 viderit
2141 359 2435 416 anteferre.
2457 357 2697 414 Utenim
2727 365 2924 415 cuncta
2943 357 3270 423 scribantur,
3305 358 3498 414 inﬁniti

225 462 287 505 et
310 460 436 521 post
470 451 678 506 obitum
713 451 853 522 ejus,
887 451 1055 506 multa
1089 469 1118 506 a
1151 453 1337 508 multis
1362 453 1477 507 visa
1503 462 1817 516 narrantur,

1925 453 2128 524 negotii
2156 461 2261 507 est.
2293 453 2496 522 Aperta
2523 449 2758 519 denique
2787 448 2950 516 facta,
2987 465 3108 520 quae
3130 450 3272 505 Deus
3302 464 3400 520 per
3423 453 3502 519 ip-

225 556 355 610 qua:
383 542 615 612 gloriam
644 542 786 612 ejus.
812 558 974 612 quam
1006 556 1105 612 pro
1136 543 1349 598 meritis
1371 543 1484 598 suis
1515 559 1637 599 eum
1669 557 1822 598 recc-
1921 562 2041 601 sum
2069 545 2249 600 facere
2271 545 2524 617 dignatus
2545 550 2646 606 est,
2670 549 2726 596 et
2749 557 2848 598 nos
2871 541 3056 597 talium
3075 541 3203 597 nudi
3225 555 3322 610 pro
3343 555 3502 612 posse

227 634 381 704 pisse
407 648 439 687 a
467 634 580 688 Deo
610 648 717 688 non
748 634 1083 698 dubitamus,
1122 642 1471 690 attestantnr.
1501 633 1711 701 Quibus
1740 643 1820 688 ta-

233 738 364 777 men
413 723 722 778 scribendis
772 723 1012 780 laborem
1061 725 1269 780 intrare
1320 724 1616 790 noluimus,
1643 725 1819 794 magis

230 815 493 870 videlicet
522 815 785 886 eligentes
813 817 1032 871 silentio
1079 825 1268 872 nostro
1310 832 1502 873 omnes
1548 817 1640 888 qui
1688 817 1819 872 dor-

229 907 456 962 mieudo
490 922 557 962 ca
603 907 857 962 viderunt
902 923 1062 978 pares
1113 909 1316 973 facere,
1359 923 1521 978 quam
1556 908 1659 962 ista
1692 907 1826 962 scri-

230 997 437 1066 bendo,
486 998 577 1054 illa
614 1014 721 1055 non
752 999 1066 1067 scribendo,
1097 1016 1264 1056 unum
1291 999 1382 1054 alii
1427 999 1582 1070 quasi
1611 999 1820 1069 potiora

1921 634 2273 704 digessimus,
2303 638 2434 700 puto
2465 631 2718 686 sutlicere
2746 629 2812 684 ad
2842 629 3090 686 notitiam
3122 629 3505 684 retributionis

1919 734 1975 781 et
2002 723 2438 781 conversationis
2466 723 2594 778 vitae
2623 721 2745 794 [al.,
2781 722 3160 777 retributionis
3191 720 3340 793 vitae]
3361 721 3500 790 ejus.

1923 817 2007 874 Sit
2033 818 2218 886 itaque
2245 815 2358 871 Deo
2385 814 2536 870 Patri
2567 815 2949 885 omnipotenti,
2981 824 3038 870 et
3059 813 3217 879 Filio,
3242 823 3296 867 et
3315 822 3504 868 sancto

1926 907 2152 976 Spiritui
2184 905 2305 960 laus
2327 913 2383 960 et
2415 905 2717 976 gratiarum
2751 904 2917 970 actio,
2949 919 3094 960 nunc
3121 913 3170 960 et
3200 918 3300 975 per
3319 904 3503 959 omnia

1929 997 2250 1054 saeculorum
2292 995 2511 1051 saecula.
2543 996 2734 1050 Amen.

767 1355 898 1452 AD
972 1352 1422 1454 EADMEBI
1475 1350 1819 1454 LIBROS
1887 1350 2017 1451 DE
2089 1351 2323 1452 Vl'l‘A
2422 1351 2498 1450 S.
2572 1349 2995 1452 ANSELMI

1353 1575 2377 1670 SUPPLEMENTUM.

1176 1767 1508 1840 (Wau'rnou,
1537 1766 1725 1839 Anglia
1739 1785 1916 1836 sacra,
1943 1776 2074 1825 tom.
2106 1768 2170 1838 ll,
2206 1786 2329 1842 pag.
2358 1770 2503 1841 l8l.)

1695 1927 2090 1943 ἡ

299 2017 415 2087 (si)
445 1997 699 2080 Quaedam
730 2019 909 2067 autem
938 2024 1058 2082 quae
1094 2025 1201 2066 non
1224 2024 1322 2080 per
1358 2009 1626 2066 somnium
1654 2010 1802 2066 acci-
1837 2016 1878 2070 Β
1904 2010 2040 2080 ejus.
2102 2011 2292 2084 Magna
2338 2013 2432 2068 Dei
2480 2012 2676 2083 pietas,
2729 2026 2926 2085 magna
2969 2014 3233 2082 potentia.
3263 2012 3500 2068 Necdum

223 2107 373 2162 disse
402 2103 586 2175 elapso
604 2109 728 2173 post
753 2101 959 2156 obitum
1023 2097 1140 2167 ejus
1189 2113 1295 2153 non
1346 2098 1506 2168 longo
1557 2098 1818 2168 temporis

224 2195 439 2264 Spatio,
465 2194 556 2249 sed
588 2194 641 2247 in
665 2192 816 2264 gravi
861 2190 1180 2246 discrimine
1227 2188 1538 2244 constitutis
1567 2202 1663 2257 per
1705 2203 1820 2242 me-

225 2288 462 2342 moriam
494 2287 567 2357 pii
601 2284 837 2340 nominis
875 2281 993 2351 ejus
1032 2281 1346 2352 provenisse
1404 2277 1675 2343 feruntur,
1732 2278 1816 2334 vis

227 2380 436 2433 amoris
467 2393 572 2448 quo
594 2391 724 2447 erga
753 2389 875 2430 eum
930 2373 1150 2444 quidam
1220 2385 1464 2427 meorum
1525 2368 1700 2423 adhuc
1731 2383 1817 2423 ar-

227 2471 380 2535 dent,
421 2468 610 2538 paucis
626 2481 713 2521 me
743 2475 931 2520 notare
956 2462 1250 2533 compellit.

297 2558 458 2630 [Casu
486 2555 696 2629 [λη]
720 2554 978 2610 Arnullus
1033 2554 1256 2624 quidam
1289 2553 1526 2620 nomine,
1567 2550 1708 2607 ﬁlius
1728 2565 1818 2607 co-

222 2651 379 2705 mitis
403 2649 600 2719 Rogeri
625 2649 692 2703 de
719 2647 897 2703 Monte
945 2646 1250 2712 Gummeri,
1276 2654 1332 2701 et
1357 2646 1471 2715 ipse
1521 2659 1724 2712 comes,
1751 2646 1819 2703 de

227 2740 628 2795 Northmannia
663 2739 912 2808 Angliam
944 2737 1178 2802 rediens,
1217 2735 1412 2791 marini
1445 2735 1654 2790 itineris
1701 2750 1817 2791 me-

226 2834 376 2888 dium
409 2847 670 2902 prospero
688 2846 852 2886 cursu
883 2839 1166 2901 peregerat
1192 2847 1207 2895 ;
1236 2837 1290 2885 et
1310 2845 1438 2886 ecce
1459 2837 1645 2886 contra
1667 2843 1818 2899 spem

225 2925 474 2979 omnium
515 2924 570 2978 in
601 2924 725 2978 navi
754 2921 1168 2979 consistentium
1199 2921 1381 2980 subito
1411 2921 1609 2978 nebula
1636 2921 1820 2976 nimia:

226 3011 526 3068 densitatis
576 3013 846 3083 exsurgit,
895 3011 1280 3081 supercrescit,
1334 3011 1462 3081 qu’in
1521 3020 1579 3067 et
1625 3018 1819 3066 ventus

225 3104 410 3159 omnis
454 3117 564 3173 quo
609 3102 968 3171 vehebantur,
1027 3101 1203 3167 cadit,
1261 3103 1555 3170 evanescit,
1588 3101 1816 3174 deperit.

227 3192 396 3250 Navis
431 3195 489 3250 in
527 3195 705 3251 medio
739 3195 914 3267 pelagi
940 3194 1146 3251 nullum
1176 3210 1284 3266 quo
1306 3196 1359 3251 in
1378 3194 1634 3251 ulteriora
1659 3209 1818 3267 rape-
1861 3231 1864 3235 -

230 3293 384 3339 retur
399 3293 624 3340 ventum
654 3285 876 3349 habens,
909 3299 1010 3340 nec
1038 3283 1226 3354 qutein
1258 3298 1322 3339 ea
1347 3283 1684 3340 consistebat
1716 3280 1816 3339 ho-

1920 2117 2062 2170 eam,
2095 2118 2257 2173 quam
2315 2104 2497 2159 statim
2538 2105 2608 2159 ad
2664 2105 2889 2160 verbum
2939 2105 3153 2160 comitis
3203 2114 3501 2174 coeperant,

1922 2192 2255 2248 Dominicam
2277 2191 2589 2248 Orationem
2613 2191 2980 2262 perduxerant
3007 2205 3128 2247 cum
3173 2193 3350 2247 subito
3373 2207 3502 2246 eva-

1919 2290 2174 2336 nescente
2202 2279 2416 2347 nebula,
2445 2280 2566 2336 coeli
2626 2279 2891 2334 seueritas
2940 2287 3050 2334 tota
3083 2279 3245 2345 redit,
3273 2288 3328 2335 et
3353 2279 3504 2334 littus

1920 2371 1986 2426 ad
2036 2373 2181 2441 quod
2239 2371 2415 2440 primo
2457 2369 2786 2426 festinarant
2817 2384 2924 2424 non
2956 2369 3114 2439 longe
3173 2371 3364 2424 abesse
3396 2369 3504 2424 laeti

1919 2461 2278 2531 conspiciunt.
2309 2459 2526 2517 Gratias
2550 2461 2718 2533 igitur
2750 2462 2862 2516 Deo
2905 2469 2960 2516 et
2991 2460 3133 2516 lideli
3163 2459 3367 2516 famulo
3387 2459 3506 2532 ejus

1919 2561 2163 2624 agentes,
2187 2551 2353 2607 animi
2375 2553 2639 2623 aequiores
2671 2551 2870 2618 effecti,
2925 2565 3167 2622 oppanso
3227 2550 3346 2605 velo
3382 2564 3506 2620 pro-

1919 2645 2184 2716 sperrime
2211 2654 2338 2699 sunt
2386 2644 2440 2698 in
2493 2650 2708 2714 portum
2750 2640 3115 2698 desideratum
3149 2641 3342 2704 evecti.
3376 2640 3507 2696 Inde

1918 2746 2163 2808 petentes
2188 2736 2392 2791 curiam
2414 2735 2653 2803 Henrici,
2680 2735 2820 2806 regis
2833 2733 3150 2806 Anglorum,
3174 2741 3368 2789 cuneta
3387 2747 3508 2804 ane

1921 2829 2028 2885 illis
2047 2829 2355 2886 acciderant
2383 2828 2572 2884 ordine
2603 2843 2767 2899 supra
2820 2827 3032 2897 digesto
3068 2827 3169 2896 ipsi
3209 2827 3344 2899 regi,
3369 2841 3510 2898 prmo.

1920 2921 2168 2978 sentibus
2212 2920 2480 2992 episcopis
2532 2919 2793 2990 regnique
2847 2919 3192 2989 primoribus,
3243 2934 3506 2990 exposue-

1921 3024 2069 3069 runt.
2127 3011 2280 3079 Quod
2329 3010 2572 3066 auditum
2610 3009 2792 3065 multis
2825 3009 3054 3065 multum
3101 3011 3328 3080 placuit,
3399 3026 3506 3069 non

1922 3100 2293 3158 dubitantibus
2342 3099 2509 3154 vitam
2535 3099 2652 3170 ejus
2674 3101 2726 3154 in
2753 3098 2951 3154 mundo
2995 3097 3158 3153 talem
3207 3101 3506 3166 exstitisse,

1922 3189 2065 3262 quod
2093 3200 2147 3246 ct
2172 3187 2276 3244 hoc
2314 3196 2369 3245 et
2395 3188 2564 3244 multo
2609 3190 2813 3260 majora
2839 3190 3088 3248 debuerit
3111 3204 3140 3244 a
3172 3188 3509 3247 Deo-mundo

1923 3281 2166 3338 sublatus
2193 3279 2388 3336 merito
2411 3279 2732 3336 obtinuisse.

231 3377 440 3432 minum
475 3377 762 3434 multitudo
818 3393 928 3450 pra:
955 3379 1226 3436 densitate
1275 3379 1483 3435 nebulae
1536 3393 1699 3449 quam
1734 3385 1818 3433 te-
1846 3355 1890 3418 Ο
1991 3373 2126 3430 Item
2149 3371 2447 3429 monachus
2473 3384 2614 3440 erat,
2671 3373 2943 3430 Robertus
2995 3373 3232 3438 nomine,
3259 3371 3508 3428 assiduus

232 3474 388 3522 neret
426 3465 570 3520 viam
597 3467 912 3536 dignoscere
933 3467 1136 3531 valens,
1175 3467 1282 3524 huc
1309 3476 1365 3524 et
1392 3467 1523 3524 illuc
1548 3467 1692 3523 inter
1717 3483 1821 3522 un-

234 3557 426 3612 alarum
457 3558 702 3614 cumulos
730 3560 881 3615 navis
924 3559 1129 3615 nullum
1162 3561 1266 3615 iter
1288 3559 1565 3631 explicans
1599 3559 1824 3616 fluctua-

233 3647 355 3714 bat;
381 3657 438 3704 et
457 3649 765 3706 consistens
786 3650 840 3705 in
877 3665 941 3706 ea
985 3652 1146 3706 taedio
1192 3653 1498 3708 vehementi
1524 3650 1717 3707 afﬂicta
1747 3652 1826 3705 vi-

236 3755 422 3793 rorum
456 3742 614 3796 turba
655 3741 838 3797 animo
893 3729 1197 3798 deﬁciebat.
1236 3742 1383 3796 Mare
1435 3743 1700 3812 siquidem
1729 3757 1824 3797 eos

235 3845 334 3898 per
361 3831 480 3887 dies
532 3831 668 3888 duos
699 3833 790 3887 tali
813 3833 974 3889 modo
1035 3831 1136 3888 sibi
1184 3833 1327 3888 haud
1381 3840 1535 3903 grato
1563 3816 1824 3902 obsequio

231 3921 575 3990 vindicabat;
601 3935 656 3980 et
687 3924 742 3980 in
767 3925 982 3981 diversa
1026 3934 1150 3980 vota
1190 3933 1402 3980 mentes
1453 3923 1689 3987 illorum,
1714 3939 1823 3994 quo

235 4026 393 4068 asuo
451 4013 752 4070 retinaculo
807 4014 1145 4072 solverentur
1175 4056 1190 4083 ,
1241 4022 1298 4069 et
1342 4029 1438 4070 ora
1495 4014 1821 4071 concitabat.

236 4103 484 4159 Tandem
535 4116 874 4163 memoratus
913 4121 1118 4175 comes,
1144 4107 1510 4162 memoranda:
1551 4107 1823 4163 memoria:

233 4195 417 4252 Patris
446 4197 689 4253 Anselmi
739 4198 1080 4262 recordatus,
1139 4207 1263 4254 vota
1287 4199 1531 4253 omnium
1557 4200 1736 4268 rupit;
1767 4208 1824 4254 et

236 4297 296 4341 ut
323 4288 426 4344 sibi
451 4290 636 4358 paucis
654 4290 1027 4357 intenderent,
1055 4291 1203 4346 brevi
1224 4291 1458 4360 alloquio
1478 4299 1702 4346 cunctos
1727 4289 1825 4344 ad-

239 4378 454 4432 monuit
481 4396 495 4432 :
529 4399 547 4430 ‹
583 4378 835 4447 Omissis,
857 4380 956 4447 ait,
979 4380 1231 4435 omnibus
1255 4380 1400 4446 aliis,
1423 4380 1476 4434 in
1502 4393 1664 4435 causa
1693 4393 1826 4448 βιω-

237 4469 384 4525 scnti
437 4480 822 4527 convertamus
865 4486 959 4528 cor
989 4483 1043 4526 et
1073 4472 1309 4541 linguam
1355 4482 1598 4527 nostram
1624 4471 1692 4525 ad
1725 4485 1824 4540 pa-

239 4569 381 4615 trem
435 4571 492 4615 et
531 4561 842 4631 pontiﬁcem
888 4571 1134 4618 nostrum
1188 4568 1437 4617 sanctum
1487 4560 1823 4627 Anselmum,

237 4664 402 4718 quem
446 4665 590 4720 saape
636 4651 892 4717 vidimus,
938 4651 1410 4720 cuiadhaesimus,
1464 4650 1620 4721 cujus
1667 4665 1825 4708 sacra

240 4742 491 4798 doctrina
515 4743 730 4810 imbuti,
763 4754 818 4800 et
839 4745 995 4800 beata
1019 4760 1206 4801 sumus
1235 4743 1610 4802 benedictione
1631 4744 1826 4815 saepius

1854 4704 1904 4766 D

1925 3465 1979 3520 in
2027 3466 2250 3521 servitio
2310 3466 2601 3537 Radulphi,
2661 3463 2916 3520 Rol‘eusis
2959 3463 3215 3535 episcopi,
3253 3462 3406 3529 cujus
3451 3463 3506 3519 in

1924 3557 2292 3626 superioribus
2311 3558 2496 3614 habita
2536 3556 2795 3612 memoria
2841 3565 2945 3612 est.
2979 3555 3078 3612 Hic
3138 3569 3235 3626 per
3286 3563 3508 3625 pontem

1923 3647 2217 3704 Londoniae
2243 3664 2306 3705 eo
2335 3649 2448 3705 fere
2475 3658 2714 3720 tempore
2772 3663 3021 3718 pergens,
3055 3647 3350 3704 infortunio
3373 3661 3510 3716 quo-

1925 3741 2046 3794 dam
2070 3739 2247 3795 subito
2293 3755 2585 3810 percussus
2622 3748 2706 3796 est
2741 3755 2807 3795 ex
2841 3755 2969 3796 casu
3012 3740 3136 3811 equi
3167 3739 3258 3810 qui
3307 3737 3507 3793 manti-

1924 3845 2045 3886 cam
2075 3845 2225 3886 suam
2258 3829 2484 3885 ferebat.
2516 3831 2658 3886 Idem
2688 3831 2888 3886 etenim
2925 3846 3100 3900 equus
3146 3829 3327 3884 minus
3351 3838 3508 3884 caute

1923 3938 2022 3994 per
2042 3929 2259 3992 pontem
2281 3921 2412 3977 hinc
2442 3921 2568 3976 inde
2593 3922 2866 3991 diruptum
2909 3937 2939 3975 a
2972 3921 3173 3976 famulo
3197 3927 3404 3985 tractus
3450 3920 3504 3974 in

1923 4013 2144 4068 ﬂuvium
2177 4011 2372 4066 cecidit
2404 4011 2490 4066 ubi
2515 4011 2688 4083 major
2709 4011 2790 4066 vis
2813 4011 3080 4066 undarum
3108 4020 3163 4064 et
3186 4025 3340 4080 aqua:
3367 4024 3498 4079 pro-

1925 4105 2161 4161 funditas
2212 4105 2441 4160 exstitit.
2497 4103 2648 4160 Licet
2709 4103 2872 4174 igitur
2935 4103 3246 4158 nominatus
3311 4108 3501 4166 lrater,

1925 4194 2079 4265 cujus
2101 4196 2215 4250 haec
2240 4195 2419 4250 omnia
2449 4204 2624 4260 erant,
2669 4195 2866 4250 damno
2919 4193 3168 4248 animalis
3220 4200 3276 4248 et
3324 4207 3505 4247 rerum

1927 4305 2048 4360 quae
2074 4289 2127 4344 in
2145 4289 2379 4344 mantica
2411 4288 2791 4353 servabantur,
2837 4286 3212 4343 contristatam
3240 4285 3507 4356 aliquate-

1925 4399 2028 4439 nus
2053 4392 2289 4438 mentem
2325 4381 2567 4448 haberet,
2600 4390 2779 4435 tamen
2827 4377 2980 4447 quasi
3023 4390 3211 4432 eorum
3266 4375 3506 4429 omnium

1927 4475 2232 4538 immemor,
2263 4487 2361 4543 pro
2382 4487 2489 4526 uno
2526 4472 2590 4526 de
2611 4469 2763 4525 libris
2789 4467 2962 4523 beata:
3021 4447 3298 4521 memoriis
3330 4466 3510 4520 Patris

1926 4563 2187 4627 Auselmi,
2229 4565 2318 4634 qui
2357 4565 2498 4618 inter
2544 4563 2646 4616 alia
2697 4559 2828 4616 inibi
2885 4556 3188 4613 habebatur
3238 4556 3506 4622 intrusus,

1929 4657 2084 4712 valde
2111 4665 2230 4712 erat
2255 4654 2541 4711 sollicitus.
2597 4649 2863 4722 Pergebat
2927 4647 3094 4717 igitur
3143 4660 3240 4718 per
3287 4655 3508 4719 pontem

1930 4745 2200 4817 quomodo
2247 4751 2476 4814 poterat,
2532 4757 2630 4812 pro
2679 4740 2800 4796 libri
2823 4736 3066 4795 custonia
3088 4746 3146 4794 et
3168 4738 3511 4795 restitutione

239 4832 535 4902 perfuncti,
553 4833 904 4905 implorantes
922 4843 1104 4891 notam
1128 4835 1287 4891 nobis
1312 4835 1567 4906 pietatem
1594 4835 1831 4905 pectoris
1931 4841 2001 4895 ob
2029 4839 2220 4893 merita
2253 4837 2395 4892 illius
2421 4836 2512 4906 qui
2535 4851 2656 4891 eum
2692 4835 2896 4891 fecerat
2925 4832 3208 4891 Dominum
3237 4846 3433 4895 orans;
3459 4838 3512 4884 et

239 4927 363 4994 ejus
393 4933 664 4994 quatenus
690 4928 897 4984 sanctis
918 4927 1127 4983 meritis
1155 4926 1270 4982 suis
1305 4927 1835 4996 impetretacreato-
1931 4944 2103 5000 equus
2140 4929 2194 4982 in
2237 4927 2603 4998 profunditate
2666 4928 2856 4981 tumidi
2909 4926 3103 4982 ﬂuctus
3155 4923 3407 4978 tendebat
3442 4920 3509 4974 ad

243 5033 304 5074 re
325 5026 516 5075 nostro
540 5028 597 5074 et
628 5021 872 5076 omnium
901 5021 1129 5079 Domino
1167 5020 1293 5078 Jesu
1326 5021 1544 5076 Christo
1598 5020 1754 5076 nobis
1779 5029 1834 5082 et
1935 5021 2105 5090 ripam
2132 5018 2256 5074 forti
2289 5019 2570 5075 conamine
2594 5027 2812 5074 natans.
2863 5018 3000 5085 Quid
3033 5019 3209 5075 dicam
3236 5017 3259 5071 ?
3285 5014 3510 5083 Utrique

240 5117 594 5181 peccatorum
641 5112 1037 5179 remissionem,
1099 5122 1155 5169 et
1199 5112 1360 5182 hujus
1396 5112 1728 5185 gravissima:
1754 5112 1833 5166 in-
1934 5114 2402 5179 emenso-itinere,
2430 5112 2535 5168 iste
2559 5112 2755 5182 pontis,
2795 5111 2883 5167 ille
2903 5109 3160 5177 ﬂuminis,
3190 5107 3509 5163 altrinsecus

240 5200 670 5270 commoditatis,
718 5219 880 5275 quam
937 5203 1138 5276 procis
1169 5202 1316 5275 juste
1369 5203 1627 5275 patimur,
1679 5201 1824 5257 cele-

239 5309 358 5348 rem
387 5293 808 5352 absolutionem.
841 5297 1206 5354 Assenserunt
1231 5310 1423 5353 omnes
1473 5294 1826 5351 admonitioni

313 5405 513 5482 (smn
538 5407 702 5482 editis
729 5409 835 5466 duo
860 5410 979 5466 haec
1006 5410 1309 5482 posteriora
1324 5409 1470 5482 Vitae
1499 5407 1826 5482 S.Anselmi

239 5477 1186 5550 capitula;desiderantur,quamvis
1209 5497 1270 5538 ea
1317 5481 1370 5535 in
1425 5481 1828 5550 omnibusque:

240 5548 349 5600 vidi
378 5547 662 5623 codicibus
701 5547 1084 5623 manuscriptis
1108 5552 1482 5623 reperiantur,
1503 5559 1566 5623 et
1592 5551 1659 5623 ab
1685 5547 1828 5623 Ead-_-

240 5633 398 5674 tuero
420 5617 476 5672 in
504 5619 731 5691 prologo
756 5620 821 5678 ad
849 5617 1042 5679 librum
1091 5617 1468 5680 de'miraeulis
1497 5620 1554 5676 S.
1579 5617 1820 5675 Ansclmi

1933 5218 2052 5259 sese
2074 5204 2349 5261 consecuti
2379 5212 2526 5259 sunt.
2579 5202 2700 5258 Mox
2725 5202 2966 5272 deposita
2993 5199 3229 5258 mantica
3269 5204 3324 5250 et
3359 5207 3502 5249 rese-

1928 5302 2067 5362 rata,
2095 5301 2271 5364 utqna
2303 5293 2458 5363 plena
2500 5292 2792 5348 timebatur
2832 5305 2972 5365 aqua
3023 5291 3387 5351 excuteretur,
3424 5293 3511 5336 re-

1931 5411 2240 5466 laudentur.
2286 5407 2588 5463 lnibienim
2630 5406 2928 5462 Eadmerus
2979 5402 3114 5458 dicit
3166 5413 3225 5455 se
3244 5399 3312 5455 de
3348 5397 3503 5453 mira-

1933 5482 2072 5537 culis
2093 5480 2299 5535 Arnulti
2324 5478 2541 5535 comitis
2579 5486 2635 5532 et
2685 5475 2907 5532 lloberti
2960 5471 3208 5529 monachi
3263 5471 3318 5526 in
3366 5467 3510 5524 calce

1932 5553 2198 5610 librorum
2229 5550 2306 5606 De
2330 5549 2449 5607 Vita
2477 5546 2534 5605 S.
2568 5545 2808 5604 Anselmi
2841 5545 3038 5617 egisse.
3068 5541 3380 5600 WARTIION.
