3882 6054
376 226 480 280 H9

1425 222 1484 275 ὃ.
1524 219 1823 272 ΑΝΞΕΙΔΗ
1867 217 2216 274 ωδτιιλιι.
2258 217 2576 273 ARCllle.

3529 217 3646 272 120

368 337 653 404 periuntur
673 337 852 391 omnia
881 351 1002 407 qua;
1031 336 1174 389 intus
1193 341 1348 388 erant
1374 341 1570 402 praeter
1597 348 1755 384 unam
1786 332 1955 385 solam
1986 337 2034 392 A
2065 349 2190 388 rans
2213 350 2334 388 eum
2370 335 2528 388 insita
2570 334 2672 388 sibi
2729 333 3102 388 benevolentia
3158 347 3280 402 qua:
3313 334 3639 405 corrigenda

370 429 567 482 lineam
596 437 802 482 vestem
851 430 921 482 ita
947 429 1014 481 ab
1055 428 1280 480 humore
1327 439 1523 488 vacua,
1575 424 1726 491 quasi
1761 424 1948 476 eadem

371 519 605 573 mantica
637 534 906 588 nunquam
967 519 1132 571 tincta
1190 515 1379 568 fuisset
1403 515 1454 567 in
1481 529 1639 582 aqua.
1683 514 1951 567 Reversus

372 612 438 666 ad
461 611 791 680 episcopum,
841 623 952 662 rem
992 617 1197 677 gestam
1251 621 1337 660 me
1370 615 1632 675 praesente
1665 605 1866 671 retulit,
1899 614 1953 658 et

371 703 426 755 in
449 702 664 755 laudem
695 701 787 754 Dei
821 699 1154 753 audientium
1179 713 1274 751 ora
1307 697 1548 751 resolvit.

444 792 578 844 l-linc
607 790 698 844 lini
727 805 962 859 praesens
1015 789 1333 860 opusculum
1383 790 1608 843 subdam
1634 805 1649 854 ;
1672 789 1798 842 dum
1834 803 1952 844 om-

370 897 467 936 nes
488 882 539 935 id
567 881 740 950 legere
767 881 851 934 vel
881 881 1068 936 audire
1121 881 1403 951 dignantes
1430 880 1579 948 prius
1628 881 1778 935 brevi
1805 895 1952 934 eom—

371 986 618 1024 moneam
669 980 933 1040 quatenus
977 971 1124 1025 nulla
1173 971 1549 1026 incredulitate
1579 986 1644 1025 ex
1700 971 1766 1025 iis
1832 987 1951 1040 quae

369 1062 636 1131 descripta
661 1072 788 1118 sunt
825 1071 1060 1117 mentem
1100 1062 1404 1116 vulnerent.
1453 1062 1674 1116 Talibus
1703 1062 1844 1116 enim
1897 1063 1950 1116 in

371 1153 450 1206 eis
476 1153 779 1208 scribendis
807 1154 1120 1210 auctoribus
1155 1169 1284 1209 usus
1313 1169 1430 1206 sum
1463 1154 1515 1207 in
1551 1168 1782 1222 quorum
1815 1154 1952 1207 rela-

374 1245 522 1298 tione
547 1260 766 1299 omnem
829 1244 1082 1300 falsitatis
1138 1245 1501 1312 suspicionem
1526 1243 1711 1312 procul
1762 1244 1952 1300 abesse

372 1335 565 1388 dubius
589 1349 693 1388 non
743 1349 881 1388 sum.
907 1333 1186 1402 Siquidem
1217 1332 1445 1401 plurima
1477 1347 1596 1400 quae
1645 1332 1802 1400 primi
1827 1331 1951 1387 libri

370 1425 540 1479 series
571 1425 829 1488 continet,
863 1440 928 1477 ex
977 1422 1156 1477 verbis
1209 1421 1452 1491 ejusdem
1501 1420 1681 1474 Patris
1709 1421 1949 1476 Anselmi

373 1515 584 1584 collegi.
617 1514 840 1569 Solebat
865 1514 1011 1568 enim
1043 1526 1448 1580 nonnunquam,
1476 1518 1534 1564 ut
1576 1510 1739 1565 homo
1758 1511 1950 1580 jocun-

373 1607 542 1660 ditate
606 1605 1103 1674 praestantissimus,
1161 1605 1299 1655 inter
1343 1601 1448 1655 alia
1495 1602 1635 1655 dicta
1662 1617 1760 1656 sua
1794 1604 1946 1670 quasi

2054 438 2446 491 correcturum,
2479 442 2597 496 quae
2622 427 2778 480 aliter
2821 441 2878 482 se
2918 427 3187 482 habebant
3247 427 3457 498 singula
3513 427 3642 482 loco

2054 519 2152 573 sibi
2175 520 2498 587 competenti
2523 519 2921 572 ordinaturum.
2947 518 3056 571 Nec
3076 526 3168 571 aut
3193 533 3316 587 spes
3333 527 3428 572 aut
3447 519 3641 588 opinio

2054 625 2170 664 mea
2202 609 2391 664 fefellit
2427 625 2531 663 me.
2549 609 2826 678 Siquidem
2857 610 2908 663 in
2935 609 3052 675 ipso
3074 609 3334 678 Opusculo
3375 609 3638 664 nonnulla

2052 701 2306 762 correxit,
2341 700 2592 754 nonnulla
2623 700 3176 769 subvertit,quaedam
3204 700 3457 764 mutavit,
3489 715 3640 769 quaa-

2052 795 2178 850 dam
2217 794 2482 864 probavit.
2517 793 2667 848 Unde
2691 809 2812 848 cum
2877 792 3128 848 nonnihil
3185 793 3350 847 corde
3390 792 3636 856 laetarer,
3714 831 3716 834 μ

2053 895 2107 940 et
2127 885 2270 954 quod
2295 885 2568 939 edideram
2607 892 2754 937 tanta
2783 899 2846 938 ae
2876 883 2967 936 tali
2999 883 3322 946 auctoritate
3350 881 3637 936 sutfultum

2054 976 2192 1030 forte
2216 974 2333 1044 plus
2370 991 2524 1044 aequo
2550 989 2714 1044 penes
2747 974 3122 1043 memetipsum
3171 971 3494 1026 Eadmerum
3520 971 3639 1042 glo-

2052 1069 2226 1122 riarer
2253 1077 2372 1137 post
2404 1081 2602 1132 paucos
2621 1065 2850 1120 correcti
2891 1065 3072 1133 operis
3115 1063 3229 1118 dies
3255 1072 3445 1118 vocato
3494 1065 3634 1118 mihi

2053 1159 2118 1212 ad
2156 1175 2214 1212 se
2244 1158 2484 1226 pontifex
2535 1157 2651 1227 ipse
2693 1155 2946 1224 praecepit
2995 1166 3261 1224 quatenus
3317 1154 3639 1222 quaternio-

2053 1266 2148 1306 nes
2172 1251 2224 1304 in
2255 1249 2450 1320 quibus
2490 1249 2661 1316 ipsum
2692 1262 2827 1315 opus
2863 1247 3221 1316 conjeceram,
3279 1244 3490 1315 penitus
3539 1245 3639 1300 de-

2053 1351 2348 1396 struerem:
2375 1341 2648 1408 indignum
2663 1338 2903 1407 profecto
2926 1351 3042 1392 sese
3061 1337 3310 1407 judicans
3336 1337 3489 1406 cujus
3510 1336 3635 1389 lau-

2051 1431 2171 1487 dem
2203 1440 2452 1486 secutura
2482 1429 2768 1499 posteritas
2799 1444 2863 1482 ex
2912 1427 3217 1481 litterarum
3279 1427 3636 1481 monimentis

2051 1525 2223 1595 praelii
2252 1523 2489 1593 cujusvis
2518 1522 2760 1576 haberet.
2820 1519 2972 1586 Quod
3000 1519 3254 1573 nimirum
3306 1534 3448 1588 aegre
3502 1518 3625 1571 tuli.

2055 1617 2174 1672 Non
2199 1616 2402 1671 audens
2426 1625 2603 1669 tamen
2629 1614 2725 1682 ipsi
2754 1620 3022 1682 praecepto
3045 1609 3285 1665 funditus
3311 1610 3638 1666 iuobediens

369 1697 581 1764 Ῑυάθηεν
620 1698 747 1768 (μιίά
773 1713 926 1767 Puer,
954 1696 1081 1765 quid
1133 1695 1375 1766 ,ἱυνθηίεν
1412 1692 1542 1763 (inid
1585 1702 1712 1746 “me
1772 1709 1954 1749 5"500‘
1983 1682 2031 1740 Β
2059 1725 2178 1766 esse
2224 1723 2323 1763 nec
2375 1723 2534 1776 opus,
2589 1704 2732 1773 quod
2782 1703 2952 1757 multo
3001 1702 3184 1757 labore
3225 1717 3634 1772 compegeram,

372 1801 522 1862 ptum
547 1791 792 1845 monachi
813 1789 1078 1856 habitum,
1109 1787 1240 1858 quid
1279 1788 1334 1842 in
1364 1787 1481 1856 ipso
1513 1786 1698 1840 habitu
1725 1786 1949 1854 positus,

371 1881 499 1950 quid
528 1881 694 1951 prior,
721 1880 849 1949 quid
877 1881 1045 1935 abbas
1096 1880 1292 1950 egerit,
1323 1876 1551 1947 simplici
1585 1891 1832 1932 sermone
1869 1893 1954 1932 re-

371 1973 536 2038 ferre,
572 1981 860 2026 autumans
907 1971 1187 2025 audientes
1237 1969 1428 2023 eadem
1481 1981 1586 2036 qua
1639 1967 1954 2022 ferebantur

372 2064 671 2118 intentione
717 2075 771 2118 et
827 2062 1194 2132 perfunctorie
1225 2061 1316 2115 illa
1357 2062 1653 2130 suscipere.
1705 2059 1778 2112 Ea
1825 2075 1953 2114 vero

378 2174 498 2226 qua:
536 2158 678 2210 inter
730 2156 991 2209 miracula
1042 2156 1094 2208 in
1145 2155 1262 2223 ipso
1317 2153 1497 2208 libello
1543 2161 1953 2222 computantur,

373 2250 618 2318 quaedam
647 2263 676 2301 a
706 2247 1000 2308 Baldwino,
1039 2247 1284 2315 quaedam
1310 2261 1339 2298 a
1369 2245 1598 2310 Bosone,
1649 2245 1893 2313 quaedam
1924 2260 1952 2298 a

373 2342 604 2408 Riculfo,
627 2343 905 2396 monachis
937 2341 1317 2403 Beccensihus,
1349 2355 1578 2408 quorum
1611 2353 1696 2392 me
1723 2337 1956 2392 Eadme-

371 2451 492 2488 rum
518 2432 842 2487 monachum
873 2430 1129 2485 Ecclesia:
1157 2429 1458 2483 Salvatoris
1483 2427 1791 2482 Cantuarire
1823 2426 1954 2480 inibi

373 2524 686 2581 meminisse
710 2522 988 2584 recordor,
1013 2520 1196 2588 accepi
1223 2536 1236 2571 :
1264 2519 1479 2588 quibus,
1511 2519 1652 2573 sicut
1702 2518 1799 2586 ipsi
1830 2533 1955 2571 nar-

374 2615 590 2679 rabant,
629 2623 723 2666 aut
771 2609 1090 2674 interfuere,
1149 2619 1243 2663 aut
1300 2610 1353 2662 in
1392 2608 1586 2678 seipsis
1629 2623 1693 2662 ea
1741 2608 1953 2676 experti

372 2702 547 2768 fuere,
589 2710 682 2755 aut
719 2699 922 2755 abillis
981 2699 1072 2768 qui
1103 2699 1284 2754 testati
1331 2707 1456 2752 sunt
1501 2713 1558 2752 se
1615 2699 1741 2752 dum
1767 2699 1958 2752 fierent

375 2803 668 2865 przcsentes
698 2791 884 2857 fuisse,
918 2806 1197 2860 accepere.
1231 2790 1363 2856 Qua:
1391 2797 1571 2843 autem
1610 2789 1747 2843 libro
1765 2804 1957 2844 secun-

375 2887 446 2942 do
475 2895 756 2950 notantur,
781 2899 916 2954 pene
952 2884 1132 2936 omnia
1162 2890 1256 2934 aut
1279 2881 1509 2950 propriis
1531 2879 1699 2934 oculis
1731 2880 1956 2936 intuitus

373 2990 516 3040 sum,
539 2983 632 3028 aut
657 2975 842 3029 auditu
870 2973 1081 3027 aurium
1114 2972 1280 3036 sensi,
1313 2980 1407 3024 aut
1432 2970 1539 3025 alio
1568 2970 1750 3039 aliquo
1773 2971 1950 3034 modo,

375 3078 560 3139 utpote
585 3068 674 3138 qui
703 3066 819 3136 ejus
854 3066 1139 3136 praesentia
1165 3064 1368 3134 jugiter
1392 3077 1458 3116 ex
1503 3077 1610 3131 quo
1643 3054 1958 3131 pontificatu

371 3159 592 3216 functus
616 3169 698 3214 est
723 3160 923 3229 potitus
951 3174 1092 3224 sum,
1117 3173 1212 3226 per
1232 3154 1605 3225 memetipsum
1631 3154 1959 3208 Eadmerum

377 3251 631 3306 addicere
667 3250 860 3304 merui.
893 3248 1048 3302 Falsa
1081 3263 1210 3302 vero
1240 3246 1475 3301 scienter
1505 3244 1739 3314 aliquem
1786 3245 1841 3298 in
1871 3260 1958 3298 sa-

375 3343 487 3397 cris
515 3341 757 3397 historiis
809 3341 1049 3396 scribere
1109 3339 1259 3394 nefas
1306 3353 1425 3392 esse
1473 3337 1783 3406 pronuntio.
1822 3334 1958 3388 Nam

381 3435 592 3502 quoties
638 3448 700 3487 ea
715 3433 797 3488 vel
834 3433 1101 3501 leguntur,
1134 3431 1220 3486 vel
1279 3430 1589 3492 audiuntur,
1625 3428 1804 3482 anima
1825 3427 1959 3480 scri-

380 3527 550 3596 ptoris
574 3525 862 3591 occiditur,
895 3538 961 3578 eo
986 3524 1130 3593 quod
1162 3522 1412 3577 omnibus
1446 3535 1544 3590 per
1577 3533 1642 3573 ea
1669 3534 1786 3588 qua:
1823 3517 1959 3573 falso

379 3616 598 3685 scripsit
620 3614 838 3670 infando
865 3629 962 3668 ore
999 3613 1282 3667 mentitur.

452 3707 564 3777 (45)
592 3705 744 3778 [Cara
776 3703 1007 3776 LXVll.J
1067 3704 1332 3758 Praeterea
1369 3717 1492 3758 cum
1538 3701 1688 3771 operi
1739 3715 1956 3754 manum

379 3794 558 3862 primo
587 3793 960 3863 imposuissem
1000 3800 1054 3846 ct
1085 3807 1203 3860 qum
1232 3791 1284 3845 in
1309 3806 1430 3846 cera
1459 3790 1814 3854 dictaverunt,
1837 3803 1959 3858 per-

380 3899 622 3953 gamente
657 3899 849 3954 magna
895 3897 961 3938 ex
1016 3891 1170 3952 parte
1198 3882 1544 3938 tradidissem
1597 3880 1830 3950 quodam
1874 3880 1960 3934 die

380 3975 496 4043 ipsc
538 3974 699 4029 Pater
737 3974 1025 4029 Anselmus
1047 3973 1308 4029 secretius
1339 3987 1424 4026 me
1470 3971 1745 4034 convenit,
1773 3970 1962 4023 scisci-

380 4076 502 4120 tans
526 4065 655 4135 quid
683 4065 966 4127 dictarem,
998 4064 1126 4131 quid
1157 4063 1546 4129 scriptitarem.
1575 4059 1673 4114 Cui
1704 4075 1824 4114 cum
1848 4074 1960 4112 rem

378 4158 550 4227 magis
569 4157 783 4212 silentio
809 4165 990 4226 tegere
1018 4169 1180 4224 quam
1202 4155 1450 4223 detegere
1475 4152 1805 4218 maluissem,
1828 4167 1966 4220 prae-

379 4248 525 4318 eepit
551 4255 818 4316 quatenus
839 4254 934 4300 aut
961 4255 1139 4316 empto
1159 4245 1428 4301 desistet:
1453 4244 1576 4298 aliis
1605 4244 1960 4304 intenderem,

371 4348 605 4408 antqua:
631 4337 932 4392 scribebam
978 4335 1079 4391 sibi
1109 4337 1474 4391 ostenderem.
1523 4335 1634 4404 Ego
1657 4344 1834 4388 autem
1871 4333 1962 4402 qui

373 4431 484 4500 jam
525 4430 578 4486 in
604 4430 876 4486 nonnullis
899 4445 1020 4500 quae
1065 4429 1393 4499 scripseram
1426 4427 1544 4496 ejus
1567 4442 1668 4496 ope
1713 4425 1883 4480 frctus
1911 4435 1965 4479 et

379 4523 754 4577 emendatione
808 4522 1017 4577 fueram
1073 4521 1378 4588 roboratus,
1426 4519 1600 4575 libens
1633 4518 1959 4588 parui,spe-

453 4655 566 4724 (45)
592 4655 834 4727 llabetur
857 4657 914 4710 in
942 4657 1195 4727 margine
1247 4655 1471 4711 alterius
1530 4653 1735 4727 codicis
1772 4652 1961 4727 isthzec

385 4721 508 4780 nota
537 4721 556 4778 τ’
587 4726 882 4780 ΕαιΙιιιενιω
904 4728 990 4795 qui
1017 4721 1155 4780 hanc
1180 4726 1370 4780 librum
1395 4742 1432 4779 ιι
1462 4724 1773 4794 composuit,
1800 4723 1882 4775 hic
1894 4721 1960 4789 [i-

2055 1800 2239 1854 volens
2260 1797 2479 1852 omnino
2502 1794 2770 1864 perditum
2789 1793 2889 1859 ire,
2920 1793 3121 1846 notatis
3148 1790 3327 1844 verbis
3351 1789 3466 1856 ejus
3496 1806 3638 1859 qua-

2057 1891 2330 1946 terniones
2371 1889 2515 1958 ipsos
2564 1885 2825 1949 destruxi,
2874 1883 2942 1938 iis
2990 1882 3186 1950 quibus
3237 1881 3427 1950 scripti
3472 1893 3638 1936 erant

2055 1984 2176 2038 aliis
2224 1979 2673 2051 quaternionihus
2719 1977 2894 2046 primo
2918 1973 3217 2042 inscriptis.
3251 1971 3403 2038 Quod
3453 1981 3636 2028 tamen

2056 2075 2256 2129 factum
2292 2085 2470 2125 meum
2497 2066 2874 2123 inobedientia:
2899 2073 3118 2135 peccato
3154 2061 3296 2116 forte
3331 2078 3434 2116 non
3459 2074 3635 2116 caret.

2055 2167 2228 2221 Aliter
2247 2163 2390 2218 enim
2430 2160 2638 2232 impleri
2677 2166 3002 2228 przeceptum
3027 2153 3142 2222 ejus
3187 2169 3252 2208 ac
3280 2153 3429 2207 illum
3476 2153 3637 2207 intel-

2057 2258 2252 2313 lexisse
2277 2255 2534 2310 sciebam.
2561 2251 2898 2320 Quapropter
2926 2247 2993 2302 ab
3024 2246 3275 2300 omnibus
3308 2244 3359 2298 in
3391 2259 3625 2314 quorum

2057 2362 2248 2401 manus
2306 2344 2443 2398 forte
2492 2343 2592 2396 ista
2613 2340 2923 2402 ceciderint,
2952 2336 3218 2406 siquidem
3249 2335 3408 2390 isthic
3464 2334 3632 2402 quid-

2043 2453 2220 2509 quam
2271 2437 2413 2505 quod
2477 2449 2583 2488 non
2633 2431 2853 2487 omnino
2891 2437 3150 2499 quantum
3209 2428 3275 2480 ad
3328 2425 3635 2479 fatuitatem

2058 2529 2390 2586 narrationis
2417 2527 2718 2596 displiceat,
2750 2523 3071 2594 repererint,
3113 2521 3340 2590 petitum
3384 2519 3449 2572 iri
3481 2534 3634 2572 sum-

2059 2638 2280 2694 mopere
2306 2619 2518 2692 postulo
2544 2625 2810 2689 quatenus
2839 2630 2936 2685 pro
2963 2614 3066 2667 hoc
3090 2621 3145 2667 et
3166 2626 3262 2680 pro
3285 2610 3404 2664 aliis
3440 2624 3639 2680 pecca-

2059 2717 2128 2772 tis
2150 2715 2285 2770 meis
2314 2713 2606 2784 dignentur
2628 2707 2982 2772 intercedere,
3006 2719 3072 2758 ne
3104 2703 3274 2758 moles
3306 2717 3493 2756 eorum
3543 2715 3632 2755 me

2058 2815 2266 2862 tantum
2297 2804 2565 2874 deprimat
2591 2809 2648 2855 ut
2695 2798 2761 2854 ad
2803 2797 2952 2852 illum
3000 2794 3152 2864 cujus
3180 2791 3355 2847 Vitam
3393 2801 3446 2845 et
3479 2801 3636 2845 actus

2059 2899 2422 2970 qualicunque
2481 2894 2607 2950 stilo
2657 2889 2888 2962 digessi,
2946 2887 3253 2958 pertingere
3303 2897 3460 2952 posse
3525 2898 3636 2935 non

2062 2969 2224 3046 sinat.
2267 2988 2378 3043 Nec
2415 2985 2559 3042 enim
2613 2982 2796 3037 animo
2843 2977 2981 3033 elabi
3014 2983 3192 3046 potest
3234 2972 3466 3042 qualiter
3499 2969 3632 3024 mihi

2067 3077 2422 3149 responderit,
2485 3088 2606 3130 cum
2636 3070 2866 3141 quadam
2918 3067 3034 3120 vice
3096 3064 3244 3118 illum
3288 3075 3533 3132 rogarem
3584 3069 3643 3112 ut

2065 3173 2205 3226 sicut
2252 3171 2304 3223 in
2356 3167 2478 3222 imis
2509 3181 2594 3220 me
2639 3169 2948 3219 consortem
2998 3155 3196 3212 laboris
3244 3154 3528 3215 habuerat,
3564 3152 3641 3204 ita

2063 3273 2116 3319 et
2147 3263 2200 3317 in
2236 3259 2448 3328 superis
2479 3255 2796 3326 participem
2825 3266 2935 3306 suae
2963 3245 3334 3302 retributionis
3378 3241 3639 3297 efﬁceret.

2061 3357 2152 3411 Ait
2185 3367 2379 3422 nempe
2417 3351 2469 3405 id
2508 3364 2565 3404 se
2603 3347 2820 3416 quidem
2845 3343 3076 3397 libenter
3097 3354 3160 3394 ac
3197 3337 3317 3392 laete
3342 3334 3638 3399 facturum,

2060 3448 2398 3520 providerem
2428 3437 2766 3498 solummodo
2832 3449 2900 3489 ne
2951 3433 3006 3486 in
3035 3431 3136 3486 hoc
3180 3428 3330 3483 nimii
3378 3425 3643 3496 ponderis

2059 3514 2318 3594 facerem.
2373 3533 2432 3587 In
2477 3547 2584 3602 quo
2635 3528 2680 3584 si
2734 3534 3081 3596 peccatorum
3131 3532 3373 3573 meorum
3422 3514 3644 3585 pondus

2054 3631 2183 3701 justi
2211 3627 2407 3696 judicis
2433 3623 2660 3693 :equitas
2682 3621 2882 3689 pietate
2905 3620 3111 3668 remota
3143 3612 3458 3679 appenderit
3511 3621 3643 3675 pro-

2059 3700 2201 3776 fecto
2255 3717 2436 3771 anima
2487 3728 2604 3768 mea
2645 3725 2751 3765 non
2797 3719 3012 3762 sursum
3063 3701 3155 3755 sed
3211 3702 3262 3755 in
3317 3700 3644 3771 profundum

2059 3812 2237 3884 abyssi
2261 3824 2500 3879 przeceps
2531 3807 2648 3862 ibit.
2691 3804 2844 3860 Unde
2871 3799 3324 3873 quemadmodum
3357 3809 3454 3864 ego
3498 3792 3645 3884 Ead-

2061 3882 2246 3958 merus
2275 3900 2433 3968 cmpi,
2461 3898 2637 3953 adhuc
2680 3895 2876 3964 quibus
2926 3907 3141 3963 possum
3170 3887 3420 3959 precibus
3452 3882 3646 3937 insisto

2062 4004 2328 4068 quatenus
2361 4007 2517 4062 quam
2541 3990 2643 4044 sibi
2674 3987 2909 4057 impendi
2932 3986 3259 4049 desiderant,
3303 3977 3431 4032 mihi
3457 3990 3642 4030 secum

2065 4089 2229 4144 aDeo
2252 4088 2494 4141 levamen
2541 4092 2594 4137 et
2616 4081 2830 4135 veniam
2882 4078 3204 4133 delictorum
3237 4071 3518 4128 obtineant
3575 4081 3647 4118 ne

2065 4179 2247 4235 nimiis
2276 4190 2362 4230 me
2386 4173 2620 4244 peccatis
2658 4179 2940 4225 oneratum
2991 4182 3097 4236 quo
3121 4162 3392 4235 pollicitus
3417 4166 3501 4212 est
3524 4155 3648 4224 pius

2066 4270 2228 4322 Pater
2248 4264 2535 4320 sublevare
2557 4277 2662 4315 non
2691 4259 2886 4314 valeat.
2909 4256 3062 4326 Quod
3084 4271 3181 4310 sua
3214 4249 3501 4318 clementia
3519 4260 3649 4316 pro-

2069 4359 2155 4414 cul
2181 4364 2392 4411 avertat
2417 4354 2510 4424 qui
2545 4367 2708 4422 super
2744 4349 2926 4406 omnia
2957 4348 3101 4402 Deus
3129 4345 3284 4411 vivit,
3339 4339 3656 4396 dominatur

2067 4460 2121 4506 et
2156 4457 2361 4520 regnat.
2388 4450 2582 4500 Amen.

2068 4663 2181 4702 nem
2209 4643 2370 4714 ponit.
2401 4640 2510 4714 Qui
2533 4636 3065 4714 υἱάὶειηιεειὶιηοζιὶιιηι
3104 4629 3391 4701 ρενιιὶὸυιὶι.
3413 4625 3482 4680 Et
3507 4639 3652 4694 pra:-

2067 4706 2218 4786 cepto'
2239 4711 2500 4781 liadulphi
2529 4709 2789 4780 pontiﬁcis
2823 4706 3054 4775 perfecit.

387 4906 3646 4959 ___________________________________________________

1336 5057 1945 5152 MIRACULA
2011 5055 2102 5144 S.
2166 5048 2686 5142 ANSELMI

525 5290 625 5358 (Ex
679 5303 780 5343 ms.
828 5286 1027 5358 reginae
1055 5283 1266 5340 Sueciae
1297 5279 1437 5336 eruit
1467 5279 1850 5333 MABILLONIUS.
1899 5269 2078 5324 Edidit
2135 5268 2197 5321 Ι).
2230 5265 2513 5329 Man-rtus,
2552 5263 2712 5334 ampl.
2749 5261 2964 5318 Collect.
3000 5270 3038 5316 t.
3082 5260 3178 5326 Vl,
3202 5258 3308 5314 col.
3343 5256 3490 5326 983.)

385 5507 518 5563 Cum
549 5508 724 5562 Patris
747 5508 984 5562 Anselmi
1011 5503 1269 5559 miracula
1298 5501 1448 5572 plura
1478 5500 1742 5563 ferantur,

386 5596 514 5664 Qua:
543 5613 640 5670 per
670 5614 792 5654 eum
820 5599 1068 5656 Christus
1096 5593 1405 5667 specialiter
1431 5600 1513 5648 est
1537 5598 1812 5659 operatus,

2072 5489 2178 5543 ltcs
2202 5495 2254 5542 et
2282 5485 2422 5556 apud
2453 5499 2653 5553 paucos
2673 5483 2785 5550 jam
2815 5478 3029 5550 cognita
3056 5475 3144 5528 vix
3174 5473 3455 5537 habeatur,

2073 5581 2141 5636 Ut
2173 5587 2353 5650 pateat
2387 5576 2574 5648 quanti
2608 5573 2785 5630 meriti
2819 5571 2917 5627 fuit
2947 5571 3046 5625 iste
3071 5567 3283 5630 beatus,
