3882 6050
264 219 357 275 i2!
926 225 933 232 ‘
1723 213 1813 268 Ml]

1938 213 2093 270 ULA.

264 329 519 398 Quaedam
548 327 794 394 distinxi,
826 341 946 397 quae
974 327 1192 396 dignum
1222 328 1465 383 scribere
1492 326 1644 392 duxi,

263 421 599 477 Subnectens
625 419 806 488 operis
837 417 1078 488 przedicti
1109 418 1354 473 materiei
1393 418 1531 489 (46).

329 510 427 566 Vir
450 508 555 564 fuit
583 508 639 562 in
670 522 811 580 pago
840 506 1025 563 Pontif
1047 508 1138 578 qui
1161 508 1407 579 jungitur
1430 507 1602 579 Augo,

261 597 433 654 Notus
455 598 684 662 divitiis,
715 598 811 653 sed
841 597 1113 652 marcidus
1138 597 1319 653 ulcere
1345 598 1554 664 carnis,

260 689 446 744 Servis
473 687 724 755 vallatus,
757 690 849 744 sed
879 688 1028 760 lepra
1057 689 1487 755 contaminatus,

256 781 485 836 Actibus
512 780 627 851 ipse
652 780 810 835 bonis
834 780 1089 836 insistens
1111 779 1459 850 quotidianis,

256 868 500 927 Fletibus
526 872 795 938 admistis,
820 872 1074 942 precibus
1102 887 1225 927 cum
1251 872 1622 943 multiplicatis

257 958 535 1014 Christum
562 959 845 1029 pulsabat,
877 961 1162 1015 Dominum
1194 961 1273 1016 sic
1297 960 1626 1032 efﬂagitabat

258 1051 415 1119 Quod
443 1066 607 1122 super
629 1051 841 1107 allisum
869 1039 1116 1124 dignetur
1140 1052 1360 1109 flectere
1386 1055 1558 1109 visum
1579 1096 1594 1121 ,

225 1122 360 1209 'Qui
391 1144 702 1199 mundando
727 1153 907 1199 cutem
933 1122 1035 1199 sibi
1061 1143 1308 1200 conferat
1329 1145 1446 1216 ipse
1474 1146 1729 1201 salutem.

257 1232 327 1286 At
358 1233 450 1301 qui
479 1221 775 1288 contritum
808 1249 903 1289 cor
935 1235 1159 1305 respicit
1182 1244 1237 1290 et
1257 1235 1361 1290 sibi
1385 1243 1677 1305 structum,

255 1323 428 1393 Ipsius
451 1328 638 1396 aegroti
664 1341 771 1380 non
806 1325 975 1381 defuit
1004 1326 1304 1393 anxietati,

256 1414 374 1471 Imo
403 1414 509 1470 sibi
546 1417 686 1470 mira
723 1416 975 1472 subvenit
1003 1425 1059 1471 et
1093 1417 1272 1471 indice
1298 1433 1451 1473 cura.

257 1506 312 1561 In
339 1509 548 1564 somnis
578 1510 742 1579 igitur
770 1511 1002 1580 quadam
1027 1511 1128 1566 sub
1155 1519 1314 1566 nocte
1338 1520 1608 1576 monetur,

255 1600 408 1668 Quod
440 1602 485 1657 si
516 1603 629 1673 jam
660 1602 778 1658 fieri
809 1617 972 1658 sanus
998 1602 1132 1658 velit
1164 1612 1329 1672 atque
1358 1603 1555 1668 videri,

256 1693 391 1749 lIinc
414 1693 553 1750 bene
583 1709 807 1751 securus
854 1703 1039 1766 surgat
1075 1694 1308 1750 Beccum
1332 1694 1624 1765 petiturus,

256 1787 433 1856 Atque
463 1787 783 1842 monasterii
814 1786 1031 1842 Patrem
1062 1787 1325 1843 secretius
1360 1796 1500 1855 oret,

257 1876 523 1935 Omnibus
551 1880 666 1949 ipse
701 1878 875 1934 modis
904 1879 1076 1950 magis
1106 1889 1430 1949 extorquere
1468 1881 1694 1946 laboret,

256 1969 405 2036 Quod
438 1970 693 2040 dignetur
719 1984 889 2039 aquas
918 1970 1020 2025 sibi
1063 1970 1316 2026 conferre
1346 1970 1627 2038 bibendae,

256 2060 437 2114 Abluit
460 2061 603 2116 unde
642 2077 832 2115 manus
860 2062 989 2116 dum
1036 2063 1218 2117 missae
1243 2062 1488 2117 concinit
1523 2073 1695 2117 actus.

255 2149 516 2206 Credulus
560 2152 650 2206 hic
677 2153 916 2219 monitis,
950 2162 1005 2209 et
1032 2153 1213 2210 factus
1247 2154 1453 2209 certior
1474 2154 1628 2224 ipsis,

257 2240 487 2313 Impiger
512 2245 760 2299 ascendit
787 2245 944 2313 illuc,
978 2246 1074 2301 sed
1101 2254 1157 2301 et
1188 2246 1335 2301 illico
1365 2246 1554 2301 tendit.

256 2332 480 2392 Iudicat.
511 2333 772 2391 Anselmo
797 2337 1110 2390 summatim
1144 2337 1388 2407 suggerit
1417 2336 1560 2391 almo

256 2423 383 2491 Qum
409 2426 513 2480 sibi
541 2442 640 2497 per
671 2427 844 2482 visum
878 2426 1092 2483 fuerant
1131 2437 1349 2483 ostensa
1375 2443 1694 2499 supernum.

258 2513 356 2579 Qui
382 2523 653 2584 Stupetex
692 2516 873 2573 verbis
899 2517 1184 2588 primoque
1225 2517 1439 2587 repellit
1468 2519 1681 2574 acerbis

258 2603 511 2673 Vocibus,
538 2615 703 2679 atque
736 2619 921 2665 monet
948 2625 1018 2665 ne
1060 2610 1255 2665 talibus
1293 2611 1407 2680 ipse
1430 2609 1675 2677 laboret,

258 2692 372 2750 Non
403 2713 541 2768 opus
570 2712 689 2753 esse
716 2713 871 2754 suum
917 2708 1227 2769 protestans
1269 2700 1415 2769 quod
1460 2701 1595 2771 petit
1643 2703 1841 2771 ipsum,

261 2782 368 2839 lmo
402 2786 690 2841 beatorum
719 2788 811 2858 qui
839 2802 1168 2857 praecessere
1199 2789 1472 2856 virorum;

263 2873 330 2929 Se
363 2887 732 2946 peccatorem,
760 2878 948 2948 procul
983 2878 1067 2933 his
1092 2879 1185 2933 sed
1207 2886 1263 2934 et
1294 2878 1626 2947 inferiorem,

262 2966 472 3039 Quique
503 2984 668 3039 super
697 2971 863 3025 tantis
884 2972 973 3025 his
1005 2971 1179 3025 audiri
1215 2986 1322 3026 non
1354 2982 1629 3027 mereatur

262 3058 469 3130 Quippe
494 3061 609 3116 suis
638 3061 809 3132 culpis
829 3062 1180 3132 poscentibus
1208 3062 1555 3131 impediatur.

260 3150 325 3203 At
360 3151 535 3222 magis
575 3151 628 3204 in
670 3152 923 3222 precibus
951 3151 1227 3222 perstabat
1271 3154 1435 3208 homo
1483 3153 1841 3210 miserandus.

258 3241 435 3296 Altius
464 3242 828 3312 ingeminans,
860 3245 1003 3313 quod
1046 3243 1215 3300 ferret
1248 3259 1407 3316 opem
1435 3247 1808 3316 venerandus,

261 3333 368 3388 Nec
401 3343 686 3403 pateretur
708 3349 770 3388 ea
804 3332 1045 3389 fraudari
1074 3351 1131 3390 se
1162 3335 1453 3402 medicina,

262 3420 414 3477 Unde
442 3423 545 3477 sibi
575 3421 803 3477 celerem
838 3422 1090 3479 credebat
1119 3423 1310 3480 adesse
1344 3425 1628 3481 medelam.

262 3509 358 3567 Vir
387 3510 605 3566 tandem
632 3511 869 3581 Domini,
898 3512 1229 3569 clamoribus
1254 3513 1339 3570 his
1368 3514 1699 3584 stimulatus,

260 3600 327 3657 Et
357 3618 525 3672 super
551 3601 809 3658 aflliclum
844 3603 914 3658 de
946 3618 1095 3658 more
1123 3618 1224 3660 suo
1250 3605 1566 3671 miseratus,

261 3694 431 3750 Intrat
472 3696 528 3749 in
566 3694 873 3763 ecclesiam,
903 3695 1158 3766 precibus
1193 3700 1509 3754 conscendit
1540 3699 1608 3754 ad
1636 3715 1807 3765 aram,

262 3781 417 3839 Mane
450 3794 737 3855 rogaturus
759 3800 857 3854 pro
879 3800 1009 3840 cura
1050 3786 1296 3857 corporis
1325 3787 1484 3858 hujus
1506 3828 1521 3855 ,

269 3871 517 3928 Vestibus
548 3883 711 3944 atque
748 3875 923 3929 sacris
955 3875 1203 3942 indutus,
1235 3876 1391 3931 miles
1429 3886 1487 3931 ut
1519 3880 1708 3943 armis,

263 3961 622 4016 Concelebrat
650 3963 897 4027 missam,
931 3964 1024 4018 sed
1050 3979 1155 4017 non
1191 3965 1310 4019 sine
1342 3963 1554 4021 fletibus
1583 3968 1773 4037 ipsam.

261 4051 422 4104 Astat
448 4060 504 4105 et
540 4061 799 4122 aegrotus,
833 4053 1201 4123 prosternitur
1237 4053 1291 4107 in
1322 4069 1484 4123 prece
1525 4064 1686 4124 totus,

266 4140 444 4198 Orans
479 4159 544 4197 ex
572 4145 695 4199 imis
724 4146 890 4199 animi
918 4145 1207 4215 cordisque
1235 4147 1503 4214 medullis,

261 4233 380 4291 lam
404 4224 507 4290 sibi
537 4237 863 4306 promissum
891 4237 1147 4308 compleri
1186 4239 1399 4295 coalitus
1428 4240 1623 4311 ipsum.

263 4329 444 4398 Atque
480 4329 755 4399 mysteriis
783 4330 1174 4385 consummatis
1205 4334 1569 4388 sacrosanctis

265 4421 420 4494 (Mira
451 4423 727 4478 relaturus
746 4438 886 4492 sum,
920 4424 1054 4478 mira
1082 4424 1176 4479 sed
1205 4424 1598 4496 expositurus),

264 4516 480 4585 Accipit
514 4531 545 4571 e
578 4515 831 4571 manibus
856 4516 1069 4571 abbatis
1093 4531 1264 4586 aquas
1296 4517 1625 4583 sitibundus,

267 4612 431 4678 Queis
453 4610 753 4680 degustatis
781 4612 992 4675 devote,
1025 4609 1178 4679 queis
1203 4610 1375 4681 magis
1406 4609 1635 4678 haustis,

268 4702 386 4758 Mox
419 4710 605 4772 optata
634 4701 781 4757 salus
815 4702 1074 4758 membris
1105 4701 1403 4756 infunditur
1428 4703 1566 4772 ejus.
1610 4686 1619 4691 ’

269 4793 400 4847 Nam
450 4808 580 4849 caro
615 4795 932 4860 mundatur,
970 4809 1095 4848 nam
1134 4809 1331 4864 spurca
1361 4794 1500 4848 cutis
1546 4802 1849 4865 reparatur,

269 4885 333 4939 Et
357 4887 436 4940 sic
472 4885 524 4939 in
554 4884 774 4940 laudem
806 4899 1177 4954 praerumpens
1199 4883 1618 4955 Omnipotentis,

273 4976 384 5031 Non
418 4977 606 5032 minus
631 4977 950 5032 Anselmum
986 4976 1209 5031 tollebat
1243 4977 1468 5031 vocibus
1504 4977 1648 5031 altis.

272 5066 439 5133 Quem
469 5067 855 5136 eompcscebat
878 5066 959 5121 vir
989 5075 1243 5131 sanctus,
1268 5082 1501 5136 cumque
1529 5067 1782 5123 monebat

273 5156 346 5211 Ne
370 5157 473 5211 sibi
499 5157 628 5227 quid
656 5156 781 5210 facti
812 5157 945 5211 velit
973 5158 1097 5211 huic
1124 5157 1393 5211 ascribere
1419 5157 1581 5224 tanti,

272 5245 383 5302 Imo
414 5248 526 5303 Deo
552 5249 652 5303 soli
681 5246 955 5316 persolvat
988 5248 1165 5301 munia
1200 5246 1370 5301 laudis
1391 5288 1405 5314 ,

275 5341 314 5393 A
341 5357 451 5410 quo
489 5340 737 5411 procedit
769 5343 930 5395 totius
958 5355 1086 5394 cura
1120 5339 1330 5395 salutis.

277 5427 499 5485 Talibus
522 5430 843 5500 instructus,
878 5432 1005 5488 hinc
1034 5440 1089 5485 ct
1130 5430 1293 5484 nimis
1321 5429 1675 5498 exhilaratus,

347 5547 460 5619 (46)
501 5549 558 5601 In
586 5563 694 5619 gms.
735 5548 929 5619 codice
952 5547 1149 5617 regina:
1172 5544 1387 5619 ASu‘ecige
1411 5554 1623 5619 exstant
1646 5546 1699 5601 hi
1734 5561 1853 5599 ver-

261 5630 371 5704 .sus
406 5616 471 5673 ad
515 5618 718 5675 calcem
746 5617 883 5673 Vita:
914 5618 971 5675 S.
1017 5616 1261 5674 Ansclmi
1309 5617 1374 5672 ab
1409 5616 1676 5673 Eadmero
1728 5632 1854 5672 eon-

3416 214 3525 272 τη

1874 334 1923 391 Α
1951 328 2179 384 Mundus
2208 338 2261 385 et
2286 330 2565 388 incolumis
2599 333 2737 388 redit
2767 332 2834 387 ad
2862 346 2955 386 sua
2987 330 3124 401 pelle
3161 340 3407 388 novatus.

2011 419 2276 492 Tempore
2304 438 2411 492 quo
2440 432 2658 480 sanctus
2681 439 2864 479 curam
2896 424 3127 494 pastoris
3162 426 3374 492 agebat,

1941 511 2192 581 Etsuper
2218 514 2544 586 Angligenas
2584 518 2849 587 primatus
2880 517 3003 585 jure
3044 516 3278 582 cluebat,

1942 602 2193 660 Pluribus
2228 620 2295 659 ex
2320 608 2500 661 causis
2537 607 2589 661 in
2631 608 2781 678 regni
2804 608 3001 662 finibus
3030 607 3168 663 ortis

1942 693 2218 765 Praecipue
2248 696 2388 765 regis
2408 694 2700 762 Guillelmi,
2732 697 2827 752 sed
2852 696 3085 766 junioris

1941 783 2142 854 lmpete
2171 786 2377 840 saevitia
2405 787 2612 841 cerebri
2656 789 2948 841 comitante
2980 787 3177 851 mania,

1942 875 2216 931 Ecclesias
2245 863 2393 948 regni
2423 892 2530 947 qua
2562 894 2765 933 vexans
2798 878 3126 948 diripiendo,

1942 966 2057 1023 Non
2090 977 2207 1023 erat
2232 969 2319 1023 ille
2356 968 2525 1024 Deum
2569 984 2825 1025 reverens
2853 969 3167 1025 hominesve
3195 968 3442 1026 furendo.

1944 1056 2064 1113 Haec
2098 1073 2194 1128 per
2216 1074 2274 1114 se
2300 1058 2554 1129 quoniam
2586 1058 2778 1113 sedare
2807 1060 3063 1128 nequibat
3091 1061 3159 1114 ad
3187 1074 3441 1130 unguem,

1945 1149 2087 1203 Exiit
2112 1164 2142 1204 e
2171 1150 2310 1204 dulci
2339 1151 2513 1219 patria
2546 1149 2773 1204 Romam
2803 1150 3088 1220 petiturus,

1941 1237 2235 1293 Consilium
2262 1238 2462 1294 domini
2491 1254 2640 1308 papae
2669 1254 2834 1309 super
2861 1239 2963 1294 hoc
2999 1235 3303 1305 habiturus,

1940 1332 1981 1385 A
2009 1346 2114 1401 quo
2139 1332 2431 1401 suscipitur
2466 1332 2633 1385 nimio
2664 1338 2974 1401 praeventus
3003 1331 3212 1385 honore

1943 1423 2106 1478 Urbis
2135 1432 2190 1478 et
2216 1438 2245 1476 a
2289 1431 2399 1476 tota
2424 1430 2715 1477 veneratur
2752 1421 3057 1477 nobilitate.

1943 1516 2071 1586 Ejus
2102 1516 2155 1569 in
2186 1530 2469 1571 occursum
2503 1529 2757 1584 pompose
2792 1529 2915 1567 nam
2946 1514 3290 1583 properabat,

1943 1605 2195 1661 Praesulis
2214 1607 2281 1660 ad
2314 1606 2451 1659 tanti
2483 1604 2680 1659 famam
2713 1617 2942 1659 currens
2970 1604 3306 1666 manicabat,

1869 1668 1915 1727 Β
1944 1696 2078 1751 'l‘um
2103 1699 2228 1767 quia
2257 1696 2480 1752 semotis
2508 1695 2633 1750 illuc
2662 1695 2727 1750 de
2762 1695 3006 1764 partibus
3030 1695 3177 1748 orbis

1944 1789 2176 1844 Venerat
2212 1789 2258 1843 is
2292 1788 2464 1844 sancti
2500 1796 2752 1858 repetens
2783 1785 3035 1856 suffragia
3066 1784 3233 1848 Petri,

1944 1880 2079 1934 II‘um
2123 1880 2249 1949 quia
2284 1888 2444 1935 notus
2471 1887 2590 1934 erat
2615 1877 2874 1931 mirandae
2909 1874 3234 1945 relligionis,

1942 1971 2167 2026 Actibus
2193 1971 2317 2026 hinc
2347 1970 2518 2025 nmlto
2548 1970 2680 2024 satis
2706 1977 2940 2038 experta:
2971 1966 3217 2021 rationis.

1943 2061 2041 2117 Ast
2067 2062 2157 2117 ubi
2184 2077 2347 2117 causa
2392 2062 2474 2115 sui
2508 2060 2609 2129 fuit
2634 2062 2897 2115 adventus
2929 2057 3242 2121 manifesta,

1946 2152 2167 2209 Summo
2194 2152 2436 2224 pontifici
2463 2167 2561 2221 per
2588 2152 2839 2206 eumdem
2882 2150 3083 2219 quippe
3112 2148 3302 2211 relata,

1946 2248 2024 2301 Ex
2048 2255 2174 2301 tunc
2205 2245 2460 2315 majorem
2488 2243 2589 2299 sibi
2619 2242 2988 2313 praetendebat
3028 2242 3308 2304 honorem,

1948 2335 2020 2391 Ut
2054 2335 2234 2390 decuit
2262 2334 2353 2388 tali
2387 2348 2634 2404 persona:
2667 2341 2774 2387 tam
2808 2330 3054 2402 speciali.

1947 2426 2080 2481 Nam
2119 2427 2359 2481 retinens
2387 2440 2593 2488 secum,
2621 2423 2838 2479 sibimet
2868 2420 3000 2477 facit
3041 2436 3161 2476 esse
3201 2419 3526 2485 secundum,

1949 2514 2174 2571 Actibus
2203 2515 2256 2571 in
2297 2516 2507 2570 cunctis
2535 2513 2759 2569 secretis
2792 2520 2846 2567 et
2884 2510 3185 2566 manifestis
3208 2550 3223 2575 ,

1947 2606 2118 2677 Ipsius
2150 2606 2216 2661 ad
2239 2605 2450 2660 laudem
2477 2602 2872 2674 quamplurima
2905 2616 3044 2671 saepe
3069 2616 3351 2670 perorans,

1947 2699 2101 2757 Nunc
2132 2699 2187 2753 in
2208 2698 2441 2768 privato,
2468 2696 2627 2751 modo
2654 2705 2799 2751 coetu
2822 2686 3207 2762 multiplicato,

1946 2789 2038 2846 Sic
2064 2800 2125 2846 ut
2148 2789 2422 2845 multoties
2443 2787 2899 2844 verecundaretur
2933 2787 2988 2840 in
3030 2784 3244 2867 iisdem.

1945 2885 2109 2942 Urbis
2142 2901 2273 2941 vero
2301 2885 2457 2952 situs,
2489 2882 2616 2953 quia
2662 2879 2947 2937 morbidus
2974 2879 3227 2947 haudque
3257 2872 3489 2928 salubris

1946 2974 2197 3032 Noscitur
2226 2975 2412 3030 aestivo
2442 2974 2543 3027 sub
2579 2981 2840 3040 tempore,
2873 2969 3001 3039 quin
3042 2966 3342 3036 peregrinis
3364 3004 3379 3029 ,

1946 3068 2024 3122 Ex
2049 3068 2251 3124 domini
2283 3082 2434 3138 papa
2476 3078 2746 3121 consensu
2771 3059 3102 3127 consilioque

1946 3158 2274 3214 Transiitad
2298 3156 2479 3209 villam
2506 3168 2626 3223 quae
2665 3149 2878 3205 Sclavia
2917 3147 3150 3211 dicitur,
3183 3162 3236 3198 In
3277 3160 3383 3214 qua

1948 3246 2101 3318 Saepe
2129 3245 2464 3318 quiescebat,
2490 3256 2685 3309 corpus
2715 3237 3011 3294 recreando
3041 3233 3281 3290 fovebat.

1947 3343 2075 3398 Haec
2112 3339 2366 3411 quoniam
2396 3335 2489 3390 alti
2523 3341 2734 3389 constat
2762 3330 2866 3385 sita
2897 3329 3098 3382 montis
3131 3327 3183 3379 in
3214 3325 3329 3395 ipso

1948 3437 2148 3493 Sanior
2177 3433 2302 3488 inde
2333 3431 2512 3493 datur,
2542 3427 2776 3495 clivique
2814 3421 3049 3477 salubris
3098 3418 3349 3481 habetur,

1947 3529 2063 3584 Nec
2091 3523 2277 3598 procul
2305 3538 2334 3576 a
2368 3519 2537 3576 muris
2574 3504 2833 3572 Romana:
2861 3512 3075 3567 sistitur
3114 3508 3282 3561 urbis.

1948 3623 2066 3691 Quo
2093 3616 2271 3674 Patris
2302 3612 2599 3683 adjussum
2638 3607 2914 3664 remeabat
2940 3612 2993 3658 et
3022 3602 3134 3672 ipse
3165 3599 3495 3668 frequenter,

1947 3711 2187 3770 Grandia
2217 3706 2315 3764 sed
2343 3705 2556 3775 quoties
2589 3698 2856 3755 tractabat
2882 3705 2936 3749 et
2966 3694 3080 3764 ipse
3116 3699 3385 3762 patenter.

1947 3802 2121 3872 Ipsius
2152 3808 2209 3853 at
2234 3794 2431 3851 montis
2462 3790 2711 3846 homines
2740 3784 2967 3856 penuria
2998 3782 3219 3850 grandis

1948 3889 2288 3949 Coniiciebat
2316 3900 2467 3953 aqua:
2490 3882 2604 3949 jam
2630 3877 2888 3946 temporis
2922 3873 3048 3927 illud
3094 3872 3159 3924 ad
3198 3884 3387 3937 usque.

1950 3980 2103 4049 Quod
2133 3977 2269 4032 bene
2300 3971 2638 4045 perpendens
2676 3966 2836 4036 hujus
2879 3962 3122 4018 custodia
3149 3960 3319 4023 villae,

1949 4072 2174 4140 Insuper
2213 4075 2266 4123 et
2302 4065 2469 4119 vitam
2501 4068 2722 4116 sanctus
2763 4071 2926 4126 quam
2969 4053 3202 4107 duxerat
3228 4051 3356 4113 ille,

1950 4162 2018 4218 Et
2045 4139 2169 4231 quia
2202 4156 2356 4228 plura
2385 4155 2497 4210 suis
2528 4151 2781 4222 precibus
2802 4146 2915 4216 jam
2959 4143 3240 4200 commoda
3278 4139 3465 4195 multis‘

1948 4247 2279 4305 Praestiterit
2305 4245 2555 4301 Christus
2586 4241 2898 4295 morborum
2942 4236 3064 4291 tabe
3095 4233 3351 4306 gravatis,

1873 4348 1925 4407 D
1950 4338 2256 4409 Alloquitur
2276 4344 2521 4391 sanctum
2545 4374 2558 4398 ,
2594 4331 2846 4401 precibus
2874 4325 3236 4382 circumvenit
3264 4323 3463 4392 ipsum,

1954 4433 2023 4488 Ut
2051 4432 2264 4502 signare
2292 4429 2466 4483 locum
2497 4423 2642 4494 putei
2677 4422 2928 4492 dignetur
2954 4418 3173 4482 ibidem,

1951 4523 2103 4589 Quod
2137 4535 2291 4587 mage
2308 4515 2636 4572 conveniens
2662 4512 2807 4565 latici
2837 4507 3136 4564 decreverit
3159 4508 3320 4582 idem,

1954 4615 2147 4669 Dieens
2174 4610 2308 4664 velle
2334 4621 2489 4662 suum
2523 4603 2659 4668 fore,
2691 4602 2734 4656 si
2762 4601 2875 4670 jam
2916 4602 3054 4653 forte
3079 4598 3287 4653 valeret

1950 4706 2005 4761 Id
2047 4702 2186 4767 fieri,
2215 4693 2845 4771 prccibusqucjuvamen
2877 4694 3020 4747 ferre
3047 4691 3290 4759 placeret

1953 4794 2103 4861 Quod
2134 4807 2237 4846 non
2265 4796 2407 4844 esset
2433 4801 2568 4856 opus
2611 4782 2943 4840 descendere
2968 4781 3126 4836 vallis
3153 4781 3221 4835 ad
3258 4781 3425 4835 imum

1952 4884 2194 4952 Gurgitis
2242 4881 2310 4934 ad
2358 4878 2608 4951 lymphas
2663 4873 2979 4930 referendas
3026 4874 3222 4928 montis
3254 4874 3307 4927 in
3343 4872 3530 4926 altum.

1953 4974 2133 5031 Audiit
2161 4969 2449 5026 Anselmus
2469 5008 2483 5033 ,
2525 4965 2854 5034 tandemque
2883 4964 3191 5034 precatibus
3222 4964 3338 5032 ejus

1952 5065 2175 5129 Annuit,
2202 5071 2255 5117 et
2289 5061 2472 5115 laudat
2510 5058 2653 5128 quod
2686 5057 3016 5126 disposuisse
3044 5055 3239 5109 fatetur
3283 5073 3295 5107 :

1953 5155 2370 5225 Assumptisque
2402 5151 2504 5206 sibi
2532 5149 2719 5212 sociis,
2752 5148 3135 5216 monachisque
3164 5145 3391 5209 duobus,

1955 5249 2100 5303 Exiit
2128 5256 2349 5301 acturus
2386 5242 2561 5296 fuerat
2600 5239 2741 5309 quod
2769 5252 2911 5308 smpe
2944 5244 3182 5304 rogatus.

1957 5343 2061 5397 Sed
2095 5354 2246 5395 mons
2275 5336 2517 5393 sublimis
2542 5344 2658 5388 erat
2685 5335 2885 5388 arduus
2914 5340 2967 5386 et
2996 5328 3154 5383 nimis
3180 5326 3315 5397 ipse,

1956 5435 2199 5504 Desuper
2219 5440 2274 5485 et
2301 5445 2460 5499 rupes
2490 5442 2597 5499 quo
2624 5441 2778 5481 mons
2808 5432 2923 5479 erat
2954 5421 3163 5477 obsitus
3200 5420 3314 5489 ipse
3340 5436 3355 5485 ;

1958 5548 2190 5617 scripta}.
2224 5542 2360 5597 Iliuc
2386 5539 2859 5617 conjiciesjiorum
2887 5536 3047 5589 etiam
3072 5548 3323 5592 versuum
3349 5540 3539 5591 aucta-

1964 5609 2086 5674 rem'
2111 5615 2276 5671 fuisse.
2301 5609 2615 5685 praedictum
2643 5609 2991 5665 Eadmerum.
