3882 6050
351 193 457 247 125

350 306 504 363 Unde
538 305 821 362 videbatur
852 307 1118 362 dementia
1143 323 1349 362 summa
1381 310 1597 378 probari

353 397 505 463 Quod
540 397 663 467 quis
693 398 764 452 ibi
798 397 956 452 vellet
996 407 1217 468 puteum
1257 398 1442 452 saltem
1479 399 1750 454 meditari.

351 494 605 544 Altamen
639 491 885 553 antistes,
918 491 1104 560 scripti
1135 505 1239 545 non
1281 490 1565 545 immemor
1607 501 1828 546 exstans

349 583 503 647 Quod
540 583 628 652 qui
667 583 870 636 habens
897 582 1017 636 ﬁdei
1045 591 1301 650 quantum
1333 582 1402 637 sit
1449 599 1662 652 spcrma
1707 584 1931 654 sinapis,

349 675 583 744 Imperat
613 675 737 728 hinc
769 675 936 729 monti
972 673 1268 738 transferri,
1301 675 1513 743 citoque
1555 675 1822 741 movebit;

352 765 431 818 Ac
460 773 587 818 tunc
618 765 734 833 ipse
764 765 936 818 fretus
965 780 1057 834 spe
1091 765 1232 820 sicut
1273 775 1389 818 erat
1419 766 1557 820 bene
1583 775 1789 831 suetus,

350 853 687 923 inspiciendo
716 852 913 919 locum,
948 854 1242 924 perlustrat
1271 855 1516 908 strictius
1543 855 1737 924 ipsum.

355 945 508 1000 Tunc
536 961 698 1014 prece
722 947 1002 1016 przemissa
1023 988 1038 1011 ,
1075 961 1196 1016 qua:
1222 962 1436 1017 semper
1471 955 1590 1001 erat
1619 945 1720 1001 sibi
1752 960 1934 1015 prom—

1769 1044 1858 1100 ta,

1769 1044 1787 1089 l

352 1124 530 1195 Atque
555 1125 860 1194 genuﬂexo,
895 1126 1073 1181 crucis
1101 1126 1346 1180 exhibito
1369 1119 1583 1195 quoq'ue
1614 1034 1789 1196 signa,

343 1216 459 1270 -Ter
498 1214 695 1271 feriens
729 1225 926 1271 terram
955 1217 1116 1285 lapidi
1155 1232 1396 1285 saxoque
1425 1216 1810 1286 propinquam,

351 1308 520 1363 Jussit
544 1317 600 1362 ut
625 1309 890 1363 instarent
919 1309 1068 1379 Operi
1091 1317 1416 1378 puteumque
1445 1318 1718 1378 pararent.

355 1401 471 1455 Non
498 1400 820 1468 dillidcntes,
849 1403 941 1456 sed
969 1403 1020 1455 in
1047 1401 1162 1470 ipso
1187 1415 1336 1470 spem
1375 1409 1698 1464 statuentes,

355 1491 456 1557 Qui
488 1491 683 1561 populo
725 1493 996 1562 quondam
1031 1507 1126 1561 per
1153 1492 1426 1546 desertum
1457 1491 1725 1562 gradienti

355 1583 537 1638 Firma
577 1586 644 1639 de
677 1593 830 1654 petra
862 1582 1123 1654 produxit
1154 1599 1324 1654 aquas
1355 1583 1583 1638 sitienti.

357 1677 650 1746 Perpaucis
688 1677 851 1748 igitur
889 1677 1180 1732 transactis
1221 1677 1346 1732 inde
1391 1677 1600 1742 diebus,

358 1768 435 1822 Ex
467 1783 574 1838 quo
610 1781 891 1840 coeperunt
921 1771 973 1825 in
999 1771 1205 1826 vertice
1231 1770 1472 1840 scalpere
1508 1768 1730 1833 montis,

1407 195 1461 249 s.
1499 194 1800 252 ANSELMI
1838 195 2186 252 CANTUAR.
2221 174 2550 250 ARClllEPI

1952 319 1996 374 Α
2023 311 2165 366 Fons
2193 326 2223 366 e
2250 309 2474 379 vestigio
2518 294 2890 377 prorumpens
2909 304 3068 368 cetis,
3095 311 3149 358 et
3184 302 3324 356 uuda

2035 402 2270 458 Percutit
2303 409 2540 455 astantes
2570 397 2747 453 subito
2789 397 3089 464 grandique
3125 403 3367 462 stupore.

2035 493 2171 548 lliuc
2199 509 2296 563 pro
2328 491 2508 546 laatitia
2539 488 2732 544 mentis
2763 503 2885 543 cum
2916 486 3089 541 laudis
3128 486 3332 539 honore

2035 585 2307 639 Christum
2349 581 2715 651 magnilicant,
2749 586 3108 646 sanctumque
3136 576 3230 630 Dei
3270 574 3516 644 repetitis

2037 677 2269 731 Vocibus
2306 673 2626 736 acclamant,
2667 679 2777 726 tum
2811 668 2935 724 lacti
2964 683 3062 739 pro
3092 668 3332 722 novitate

2035 768 2292 832 Muneris,
2324 774 2378 820 et
2406 765 2510 819 divi
2543 772 2650 817 tam
2683 762 2819 817 mira
2849 776 2947 831 pro
2983 761 3238 816 novitate.

2035 860 2148 914 lloc
2176 868 2230 914 et
2256 857 2484 912 habetur
2520 856 2588 910 ibi
2631 868 2726 925 pro
2762 853 2924 917 miro,
2954 867 3079 906 nam
3107 859 3254 921 patet
3280 849 3426 902 omni

2035 953 2168 1009 Cum
2200 965 2354 1005 mons
2389 962 2644 1019 procerus
2670 955 2886 1002 constet
2912 942 3232 1012 modiceque
3262 949 3506 1002 cavatus,

2033 1044 2206 1100 Fonte
2237 1041 2470 1097 salubris
2505 1054 2645 1108 aqua
2675 1039 2821 1110 jugis
2843 1049 2898 1092 et
2926 1037 3006 1101 lit,
3043 1044 3098 1090 et
3128 1036 3240 1106 ipse
3267 1033 3524 1103 repletus.
3611 1102 3629 1119 .

1955 1193 1958 1196 ,
2036 1133 2169 1188 Nam
2207 1133 2557 1188 febrientibus
2584 1132 2698 1186 haec
2730 1129 2784 1186 in
2826 1139 3010 1200 potum
3035 1136 3245 1197 sumpta
3279 1125 3544 1187 medetur,

2036 1223 2260 1293 Insuper
2280 1233 2335 1278 et
2363 1223 2528 1278 variis
2560 1221 2913 1292 languoribus
2946 1229 3068 1290 apta
3105 1219 3385 1290 probatur.

2035 1316 2116 1370 Ad
2156 1315 2363 1370 Domini
2398 1315 2609 1368 laudem
2645 1314 2789 1384 quod
2825 1312 3059 1380 pertinet
3091 1310 3460 1364 indubitanter

2037 1405 2184 1460 Talia
2209 1405 2298 1473 qui
2332 1403 2524 1474 populo
2547 1403 2642 1458 dat
2680 1403 2820 1458 dona
2859 1416 2958 1457 suo
2985 1401 3330 1455 miseranter.

2038 1495 2238 1550 Praesul
2263 1504 2316 1548 et
2345 1495 2457 1564 ipse
2485 1494 2704 1563 quidem
2733 1509 2838 1548 non
2867 1507 3061 1562 expers
3098 1490 3272 1544 laudis
3295 1489 3548 1549 habetur,

2039 1583 2202 1651 Cujus
2238 1597 2423 1637 amore
2451 1583 2592 1638 Deus
2620 1597 2756 1651 opus
2785 1581 2889 1636 hoc
2925 1589 3170 1651 patrasse
3197 1578 3428 1638 videtur,

1967 1663 2011 1722 Β
2042 1673 2178 1727 llinc
2211 1673 2436 1728 Sclaviae
2470 1681 2664 1742 puteus
2700 1672 2875 1742 patria
2916 1671 3185 1726 vocitatur
3209 1671 3261 1723 iu
3294 1667 3440 1722 omni

2047 1765 2298 1820 Praesulis
2329 1763 2572 1819 Anselmi
2617 1771 2813 1832 puteus
2855 1762 2922 1817 de
2960 1761 3116 1816 laude
3148 1759 3390 1831 perenni.

3513 1847 3545 1874 κ

761 2098 2024 2218 SANCTI'ANSELMI
2133 2093 2491 2215 VITA
2603 2093 3224 2211 BREVIOR

1174 2321 1279 2382 Ea:
1313 2288 1742 2400 manuscrip‘to
1781 2317 1995 2380 codice
2023 2308 2404 2380 bibliothecae
2442 2314 2808 2376 Victoriam.

1778 2487 2174 2504 ﬁ

431 2641 715 2698 Anselmus
741 2651 808 2692 ex
836 2636 1074 2706 Augusta
1111 2633 1433 2705 Burgundite
1477 2630 1700 2688 civitate
1743 2630 1810 2684 ad
1844 2630 1935 2684 Al-

359 2735 511 2806 pium
535 2729 746 2786 radices
773 2728 946 2798 posita
977 2727 1257 2792 oriundus,
1284 2741 1348 2780 ac
1376 2725 1678 2780 illustribus
1698 2723 1939 2793 parenti-

359 2825 486 2889 bus,
514 2819 788 2878 Gundull‘o
817 2827 970 2889 patre
999 2817 1477 2888 acllermenberga
1509 2826 1682 2873 matre
1707 2832 1941 2887 progna-

361 2926 472 2979 tus,
501 2922 556 2969 et
586 2930 614 2967 a
644 2912 877 2983 pueritia
904 2910 1134 2980 ingenue
1190 2908 1590 2979 liberaliterque
1640 2909 1939 2974 institutus,

361 3011 429 3062 ad
454 3009 720 3062 Beccense
744 3003 1074 3068 cmuobium,
1113 3013 1389 3073 permotus
1437 3002 1724 3058 Lanfranci
1761 3002 1902 3057 fama
1925 3042 1942 3069 ,

361 3097 713 3166 discendique
740 3096 942 3164 studio,
981 3095 1146 3151 venit.
1180 3095 1254 3151 lbi
1285 3096 1462 3152 aetatis
1489 3111 1599 3152 sua:
1629 3110 1770 3151 anno
1799 3097 1945 3151 vice-

361 3207 499 3246 suuo
525 3189 754 3260 septimo
770 3190 1002 3260 primum
1029 3187 1627 3256 ﬁtmonachus,deinde
1642 3186 1946 3242 Lanlranco

362 3281 430 3336 ad
487 3281 879 3337 Cadomensem
934 3281 1208 3336 abbatiam
1242 3279 1528 3351 praefecto,
1583 3281 1636 3334 in
1690 3279 1946 3335 Beccensi

361 3372 604 3441 prioratu
632 3370 934 3428 successit:
976 3370 1028 3423 in
1060 3385 1166 3439 quo
1215 3370 1406 3424 ordine
1454 3367 1763 3438 quindecim
1789 3368 1946 3422 annis

363 3461 517 3516 stetit
553 3478 567 3513 :
607 3461 746 3515 Tum
775 3460 996 3515 Erluiuo
1025 3461 1276 3516 Beccensi
1306 3459 1502 3515 abbate
1551 3469 1786 3524 mortuo,
1829 3457 1944 3512 An-

361 3552 566 3605 sclmus
609 3551 780 3606 abbas
837 3560 1092 3615 creatur;
1140 3566 1301 3620 quem
1355 3550 1580 3621 gradum
1639 3549 1946 3618 quindecim

361 3642 527 3695 etiam
589 3641 747 3696 annis
789 3641 975 3712 gessit.
1022 3641 1263 3696 Tandem
1317 3639 1384 3695 ab
1443 3638 1671 3711 Hugone
1720 3639 1946 3696 Cestria:

363 3731 566 3787 comite
594 3733 836 3803 graviter
862 3741 1179 3804 aegrotante,
1213 3731 1531 3788 celebritate
1575 3734 1657 3788 sui
1713 3733 1948 3789 nominis

369 3820 703 3894 pervulgata,
735 3822 786 3876 iu
809 3823 1060 3890 Angliam
1093 3823 1390 3879 accersitus
1415 3824 1584 3892 venit,
1610 3833 1670 3879 ut
1691 3826 1940 3894 qumdam

363 3914 510 3971 illius
527 3915 744 3971 comitis
760 3915 972 3988 negotia
987 3926 1324 3987 procuraret,
1341 3925 1395 3972 et
1419 3917 1724 3974 Cestrensis
1754 3933 1947 3976 mona-

363 4007 516 4063 sterii
547 4017 770 4074 coetum,
796 4008 1029 4064 exclusis
1065 4011 1460 4076 sacerdotibus,
1491 4011 1773 4064 monachis
1795 4025 1946 4064 eom-

363 4100 557 4169 pleret.
611 4101 690 4157 De
738 4116 846 4171 quo
876 4117 998 4156 cum
1032 4101 1351 4158 Guillelmus
1380 4102 1552 4158 Rufus
1606 4103 1944 4172 accepisset,

361 4209 487 4248 eum
551 4194 996 4248 Cantuariensem
1083 4193 1550 4265 archicpiscopmn
1624 4196 1943 4250 nominavit.

360 4283 569 4338 Omnes
595 4283 738 4337 enim
797 4283 1296 4354 archiepiscOpatus
1319 4294 1612 4356 proventus
1663 4297 1772 4343 toto
1812 4302 1949 4357 qua:-

2048 2642 2153 2698 que
2207 2625 2401 2682 divinis
2455 2624 2656 2698 dedito,
2706 2619 2930 2694 perferri
2959 2638 3024 2679 ac
3069 2625 3358 2680 sustentari
3410 2633 3614 2694 posset.

2049 2716 2154 2773 Sed
2177 2732 2299 2772 eum
2331 2730 2506 2786 neque
2528 2697 2911 2770 hac'suasione
2953 2714 3243 2782 quidquam
3285 2714 3629 2784 prolecisset,

2047 2823 2252 2878 proque
2278 2816 2428 2862 certo
2454 2805 2810 2875 comperisset
2837 2819 3092 2874 proceres
3117 2803 3484 2874 populumque
3511 2803 3630 2856 Au-

2048 2901 2168 2972 glia:
2197 2900 2453 2955 adversos
2481 2906 2575 2953 aut
2629 2898 2807 2952 minus
2832 2897 2968 2953 {idos
2987 2896 3112 2963 sibi,
3140 2897 3393 2952 Auselmo
3445 2897 3634 2951 favere

2048 3003 2280 3060 eumque
2307 2989 2374 3044 ad
2408 2987 2799 3058 archiepiscopi
2831 3001 3024 3042 munus
3049 2987 3160 3056 jam
3192 2987 3434 3042 oblatum
3462 2985 3626 3056 ﬂagi-

2049 3093 2196 3149 tare,
2243 3090 2430 3151 aperte
2468 3080 2842 3137 contradicere
2866 3079 3057 3134 noluit.
3095 3078 3475 3134 Verumtamen
3529 3092 3631 3133 ex-

2048 3174 2192 3246 cepit
2236 3172 2633 3244 possessionem
2676 3186 2860 3226 rerum
2915 3169 3446 3236 ecclesiasticarum,
3486 3183 3628 3238 quas

2049 3266 2140 3322 illo
2164 3265 2462 3322 vacationis
2493 3263 2852 3334 quadriennio
2884 3262 3111 3328 fecerat,
3138 3259 3458 3316 ut-Anselmi
3489 3273 3628 3329 quo-

2048 3374 2153 3429 que
2197 3357 2519 3412 auctoritate
2565 3363 2620 3412 et
2657 3353 2926 3410 sententia
2958 3362 3090 3408 rata:
3123 3361 3328 3407 essent.
3384 3351 3467 3405 Ad
3509 3365 3634 3420 qua:

2046 3449 2336 3506 Anselmus
2357 3448 2496 3502 dixit
2525 3446 2599 3501 illi
2631 3444 2772 3500 nolle
2803 3459 2862 3500 se
2884 3445 3140 3500 Ecclesiae
3166 3457 3365 3498 nocere
3394 3441 3630 3511 inquam

2047 3540 2204 3596 ollicii
2232 3539 2365 3594 nihil
2391 3522 2726 3592 contulisset.
2749 3535 2936 3606 Itaque
2965 3535 3240 3590 abbatiam
3269 3533 3626 3597 Beccensem,

2047 3633 2266 3688 obtenta
2323 3629 2773 3697 Rothomagensis
2820 3629 3057 3698 episcopi
3092 3628 3309 3682 licentia
3333 3626 3408 3697 (in
3459 3623 3620 3692 cujus

2049 3720 2269 3776 dioecesi
2304 3719 2426 3790 fuit)
2457 3719 2745 3782 deserens,
2791 3717 3232 3788 archiepiscopus
3259 3714 3623 3770 Cantuarieu-

2048 3795 2194 3868 sis‘a
2241 3811 2579 3867 Walchelioo
2627 3808 2990 3865 Wiutoniensi
3039 3818 3150 3863 tum
3197 3808 3449 3878 episcopo
3499 3821 3635 3860 con-

2053 3905 2303 3959 ﬁrmatur
2335 3943 2349 3967 ,
2390 3902 2818 3972 ﬁdelitatemque
2856 3899 2997 3955 Rufo
3030 3899 3140 3972 regi
3191 3899 3257 3954 de
3295 3912 3444 3953 more
3479 3896 3629 3953 fecit.

2119 4098 2252 4153 Tum
2277 4115 2405 4154 vero
2425 4100 2474 4154 in
2502 4115 2565 4154 ea
2603 4100 2730 4156 sede
2757 4098 2967 4155 locatus
2992 4107 3046 4154 et
3077 4098 3425 4162 constitutus,
3455 4095 3626 4167 erepit

2050 4205 2229 4261 regem
2257 4189 2478 4244 liberius
2505 4199 2668 4260 atque
2681 4189 2924 4246 severius
2949 4190 3016 4245 de
3045 4198 3154 4244 tam
3177 4184 3486 4257 inexplebili
3533 4201 3631 4242 cu-

2049 4281 2271 4351 piditate
2297 4290 2352 4335 et
2377 4281 2564 4350 rapina
2579 4282 2838 4336 bonorqu
2863 4279 3351 4336 ecclesiasticarum
3369 4277 3631 4332 admone-

364 4371 613 4428 driennio
644 4389 739 4427 rex
769 4381 1107 4443 perceperat,
1137 4373 1510 4445 plurimasque
1539 4375 1811 4433 Ecclesias
1851 4393 1948 4433 ve-
1982 4401 2026 4456 ο
2052 4388 2132 4440 re,
2159 4389 2265 4444 qua
2306 4374 2440 4428 nihil
2463 4374 2634 4444 possit
2655 4388 2776 4428 esse
2798 4373 3000 4429 certius
3023 4373 3168 4443 quod
3212 4379 3289 4426 Iot
3317 4368 3633 4426 cmmeteria

366 4463 518 4520 nales
568 4465 864 4530 habuerat,
893 4474 948 4520 et
979 4465 1198 4534 triginta
1240 4467 1554 4522 cmmeteria
1601 4468 1654 4522 in
1708 4468 1943 4524 ferarum

366 4567 566 4621 pascua
599 4555 903 4624 redegerat,
931 4565 985 4608 et
1012 4555 1366 4612 ecclesiarum
1396 4558 1703 4615 vacantium
1740 4559 1949 4616 fructus

364 4641 469 4696 sibi
494 4653 885 4699 reservaverat.
918 4644 1083 4715 Cujus
1119 4645 1252 4700 lucri
1281 4648 1638 4717 suavitatem,
1698 4665 1820 4705 cum
1863 4650 1950 4706 vel

364 4750 590 4807 prorsus
629 4737 1005 4802 amittendam,
1041 4737 1127 4794 vel
1157 4740 1313 4794 valde
1361 4741 1708 4798 minuendam
1757 4759 1822 4797 ex
1861 4758 1950 4797 ar-

365 4824 800 4896 chiepiscopatus
829 4829 1176 4884 concessione
1204 4843 1476 4898 senserat,
1503 4833 1756 4902 pmnituit
1795 4831 1948 4887 illum

366 4920 508 4975 illico
535 4918 696 4989 hujus
725 4929 832 4974 tam
864 4932 1123 4992 prompta:
1145 4931 1201 4977 et
1225 4939 1504 4992 propensa:
1542 4926 1596 4978 in
1631 4925 1944 4980 Anselmum

365 5012 758 5069 beneﬁcentiae.
787 5012 972 5084 lzaque
1020 5022 1077 5068 ut
1099 5014 1215 5084 ejus
1263 5014 1502 5069 animum
1550 5029 1580 5068 a
1610 5017 1949 5086 suscipiendo

371 5107 554 5164 oblato
583 5170 589 5176 _
617 5107 1084 5177 archiepiscopatu
1131 5115 1421 5172 averteret,
1461 5105 1715 5161 simulate
1770 5109 1944 5177 primo

365 5199 636 5268 exposuit,
665 5197 767 5253 etsi
795 5211 979 5250 amore
1026 5205 1082 5251 et
1114 5197 1320 5251 meritis
1350 5197 1465 5266 ejus
1494 5196 1685 5252 ductus
1711 5196 1947 5252 Cantua-

371 5291 602 5345 ri'ensem
659 5290 1182 5360 archiepiscopatum
1238 5290 1596 5358 contulisset,
1657 5300 1834 5346 tamen
1887 5308 1948 5348 se

365 5377 478 5450 jam
510 5392 736 5434 cernere
762 5379 1082 5451 gravitatem
1105 5387 1160 5434 ct
1186 5379 1608 5449 magnitudinem
1659 5381 1949 5451 provinciae

369 5468 779 5526 Cantuariensis
820 5471 1078 5540 majorem
1109 5486 1229 5528 esse
1284 5485 1588 5542 quamqua:
1610 5473 1678 5528 ab
1730 5473 1949 5529 homine

371 5561 691 5620 monasticis
718 5563 1178 5636 occupationibus,
1213 5563 1423 5637 vigiliis,
1458 5563 1948 5622 lucubrationibus-

2053 4465 2182 4520 feris
2204 4465 2337 4536 ipsis
2351 4466 2420 4521 ob
2447 4466 2656 4521 ruinam
2677 4464 3032 4520 ecclesiarum
3047 4476 3369 4532 compascua
3394 4459 3631 4515 fecisset.

2055 4556 2160 4613 Sed
2188 4573 2313 4614 cum
2336 4559 2450 4614 suis
2491 4557 2742 4627 precibus
2771 4566 2826 4612 et
2875 4555 3363 4620 exhortationibus,
3388 4553 3455 4608 de
3483 4551 3631 4622 regis

2053 4649 2236 4705 animo
2291 4663 2442 4719 spem
2486 4648 2688 4702 nullam
2754 4646 3041 4717 concipere
3089 4645 3371 4717 potuisset,
3419 4641 3634 4696 veniam

2053 4741 2204 4811 petiit
2240 4740 2464 4794 Romam
2493 4740 2654 4796 eundi
2678 4753 2776 4808 pro
2800 4739 3090 4795 obtinendo
3128 4739 3197 4793 ah
3232 4736 3452 4793 Urbano
3495 4749 3636 4804 papa

2057 4832 2237 4901 pallio.
2270 4831 2386 4898 Qua
2414 4831 2528 4886 sive
2554 4830 2832 4902 petitione,
2861 4830 2974 4886 sive
2993 4829 3361 4885 nominatione
3387 4825 3638 4880 turbatus

2051 4935 2107 4978 8|.
2136 4939 2398 4979 accensus
2428 4923 2779 4977 vehementer
2812 4937 2909 4978 rex
2942 4920 3178 4976 asseruit
3205 4931 3260 4974 et
3283 4917 3485 4974 acriter
3506 4931 3639 4970 0011-

2052 5017 2222 5072 tendit
2246 5017 2349 5071 hoc
2369 5014 2682 5070 Anselmum
2715 5024 2904 5070 contra
2936 5030 3046 5070 suae
3074 5013 3350 5069 ﬁdelitatis
3393 5009 3635 5082 promis-

2049 5125 2123 5164 sa:
2147 5109 2320 5164 ionius
2346 5107 2563 5174 fecisse;
2600 5106 2928 5179 fuisseoenim
2952 5123 2982 5162 a
3009 5116 3164 5178 patre
3193 5121 3292 5162 suo
3335 5106 3618 5161 decretum

2051 5217 2119 5257 ne
2141 5201 2448 5271 quisquam,
2479 5200 2570 5269 qui
2604 5214 2631 5254 a
2664 5215 2788 5271 rege
2827 5207 3168 5271 nuncupatus
3193 5214 3303 5254 non
3353 5205 3520 5263 esset,
3578 5194 3633 5248 in

2055 5292 2260 5360 Anglia:
2283 5306 2447 5362 regno
2478 5307 2626 5361 papa:
2659 5292 2875 5348 nomine
2905 5300 3246 5353 censeretur,
3274 5299 3329 5345 et
3355 5288 3445 5358 qui
3474 5301 3636 5342 secus

2057 5381 2278 5437 fecisset
2311 5381 2451 5438 laesae
2480 5382 2779 5453 majestatis
2833 5397 2984 5438 reum
3033 5381 3282 5452 regisque
3327 5378 3634 5444 inimicum,

2055 5473 2198 5544 quod
2252 5473 2403 5544 regni
2457 5473 2906 5530 consuetudinem
2959 5471 3187 5527 violaret
3253 5467 3634 5540 iudicandum.

2055 5562 2224 5636 llujus
2247 5578 2374 5620 vero
2387 5563 2461 5620 rei
2490 5563 2771 5620 veritatem
2796 5562 3091 5618 Eadmcrus
3116 5560 3200 5618 his
3225 5559 3404 5616 verbis
3418 5557 3632 5614 descri-
