3882 6050
420 180 521 239 ω

1483 185 1541 241 S.
1581 183 1880 242 ANSELMI
1917 181 2263 241 CANTUAR.
2306 184 2624 243 ARCHIEP.

3570 190 3675 249 {28

417 302 557 358 bene
584 298 1000 368 hnmaniterque
1029 299 1327 364 tractando,
1362 298 1529 354 misso
1558 299 1853 370 diplomate
1882 314 1988 369 quo
2022 301 2073 361 Α
2097 298 2351 354 Ecclesiis
2375 298 2711 363 vacantibus,
2742 312 2833 353 rex
2858 298 3119 354 arbitratu
3151 313 3248 355 suo
3294 299 3439 358 viros
3492 310 3671 360 cccle-

417 389 555 460 petit
579 396 639 442 ut
662 385 950 443 Anselmus
980 403 1043 442 ac
1069 388 1150 442 sui
1177 396 1285 442 tam
1311 387 1466 443 liberi
1487 403 1607 444 esse
1644 389 1872 460 possint,
1932 403 1997 444 ac

418 479 759 536 Lanfrancns
787 493 910 532 cum
967 479 1077 534 suis
1106 477 1289 544 fuerit,
1322 486 1381 533 ut
1414 494 1445 534 e
1474 480 1825 535 concessione
1850 478 1999 535 Guil-

419 567 566 624 lelmi
591 564 998 636 Conquaestoris
1025 567 1252 638 intelligi
1275 577 1472 639 potest.
1505 570 1571 623 Et
1595 579 1655 623 ut
1702 569 1997 640 perSpicia-

420 673 543 715 mus
593 672 756 728 quam
793 659 955 713 fuerit
979 658 1066 713 illa
1106 668 1236 715 aetas
1260 668 1444 729 aperta
1476 670 1530 716 et
1552 660 1802 732 simplex,
1834 661 1996 715 mini-

418 763 616 822 meque
644 749 851 820 prolixa
884 759 938 804 et
964 751 1178 807 curiosa
1209 753 1409 817 verbis,
1459 768 1565 810 non
1622 755 1727 808 erit
1756 754 1996 808 alienum

418 843 595 913 ipsum
624 841 891 912 diploma,
922 842 1112 897 Latine
1146 843 1477 914 Angliceque
1520 847 1782 915 scriptum
1804 847 1999 901 verba-

417 932 516 987 tim
551 933 810 988 inserere.
836 933 989 1000 Quod
1038 942 1212 989 totum
1267 936 1319 988 in
1350 944 1578 1006 utraque
1624 936 1807 1007 lingua
1848 953 1998 993 com-

418 1024 775 1093 prehensum,
801 1038 871 1077 ne
900 1024 1091 1093 palma:
1114 1024 1453 1080 latitudinem
1478 1027 1713 1097 attingit.
1746 1028 1997 1097 Magnum

416 1119 599 1169 autem
623 1112 763 1183 regis
788 1113 1043 1183 sigillum,
1071 1117 1213 1185 quod
1241 1131 1384 1171 nunc
1407 1116 1460 1171 in
1494 1116 1600 1172 fine
1644 1118 1995 1187 diplomatum

420 1203 645 1273 appendi
686 1202 912 1270 solet,in
944 1206 1046 1259 hoc
1069 1206 1295 1275 antiquo
1312 1206 1603 1276 diplomate
1624 1209 1693 1264 ad
1722 1211 1996 1265 modicam

418 1294 755 1349 membranis
787 1304 1000 1365 partem
1029 1296 1287 1365 paulatim
1324 1307 1607 1354 extensam
1656 1308 1713 1354 et
1755 1301 1995 1356 excisam

419 1397 487 1438 ex
519 1383 826 1454 diplomatis
884 1386 1104 1442 sinistro
1135 1387 1307 1443 latere
1356 1391 1614 1446 adhrcret.
1654 1391 1839 1463 Sigilla
1868 1408 1999 1449 vero

420 1478 721 1548 antiquitus
748 1480 1134 1550 diplomatibus
1146 1484 1260 1538 suis
1278 1499 1432 1555 reges
1457 1500 1565 1539 non
1596 1485 1994 1555 appendebant;

422 1570 565 1638 quod
588 1578 769 1625 tamen
797 1573 866 1627 ab
886 1572 1136 1629 Eduardo
1160 1590 1344 1647 regum
1385 1576 1592 1648 Angliaa
1619 1579 1793 1647 primo
1842 1578 1997 1633 indu-

420 1667 568 1713 ctum
597 1658 730 1724 fuit,
759 1662 850 1731 qui
874 1663 1078 1718 chartis
1105 1643 1314 1720 suisvad
1348 1643 1596 1722 veritatis
1620 1643 2000 1723 testimonium
2033 1643 2076 1697 Β

418 1761 600 1802 ceram
624 1749 940 1818 impressam
967 1753 1328 1823 appendebat.

877 1877 1123 1950 Diploma
1157 1878 1377 1935 Henrict'
1416 1882 1571 1952 regis.

499 2030 520 2066 ι
559 2012 843 2081 Henricus,
875 2030 974 2071 rex
1014 2016 1331 2088 Anglorum,
1374 2018 1606 2089 liugode
1630 2018 1923 2087 Boclaude,
1947 2028 2002 2076 et

422 2100 510 2156 W.
542 2104 863 2174 Baignardo,
894 2113 950 2160 et
977 2107 1228 2162 omnibus
1252 2108 1518 2163 ministris
1540 2109 1680 2165 meis
1712 2110 2003 2166 Londoniae

423 2195 482 2247 S.
508 2193 768 2264 Praecipio
790 2203 847 2249 et
870 2195 990 2251 volo
1013 2206 1073 2251 ut
1102 2212 1293 2253 omnes
1324 2199 1570 2255 homines
1597 2199 1838 2259 Anselmi
1861 2202 2002 2257 Can-

422 2286 713 2341 tnariensis
741 2288 1155 2360 archiepiscopi,
1174 2304 1312 2361 quos
1352 2292 1407 2346 in
1435 2293 1709 2349 Lundonia
1733 2294 1914 2359 habet,
1948 2306 2003 2351 et

420 2391 612 2432 omnes
640 2379 724 2434 sui
754 2378 808 2434 in
834 2379 923 2435 illa
949 2381 1073 2436 villa
1095 2392 1285 2439 euntes
1299 2392 1354 2439 et
1377 2385 1683 2449 redeuntes,
1729 2386 1803 2440 ita
1834 2389 2003 2455 quieti

421 2470 490 2523 de
515 2471 768 2525 omnibus
781 2473 1263 2530 consuetudinibus
1286 2476 1416 2542 sint,
1442 2476 1585 2531 sicut
1608 2492 1845 2547 unquam
1862 2478 2004 2532 Lan-

423 2559 646 2617 francus
680 2563 1119 2635 archiepiscopus
1145 2581 1272 2622 suos
1307 2568 1360 2621 in
1387 2582 1449 2621 ea
1476 2567 1668 2624 melius
1696 2571 2003 2640 etquietius

421 2650 613 2706 habuit
640 2660 882 2721 tempore
935 2654 1107 2725 patris
1161 2655 1290 2722 mei,
1321 2665 1379 2711 et
1410 2657 1588 2713 videte
1616 2673 1684 2714 ne
1706 2660 1787 2716 eis
1837 2660 2001 2716 ullam

423 2743 679 2812 injuriam
719 2744 952 2803 faciatis.
981 2748 1145 2804 Teste
1159 2748 1297 2819 llug.
1325 2752 1528 2807 comite
1551 2752 1617 2808 de
1647 2752 1835 2808 Cestra
1862 2756 2001 2824 apud

422 2830 840 2891 Westmonster.
874 2854 895 2889 ο

493 2921 781 2979 Anselmus
812 2939 940 2981 vero
998 2926 1422 2986 ecclesiasticam
1464 2936 1624 2987 suam
1657 2935 1997 3002 procuratio-

421 3027 546 3068 nem
574 3014 864 3085 dlligenter
889 3032 1170 3088 exercens,
1208 3023 1369 3078 tctius
1404 3023 1537 3078 cieri
1568 3024 1830 3095 synodum
1860 3024 2001 3080 Lon-

421 3102 538 3159 dini
589 3107 928 3161 convocavit.
980 3109 1034 3163 In
1054 3123 1160 3180 qua
1227 3111 1492 3181 plurimos
1515 3114 1584 3170 ab
1614 3114 2000 3171 ecclesiasticis

421 3194 788 3293 dignitatibus,
827 3197 1262 3293 obSirqoniacas
1285 3204 1565 3273 pactiones
1617 3206 1829 3277 aliaque
1855 3206 2001 3277 ﬂagi-

422 3284 498 3338 tia
562 3286 758 3356 dejecit
790 3328 804 3352 ,
868 3284 1169 3347 Guiddnem
1239 3294 1489 3352 abbatem
1561 3298 1998 3355 Wimondensem

382 3426 393 3439 κ
423 3372 838 3446 Eldwinumque
881 3378 1235 3439 Ramsensem
1268 3383 1629 3454 Simoniacos,
1679 3388 1998 3445 Galfricium

422 3463 919 3539 Pctriburgensem,
961 3472 1293 3543 Haymonem
1335 3476 1759 3547 Cervellensem,
1784 3492 1841 3536 et
1890 3482 1997 3540 Ro-

421 3556 636 3611 bcrtum
667 3557 855 3615 Sancti
891 3561 1179 3629 Edmundi,
1221 3566 1291 3621 ob
1319 3570 1497 3625 varios
1527 3570 1770 3627 defectus
1809 3581 1864 3629 et
1897 3589 1997 3629 ex-

420 3660 628 3703 cessus.
656 3649 1017 3721 Synodusista
1038 3655 1395 3715 Londinensis
1421 3665 1610 3733 synodi
1638 3666 1999 3736 appellatione

420 3737 588 3792 etiam
616 3740 776 3811 vulgo
823 3741 1121 3812 ferebatur,
1166 3749 1321 3818 cujus
1365 3755 1785 3814 constitutiones
1813 3760 1995 3814 statim

422 3838 619 3923 spretae
672 3842 836 3903 atque
874 3845 1196 3907 contemptae
1237 3838 1503 3923 ΐιιεξιηηιιἸ
1543 3846 1678 3901 Nam
1735 3849 1999 3908 Girardus

417 3918 780 3980 Eboracensis
807 3926 1269 4001 archiepiscopus,
1297 3949 1420 3989 cum
1466 3918 1586 3994 illos
1617 3955 1859 3998 canones
1886 3945 1999 3998 edi-

416 4010 588 4067 xisset
607 4017 923 4081 servandos,
952 4029 1096 4077 totus
1123 4022 1265 4079 illius
1305 4028 1602 4093 provinciae
1647 4031 1827 4086 clerus
1852 4049 2003 4089 recu-

415 4102 577 4157 savit.
608 4103 763 4161 Unde
791 4107 1050 4166 Anselmo
1098 4117 1319 4185 scripsit
1375 4134 1389 4171 :
1444 4136 1463 4168 σ
1500 4117 1640 4173 Sitio
1675 4120 1997 4178 clericorum

415 4206 660 4248 meorum
687 4196 1086 4269 integritatem;
1118 4205 1212 4258 sed
1251 4215 1445 4275 praeter
1487 4209 1543 4263 in
1572 4211 1760 4278 paucis
1807 4212 1996 4268 admo-

2099 390 2342 444 siasticos
2387 389 2699 459 prmposuit,
2743 403 3038 460 earumque
3083 392 3477 458 possessionem
3504 437 3518 461 ,
3577 412 3677 466 per

2100 480 2490 546 invcstituram,
2524 489 2580 535 et
2608 480 2781 535 baculi
2810 481 3096 550 pastoralis
3119 490 3173 535 et
3203 483 3384 536 annuli
3428 485 3676 541 donatio«

2099 589 2222 628 nem
2280 574 2519 628 tradidit.
2577 573 2726 641 Quod
2758 572 2976 643 quidem
3027 574 3346 631 investiendi
3375 592 3437 631 ac
3468 577 3520 630 in
3554 593 3681 647 pos-

2100 665 2391 720 sessionem
2422 664 2708 719 inducendi
2732 663 2839 733 jus,
2868 663 3166 719 Christiani
3210 666 3485 735 principes
3546 677 3678 722 tunc

2101 755 2358 825 temporis
2385 754 2485 809 sibi
2512 754 2875 808 vindicarunt.
2904 753 2982 807 Ex
3003 754 3088 809 his
3113 755 3279 824 igitur
3302 756 3392 825 qui
3440 758 3680 810 auctori-

2103 853 2212 899 tate
2236 845 2384 915 regia
2404 845 2808 916 episcOpatibus
2835 854 2890 899 et
2915 844 3173 900 Ecclesiis
3202 846 3407 901 inducti
3434 845 3677 911 fuerunt,

2097 934 2252 1003 petiit
2291 948 2383 988 rex
2415 943 2473 987 ut
2525 934 2615 1003 qui
2666 933 2866 988 sacrati
2915 949 3020 990 non
3049 944 3251 998 essent,
3302 936 3373 989 ab
3418 935 3676 991 Anselmo

2100 1035 2579 1091 consecrarentur;
2603 1025 2695 1095 qui
2719 1040 2847 1079 vero
2879 1026 3108 1081 absente
3137 1042 3203 1081 eo
3227 1027 3296 1081 ab
3319 1026 3440 1080 aliis
3465 1027 3680 1096 episco-

2099 1117 2184 1188 pis
2203 1118 2506 1173 consecrati
2535 1126 2739 1181 essent,
2790 1116 2844 1171 in
2890 1118 3223 1172 consortium
3252 1128 3308 1172 et
3331 1121 3679 1175 consuetudi-

2100 1224 2223 1262 nem
2250 1223 2403 1262 suam
2446 1216 2503 1262 et
2547 1208 2924 1278 episcoporum
2967 1215 3167 1262 coetum
3201 1209 3562 1277 permitteret.
3620 1210 3680 1265 la

2100 1308 2336 1368 utroque
2380 1298 2577 1353 horum
2624 1296 2918 1353 Anselmus
2963 1298 3077 1368 regi
3107 1299 3348 1364 resistit,
3385 1309 3496 1353 tum
3535 1300 3681 1370 quod

2101 1389 2284 1445 caeteri
2313 1388 2437 1442 laici
2461 1387 2604 1458 regis
2628 1387 2895 1457 exemplo,
2924 1389 3498 1459 auctoritatcprivata,
3560 1406 3685 1460 pre-

2102 1481 2367 1552 sbyteros
2396 1480 2512 1535 sine
2558 1480 2796 1550 legitima
2841 1480 3217 1550 episcoporum
3268 1481 3683 1552 approbatione,

2102 1570 2421 1626 sacerdotiis
2456 1569 2794 1639 praeﬁcerem
2823 1586 2838 1626 :
2884 1579 2996 1624 tum
3029 1572 3171 1641 quod
3202 1571 3450 1627 Urbanus
3480 1572 3682 1628 Roma-

2105 1676 2207 1715 nus
2231 1660 2473 1730 pontifex
2498 1661 2765 1726 superiori
2791 1661 3024 1716 concilio
3049 1663 3331 1716 statuisset
3368 1678 3435 1717 ne
3468 1664 3592 1732 quis
3615 1666 3683 1719 de

2105 1767 2265 1807 manu
2292 1752 2436 1822 regis
2469 1760 2564 1805 aut
2592 1751 2715 1808 laici
2743 1752 3001 1808 Ecclesia:
3026 1751 3256 1821 alicujus
3304 1753 3682 1809 investitnram

2103 1844 2393 1913 acciperet,
2437 1852 2531 1899 aut
2572 1844 2697 1902 laici
2748 1845 3070 1900 auctoritate
3123 1853 3445 1915 potestatem
3487 1863 3685 1918 apprc-

2106 1935 2390 1990 henderet.

2174 2028 2245 2081 At
2270 2043 2362 2082 rex
2392 2028 2654 2098 regnique
2682 2042 2955 2098 proceres,
2976 2029 3237 2099 episcopi,
3276 2036 3333 2084 et
3382 2027 3674 2099 cujuscuno

2104 2133 2210 2189 que
2235 2120 2449 2187 generis
2475 2119 2656 2183 aulici,
2691 2120 2795 2175 hoc
2817 2130 3015 2190 praeter
3045 2121 3197 2190 regni
3232 2123 3683 2177 consuetudinem

2105 2213 2172 2266 ab
2187 2211 2451 2266 Ansclmo
2466 2211 2766 2266 factitatum
2796 2211 3014 2281 indigne
3045 2211 3298 2277 ferentes,
3342 2215 3685 2269 asserebant

2104 2316 2423 2356 assensuros
2449 2314 2571 2357 sese
2597 2316 2870 2370 nunquam
2897 2309 3005 2354 tam
3036 2301 3223 2368 iniquo
3250 2315 3401 2377 papa:
3438 2304 3682 2368 decreto,

2104 2402 2160 2449 et
2176 2393 2355 2463 potius
2388 2401 2496 2447 tam
2520 2393 2835 2447 Anselmum
2866 2407 3030 2461 regno
3054 2394 3535 2458 exterminaturos,
3550 2396 3686 2450 etab

2103 2483 2346 2539 Ecclesia
2382 2482 2624 2537 Romana
2672 2482 2886 2552 penitus
2933 2483 3270 2538 discessuros
3315 2497 3476 2551 quam
3529 2484 3673 2537 hanc

2104 2589 2255 2646 papae
2276 2574 2625 2641 sententiam,
2639 2588 2667 2626 a
2690 2572 2813 2642 jure
2838 2573 2990 2643 regio
3008 2573 3265 2644 regnique
3293 2575 3687 2629 consuetudine

2105 2681 2328 2736 prorsus
2350 2666 2604 2729 alienam,
2638 2674 2811 2719 ratam
2836 2663 3117 2719 haberent.
3171 2664 3341 2731 Quem
3393 2680 3682 2733 procerum

2104 2764 2159 2810 et
2185 2757 2573 2826 episcoporum
2596 2769 2779 2811 secum
2795 2756 3197 2826 conspirantem
3215 2767 3269 2812 et
3293 2765 3683 2827 congruentem

2104 2862 2323 2903 sensum
2354 2862 2476 2902 cum
2505 2846 2991 2902 animadvertisset
3020 2861 3113 2899 rex
3136 2886 3150 2912 ,
3184 2844 3416 2901 Girardo
3470 2847 3683 2900 Ebora-

2105 2937 2249 2994 censi
2282 2938 2695 3007 archiepiscopo
2747 2937 2920 2993 suasit
2957 2944 3022 2991 er
3054 2937 3331 2991 mandavit
3353 2945 3412 2991 ut
3438 2937 3550 3007 ipse
3582 2938 3687 2991 hoc

2103 3029 2546 3086 consecrationis
2573 3044 2772 3083 munus
2819 3028 3122 3095 susciperet
3158 3035 3214 3082 et
3233 3028 3559 3083 absolveret.
3591 3026 3687 3081 Ci-

2099 3123 2297 3177 rardus
2328 3121 2432 3175 hoc
2455 3119 2642 3175 oneris
2667 3120 2719 3174 in
2741 3133 2800 3174 se
2827 3117 3143 3187 assumpsit,
3171 3117 3421 3186 diemque
3458 3118 3524 3170 ad
3552 3132 3689 3171 con-

2101 3213 2422 3268 secrationis
2451 3212 2613 3279 hujus
2637 3211 3056 3267 celebrationem
3099 3210 3330 3265 Londini
3379 3210 3431 3263 in
3456 3210 3683 3265 Paulina

2100 3301 2330 3358 ecclesia
2352 3301 2704 3371 praescripsit.
2737 3301 2856 3368 Quo
2891 3316 3017 3355 cum
3067 3300 3259 3368 plures
3298 3299 3689 3355 convenissent

2100 3390 2438 3455 Guillelmus,
2464 3390 2861 3445 Wintoniensis
2914 3391 3200 3459 episcopus
3223 3397 3353 3443 tunc
3365 3388 3685 3456 sacrandus,

2100 3483 2355 3538 baculum
2366 3480 2637 3552 pastorale
2663 3490 2718 3535 et
2735 3480 3019 3543 annulum,
3037 3493 3158 3548 quae
3171 3493 3201 3532 a
3219 3479 3684 3549 regeaccepisset,

2100 3576 2294 3629 iterum
2335 3573 2449 3644 regi
2473 3562 2728 3638 tradidit;
2761 3572 3002 3641 dixitque
3019 3586 3141 3642 quae
3187 3570 3386 3639 injuste
3439 3570 3687 3640 accepis-

2100 3673 2201 3732 set,
2233 3663 2465 3736 amplius
2489 3678 2549 3719 se
2577 3677 2684 3717 non
2709 3676 2867 3733 posse
2895 3662 3155 3717 retinere.
3185 3659 3357 3730 Cujus
3386 3659 3518 3713 facti
3568 3674 3672 3714 no~

2099 3759 2292 3822 vitate,
2324 3757 2468 3827 quod
2528 3764 2726 3825 praeter
2752 3754 2996 3809 omnium
3041 3752 3507 3823 exspectationem
3562 3760 3674 3806 tam

2058 3854 2065 3863 '
2101 3849 2281 3903 subito
2302 3856 2357 3904 et
2387 3847 2672 3919 inopinato
2694 3844 2925 3909 accidit,
2955 3843 3236 3912 perculsus
3267 3855 3363 3895 rex
3401 3837 3685 3895 Guillelmi

2100 3942 2242 3995 bona
2281 3939 2626 4009 proscripsit,
2657 3949 2891 4005 eumque
2916 3950 3082 4005 regno
3105 3932 3286 4003 ejecit.
3316 3933 3513 3989 Postea
3538 3930 3686 3985 mul-

2103 4031 2173 4085 tis
2202 4032 2256 4084 in
2286 4038 2574 4094 utramque
2607 4037 2818 4098 partem
2849 4026 2990 4081 sicut
3019 4026 3072 4079 in
3103 4025 3255 4080 omni
3295 4022 3530 4080 dissidio
3557 4021 3682 4077 fieri

2101 4121 2254 4181 solet,
2284 4118 2531 4172 hucilluc
2558 4115 2955 4171 inclinantibus
2977 4115 3045 4170 ad
3069 4123 3278 4168 tantam
3318 4114 3674 4175 discordiam,

2099 4226 2220 4280 qua:
2253 4210 2362 4280 regi
2394 4207 2631 4264 recentis
2660 4208 2815 4278 regni
2845 4207 3072 4261 victoris
3102 4206 3214 4260 tilio
3250 4204 3564 4276 periculosa
3597 4204 3678 4257 fo-

416 4283 658 4380 guutvel
686 4290 893 4380 aspidis
942 4294 1400 4361 surditatem,vel
1438 4299 1666 4357 fabulosi
1716 4304 1996 4373 cujusdam
2027 4308 2184 4380 Dret
2204 4299 2520 4362 sedandam,
2577 4307 2905 4353 conventum
2962 4303 3129 4352 estut
3171 4295 3239 4349 ad
3291 4293 3682 4350 sciscitandum

418 4370 637 4464 Prothei
695 4379 1106 4438 mutabilitatem
1152 4386 1389 4442 invenio.
1448 4390 1629 4445 Variis
1687 4370 1995 4464 linguarum

2101 4404 2254 4461 papae
2281 4388 2583 4453 oraculum,
2624 4387 2915 4444 Anselmus
2949 4385 3334 4443 etGuillelmus
3366 4384 3685 4440 Warelvast

418 4462 623 4520 aculeis
645 4466 804 4524 modo
831 4470 1026 4537 minas,
1055 4474 1214 4530 modo
1243 4477 1486 4533 convicia
1542 4462 1808 4551 inﬂigunt.
1863 4481 1994 4537 Pro-

416 4553 685 4611 fessiones
705 4573 834 4616 vero
874 4563 1003 4618 mihi
1032 4566 1248 4635 penitus
1287 4568 1561 4641 abnegant
1594 4573 1841 4628 canonici
1895 4575 1992 4641 illi,

417 4644 509 4712 qui
533 4647 650 4702 sine
674 4649 1009 4718 professione
1033 4658 1099 4711 ad
1122 4672 1306 4715 sacros
1326 4661 1545 4719 ordines
1563 4663 1997 4722 inordinabiliter

418 4744 543 4791 sunt
564 4744 827 4808 provecti.
852 4743 917 4799 Hi
949 4747 1110 4802 etiam
1134 4751 1224 4821 qui
1247 4751 1301 4807 in
1327 4756 1664 4826 presbyterio
1692 4757 1774 4812 vel
1804 4759 1989 4814 diaco-

418 4836 549 4883 natu
574 4834 879 4902 constituti,
912 4847 966 4894 et
987 4855 1183 4899 uxores
1212 4844 1325 4902 sive
1345 4849 1675 4904 concubinas
1706 4850 1759 4903 in
1777 4850 1992 4918 publico

412 4920 678 4979 hactenus
708 4926 1031 4999 habuerunt,
1060 4942 1116 4988 et
1142 4935 1211 4990 ab
1241 4936 1398 4991 altari
1430 4938 1574 4992 nulla
1605 4955 1662 4994 se
1685 4940 1992 4994 reverentia

416 5015 822 5074 continuerunt.
852 5020 986 5078 Cum
1013 5039 1142 5080 vero
1191 5027 1258 5081 ad
1285 5029 1507 5084 ordines
1533 5030 1745 5100 aliquos
1788 5031 1989 5096 invito,

416 5104 552 5160 dura
583 5109 795 5164 cervice
817 5112 1143 5181 renituntur,
1167 5132 1234 5170 ne
1265 5118 1317 5171 in
1339 5120 1641 5174 ordinando
1670 5122 1982 5176 castitatem

415 5198 792 5265 profiteantur.
824 5206 851 5253 ῖ
877 5202 1097 5259 Obstitit
1121 5207 1286 5260 etiam
1340 5222 1408 5262 ne
1438 5223 1674 5263 canones
1718 5209 1878 5277 hujus
1903 5227 1992 5281 sy-

410 5290 538 5342 nodi
568 5290 743 5362 legum
788 5294 896 5348 vim
939 5304 995 5349 et
1037 5305 1356 5366 potestatem
1399 5300 1745 5367 sortirentur,
1801 5301 1991 5371 ingens

414 5382 559 5437 inter
587 5399 768 5457 regem
796 5395 850 5441 et
875 5387 1193 5443 Anselmum
1220 5389 1491 5447 discordia
1518 5402 1570 5448 et
1621 5393 1897 5448 contentio
1923 5393 1991 5448 de

413 5469 775 5529 Ecclesiarum
804 5477 1135 5534 investituris
1154 5489 1295 5534 orta.
1332 5480 1467 5535 Nam
1513 5489 1625 5536 toto
1654 5482 1743 5537 illo
1759 5481 1989 5537 triennio

413 5576 520 5631 quo
563 5563 808 5622 abfuerat
858 5571 1168 5642 Anselmus,
1230 5574 1446 5632 sedibus
1498 5574 1897 5646 episcopalibus
1934 5586 1988 5632 et

2101 4482 2244 4552 regis
2269 4481 2478 4552 legatus
2500 4480 2594 4551 qui
2617 4495 2834 4550 semper
2860 4477 3105 4536 Anselmi
3130 4476 3377 4547 partibus
3410 4477 3681 4532 adversus

2099 4575 2222 4641 fuit,
2256 4574 2484 4629 Romam
2508 4572 3007 4644 proﬁciscerentur.
3034 4572 3130 4627 llis
3150 4571 3335 4626 Romae
3363 4582 3490 4627 ante
3529 4586 3684 4640 papae

2100 4665 2339 4721 tribunal
2385 4666 2527 4719 hanc
2569 4678 2791 4719 causam
2849 4663 3156 4732 agentibus,
3188 4662 3482 4719 Anselmus
3526 4677 3682 4732 papa:

2095 4773 2343 4823 causam,
2370 4771 2554 4812 coram
2593 4771 2730 4826 papa
2760 4764 3029 4824 praesente
3051 4756 3306 4826 etjudiee
3334 4754 3682 4818 ,Guillelmus

2098 4848 2244 4917 regis
2265 4846 2347 4901 sui
2374 4845 2637 4911 absentis,
2696 4859 2798 4901 nec
2854 4845 3074 4915 judicia,
3126 4860 3347 4901 causam
3395 4845 3676 4899 tractavit.

2097 4936 2340 5006 Cumque
2362 4936 2684 4992 Guillelmus
2724 4937 3101 4992 vehementius
3156 4938 3213 4991 in
3233 4937 3375 5007 regis
3426 4936 3679 5006 proposi-

2097 5040 2211 5083 tum
2240 5026 2466 5083 affectus
2493 5028 2721 5084 dixisset
2742 5044 2924 5099 regem
2949 5044 3127 5094 suum,
3158 5045 3223 5083 ne
3250 5044 3347 5098 pro
3372 5028 3524 5097 regni
3550 5029 3666 5082 An-

2094 5119 2213 5190 gliae
2235 5118 2545 5185 amissione,
2561 5118 2651 5187 jus
2680 5119 2952 5176 Ecclesias
2979 5119 3214 5175 donandi
3245 5127 3300 5174 et
3322 5133 3515 5175 earum
3540 5133 3670 5186 pos-

2094 5209 2390 5264 sessionem
2414 5210 2659 5265 tradendi
2703 5211 3050 5274 amissurum,
3074 5209 3352 5279 respondit
3389 5203 3675 5262 Paschalis

2092 5317 2230 5371 papa
2275 5300 2356 5370 (ut
2377 5302 2560 5355 verbis
2614 5301 2863 5356 Eadmeri
2913 5302 3154 5355 auctoris
3178 5298 3662 5368 utar):Siquem-

2097 5394 2389 5449 admodum
2448 5395 2617 5459 dicis,
2668 5409 2761 5448 rex
2788 5401 2911 5447 tuus
2935 5407 3032 5447 nec
3058 5406 3155 5460 pro
3186 5391 3336 5461 regni
3372 5388 3458 5444 sui
3500 5388 3672 5444 amis-

2095 5486 2250 5541 sione
2275 5487 2512 5555 patietur
2557 5485 2921 5540 Ecclesiarum
2968 5482 3312 5538 donationem
3372 5480 3669 5545 amittere,

2096 5578 2261 5647 scias,
2287 5593 2413 5635 ecce
2442 5591 2624 5635 coram
2647 5574 2759 5631 Deo
2781 5575 2921 5642 dico,
2959 5576 3086 5645 quia
3114 5590 3211 5630 nec
3236 5588 3333 5644 pro
3370 5572 3453 5628 sui
3475 5572 3677 5642 capitis
