3882 6050
210 297 308 354 {£9

1555 290 1712 345 VlTA
1754 291 2072 347 BREVIOR.

3369 298 3470 354 150

211 410 605 482 redemptione,
650 421 745 462 eas
813 405 888 461 illi
952 402 1242 475 aliquando
1288 402 1568 459 Paschalis
1638 420 1778 475 papa
1823 414 1870 469 Α
1904 407 2063 459 nibus
2091 418 2186 474 per
2228 404 2561 461 investitura:
2605 408 2942 480 privilegium
2995 408 3321 478 composita,
3373 429 3471 482 per

215 505 434 571 impune
450 500 730 571 permittet
757 499 979 553 habere.

280 593 393 647 lloc
419 591 604 659 itaque
633 605 784 659 papae
814 602 1071 657 responso
1092 627 1106 653 ,
1140 601 1302 641 causa
1348 585 1643 641 secundum
1687 586 1796 640 An-

210 682 438 735 scltnum
469 690 662 735 contra
686 694 870 749 regem
900 678 1118 733 deﬁnita
1145 686 1248 732 est.
1274 675 1381 730 Alii
1409 676 1654 731 scribunt
1687 678 1798 732 An-

209 773 431 826 selmqu
461 771 736 825 audivisse
764 769 1079 824 Paschalem
1102 783 1293 838 papam
1319 766 1465 821 illam
1492 784 1797 823 excommu-

209 862 495 918 nicationis
534 861 861 916 sententiam
910 861 965 915 in
1012 861 1182 916 laicos
1209 862 1555 918 investituras
1584 862 1794 925 dantes,

200 961 260 1005 et
295 950 527 1005 clericos
548 966 642 1004 eas
662 965 691 1003 a
715 948 864 1003 laicis
890 949 1169 1019 capientes
1193 950 1593 1014 fulminantem,
1625 963 1798 1017 eaque

208 1039 579 1108 perterritum,
610 1038 840 1108 principi
868 1053 990 1102 suo,
1036 1055 1068 1093 a
1100 1039 1397 1108 majoribus
1422 1054 1534 1095 SUIS
1556 1036 1645 1106 jus
1665 1051 1797 1091 ven-

211 1130 432 1195 dicanti,
464 1129 775 1185 consentire
807 1143 913 1183 non
945 1144 1158 1186 ausum.
1190 1129 1324 1183 Nam
1366 1129 1420 1182 in
1464 1128 1552 1183 illa
1581 1141 1799 1182 excern-

198 1219 583 1274 rnunicatione
613 1231 749 1287 papa
779 1214 1085 1283 hujusrnodi
1114 1217 1299 1271 verbis
1325 1231 1456 1271 usus
1486 1226 1569 1271 est
1594 1232 1607 1269 :
1641 1230 1797 1270 exse-

194 1309 414 1365 ‘crabile
460 1310 632 1364 videri
663 1325 877 1376 manus,
921 1323 1043 1378 qua:
1096 1307 1150 1362 in
1199 1315 1402 1363 tantam
1447 1307 1797 1363 eminentiam

194 1410 587 1466 *exereverant,
618 1411 696 1468 ut,
720 1401 862 1472 quod
887 1400 1017 1455 nulli
1041 1398 1334 1472 Anglorum
1348 1414 1668 1454 concessum
1688 1407 1793 1462 est,

200 1492 495 1546 Dominum
528 1503 724 1548 cuncta
752 1501 1027 1548 creantem
1050 1508 1149 1547 suo
1178 1491 1479 1547 ministerio
1505 1499 1711 1556 creent,
1741 1499 1796 1546 et

209 1584 459 1635 eumdem
506 1576 680 1653 ipsum
738 1599 838 1653 pro
888 1584 1260 1653 redemptione
1314 1594 1368 1638 et
1411 1583 1585 1637 salute
1629 1583 1795 1637 totius

210 1672 393 1725 mundi
419 1671 618 1725 summi
654 1671 752 1727 Dei
775 1672 959 1727 Patris
984 1671 1266 1727 obtutibus
1295 1671 1547 1740 offerant,
1574 1673 1627 1726 in
1656 1672 1795 1727 hanc

1899 495 2028 548 illud
2054 495 2260 565 papalis
2301 510 2408 551 arae
2454 508 2847 553 sacramentum
2879 501 2957 554 sic
3004 498 3321 557 conﬁrmata
3367 515 3470 560 est.

1898 583 2040 653 Papa
2077 584 2357 640 celebrans
2394 585 2706 656 imperatori
2738 601 3143 647 sacramentum
3181 592 3266 646 his
3294 594 3474 647 verbis

1896 676 2140 743 porrexit
2175 692 2188 729 :
2224 678 2448 732 Domine
2491 680 2818 748 imperator,
2865 682 2968 737 hoc
3016 699 3211 753 corpus
3257 684 3470 741 Domini

1898 776 2084 821 natum
2116 783 2183 823 ex
2229 769 2396 824 Maria
2431 770 2670 840 Virgine,
2703 787 2922 841 passum
2954 776 3006 829 in
3035 792 3198 831 cruce
3225 788 3324 847 pro
3366 793 3473 834 no-

1897 859 1982 913 bis
2005 859 2147 914 sicut
2178 870 2366 914 sancta
2399 870 2453 914 et
2480 863 2770 930 apostolica
2804 872 2950 920 tenet
2985 862 3251 933 Ecclesia,
3281 869 3474 924 damus

1900 949 1993 1003 tibi
2042 950 2093 1003 in
2132 950 2595 1005 confirmationem
2640 968 2784 1009 verte
2825 955 2974 1025 pacis
3014 955 3155 1011 inter
3193 971 3280 1011 me
3317 966 3372 1013 et
3399 966 3472 1014 te.

1899 1042 2232 1113 Sumptoque
2267 1053 2629 1110 sacramento,
2682 1045 3028 1116 imperatoris
3064 1063 3273 1117 pacem,
3310 1051 3475 1107 amis-

1897 1135 2047 1190 sione
2077 1135 2517 1189 investiturarum
2549 1150 2684 1206 papa
2723 1147 3051 1193 consecutus
3082 1148 3183 1195 est.

1968 1223 2119 1279 Nunc
2142 1225 2208 1278 ad
2224 1224 2534 1280 Anselmum
2565 1225 2866 1292 redeamus,
2893 1228 2984 1298 qui
3009 1228 3177 1284 Roma
3192 1229 3475 1288 discedens

1896 1313 2217 1384 Lugdunum
2248 1315 2515 1382 pervenit.
2546 1314 2643 1369 Cui
2670 1332 2769 1368 una
2809 1316 2931 1372 illnc
2961 1317 3311 1387 proﬁciscens
3332 1322 3477 1389 regis

1848 1460 1851 1463 η
1897 1405 2106 1476 legatus
2152 1403 2489 1470 Guillelmus,
2522 1420 2588 1459 ex
2635 1404 2778 1476 regis
2824 1407 3081 1461 mandato
3114 1409 3475 1466 interdixitin

1896 1495 2140 1566 Angliam
2167 1497 2419 1562 reditum,
2453 1496 2554 1550 nisi
2594 1511 2783 1552 omnes
2814 1498 2964 1569 regni
2996 1502 3413 1558 consuetudines
3443 1519 3476 1557 a

1896 1594 2049 1655 patre
2079 1599 2143 1639 ac
2174 1583 2341 1639 fratre
2370 1584 2512 1655 regis
2541 1594 2778 1641 retentas
2802 1601 2866 1641 ac
2891 1585 3230 1653 observatas,
3253 1606 3311 1646 se
3334 1608 3465 1661 quo-

1898 1690 2003 1745 que
2040 1681 2383 1728 servaturum
2433 1684 2585 1729 certo
2615 1677 2981 1745 promitteret,
3030 1682 3329 1748 postposita
3361 1682 3480 1738 sedi

210 1761 562 1827 ignominiam
594 1763 732 1818 tradi
765 1771 821 1817 ut
868 1764 1077 1818 ancillae
1109 1764 1241 1818 ﬁant
1280 1780 1466 1819 earum
1515 1779 1792 1830 manuum,
1827 1748 1871 1803 Β
1898 1767 2153 1821 Romana:
2177 1766 2518 1837 subjectione
2547 1775 2601 1820 et
2639 1767 2963 1823 obedientia.
3002 1768 3110 1824 Sed
3136 1769 3421 1827 Anselmus
3449 1790 3480 1827 a

209 1868 327 1920 qua:
375 1854 464 1907 die
517 1869 580 1907 ac
616 1863 776 1909 nocte
826 1855 1076 1909 obscenis
1118 1855 1386 1922 contagiis
1423 1853 1792 1923 inquinamur,

214 1944 416 2013 rapinis
448 1956 504 1999 et
536 1944 747 2013 injustaa
790 1946 1072 2017 sanguinis
1117 1944 1363 2001 effusioni
1394 1946 1621 2001 addicta:
1649 1960 1797 2000 com-

212 2036 577 2091 maculantur.
631 2035 849 2092 Certum
887 2038 1031 2091 enim
1086 2046 1170 2092 est
1224 2037 1516 2092 llenricum
1570 2038 1797 2107 impera-

212 2135 381 2182 torem
416 2128 643 2183 Romam
687 2130 753 2183 ad
784 2131 1078 2185 sedandam
1123 2131 1266 2185 hanc
1302 2131 1628 2185 discordiam
1676 2145 1797 2200 qua:

216 2226 355 2279 inter
403 2241 583 2296 regem
632 2234 688 2281 et
733 2227 935 2282 clerum
963 2235 1144 2297 empta
1170 2234 1331 2291 esset,
1364 2235 1619 2296 tanquam
1648 2227 1797 2282 orbis

216 2316 508 2371 Christiani
563 2317 900 2385 scandalum,
957 2319 1191 2373 venisse.
1241 2315 1355 2372 Hoc
1409 2326 1590 2372 autem
1649 2317 1798 2372 inve-

216 2408 408 2463 stiendi
450 2408 543 2478 jus
592 2425 621 2462 a
654 2409 914 2478 Gregorio
956 2410 1187 2479 septimo
1232 2408 1379 2464 dicto
1433 2407 1797 2463 Hildebrando

218 2499 434 2569 regibus
468 2500 677 2554 detrahi
702 2501 884 2571 coepit.
918 2500 1120 2555 Deinde
1156 2515 1187 2555 a
1214 2499 1618 2555 successoribus
1657 2497 1796 2568 ejus,

216 2590 436 2645 Victore
461 2600 518 2645 et
551 2590 789 2657 Urbano,
818 2592 1052 2647 maxime
1102 2601 1282 2647 autem
1324 2606 1355 2644 a
1400 2589 1667 2657 Paschali,
1700 2589 1800 2645 sub

216 2682 796 2737 exeomrnuuicationis
821 2697 1050 2736 censura
1082 2682 1432 2736 interdictum
1463 2680 1593 2747 fuit;
1630 2682 1724 2736 sed
1769 2696 1800 2735 a

227 2777 417 2851 Cajolo
442 2793 636 2849 magno
659 2777 904 2831 Franciae
922 2792 1049 2849 rege
1076 2777 1418 2847 imperatore,
1443 2784 1498 2830 et
1522 2791 1552 2829 a
1570 2789 1800 2845 sequen-

221 2870 359 2925 tibus
416 2869 861 2939 imperatoribus,
915 2870 1005 2940 qui
1067 2869 1321 2924 trecentis
1370 2867 1599 2938 amplius
1645 2868 1800 2922 annis

216 2958 582 3029 imperabant,
622 2960 817 3030 quibus
844 2975 1107 3015 annorum
1136 2960 1349 3015 saeculis
1385 2960 1665 3031 sexaginta
1690 2969 1800 3016 tres

1896 1859 2160 1914 sententia
2185 1858 2468 1914 discedere
2485 1858 2673 1912 noluit.
2690 1860 2871 1929 Itaque
2899 1859 3140 1929 [Λικιυηί
3164 1877 3286 1917 cum
3302 1863 3476 1918 archi-

1896 1950 2148 2020 episcopo
2175 1949 2396 2020 llugone
2430 1950 2665 2004 triennio
2693 1965 2829 2020 pene
2861 1960 2971 2007 toto
3019 1954 3330 2023 permansit.
3366 1953 3480 2008 Rex

1897 2056 2084 2096 omnes
2147 2041 2641 2111 archiepiscopatus
2690 2041 2893 2097 reditus
2960 2042 3014 2097 in
3070 2043 3260 2099 ﬁscum
3284 2043 3482 2101 deferri

1892 2130 2073 2201 jussit,
2109 2129 2330 2184 tandem
2382 2146 2479 2200 per
2523 2131 2746 2186 Adelam
2803 2132 3136 2188 comitissam
3170 2134 3480 2190 Blesensem

1900 2223 2042 2291 regis
2074 2222 2343 2285 sororem,“
2393 2222 2494 2276 hoc
2521 2237 2649 2277 casu
2680 2223 2965 2278 Anselmus
2996 2226 3108 2292 regi
3159 2227 3481 2281 reconcilia-

1902 2324 2007 2379 tur,
2038 2323 2092 2369 et
2121 2314 2188 2370 ad
2218 2313 2847 2383 archiepiscopatusjura
2876 2316 3156 2371 restitutus
3177 2327 3280 2372 est.
3305 2318 3476 2376 Adela

1901 2411 2220 2482 gravissimo
2270 2419 2324 2465 et
2372 2409 2827 2479 periculosissimo
2882 2412 3070 2466 morbo
3122 2411 3210 2465 diu
3266 2410 3480 2466 labora-

1897 2510 2067 2565 verat,
2106 2502 2173 2554 ad
2214 2501 2355 2555 hanc
2385 2500 2435 2553 in
2468 2509 2614 2554 tanta
2651 2500 2894 2569 corporis
2922 2499 3235 2555 inﬁrmitate
3283 2517 3479 2556 conso-

1898 2592 2113 2646 landam
2146 2592 2375 2647 accessit
2423 2590 2731 2646 Anselmus.
2784 2590 2948 2659 Cujus
2979 2592 3242 2647 adventus
3271 2603 3479 2647 tantum

1898 2695 1954 2738 et
1987 2692 2096 2737 tam
2153 2683 2492 2753 repentinum
2532 2682 2786 2753 gaudium
2829 2683 3119 2737 cornitissze
3170 2694 3276 2737 tam
3321 2699 3479 2755 aegrae

1899 2774 2160 2828 attulitut
2208 2772 2495 2843 proﬂigato
2543 2772 2734 2827 morbo
2784 2772 3143 2827 valetudinem
3193 2788 3480 2844 recupera-

1898 2866 2059 2920 verit.
2084 2863 2273 2933 Itaque
2311 2878 2490 2934 regem
2550 2863 2771 2918 fratrem
2818 2863 3222 2919 Northmannite
3265 2881 3376 2921 sure
3403 2867 3483 2920 di-

1902 2957 2032 3012 tioni
2060 2956 2365 3024 redigenda:
2387 2965 2710 3027 occupatum
2749 2971 2846 3025 pro
2877 2956 3133 3012 Anselmo
3153 2958 3307 3024 adiit,
3338 2969 3393 3014 et
3429 2959 3480 3013 in

220 3047 445 3103 Romani
472 3049 752 3118 pontiﬁces
767 3050 956 3104 ordine
981 3049 1149 3104 secuti
1168 3057 1313 3117 sunt,
1332 3051 1435 3104 hoc
1456 3049 1793 3117 investiendi,
1824 3085 1866 3142 Ο
1899 3046 2045 3115 regis
2071 3045 2397 3116 colloquium
2426 3047 2671 3101 adduxit.
2704 3045 2945 3101 Tandem
2990 3047 3041 3099 in
3085 3049 3226 3118 regis
3253 3049 3481 3120 gratiam

218 3145 268 3189 et
294 3137 346 3190 in
379 3137 775 3216 possessionem
808 3137 1055 3191 mittendi
1084 3137 1314 3192 clericos
1344 3137 1395 3191 in
1427 3136 1795 3193 ecclesiastica

221 3225 481 3283 beneﬁcia
512 3243 608 3298 per
634 3230 798 3299 virga:
821 3239 876 3282 et
902 3227 1083 3282 annuli
1114 3227 1458 3282 traditionem
1491 3226 1801 3296 frequenta-

222 3326 330 3369 tum
352 3326 409 3370 et
444 3325 711 3371 retentum
740 3316 859 3370 fuit.
896 3317 1095 3372 Contra
1121 3316 1260 3371 hanc
1290 3316 1563 3371 Crsarum
1594 3315 1799 3384 princi-

220 3422 457 3477 pumque
498 3408 880 3463 auctoritatem
928 3415 981 3463 et
1012 3406 1460 3463 consuetudinem
1505 3407 1803 3461 censebant

222 3498 458 3567 synodali
477 3498 684 3567 judicio
709 3499 991 3567 pontiﬁces
1029 3513 1130 3553 nec
1158 3514 1317 3569 posse
1346 3513 1446 3553 nec
1473 3498 1673 3554 debere
1706 3512 1803 3567 per

222 3587 423 3658 virgam
442 3602 543 3643 nec
556 3603 653 3658 per
674 3588 931 3643 annulum
951 3588 1298 3657 episcopatus
1319 3587 1679 3643 autEcclesiae
1706 3588 1806 3641 ali-

224 3678 370 3747 cujus
402 3680 782 3736 investituram
813 3681 1316 3750 possessionemque
1347 3694 1377 3732 a
1423 3679 1678 3749 principis
1712 3686 1806 3732 aut

226 3769 344 3826 laici
361 3788 520 3826 manu
533 3773 883 3844 apprehendi,
899 3781 955 3827 et
969 3773 1058 3842 qui
1080 3772 1133 3827 id
1153 3772 1394 3827 facerent
1411 3773 1679 3827 sententia
1696 3772 1801 3825 lata

225 3863 782 3918 excommunicarent.
810 3862 962 3920 Hanc
989 3864 1153 3933 igitur
1181 3863 1517 3933 potissimam
1555 3863 1625 3917 ob
1671 3878 1804 3917 cau-

226 3968 360 4019 sam,
394 3953 661 4009 Henricus
693 3955 988 4025 imperator
1017 3954 1244 4008 Romam
1282 3961 1556 4022 properat,
1596 3951 1807 4023 Longo-

231 4044 530 4113 bardosque
565 4045 617 4098 in
645 4045 732 4098 via
775 4044 874 4099 sibi
909 4044 1223 4099 resistentes
1250 4043 1464 4099 fortiter
1487 4045 1803 4114 prosternit.

232 4135 362 4187 Tum
390 4134 964 4204 Romam'ingressus,
994 4145 1214 4206 accepto
1244 4136 1568 4202 diademate,
1613 4151 1805 4206 papam

232 4242 349 4280 cum
394 4228 661 4298 episcopis
700 4237 755 4284 et
791 4230 1158 4285 cardinalihus
1209 4231 1373 4301 capit,
1427 4239 1483 4285 et
1528 4232 1627 4286 sub
1657 4241 1805 4286 arcta

233 4319 471 4372 custodia
521 4318 748 4373 detinet.
798 4321 893 4375 Die
944 4320 1168 4375 Pascha:
1218 4321 1585 4376 reconciliatio
1636 4322 1803 4377 inter-

1901 3148 2123 3207 accept‘o
2148 3137 2423 3204 Anselmo,
2448 3138 2598 3207 prior
2634 3138 2724 3191 illa
2758 3140 2824 3194 de
2852 3137 3222 3193 Eeclesiarum
3259 3140 3484 3199 investi-

1903 3230 2039 3284 turis
2064 3230 2455 3295 controversia,
2507 3246 2627 3300 quae
2670 3245 2763 3285 eos
2809 3225 2969 3285 antea
3000 3230 3355 3299 disjunxerat,
3380 3231 3482 3286 Pa-

1902 3320 2325 3388 sehalisjudicio
2354 3320 2549 3374 iterum
2579 3319 2745 3373 relata
2776 3329 2874 3375 est.
2904 3319 2953 3376 ls
2976 3335 3043 3377 ne
3066 3321 3208 3392 regis
3239 3322 3482 3376 animum

1903 3426 2064 3481 quem
2102 3410 2423 3465 irritabilem
2451 3420 2610 3465 antea
2641 3419 2911 3475 senserat,
2943 3412 2997 3466 in
3039 3413 3352 3466 Anselmum
3381 3412 3484 3467 ite-

1905 3518 2028 3556 rum
2076 3503 2419 3566 accenderet,
2476 3516 2575 3555 nee
2626 3510 2808 3555 tamen
2859 3501 2927 3555 de
2985 3501 3324 3556 investiturae
3360 3498 3485 3571 jure

1904 3593 2194 3664 quidquam
2231 3592 2554 3659 discederet,
2604 3593 2835 3647 mediam
2889 3594 3180 3662 quamdam
3233 3593 3286 3647 iu
3327 3592 3486 3662 hujus

1905 3702 2082 3742 causae
2111 3686 2385 3741 decisione
2416 3685 2556 3739 viam
2584 3693 2801 3740 secutus
2827 3693 2931 3751 est,
2955 3692 3013 3739 ut
3044 3685 3281 3756 episcopi
3303 3700 3334 3739 a
3359 3700 3487 3757 rege

1906 3787 2030 3831 ante
2078 3775 2342 3839 investiti,
2386 3789 2524 3843 quos
2569 3773 2852 3829 Paschalis
2897 3775 3480 3838 exconimunicaverat,

1908 3870 1976 3925 ab
2024 3868 2111 3922 illa
2162 3866 2427 3921 sententia
2475 3866 2839 3931 solverentur,
2887 3873 2942 3920 et
2993 3866 3047 3919 in
3100 3865 3320 3920 sedibus
3368 3866 3485 3921 suis

1906 3957 2393 4019 conﬁrmarentur;
2442 3954 2561 4018 sed,
2602 3968 2671 4008 ne
2713 3952 2819 4006 tale
2862 3952 2992 4022 quid
3032 3954 3086 4007 in
3142 3962 3417 4022 posterum
3452 3971 3482 4008 a

1907 4064 2033 4121 rege
2059 4058 2153 4103 aut
2182 4047 2319 4102 laico
2358 4060 2678 4117 quocunque
2722 4043 2837 4111 ﬁat,
2876 4044 3017 4099 cavit
3065 4052 3228 4113 atque
3266 4045 3474 4099 statuit.

1908 4138 2026 4206 Quo
2048 4152 2202 4208 papre
2231 4137 2452 4191 decreto
2478 4150 2571 4189 rex
2602 4134 2897 4203 acquievit,
2933 4141 2987 4187 et
3009 4132 3326 4188 Anselmum
3368 4149 3484 4188 om-

1906 4229 2068 4283 nibus
2113 4226 2267 4281 honis
2312 4234 2366 4281 et
2419 4224 2688 4280 fructibus
2720 4224 2897 4279 exsilii
2929 4233 3175 4294 tempore
3201 4238 3231 4278 a
3261 4239 3320 4281 se
3361 4239 3485 4295 per-

1910 4322 2081 4392 ceptis
2127 4328 2180 4373 et
2231 4319 2458 4375 retentis
2515 4317 2674 4388 plene
2724 4317 2982 4372 restituit.
3022 4317 3181 4371 Redit
3218 4316 3384 4388 igitur
3431 4317 3483 4371 in

235 4409 396 4469 venit.
418 4424 526 4479 quo
572 4411 658 4464 die
684 4421 805 4481 post
829 4411 1027 4466 lectum
1073 4413 1126 4465 in
1165 4411 1447 4466 missarum
1480 4412 1807 4466 solemnibus
1837 4423 1882 4477 1)
1909 4413 2156 4484 Angliam
2186 4411 2492 4474 Anselmus,
2518 4424 2729 4465 summo
2755 4410 2918 4463 totius
2946 4409 3127 4479 populi
3167 4409 3424 4479 applausu
3452 4426 3484 4463 a

238 4499 601 4571 Evangelium,
634 4505 699 4556 ad
730 4504 899 4558 altare
941 4505 1306 4574 apostolorum
1359 4505 1502 4559 Petri
1535 4514 1589 4559 et
1634 4505 1806 4567 Pauli,

239 4592 287 4645 in
315 4594 487 4649 oculis
542 4610 704 4664 quam
748 4597 1100 4665 plurimorum
1156 4596 1482 4667 principum,
1532 4596 1810 4653 Paschalis

238 4696 367 4752 papa
393 4686 614 4740 tradidit
641 4686 949 4754 imperatori
998 4686 1361 4755 privilegium,
1395 4696 1455 4741 ut
1485 4688 1531 4742 is
1561 4687 1705 4742 solus
1754 4688 1806 4741 in

238 4788 331 4827 suo
360 4791 525 4846 regno
582 4777 935 4832 investituras
982 4778 1364 4843 Ecclesiarum,
1420 4792 1516 4847 per
1548 4780 1714 4848 virga:
1756 4787 1812 4832 et

238 4865 416 4918 annuli
460 4866 808 4921 traditionem
859 4868 912 4921 in
967 4868 1197 4924 clericos
1252 4870 1594 4935 transferret,
1653 4869 1725 4923 ita
1763 4870 1809 4924 si

239 4963 353 5022 post
398 4955 775 5011 investituram
827 4958 897 5012 ab
927 4958 1201 5029 episeopo,
1237 4956 1390 5027 cujus
1423 4958 1674 5013 dimcesis
1705 4960 1813 5012 sint

238 5045 477 5102 ecclesia:
507 5051 970 5105 consecrationem
1008 5052 1270 5106 canonice
1294 5051 1582 5121 accipiant.
1613 5051 1683 5106 At
1712 5051 1814 5107 huc

242 5136 399 5190 modo
423 5138 740 5193 investiendi
772 5138 882 5207 jus,
914 5141 1156 5210 synodali
1189 5150 1394 5195 tantum
1423 5141 1814 5198 constitutione

241 5240 270 5276 a
298 5241 461 5295 papa,
490 5229 707 5284 caeteris
736 5230 1011 5300 demptum
1054 5232 1412 5302 principibus,
1444 5233 1496 5286 in
1529 5232 1619 5286 illo
1647 5247 1816 5303 regno

242 5316 411 5370 solum
430 5320 716 5382 retinetur,
749 5329 956 5377 tantum
973 5332 1079 5378 tam
1097 5325 1322 5380 terroris
1337 5326 1739 5380 anatlicmatum
1763 5332 1818 5380 et

236 5411 904 5469 exeommunieationuma
930 5430 1065 5484 papa
1096 5415 1334 5485 projecta
1361 5416 1581 5471 fulmina
1600 5416 1816 5487 regibus

239 5502 591 5559 incusserunt
631 5514 689 5558 ut
741 5507 937 5576 pavido
990 5515 1044 5562 et
1084 5510 1338 5563 trementi
1384 5508 1543 5563 alicui
1598 5508 1817 5564 llerculi

232 5595 474 5664 clavum,
505 5609 565 5651 ut
593 5597 812 5665 dicitur,
864 5600 1239 5657 extorsissent.
1277 5599 1382 5656 Sed
1435 5600 1698 5655 Henricus
1727 5601 1815 5655 illa

239 5687 482 5743 tonitrua
522 5691 874 5761 compescuit.
907 5689 1033 5748 llaec
1073 5708 1170 5764 pax
1214 5693 1274 5762 in.
1309 5692 1592 5748 missarum
1624 5692 1817 5747 solem-

1912 4503 2095 4573 regina
2122 4510 2177 4557 et
2217 4500 2567 4571 optimatibus
2615 4498 3006 4566 perhonoriﬁce
3033 4500 3085 4552 in
3129 4513 3352 4569 regnum
3394 4514 3485 4553 ac-

1911 4602 2135 4661 ceptus;
2184 4606 2279 4644 rex
2333 4589 2478 4644 enim
2550 4587 2978 4645 Northmannico
3042 4596 3189 4644 motu
3236 4592 3487 4648 detentus

1911 4690 2047 4746 erat,
2071 4694 2179 4751 quo
2202 4679 2409 4742 sedato,
2436 4676 2888 4731 Northmanniam
2918 4677 3113 4731 iterum
3139 4692 3237 4733 suo
3257 4679 3485 4749 subjecit

1913 4773 2162 4844 imperio.
2220 4771 2601 4840 Reversttsque
2670 4769 2957 4824 concilium
3010 4770 3160 4840 regni
3214 4771 3484 4840 publicum

1914 4864 2141 4919 Londini
2196 4862 2409 4929 indixit,
2462 4862 2516 4917 in
2565 4877 2673 4931 quo
2710 4869 2974 4916 statutum
3023 4860 3124 4915 fuit
3171 4872 3275 4917 non
3324 4864 3488 4919 licere

1916 4958 2051 5027 regi,
2086 4956 2170 5009 vel
2196 4956 2501 5024 cuicunque
2549 4954 2689 5009 laico
2731 4969 2828 5023 per
2857 4952 3108 5007 baculum
3148 4961 3203 5008 et
3232 4955 3489 5008 annulum

1915 5047 2225 5116 episcopum
2259 5044 2341 5100 vel
2372 5046 2744 5116 presbyterum
2789 5059 3166 5115 quemcunque
3199 5044 3487 5109 investire;

1916 5139 2050 5193 satis
2079 5153 2199 5193 esse
2234 5148 2287 5191 ut
2320 5136 2628 5205 homagium
2675 5137 2744 5191 ab
2781 5137 3047 5207 episcopis
3073 5136 3182 5206 regi
3217 5136 3341 5200 ﬁat,
3390 5150 3490 5207 pro

1915 5229 2349 5299 possessionibus
2393 5228 2794 5297 temporalibus.
2836 5228 2933 5284 llis
2972 5243 3039 5283 ex
3079 5226 3319 5281 Anselmi
3369 5241 3492 5281 sen-

1919 5321 2085 5376 tentia
2126 5320 2310 5390 gestis,
2357 5318 2523 5389 cmpit
2551 5318 2749 5389 prioris
2779 5317 2923 5373 illius
2964 5315 3323 5371 Londinensis
3368 5331 3396 5369 a
3429 5329 3490 5371 se

1919 5415 2205 5470 celebrata:
2248 5412 2439 5484 synodi
2483 5412 2701 5468 decreta
2748 5409 3084 5466 exsecutioni
3118 5408 3397 5473 mandare,
3436 5416 3491 5462 et

1920 5506 2260 5563 sacerdotum
2291 5504 2505 5573 nuptias
2531 5503 2841 5559 dissolvere.

1991 5600 2105 5654 Sub
2149 5600 2263 5654 hmo
2317 5607 2558 5667 tempora
2610 5603 2822 5651 mortuo
2875 5590 3107 5648 Girardo
3164 5591 3491 5647 Eboracensi

1925 5686 2356 5757 archiepiscopo,
2394 5684 2631 5739 Thomas
2683 5684 3122 5755 archiepiscopus
3156 5681 3357 5736 electus
3384 5688 3487 5732 est.
