3882 6054
419 309 538 398 ιδι,

1469 312 1526 369 S.
1570 309 1869 368 ANSELMI
1913 307 2266 366 CANTUAR.
2313 307 2628 365 ARClllEP.

3599 313 3616 366 Ι
3631 312 3701 366 3'2

412 433 518 506 Qui
551 446 672 487 cum
701 432 768 487 ab
793 433 1049 488 Anselmo
1069 433 1470 488 consecrandus
1511 439 1684 496 esset,
1719 431 2010 502 provincia:
2037 432 2083 488 Α
2109 431 2345 486 cramlus
2399 430 2868 501 metropolitanus,
2917 430 3176 499 profiteor
3219 424 3612 497 subiectionem
3641 441 3700 482 et

407 537 534 578 "suae
578 523 724 579 clero
753 540 872 579 cum
921 523 1148 594 pellente
1176 532 1232 578 et
1265 521 1576 593 instigante,
1613 522 2001 593 subiectionem

421 614 796 670 Cantuariensi
823 616 939 669 sedi
966 615 1222 678 debilam,
1251 621 1303 667 et
1332 628 1361 667 a
1392 613 1662 684 prioribus
1699 613 2004 667 Eboracen-

424 705 571 760 sibus
592 705 1018 775 archiepiscopis
1058 703 1384 775 prmstitam,
1417 703 1660 774 profiteri
1707 701 1997 757 recusavit.

417 797 498 852 Ob
553 813 713 866 quam
745 797 1143 852 contumaciam
1191 796 1484 852 Anselmus
1531 811 1630 850 nec
1657 809 1778 850 eum
1810 809 2004 850 conse-

412 905 570 944 crare
608 889 880 955 voluit,.et
911 904 981 944 ne
1020 890 1087 944 ah
1132 889 1238 944 alio
1283 903 1499 959 quoque
1528 887 1782 958 episcopo
1813 901 2002 942 sacra-

412 993 584 1048 retur,
619 998 713 1050 per
742 982 955 1038 litteras
985 983 1174 1037 vetuit.
1216 981 1405 1043 Itaque
1446 981 1686 1035 Thomas
1716 981 1835 1035 sine
1869 994 2001 1035 con-

413 1075 718 1128 secralione
755 1084 873 1129 toto
916 1073 1157 1129 Anselmi
1193 1083 1434 1143 tempore
1478 1072 1610 1127 vita:
1641 1071 1846 1127 electus
1879 1080 1996 1126 tan-

413 1165 691 1219 tummodo
739 1165 910 1220 stetit.
955 1164 1030 1218 Eo
1064 1179 1194 1220 vero
1237 1173 1472 1230 mortuo,
1510 1178 1627 1228 rex,
1676 1163 1824 1233 regni
1870 1177 2000 1233 pro-

411 1270 566 1311 ceres
600 1264 764 1325 atque
804 1255 1063 1326 praesules
1115 1255 1182 1310 ad
1223 1253 1516 1310 ineundum
1547 1255 1612 1308 de
1641 1253 2004 1308 Eboracensis

410 1347 807 1418 archiepiscopi
887 1345 1308 1402 consecratione
1395 1345 1685 1401 concilium
1766 1343 2001 1398 Londini

409 1440 750 1495 convocavit.
805 1439 1054 1510 Episcopi
1085 1439 1256 1503 enim,
1311 1438 1379 1493 ab
1414 1437 1674 1492 Anselmo
1717 1436 2000 1505 prohibiti,

411 1547 739 1588 consecrare
795 1533 944 1586 illum
995 1531 1306 1587 noluerunt.
1358 1529 1512 1597 Quod
1571 1545 1696 1584 cum
1764 1528 2003 1584 Thomas

410 1621 686 1691 quondam
714 1621 1044 1688 Meletensis,
1065 1620 1218 1690 cujus
1249 1630 1376 1675 tunc
1401 1619 1638 1675 fuitcum
1665 1634 1790 1690 rege
1812 1619 2002 1674 intima

410 1713 757 1782 maximaque
787 1714 984 1784 gratia,
1020 1714 1285 1769 sensisset
1311 1712 1465 1767 vultu
1509 1727 1875 1783 sermoneque
1903 1728 2002 1768 sa:-

413 1807 553 1862 viori
594 1808 849 1874 quiesivit
900 1823 965 1862 an
997 1808 1282 1878 quisquam
1323 1804 1628 1875 huiusmodi
1679 1805 1875 1860 litteris
1904 1821 2001 1874 pa-

410 1913 532 1954 rere
571 1901 795 1955 auderet
823 1900 939 1954 sine
965 1900 1108 1971 regis
1137 1897 1469 1954 auctoritate
1489 1909 1544 1952 et
1566 1900 1853 1953 sententia.
1880 1898 1999 1965 Quo

408 1993 681 2060 perterriti
708 2003 761 2048 et
791 1991 1076 2063 stupefacti
1108 1991 1370 2062 episcopi,
1405 1990 1722 2045 Samsonem
1746 1991 1999 2062 Wingor-

407 2083 650 2138 niensem
695 2086 1029 2155 episcopum,
1066 2093 1127 2139 ut
1155 2084 1419 2139 Thomam
1458 2083 1858 2139 Eboracensem
1910 2098 2001 2137 ar-

405 2176 812 2247 chiepiscopum
873 2185 1266 2243 consecraret,
1321 2185 1610 2247 rogarunt.
1668 2174 1770 2242 Qui
1833 2175 1888 2231 id
1939 2191 2000 2232 se

405 2262 678 2320 facturum
738 2267 978 2338 negavit,
1029 2266 1134 2321 nisi
1181 2265 1420 2320 Thomas
1454 2264 1832 2319 Cantuariensi
1882 2265 1998 2319 sedi

407 2353 799 2423 subiectionem
878 2373 944 2412 ex
1002 2371 1155 2412 more
1206 2355 1576 2426 professurum
1627 2354 1994 2426 promitteret.

410 2447 508 2502 Cui
537 2457 591 2504 et
643 2464 736 2503 rex
793 2464 1050 2504 assensus
1084 2457 1188 2513 est,
1240 2446 1513 2517 iussitque
1555 2455 1617 2501 ut
1653 2447 1846 2516 quinto
1874 2447 1992 2500 Kal.

404 2538 533 2594 Julii
568 2541 799 2609 proximi
842 2541 895 2593 iu
940 2538 1169 2593 ecclesia
1203 2537 1429 2591 Paulina
1466 2537 1825 2606 praesentibus
1880 2539 1996 2606 epi-

407 2631 587 2700 sc0pis
613 2629 852 2684 Thomas
901 2637 1232 2690 sacraretur,
1276 2635 1331 2681 et
1358 2627 1654 2698 prmetitam
1691 2641 1721 2680 a
1749 2626 1996 2696 superio-

420 2721 572 2774 ribus
640 2721 1060 2789 archiepiscopis
1129 2718 1520 2789 professionem
1593 2719 1815 2774 faceret.
1875 2717 1994 2785 Quo

408 2823 652 2882 tempore
685 2813 1133 2868 convenientibus
1173 2812 1460 2882 episcopis,
1491 2811 1582 2880 qui
1616 2827 1803 2866 sacras
1827 2825 1995 2865 cazre-

406 2905 616 2960 mouias
678 2904 1041 2971 absolverent,
1089 2903 1386 2974 porrigitur
1447 2901 1669 2957 Thoma:
1726 2901 1991 2972 professio

405 2996 581 3067 sigillo
612 2997 894 3066 obsignata
945 2995 1058 3066 iam
1107 2997 1235 3051 olim
1283 3012 1312 3048 a
1341 2997 1455 3051 suis
1501 2995 1991 3066 prmdccessoribus

409 3087 508 3157 legi
549 3086 729 3141 solita.
773 3085 944 3154 Quam
985 3101 1108 3140 cum
1158 3101 1369 3140 summa
1414 3085 1686 3156 gravitate
1729 3094 1784 3139 et
1835 3099 1988 3139 reve-

406 3179 610 3242 rentia,
662 3195 768 3249 qua
801 3179 1002 3242 decuit,
1053 3188 1240 3248 aperte
1271 3177 1524 3249 legisset,
1567 3177 1822 3246 episcopo
1851 3175 1990 3230 Lon-

403 3268 653 3334 dincnsi,
707 3267 963 3322 Ecclesiae
1021 3268 1431 3323 Cantuariensis
1497 3267 1745 3329 decano.
1805 3265 1987 3335 priore

403 3358 573 3412 etiam
627 3357 868 3427 eiusdem
921 3358 1178 3413 Ecclesia:
1216 3367 1520 3428 prmseute,
1575 3356 1816 3412 tradidit.
1849 3355 1984 3411 Pro-

409 3445 664 3500 fessionis
696 3445 867 3500 forma
899 3447 1014 3502 haec
1042 3455 1184 3501 erat.

481 3553 500 3587 ε
557 3535 669 3606 Ego
723 3536 1000 3602 Thomas,
1059 3537 1426 3592 Eboracensis
1492 3535 1746 3590 Ecclesia:
1797 3549 1988 3591 conse-

415 3749 618 3763 F—

2107 525 2426 580 canonicam
2477 523 2846 578 obedientiam
2903 532 3108 575 sancta:
3140 518 3540 573 Dorovernensi
3591 517 3693 573 Ec-

2107 618 2302 681 clesiar,
2337 627 2392 672 et
2420 615 2660 680 ejusdem
2685 613 2941 670 Ecclesi;e
2975 610 3192 682 primati
3221 611 3483 664 canonice
3516 608 3698 663 electo

2106 723 2160 768 et
2188 719 2538 774 consecrato,
2587 719 2643 764 et
2688 706 3098 764 successoribus
3143 704 3256 759 suis
3297 703 3565 758 canonice
3613 703 3699 756 in-

2107 802 2446 868 thronisatis,
2486 801 2632 856 salva
2686 799 2946 854 ﬁdelitate
2987 795 3208 852 Henrici
3250 795 3416 865 regis,
3449 803 3504 848 et
3537 792 3699 850 salva

2106 893 2412 950 obedientia
2442 907 2560 948 mea
2593 891 2854 946 Romanae
2886 887 3163 944 Ecclesiae.
3192 904 3210 938 ι

2175 986 2466 1042 Anselmus
2492 1001 2620 1040 vero
2651 982 2979 1048 Cantuarize,
3010 996 3062 1035 tv
3082 979 3206 1034 ldus
3249 977 3500 1048 Augusti,
3545 975 3700 1034 Guil-

2104 1075 2324 1131 lelmum
2375 1074 2836 1138 Wintoniensem,
2884 1071 3159 1142 Rogerum
3208 1068 3694 1124 Salisburienseni.

2102 1167 2428 1240 Raynelinm
2455 1164 2928 1222 llerefordiensem
2957 1161 3346 1232 Urbanumqne
3367 1159 3694 1231 Glamorga-

2104 1273 2348 1314 mensem
2373 1258 2657 1328 episcopos
2684 1253 3044 1320 consecravit,
3079 1251 3438 1322 praesentibus
3457 1249 3696 1306 Girarc'o

2103 1353 2431 1411 Eboracensi
2494 1350 2927 1421 archiepiscopo,
2987 1358 3044 1405 et
3102 1348 3226 1404 aliis
3273 1345 3695 1403 Cantuariensis

2103 1444 2393 1517 provinciae
2418 1441 2756 1514 praesulibus.
2810 1439 3034 1494 Multum
3077 1449 3260 1494 autem
3314 1447 3369 1492 et
3407 1451 3590 1507 operte
3633 1447 3694 1491 et

2103 1543 2352 1606 sumptus
2378 1532 2609 1589 contulit
2653 1531 2708 1586 in
2761 1529 3006 1586 ornando
3033 1537 3089 1584 et
3122 1527 3479 1584 instaurando
3506 1528 3697 1582 eccle-

2103 1629 2241 1684 siam
2278 1625 2478 1682 Christi
2509 1623 2982 1686 Cantuariensem,
3025 1630 3085 1677 et
3122 1621 3174 1676 in
3217 1617 3552 1675 instituendo
3581 1618 3696 1673 Le-

2105 1719 2255 1775 striae
2310 1717 2702 1772 monachorum
2761 1713 3028 1777 coenobio,
3091 1712 3158 1767 ab
3209 1711 3434 1782 llugone
3488 1711 3694 1766 comite

2100 1810 2253 1881 prius
2278 1817 2594 1873 exstructo;
2622 1805 2776 1874 cuius
2799 1804 3132 1860 Richardum
3159 1803 3496 1874 capellanum
3527 1817 3691 1858 suum

2099 1905 2354 1967 abbatem
2403 1901 2550 1956 fecit.
2605 1898 2663 1953 ln
2715 1896 3017 1952 scribendis
3049 1895 3294 1965 epistolis
3345 1894 3605 1964 frequens
3632 1904 3694 1948 et

2099 1993 2352 2049 assiduus
2383 1990 2506 2057 fuit,
2547 2001 2779 2059 quarum
2807 1985 2913 2040 567
2937 1984 3003 2039 ad
3034 1994 3218 2039 nostra
3243 1993 3485 2054 tempora
3509 1999 3686 2038 reser-

2100 2094 2320 2140 vantur.
2356 2082 2589 2152 Scripsit
2622 2086 2889 2134 tractatus
2914 2078 3113 2142 varios,
3148 2079 3198 2132 l.
3238 2077 3313 2131 De
3340 2076 3592 2143 veritate,
3625 2076 3684 2131 2.

2101 2180 2176 2234 De
2226 2179 2476 2234 libertate
2523 2177 2759 2243 arbitrii,
2811 2177 2869 2231 5.
2932 2173 3005 2228 De
3054 2187 3181 2227 casu
3232 2170 3454 2233 diaboli,
3507 2171 3561 2224 4.
3610 2173 3686 2225 De

2097 2269 2466 2324 Grammatice
2537 2275 2594 2322 et
2654 2263 2954 2336 discipulo,
3137 2269 3360 2315 vocatur
3443 2259 3688 2314 Monolo—

2099 2362 2268 2433 gium.
2317 2359 2512 2414 Multas
2555 2357 2870 2412 dialecticas
2915 2354 3242 2426 quazstiones
3304 2353 3582 2422 proposuit
3625 2361 3688 2408 ct

2097 2453 2276 2510 solvit.
2310 2451 2541 2522 Scripsit
2585 2450 2748 2506 etiam
2794 2445 3030 2504 libellum
3060 2445 3473 2509 sententiarum,
3514 2443 3684 2498 Pros-

2097 2549 2320 2620 logion,
2387 2546 2582 2602 librum
2635 2543 2985 2614 epistolarum
3042 2542 3108 2596 ad
3162 2541 3428 2603 diversos,
3479 2538 3679 2593 librum

2097 2645 2174 2699 De
2217 2641 2590 2698 incarnatione
2641 2639 2824 2703 Verbi,
2853 2637 3049 2693 librum
3077 2651 3175 2690 cur
3221 2636 3364 2689 Deus
3393 2634 3573 2695 homo,
3610 2632 3682 2686 ad

2097 2736 2212 2790 haec
2243 2734 2318 2790 De
2347 2739 2608 2800 conceptu
2637 2727 2907 2799 virginali,
2955 2725 3032 2781 De
3053 2723 3388 2781 orationibus
3431 2732 3682 2776 contem-

2095 2824 2332 2895 plativis,
2363 2831 2418 2878 et
2439 2823 2515 2878 De
2543 2819 2893 2892 processione
2930 2815 3166 2886 Spiritus
3194 2812 3393 2869 sancti.
3423 2812 3488 2866 Et
3529 2811 3684 2865 bien-

2096 2917 2185 2970 nio
2209 2922 2331 2985 post
2375 2910 2670 2968 secundum
2719 2909 2771 2962 in
2799 2905 3048 2976 Angliam
3100 2905 3168 2959 ab
3202 2903 3396 2958 exsilio
3441 2901 3679 2956 reditum

2095 3016 2392 3072 transacto,
2435 3004 2488 3059 in
2539 3001 2757 3057 abbatia
2811 2998 2995 3054 Sancti
3045 2995 3315 3052 Edmundi
3356 2994 3679 3066 gravissima

2095 3100 2229 3156 febri
2275 3105 2582 3168 correptus,
2633 3092 2985 3149 Cantuariam
3026 3088 3303 3144 festinavit
3349 3086 3532 3156 ibique
3582 3086 3678 3140 diu

2095 3193 2236 3248 lecto
2283 3188 2612 3244 decumbens
2637 3224 2652 3247 ,
2685 3183 2970 3238 undecimo
3017 3181 3140 3234 Kal.
3189 3177 3335 3242 Maii,
3376 3193 3465 3230 an.
3505 3175 3675 3240 “09,

2089 3284 2264 3340 aetatis
2308 3297 2418 3336 sua:
2463 3292 2648 3342 um,
2706 3284 2759 3330 et
2807 3273 3155 3346 pontificatus
3201 3285 3344 3325 anno
3377 3285 3488 3334 M‘l,
3519 3268 3679 3335 obiit,

2093 3375 2405 3444 tumuloque
2441 3371 2508 3424 ad
2536 3377 2700 3440 caput
2735 3365 3022 3421 Lanfranci
3052 3363 3293 3434 sepultus
3321 3371 3378 3416 et
3421 3360 3678 3415 conditus

2083 3461 2252 3530 iacet.

1131 3901 1534 4020 VIT/E
1677 3896 2198 4014 SANCTI
2314 3889 2931 4010 ANSELMI

1449 4117 2008 4175 CANTUARIENSIS
2049 4113 2573 4171 ARCIIIEPISCOPI

1220 4288 1794 4383 SYNOPSIS
1851 4281 2830 4380 CHRONOLOGICA.

1783 4484 2148 4504 ﬁ

396 4581 525 4631 Anni
559 4577 670 4628 Chr.
707 4575 792 4625 SS.
819 4575 1095 4626 Pontiﬁces.

398 4663 554 4717 1035.
631 4661 825 4714 Bsnsn.
845 4658 976 4712 Vlll.

397 4800 554 4856 1060.
631 4799 816 4854 Νιεοι..
858 4798 920 4852 ΙΙ.

1170 4729 1430 4784 nascitur.

1101 4657 1386 4714 Anselmus
1431 4656 1687 4728 Augusta:
1719 4655 1787 4710 ad
1834 4653 2049 4725 Alpium
2085 4653 2298 4707 radices
2335 4665 2403 4706 ex
2449 4646 2770 4716 Gondulpho
2808 4652 2960 4716 patre
2997 4652 3054 4698 et
3092 4640 3461 4712 Ermengarda
3490 4650 3668 4696 matre

1446 4796 1668 4852 orbatus
1687 4836 1701 4860 ,
1727 4794 1902 4850 mtatis
1932 4808 2044 4848 sua:
2073 4807 2164 4846 an.
2186 4791 2277 4854 27,
2310 4790 2598 4845 Anselmus
2620 4788 2850 4860 Becenm
2874 4771 3120 4860 venit,et
3142 4783 3212 4860 ibi
3249 4780 3347 4838 sub
3374 4780 3664 4860 llerlnino,

1178 4871 1398 4942 huiusce
1444 4854 1698 4924 coenobii'
1726 4864 2012 4920 fundatore
2056 4878 2121 4918 ac
2162 4862 2337 4933 primo
2374 4861 2605 4925 abbate,
2659 4873 2724 4912 ac
2769 4854 3074 4911 Lanfranco
3108 4854 3290 4924 priore
3328 4855 3664 4908 monachum

1178 4940 1370 4995 induit.

395 5012 552 5070 1065.
627 5012 800 5067 ALEx.
839 5010 902 5067 ll.

1167 5079 1482 5136 monasterii
1508 5079 1678 5136 Drior.

1102 4992 1422 5075 Anﬁse‘lmus,
1465 5009 1772 5063 Lanfranco
1826 5007 1878 5060 in
1929 5003 2280 5060 Cadomensis
2331 4999 2565 5056 coenobii
2614 4997 2862 5054 abbatem
2905 5003 3215 5066 assumpto,
3263 4993 3325 5049 fit
3371 4992 3662 5048 Beccensis

1103 5133 1683 5218 Scribithibfondogion
1708 5187 1724 5214 ,
1777 5145 2087 5218 Proslogion
2112 5184 2141 5218 ,_
2162 5143 2359 5218 Contra
2390 5139 2737 5218 Gaunifenent
2768 5138 3179 5218 respondentem,
3193 5151 3293 5218 pro
3335 5133 3614 5218 insipiente
3643 5174 3658 5198 ,

1167 5204 1251 5276 DE
1267 5204 1516 5282 ueritate,
1545 5204 1622 5273 De
1651 5204 1777 5272 casu
1813 5204 2011 5270 diaboli
2038 5256 2054 5280 ,
2103 5204 2180 5268 De
2233 5213 2469 5267 libertate
2515 5211 2720 5264 arbitrii
2747 5250 2764 5276 ,
2799 5204 2876 5264 De
2909 5207 3266 5263 Grammalico
3295 5246 3311 5272 ,
3345 5204 3652 5259 Meditatio-

1169 5308 1286 5346 nem
1309 5305 1327 5342 :
1361 5290 1582 5344 Τειιιιετ
1635 5305 1704 5344 ne
1727 5329 1742 5353 ,
1774 5296 1904 5350 etc.,
1933 5296 1989 5340 et
2016 5286 2166 5339 alias.

398 5365 554 5419 1078.
627 5365 796 5422 Gnsc.
840 5340 957 5421 v11;

397 5434 553 5489 I079.

396 5571 552 5629 1088.
630 5574 830 5631 Unam.
874 5577 933 5632 ll.

1166 5714 1341 5783 'potuit
1381 5716 1588 5770 adesse.

1099 5361 1358 5417 Herluino
1391 5376 1464 5414 vn
1493 5360 1610 5414 Kal.
1646 5347 2834 5429 Septemb._lmmani§esempto,__Anselmu_s
2859 5349 3190 5429 in_abbatem
3211 5347 3414 5429 electus
3442 5354 3546 5400 est.

1105 5431 1426 5487 Benedictus
1453 5439 1537 5486 est
1572 5429 1624 5484 in
1665 5418 1892 5485 ecclesia
1924 5427 2076 5481 Becci
2105 5443 2135 5481 a
2165 5418 2469 5480 Oislebcito
2500 5422 2811 5477 Ebroicensi
2851 5421 3125 5489 episcopo.
3159 5419 3216 5473 lu
3249 5418 3498 5489 Angliam
3525 5430 3656 5489 pro-

1169 5502 1448 5556 ficiscitur.
1489 5502 1793 5556 Cantuariae
1825 5500 1875 5552 in
1905 5507 2172 5552 conventu
2205 5495 2433 5549 fratrum
2465 5507 2771 5548 sermonem
2809 5487 3167 5546 deeliaritatc
3191 5489 3428 5544 fraterna
3464 5487 3656 5544 habet.

1096 5572 1410 5628 Anselmum
1442 5573 1507 5627 ad
1538 5587 1597 5626 se
1627 5570 1942 5626 Guillelmus
1973 5569 1991 5621 l
2029 5567 2232 5639 Anglia!
2264 5580 2386 5639 rex,
2440 5580 2509 5639 eo
2531 5564 2718 5639 morbo
2749 5576 2856 5630 quo
2897 5562 3146 5630 proxime
3185 5558 3416 5639 decessit
3462 5557 3651 5639 nigra-

1173 5651 1463 5707 vescente,
1502 5642 1752 5697 accersit.
1810 5641 1927 5710 Ipse
1983 5627 2164 5709 regem
2215 5627 2384 5703 adit,'
2419 5635 2511 5692 sed
2563 5627 3059 5703 morbo—correptus
3099 5631 3210 5704 regi
3259 5627 3654 5686 morienti’non
