3882 6050
364 274 468 335 135
1418 266 1476 321 S.
1508 262 1808 320 ANSELMI
1850 261 2199 319 CANTUAR.
2230 259 2550 315 ARClllEl’.
3519 252 3626 308 136

433 418 3615 458 Μ*

966 582 1439 677 CARMEN
1520 581 1645 669 IN
1720 577 2203 668 LAUDEM
2270 576 2362 664 S.
2442 572 3002 663 ANSELMI.

362 948 517 1005 “and
542 941 795 998 habitare
830 949 1015 1007 parem
1054 943 1255 991 sumas,
1280 925 1443 980 Pater
1486 918 1647 981 alme,
1705 911 1934 969 salutem
1964 912 2014 968 Α
2047 999 2089 1007 _
2214 918 2397 1007 tamen
2418 912 2472 966 in
2500 913 2659 969 terris
2684 915 2801 983 ipse
2822 923 3099 985 superstes
3124 917 3254 984 eris,

433 999 604 1106 Quam
638 1046 758 1087 mea
784 999 1091 1098 disparibus
1117 1032 1268 1074 musa
1291 1013 1440 1070 vehit
1462 1007 1709 1106 pedibus.
2046 999 2783 1106 Ειξίρίξῑ.1)¹“ίῐηο.(1υοηί³ῐη
2810 1016 2862 1061 ιθ
2891 1008 3132 1076 8³ι¹ἀθ⁰⁵
3160 1011 3309 1066 curia
3337 1014 3483 1078 κωκυ

362 1093 514 1198 ρυξά
537 1141 657 1181 mea
671 1134 823 1176 musa
838 1093 1001 1188 pedes
1028 1111 1122 1165 tibi
1140 1108 1384 1164 scribens
1406 1116 1513 1156 non
1541 1097 1713 1153 habet:
1735 1106 1943 1163 aequos,
2050 1183 2086 1198 ﬁ
2210 1093 2602 1197 tibipromissa
2626 1097 2755 1152 sede
2776 1097 2982 1154 locatus
3010 1100 3143 1155 eris.

434 1220 760 1289 Paupertate
782 1183 888 1265 mei
911 1204 1140 1274 contigit
1172 1197 1396 1270 ingenii.
1490 1283 1535 1289 ῃ
1696 1282 1709 1289 ⁸
2046 1183 2223 1289 Credo
2253 1186 2360 1289 tuis
2394 1188 2682 1289 hominum.
2697 1187 2876 1289 nullus
2914 1192 3171 1247 succedet
3208 1193 3437 1253 habenis

361 1276 595 1367 Laudai'i
618 1305 798 1377 proles
826 1311 1113 1372 procerum
1142 1292 1280 1364 pede
1304 1290 1464 1345 debet
1490 1282 1732 1340 Homeri.
2048 1366 2085 1377 Α
2114 1276 2171 1331 In
2201 1276 2444 1377 bonitate
2475 1289 2565 1377 tua
2592 1281 2683 1352 qui
2716 1283 3030 1377 moderetur
3055 1298 3169 1341 eas.

434 1403 510 1456 Da
549 1366 785 1459 veniam,
816 1366 969 1447 timui
996 1387 1235 1458 pondera
1274 1389 1421 1437 tanta
1456 1378 1589 1449 pati.
2044 1366 2181 1423 Cum
2210 1368 2352 1425 Deus
2373 1372 2712 1443 omnipotens
2737 1375 3130 1446 protoplastum
3160 1376 3290 1434 fecit
3320 1381 3631 1455 abyleu'l),

363 1490 621 1552 Materiae,
645 1488 840 1547 fateor,
876 1495 993 1535 sum
1025 1485 1187 1532 tanta:
1215 1472 1450 1544 pondere
1480 1482 1697 1539 pressus
1718 1507 1735 1532 ,
2060 1550 2083 1552 Μ
2118 1459 2194 1514 Te
2223 1462 2431 1517 nostris
2463 1465 2614 1520 nasci
2643 1467 2972 1535 temporibus
2995 1469 3181 1524 voluit.

434 1582 544 1635 Nec
574 1550 691 1633 mea
724 1589 874 1630 musa
908 1572 985 1627 rei
1010 1569 1239 1625 sustinet
1263 1563 1423 1634 hujus
1449 1578 1608 1618 onus.
2043 1550 2156 1606 Cur
2177 1561 2353 1609 tamen
2392 1556 2494 1611 hoc
2516 1557 2702 1625 voluit,
2730 1559 2835 1615 nisi
2861 1561 3003 1630 quod
3033 1570 3084 1617 te
3104 1574 3329 1619 noverat
3361 1576 3489 1621 ante

367 1670 692 1728 lndefective
718 1664 832 1734 jam
858 1664 903 1718 si
930 1677 1046 1716 mea
1071 1666 1291 1731 pectora
1319 1655 1575 1719 clament,
2117 1644 2285 1702 Posse
2315 1652 2612 1707 cruentatis
2655 1651 2808 1708 frena
2831 1669 3030 1724 parare
3058 1656 3232 1727 lupis?
3323 1681 3341 1701 ο

433 1764 496 1817 Et
524 1775 640 1815 mea
664 1757 909 1813 centenis
936 1752 1162 1808 vocibus
1184 1764 1280 1804 ora
1313 1754 1532 1811 sonent,
2045 1737 2185 1794 Ecce
2212 1750 2527 1799 cruentatus
2562 1744 2720 1814 lupus
2748 1747 2973 1813 assistit,
3002 1750 3422 1822 aggrediturque

360 1855 533 1911 Fonte
555 1849 833 1907 Caballino
856 1847 899 1902 si
932 1861 1019 1900 me
1043 1849 1320 1912 respergat
1343 1836 1552 1908 Apollo,
2115 1828 2329 1894 Caulas,
2358 1847 2478 1901 quae
2501 1832 2672 1888 ﬁrma:
2703 1844 2755 1890 te
2790 1836 3046 1909 vigilante
3072 1851 3315 1898 manent.

449 1945 530 1999 Ad
562 1950 613 1998 te
640 1939 967 1995 laudandum
997 1950 1103 1989 non
1132 1931 1263 1987 satis
1284 1944 1424 1984 unus
1446 1942 1560 1982 ero.
2045 1917 2103 1972 Si
2135 1935 2297 1990 quam
2333 1924 2541 1980 crudus
2570 1940 2724 1982 ovem
2745 1944 2876 1984 casu
2896 1929 3052 2001 lupus
3081 1948 3175 1989 ore
3200 1948 3476 2006 cruentat,

362 2038 441 2092 Tu
468 2048 762 2108 generosus
789 2034 971 2091 homo,
997 2024 1317 2095 magnisque
1347 2015 1662 2091 parentibus
1681 2024 1831 2069 ortus
1855 2054 1870 2079 ,
2046 2099 2091 2108 υ
2114 2010 2311 2108 Evadit
2334 2011 2521 2070 fauces
2549 2025 2602 2071 te
2636 2032 2962 2088 properante
2990 2021 3119 2093 lupi.

432 2099 739 2193 Eitsuperas
761 2132 973 2174 morum
1014 2113 1295 2170 nobilitate
1321 2122 1510 2180 genus.
2045 2099 2224 2155 Mundi
2258 2110 2552 2174 tempestas
2583 2107 2818 2176 aliquem
2844 2111 2889 2164 si
2921 2112 3123 2181 depulit
3145 2114 3212 2169 ad
3250 2123 3323 2182 te,

361 2215 478 2271 Jam
507 2223 599 2279 tua
627 2213 771 2268 fama
798 2211 1017 2266 domum
1045 2205 1176 2261 solis
1206 2200 1431 2273 replevit
1461 2207 1773 2265 utramque.
1974 2252 2017 2311 Β
2049 2194 2465 2311 nfirmamenta
2495 2200 2662 2266 ratis,
2687 2216 2756 2257 ne
2777 2214 2984 2272 pereat,
3019 2206 3221 2263 reﬁcis.

435 2309 502 2363 Et
525 2306 686 2361 talem
710 2307 943 2359 mundus
969 2298 1166 2371 gaudet
1193 2296 1395 2351 habere
1416 2293 1657 2347 Patrem.
1975 2281 2017 2311 υ
2046 2281 2253 2338 Divinis
2279 2287 2446 2343 armis
2484 2287 2774 2345 instantem
2811 2293 3045 2362 perculis
3075 2296 3305 2353 hostem.

272 2394 279 2399 ’
363 2399 493 2453 Axis
514 2406 568 2454 et
590 2396 855 2453 australes
881 2403 931 2449 te
960 2392 1109 2447 novit
1140 2387 1635 2459 hyperboreusque,
2118 2376 2326 2433 Divmis
2359 2379 2531 2434 armis
2554 2388 2665 2435 tuta
2686 2383 2915 2452 quiescit
2943 2388 3080 2443 ovis.

434 2489 677 2559 Parsque
706 2487 811 2542 tuis
832 2484 1018 2538 mundi
1046 2480 1195 2535 nulla
1226 2486 1377 2533 caret
1409 2473 1638 2530 meritis.
2043 2466 2198 2559 Quod
2238 2468 2430 2537 nolles,
2458 2472 2638 2526 ovium
2678 2475 2843 2542 periit
2875 2485 3055 2533 tamen
3086 2495 3193 2535 una
3236 2491 3484 2549 tuarum;

363 2578 521 2633 Fulta
555 2557 662 2632 tuis
688 2576 899 2631 meritis
923 2575 1099 2628 sinon
1150 2569 1289 2625 foret
1308 2566 1529 2638 Anglica
1559 2573 1723 2632 terra,
2116 2557 2230 2613 Nec
2254 2561 2399 2629 perit
2434 2577 2499 2617 ex
2533 2573 2666 2631 toto,
2699 2567 2745 2621 si
2774 2567 2997 2637 vigilare
3026 2570 3180 2627 velis.

439 2673 731 2729 Corrueret
754 2670 869 2725 vitii
898 2667 1134 2738 pondere
1154 2676 1352 2733 quassa
1387 2662 1491 2715 sui.
1688 2661 1694 2667 '
2046 2648 2172 2704 Haec
2194 2651 2261 2705 de
2289 2667 2397 2722 qua
2424 2654 2564 2720 dico,
2603 2656 2869 2713 babalans
2891 2669 2974 2715 est
2994 2665 3283 2734 presbyter
3304 2665 3479 2738 Hugo,

370 2766 469 2821 llla
506 2765 614 2819 tuis
637 2761 866 2827 meritis,
896 2760 1089 2824 fateor,
1121 2756 1266 2811 valet
1300 2762 1462 2824 atque
1491 2751 1712 2816 valebit,
2114 2740 2350 2799 Abstulit
2377 2747 2428 2800 in
2458 2748 2708 2819 sc0pulos
2736 2765 2893 2821 quem
2918 2769 3015 2809 sua
3041 2756 3289 2813 stultitia.
3650 2822 3661 2831 ι

436 2858 611 2926 Atque
645 2854 751 2909 tuis
781 2851 1032 2923 precibus
1061 2864 1129 2904 ue
1157 2848 1316 2903 cadat
1342 2845 1599 2901 efﬁcitur.
2048 2833 2152 2891 Sed
2177 2835 2431 2906 quoniam
2450 2879 2466 2904 ,
2491 2838 2672 2907 Pater,
2696 2854 2780 2898 est
2808 2845 3019 2901 miseris
3048 2848 3220 2918 pietas
3250 2859 3338 2905 tua
3363 2853 3561 2910 vallum
3585 2897 3601 2921 ,

365 2950 498 3017 Quis
537 2957 591 3003 te
619 2961 727 3002 non
754 2944 896 3000 norit
922 2955 1175 2998 mensura
1198 2939 1385 2993 vivere
1411 2936 1584 2991 recti?
2052 3016 2087 3017 η
2118 2927 2412 2995 Αυιηίιηηι
2442 2947 2646 3001 Quaeso.
2678 2935 2876 2990 sentiat
2908 2937 2996 2994 ille
3029 2948 3199 2994 tuum.

435 3039 566 3108 Quis
591 3046 642 3093 te
672 3044 984 3092 sanctorum
1008 3031 1182 3087 nescit
1206 3029 1405 3085 habere
1437 3026 1628 3081 ﬁdem?
2047 3016 2158 3073 lloc
2189 3021 2330 3089 quod
2363 3023 2497 3077 vivit
2527 3025 2724 3092 adhuc,
2751 3030 2893 3097 quod
2936 3046 3043 3086 non
3080 3042 3164 3087 est
3192 3033 3394 3090 lumina
3431 3035 3632 3106 fossus,

368 3131 447 3187 Tu
485 3131 859 3199 delinquentes
884 3125 1116 3196 castigas
1145 3122 1370 3177 verbere
1399 3120 1575 3178 dulci:
2116 3109 2376 3166 Effectum
2404 3129 2531 3168 cura
2567 3117 2687 3186 quis
2715 3128 2873 3189 neget
2899 3136 3020 3177 esse
3049 3125 3176 3177 tua?

434 3221 512 3276 Nc
538 3233 767 3290 peccare
794 3216 989 3281 velint,
1025 3216 1139 3285 ipse
1169 3227 1354 3267 mones
1382 3210 1651 3265 homines“.
2046 3200 2180 3255 Nam
2211 3203 2311 3256 nisi
2343 3213 2393 3258 te
2422 3205 2602 3261 rabies
2635 3208 2905 3265 timuisset
2934 3226 3072 3267 saeva
3112 3214 3361 3285 luporum
3384 3257 3400 3281 ,

364 3314 562 3383 Arguis
600 3319 660 3365 ut
698 3309 862 3364 debes
885 3307 1132 3362 homines
1162 3312 1386 3374 peccata
1414 3304 1706 3358 lucrantes.
2116 3293 2285 3359 Quem
2319 3310 2422 3349 non
2453 3311 2642 3353 carcer
2675 3300 2869 3365 habet,
2904 3318 3035 3357 erux
3067 3306 3316 3362 habitura
3346 3309 3505 3364 foret.

437 3404 514 3460 Te
536 3403 786 3459 mercede
817 3408 968 3455 caret
988 3398 1174 3469 judice
1200 3405 1355 3452 curta
1385 3397 1538 3451 ﬁdes.
2048 3383 2143 3438 Est
2165 3400 2348 3455 grave,
2378 3389 2663 3456 conﬁteor,
2695 3394 2839 3461 quod
2869 3397 3143 3451 commisit
3175 3400 3341 3455 miser
3366 3401 3487 3467 ille,

366 3493 552 3549 Judice
589 3503 642 3548 te
674 3493 825 3547 dives
853 3497 1111 3560 peccator
1131 3487 1263 3541 vivit
1292 3502 1513 3558 egenus,
2121 3475 2224 3530 Sed
2263 3492 2368 3531 non
2398 3481 2611 3535 excedit
2639 3483 2792 3552 culpa
2821 3488 3002 3555 gravis
3032 3490 3265 3545 veniam.

437 3590 504 3644 Et
535 3588 782 3644 dominus
811 3599 1041 3654 nequam
1073 3591 1158 3637 sat
1180 3582 1344 3636 miser
1372 3589 1456 3635 est
1483 3578 1736 3633 famquS.
1973 3610 2016 3671 Ο
2049 3567 2181 3671 Quis
2209 3584 2368 3637 quam
2396 3573 2601 3636 primus
2631 3575 2792 3631 homo
2814 3580 3059 3648 peccavit
3083 3585 3331 3640 acerbius
3361 3584 3629 3656 unquam?

368 3682 529 3738 Solus
552 3681 604 3735 in
629 3680 732 3734 hoc
761 3692 898 3743 aevo,
927 3675 1107 3738 Pater,
1131 3687 1190 3729 es
1214 3671 1498 3728 laudabilis
1525 3685 1657 3725 aevo.
1977 3659 2016 3671 "
2119 3659 2264 3715 Illius
2294 3662 2499 3720 interiit
2525 3667 2683 3739 culpa
2736 3680 2915 3725 tamen
2959 3674 3134 3728 venia.

437 3772 595 3828 Solus
619 3768 787 3825 habes
816 3768 960 3833 vitae,
984 3765 1069 3820 vir
1095 3764 1422 3831 venerande,
1455 3763 1693 3817 modum.
2046 3753 2222 3807 Altius
2253 3755 2505 3826 incipiam
2539 3777 2552 3812 :
2584 3763 2706 3830 quis
2730 3756 3002 3820 eritJuda:
3027 3767 3215 3822 sceleri
3245 3770 3378 3837 par?

369 3864 525 3921 Solus
550 3878 608 3919 es
630 3863 685 3917 in
716 3860 880 3916 terris
914 3858 1118 3914 deﬂens
1146 3866 1371 3928 peccata
1399 3855 1686 3910 malorum.
2120 3843 2272 3908 "llic:
2301 3862 2442 3911 "30":
2468 3863 2589 3903 e559
2626 3864 2809 3905 comes
2836 3853 2979 3906 "una
3017 3865 3193 3923 Ροίοει
3215 3859 3390 3913 chi”-

439 3955 520 4009 Τη
554 3953 700 4009 solus
730 3951 933 4006 umidis
953 3964 1012 4005 es
1043 3949 1309 4003 medicina
1347 3947 1475 4001 reis,
2047 3934 2205 3988 Caede
2237 3945 2413 3990 tamen
2441 3954 2595 3993 sacra
2629 3941 2874 3997 madidus
2900 3945 2944 3998 si
2976 3947 3346 4018 paenituisset,

369 4045 466 4100 His
496 4057 710 4113 quoque
734 4055 834 4109 pro
870 4038 1079 4093 meritis
1103 4038 1315 4100 merito,
1344 4035 1503 4089 Pater
1528 4036 1732 4104 Optime
1766 4042 1874 4087 toto
2118 4024 2218 4090 Qui
2245 4026 2363 4096 pius
2395 4038 2478 4083 est
2502 4032 2732 4097 cunctis,
2766 4048 2870 4087 non
2890 4033 3040 4090 ferus
3067 4047 3215 4093 esset
3237 4042 3307 4095 ei.

436 4134 533 4187 Es;
556 4138 909 4202 propagatum
936 4144 1130 4182 nomen
1158 4128 1211 4181 in
1238 4128 1370 4182 orbe
1395 4135 1566 4181 ιυιηη,
2050 4114 2129 4168 Tu
2161 4117 2361 4171 debere
2386 4134 2601 4173 manum
2626 4121 2760 4177 dicis
2789 4139 3091 4194 supponere
3115 4131 3283 4195 nanti,

367 4225 646 4278 lntereunt
666 4237 797 4275 casu
823 4234 943 4290 qua:
969 4220 1201 4287 primum
1233 4232 1424 4288 magna
1445 4216 1682 4280 fuerunt,

2119 4206 2198 4260 Ne
2222 4207 2501 4275 demergat
2524 4224 2645 4264 eum
2672 4227 2793 4282 qua:
2830 4217 2980 4271 venit
3009 4222 3149 4274 unda
3180 4222 3365 4275 maris.

440 4312 548 4366 Nec
571 4325 895 4381 quemquam
923 4318 1073 4364 certo
1104 4308 1273 4362 limite
1298 4307 1405 4361 fata
1434 4318 1643 4376 regunt.

2051 4293 2308 4365 Mergitur
2330 4299 2437 4362 hic,
2463 4301 2683 4371 puppim
2725 4318 2917 4376 magna
2948 4306 3178 4365 feriente
3218 4313 3483 4381 procella;

368 4402 468 4471 Qui
494 4402 653 4456 modo
685 4402 834 4455 dives
855 4409 991 4465 erat,
1019 4398 1248 4454 fortunae
1268 4400 1473 4453 corruit
1496 4399 1626 4452 ictu.
2121 4388 2186 4440 Ει
2210 4388 2261 4440 ni
2291 4388 2404 4458 iam
2442 4406 2720 4463 Ρτορετοεν
2746 4397 2852 4452 Vlla
2883 4399 3138 4472 relinqmt
3175 4420 3319 4459 eum.

447 4493 623 4561 Atque
652 4491 811 4546 modo
839 4507 960 4545 cum
987 4492 1109 4555 sim,
1136 4504 1242 4544 non
1265 4504 1389 4545 rem.
1415 4505 1534 4545 esse
1552 4491 1662 4545 diu,
2049 4476 2129 4531 Ex
2167 4479 2255 4533 illo
2287 4489 2396 4536 toto
2421 4483 2594 4538 solum
2623 4498 2786 4555 caput
2815 4491 3018 4546 eminet
3056 4496 3245 4561 undis;

371 4582 483 4637 lioc
507 4595 613 4634 non
649 4581 930 4634 attendunt
957 4594 1092 4647 quos
1119 4580 1301 4634 mundi
1337 4579 1505 4650 gloria
1538 4580 1705 4645 ducit,
2119 4570 2270 4636 Quod
2298 4573 2341 4626 si
2371 4586 2662 4644 mergatur,
2695 4578 2778 4632 hei
2806 4581 2966 4635 mihi!
2993 4584 3101 4638 vita
3134 4586 3288 4658 fugit.

442 4673 692 4740 Quosque
722 4671 911 4725 fefellit
950 4686 1103 4725 amor
1137 4687 1242 4724 non
1280 4672 1504 4728 satiatus
1532 4688 1708 4742 opum.

2049 4660 2193 4716 illius
2217 4676 2344 4732 ergo
2367 4678 2560 4731 precor
2585 4665 2758 4721 fracto
2788 4684 3043 4726 succurre
3078 4676 3327 4744 phaselo,

369 4765 439 4818 Αι
482 4770 559 4829 tu,
581 4762 855 4830 malum
881 4762 972 4830 qui
996 4773 1212 4831 spectas
1243 4763 1384 4831 quod
1411 4764 1797 4833 sequiturque,
2118 4751 2247 4817 Qua:
2269 4754 2493 4822 nullum,
2527 4756 2629 4810 nisi
2671 4758 2784 4822 (les,
2811 4760 2960 4818 littus
2992 4764 3189 4823 habere
3214 4779 3408 4838 potest.

442 4853 562 4907 Scis
593 4854 718 4921 quia
755 4866 874 4922 quae
902 4852 1059 4907 modo
1094 4861 1219 4908 sunt
1260 4854 1538 4909 interitum
1569 4856 1800 4925 capient.

2047 4843 2153 4895 Aut
2180 4845 2344 4914 igitur
2369 4861 2667 4916 properans
2694 4859 2781 4904 tua
2821 4868 2950 4909 cura
2981 4860 3284 4917 metlebitur
3310 4863 3418 4934 illi,

371 4953 496 5011 115cc
522 4968 641 5023 quae
662 4967 760 5023 per
780 4952 1009 5023 spatium
1034 4952 1122 5007 vix
1153 4953 1351 5008 durant
1388 4955 1548 5009 ttnius
1573 4955 1717 5008 horae
1972 4960 2021 5019 1)
2117 4937 2222 4992 Αυι
2248 4939 2395 4994 “uno
2435 4952 2580 4997 εοτιθ
2610 4950 2853 5012 tempore
2882 4962 3047 5006 sanus
3074 4955 3200 5009 erit.

443 5046 631 5102 Credis
670 5046 944 5117 perpetuis
973 5046 1357 5117 xquipamnda
1380 5048 1556 5111 bonis,
2047 5027 2138 5082 llle
2168 5028 2264 5083 fuit
2295 5030 2477 5085 multis
2501 5041 2555 5086 et
2577 5036 2790 5103 magnis
2810 5035 2975 5093 fultus
3000 5043 3206 5111 amicis,

373 5136 588 5191 Natura:
614 5136 1045 5207 paretquidquitl
1075 5135 1302 5190 mortale
1332 5143 1579 5200 creatur;

2119 5118 2253 5171 Dum
2279 5119 2491 5174 ridebat
2516 5122 2563 5175 ei
2588 5137 2706 5191 qua:
2729 5134 2837 5179 stat
2863 5127 2915 5180 in
2941 5131 3071 5187 orbe
3097 5135 3191 5188 (lea
3220 5153 3232 5189 :

442 5228 698 5297 Quodque
728 5226 831 5282 ςυίι
858 5228 1149 5296 quondam,
1185 5227 1380 5281 desinit
1404 5239 1521 5279 esse
1550 5225 1727 5281 modo.
2048 5207 2176 5273 Quce
2198 5220 2479 5278 postquam
2518 5212 2685 5266 risum
2713 5215 2945 5278 subitam
2976 5225 3241 5276 contraxit
3266 5226 3315 5278 in
3349 5226 3480 5280 iram
3500 5268 3514 5293 ,

376 5316 453 5371 Τυ
485 5332 696 5387 quoque
721 5318 937 5388 parebis
966 5317 1146 5381 mani,
1172 5318 1265 5372 sed
1307 5317 1521 5386 dispare
1550 5326 1761 5382 tractu;
2118 5299 2238 5354 Illos
2265 5316 2368 5356 non
2399 5303 2735 5375 puduitquiu
2764 5317 2908 5363 retro
2938 5321 3085 5381 terga
3111 5315 3320 5369 darent.

446 5409 554 5463 Nec
575 5419 627 5464 tu
651 5427 771 5465 cum
797 5411 1038 5482 reprohis
1072 5411 1185 5479 ipse
1216 5409 1472 5465 locandus
1500 5410 1624 5465 eris.
2052 5390 2203 5445 Illum
2232 5394 2468 5448 nonnulli
2493 5413 2600 5450 non
2637 5413 2758 5452 cum
2791 5402 3001 5455 ratione
3038 5409 3369 5475 remordent,

375 5499 454 5555 Tu
485 5516 606 5555 cum
632 5502 864 5556 mulabis
891 5511 1085 5557 terram
1112 5500 1249 5555 coelo
1271 5500 1513 5571 potieris,
2122 5482 2398 5581 Nec,.quia
2433 5486 2684 5558 desipuit,
2715 5505 2872 5546 nosse
2892 5492 3129 5549 fatentur
3164 5514 3305 5553 eum.

447 5630 559 5703 (Π)
597 5630 831 5694 "Aeneia;
870 5633 1213 5700 inconsultus,
1242 5649 1399 5703 pravo
1427 5632 1642 5689 consilio
1664 5634 1929 5689 incitatus.
