3882 6050
275 165 378 220 I37
1363 168 1644 225 CARMEN
1685 167 1748 222 IN
1780 167 2062 224 LAUDEM
2102 173 2157 226 S.
2194 171 2512 229 ANSELMI.
3439 185 3536 242 158

257 280 352 344 At,
382 285 534 348 puto,
563 293 684 333 cum
713 287 924 348 poterat
951 293 1116 334 sanus
1142 279 1315 334 vitare
1354 281 1596 342 ruinam,
1871 288 1916 344 Α
2019 282 2194 348 Illum,
2222 294 2407 338 sancte
2435 285 2615 348 Pater,
2641 301 2823 355 qntnso
2861 297 3210 344 tuerc’reum.

334 369 446 425 lIac
469 371 658 426 incede
683 371 790 436 via,
822 373 1006 428 dicere
1031 373 1350 428 debuerant.
1954 376 2152 431 Sancte
2177 373 2269 430 Dei
2293 378 2485 442 cultor,
2517 378 2638 432 fidei
2667 378 2806 443 fons,
2840 396 3005 450 pecus
3034 392 3263 447 amator,

260 461 414 519 Nunc
447 463 521 518 illi
556 465 726 520 fracta
755 465 878 520 navi
907 466 1034 534 quid
1070 467 1253 521 dicere
1281 465 1520 535 prodest,
1894 466 1899 471 ’
2022 468 2182 536 Spes,
2215 470 2398 536 decus,
2433 469 2712 532 auxilium,
2745 472 2878 538 vita,
2910 473 3057 528 salus
3086 474 3386 540 hominum,

235 587 242 613 1
332 553 563 610 Currere
585 557 804 611 cautius
835 556 938 610 hoc
960 572 1059 627 per
1086 571 1235 612 mare
1263 557 1552 615 debueras.
1949 559 2128 628 Usque
2161 561 2302 628 quod
2333 569 2417 614 est
2447 561 2643 625 dicam,
2681 563 2870 630 patria)
2902 565 3065 618 totius
3088 565 3317 636 asylum.

259 645 404 717 Ergo
429 649 731 703 communis
762 665 884 704 cum
908 649 982 704 sis
1013 650 1179 704 tutela
1213 664 1458 715 reorum,
2023 653 2190 709 Unica
2229 653 2372 708 scala
2401 655 2529 723 poli,
2558 670 2656 708 nec
2680 655 2908 722 ruitura,
2939 656 3076 711 vale.

878 956 1541 1130 EIPICEDION
1621 994 1748 1083 IN
1807 990 2279 1086 OBITUM
2345 993 2930 1086 EJUSDEM.

254 1294 506 1349 Praesulis
530 1295 789 1360 Anselmi,
813 1309 974 1365 quem
1005 1311 1176 1365 nuper
1205 1296 1384 1351 obisse
1407 1297 1670 1364 dolemus,
1943 1295 2185 1366 Denique
2214 1297 2257 1350 si
2293 1295 2522 1352 referam
2555 1309 2758 1368 quanto
2789 1297 3075 1368 splendore
3100 1301 3302 1370 sophia

324 1384 597 1442 Laudibus
621 1387 794 1456 aptari
824 1387 1006 1442 littera
1037 1397 1218 1441 nostra
1249 1387 1422 1456 cupit.
2013 1387 2105 1442 llle
2141 1389 2343 1443 niteret
2373 1390 2554 1455 homo,
2585 1391 2706 1459 quis
2737 1390 2868 1445 mihi
2901 1393 3085 1446 credet
3117 1393 3313 1448 homo?

251 1477 344 1530 Est
371 1487 552 1532 tamen
587 1494 617 1532 a
649 1489 798 1534 tanto
819 1478 963 1548 quod
1000 1494 1086 1533 me
1113 1479 1389 1534 deterreat
1422 1496 1588 1543 ausu,
1941 1475 2143 1534 Omnes
2164 1481 2216 1534 ni
2249 1480 2423 1547 fallor,
2454 1496 2590 1550 quos
2616 1490 2857 1551 tempore
2885 1482 3162 1539 cernimus
3185 1484 3288 1540 isto

319 1569 397 1624 Ne
431 1587 519 1626 res
541 1572 701 1626 chara
730 1587 909 1626 meum
953 1587 1057 1625 non
1082 1580 1227 1626 amet
1250 1571 1546 1641 ingenium.
2014 1569 2234 1626 Vicerat
2267 1573 2472 1628 electos
2501 1575 2860 1644 egregiosque
2894 1574 3060 1630 viros.

249 1663 550 1732 Aggrediar
577 1678 724 1730 vero,
755 1663 822 1718 de
855 1663 1056 1718 Christi
1087 1677 1315 1718 munere
1342 1663 1534 1730 fidens,
1867 1705 1910 1763 Β
1941 1661 1996 1716 Si
2031 1664 2162 1718 mihi
2194 1682 2302 1719 non
2333 1667 2530 1730 credis,
2562 1667 2706 1722 illius
2742 1667 2999 1737 opuscula
3031 1670 3225 1725 saltem

321 1753 514 1809 Dicere
550 1755 693 1823 quod
716 1769 934 1825 possum
961 1756 1026 1809 (le
1055 1755 1295 1809 bonitate
1319 1755 1442 1809 viri.
1867 1753 1910 1763 ’⁷
2009 1755 2123 1811 Νοη
2155 1759 2288 1814 mihi
2314 1775 2420 1814 non
2452 1771 2707 1831 poterunt
2733 1763 2849 1818 visa
2875 1777 3076 1834 negare
3103 1763 3286 1821 ﬁdem.

248 1843 352 1900 Res
383 1845 619 1913 pretiosa
648 1846 829 1910 nimis,
864 1861 950 1901 res
979 1846 1128 1900 utilis
1159 1855 1322 1916 atque
1349 1846 1567 1910 decora,
1935 1846 2035 1913 Qui
2067 1846 2258 1918 legisse
2283 1851 2423 1906 volet
2447 1867 2582 1920 quos
2608 1853 2904 1923 scripserat
2940 1854 3027 1908 ille
3049 1855 3288 1924 libellos,

321 1932 415 1987 Vir
440 1933 642 2000 clarus,
675 1936 891 2005 sapiens
917 1935 1005 1990 hic
1031 1945 1086 1990 et
1117 1937 1379 1990 honestus
1409 1943 1548 2001 erat,
2006 1942 2118 1998 Illic
2144 1947 2436 2016 perspiciet
2465 1963 2628 2018 quam
2663 1949 2883 2018 sapiens
2913 1948 3104 2005 fuerit.

246 2024 415 2079 Notus
435 2035 492 2080 et
519 2026 756 2096 ignotus,
779 2027 1000 2098 sapiens
1026 2027 1188 2082 simul
1216 2027 1568 2098 insipiensve,
1935 2032 2000 2088 Et
2028 2045 2176 2091 recte
2199 2039 2377 2108 sapuit
2412 2039 2503 2110 qui
2531 2039 2810 2095 Christum
2841 2057 3060 2113 semper
3090 2043 3318 2108 amavit,

316 2117 379 2171 Et
403 2127 548 2173 totns
581 2119 786 2188 pariter
807 2118 1038 2175 mundus
1057 2120 1274 2174 amabat
1299 2135 1444 2175 eum.
2003 2126 2103 2194 Qui
2131 2145 2405 2199 nunquam
2435 2131 2626 2186 sceleri
2654 2133 2884 2201 praebuit
2915 2133 3264 2203 obsequium.

246 2208 368 2280 Ejus
397 2226 554 2267 amor
581 2211 758 2267 dulcis
788 2209 1009 2268 fastidia
1038 2211 1185 2268 nulla
1209 2215 1454 2284 gerebat.
1934 2220 2079 2276 Talis
2106 2223 2306 2292 quippe
2333 2225 2443 2280 Deo
2468 2225 2737 2294 sapientia
2767 2235 2925 2296 grata
2957 2226 3228 2297 probatur

313 2302 524 2374 Cuique
551 2320 741 2376 parum
774 2304 958 2361 fuerat
976 2305 1240 2376 quidquid
1271 2314 1482 2361 amaret
1503 2318 1648 2360 eunt.
2001 2310 2131 2376 Quae
2157 2312 2344 2366 vitium
2376 2313 2629 2383 prohibet
2657 2313 3036 2386 justitiamque
3059 2315 3235 2370 docet.

246 2395 467 2465 Quoque
487 2397 662 2468 magis
689 2397 910 2453 virtutis
934 2411 1093 2468 opem
1121 2399 1338 2454 mireris
1369 2398 1424 2453 in
1455 2397 1577 2468 illo,
1933 2400 2038 2458 Sed
2068 2403 2134 2458 de
2148 2403 2386 2472 justitia,
2409 2420 2531 2475 ,qua
2557 2405 2769 2477 plenius
2801 2407 2889 2462 ille
2924 2407 3170 2479 vigebat,

309 2486 523 2543 Charus
552 2488 854 2544 habebatur
887 2490 1138 2546 hostibus
1168 2490 1283 2561 ipse
1311 2491 1446 2546 suis.
2001 2493 2269 2561 Quiddam
2302 2497 2518 2554 dicendi
2545 2508 2758 2569 tempus
2787 2501 2980 2556 adesse
3014 2516 3156 2556 reor.

246 2578 446 2650 Nempe
472 2580 626 2636 fuere
644 2581 746 2636 viri
773 2581 888 2654 (48)
912 2597 1048 2653 quos
1069 2580 1186 2652 ejus
1214 2598 1376 2638 causa
1392 2585 1684 2654 gravabat;
1929 2581 1975 2639 0
2008 2601 2171 2655 quam
2190 2585 2372 2656 justus
2397 2600 2516 2645 erat
2541 2591 2634 2662 qui
2663 2606 2770 2648 non
2797 2591 3025 2648 adversa
3064 2593 3304 2659 timeret,

308 2669 738 2743 Laudabantque
793 2683 973 2730 tamen
1013 2675 1158 2744 quod
1188 2675 1364 2731 bonus
1387 2675 1504 2744 ipse
1543 2674 1704 2732 foret.
1999 2675 2110 2734 Nec
2136 2677 2258 2748 plus
2295 2695 2457 2750 quam
2486 2682 2620 2737 satis
2647 2690 2733 2736 est
2760 2697 3019 2753 prospera
3049 2683 3323 2754 diligeret.

243 2761 510 2831 Quidquid
537 2773 656 2818 erat
676 2766 822 2833 quod
844 2764 925 2820 eis
947 2780 1114 2834 super
1139 2766 1230 2824 illo
1257 2765 1647 2836 displicuisset,
1701 2839 1704 2844 _
1929 2765 2046 2822 Non
2084 2777 2203 2823 erat
2231 2769 2282 2823 in
2312 2770 2473 2827 rebus
2507 2773 2825 2842 quidquam,
2857 2789 3209 2844 quascunque
3233 2775 3508 2846 videmus,

311 2854 526 2909 Illorum
549 2855 729 2925 plane,
771 2871 881 2911 non
903 2871 1035 2913 suus
1060 2873 1214 2914 error
1241 2868 1379 2914 erat.
1999 2859 2150 2926 Quod
2180 2861 2420 2918 levitatis
2453 2878 2578 2919 eum
2604 2874 2823 2936 cogeret
2853 2866 2905 2919 in
2940 2867 3151 2921 vitium.

243 2943 368 2999 Tota
400 2947 622 3015 quidem
654 2947 803 3018 (quid
826 2948 972 3004 enim
1001 2949 1085 3003 vir
1112 2949 1264 3019 pravi
1298 2958 1484 3006 tantus
1523 2950 1822 3023 haberet?)
1925 2950 2072 3005 Inter
2098 2950 2337 3019 divitias,
2363 2970 2502 3027 quas
2537 2954 2869 3012 sufﬁcienter
2890 2956 3146 3024 habebat,

310 3037 441 3105 Ejus
471 3038 642 3110 odore
672 3039 817 3096 bono
839 3041 946 3095 vita
975 3042 1156 3097 suavis
1183 3051 1322 3097 erat.
1851 3055 1895 3119 ρ
1999 3037 2268 3096 Virtutum
2297 3042 2508 3114 plenus,
2533 3045 2695 3101 rebus
2717 3061 2918 3116 egenus
2942 3053 3078 3100 erat.

236 3130 462 3186 Difﬁcile
491 3133 685 3188 credas
713 3144 974 3204 quantum
997 3135 1081 3190 vir
1103 3134 1424 3204 claruitille,
1927 3132 2016 3186 Sic
2047 3133 2146 3187 sibi
2175 3135 2388 3190 vivebat
2417 3144 2474 3190 ut
2496 3135 2570 3190 nil
2603 3135 2854 3192 habuisse
2884 3148 3126 3206 putares.

308 3221 419 3279 Nec
457 3224 555 3279 tibi
590 3226 768 3296 lingua
797 3235 976 3298 potest
997 3229 1102 3283 ulla
1135 3230 1341 3286 referre
1371 3231 1525 3287 satis.

1996 3220 2244 3278 Haerebat
2283 3225 2484 3280 mundo
2505 3241 2752 3296 corpore,
2780 3242 2886 3281 non
2914 3228 3115 3281 animo.

243 3315 353 3384 Ipse
387 3318 531 3372 Deus
558 3318 709 3373 novit
737 3319 865 3389 quia
896 3335 1056 3389 spero
1082 3336 1209 3376 vera
1241 3322 1401 3377 fateri
1925 3310 2114 3366 Omnia
2141 3315 2437 3393 prudenter
2461 3324 2518 3372 et
2541 3315 2760 3384 fortiter
2780 3317 2961 3372 omnia
3000 3333 3257 3388 pensans,

307 3407 414 3463 Nec
451 3408 726 3464 laudando
752 3410 926 3465 virum
969 3410 1158 3467 fallere
1186 3428 1458 3484 quemque
1488 3415 1627 3470 volo.

1372 3428 1458 3484 lue
1488 3415 1627 3470 νοιο,
1994 3402 2223 3460 Nolebat
2250 3405 2351 3460 sibi
2385 3407 2727 3478 displicuisse
2755 3409 2905 3464 Deo.“

242 3496 428 3554 Testor
452 3499 598 3556 enim
625 3499 827 3566 Iesum,
863 3516 964 3557 nec
992 3503 1170 3558 inanis
1195 3504 1379 3573 opinio
1414 3503 1580 3570 fallit,
1923 3495 2069 3550 Inter
2099 3507 2387 3569 utrumque
2412 3516 2670 3568 manens,
2701 3501 2978 3556 moderate
3004 3511 3196 3557 cuncta
3233 3505 3476 3574 gerebat.

306 3587 458 3656 Quod
489 3591 628 3647 satis
655 3591 919 3650 innocuos
943 3591 1175 3648 duxerat
1211 3594 1302 3650 ille
1327 3595 1462 3650 dies.
1994 3585 2175 3642 0diVil
2197 3589 2364 3644 nimio
2401 3590 2660 3660 quidquid
2683 3600 2802 3646 erat
2830 3592 3083 3656 nimium.

243 3678 403 3746 Quem
436 3681 574 3738 laesit
595 3683 795 3749 verba,
817 3684 922 3740 nisi
949 3698 1112 3754 quem
1140 3699 1398 3755 peccasse
1420 3689 1678 3756 putaret?
1923 3676 2062 3732 Sunt
2095 3689 2278 3734 autem
2309 3682 2529 3750 quidam
2562 3683 2652 3752 qui
2687 3699 2772 3738 me
2802 3681 3039 3739 fortasse
3064 3685 3351 3746 notabant,

305 3770 420 3828 Hoc
449 3787 664 3842 quoque
690 3789 903 3844 aquam
926 3776 1110 3832 sobrie
1137 3774 1343 3831 iecerat
1367 3785 1530 3847 atque
1551 3779 1672 3848 pie!
1991 3766 2143 3835 Quod
2176 3771 2336 3826 tantis
2365 3771 2514 3826 illum
2543 3771 2788 3829 laudibus
2817 3773 3122 3854 extulerim.

241 3859 597 3932 Opprobrium
621 3865 813 3920 durum
841 3866 967 3937 quis
991 3867 1058 3922 ab
1083 3866 1231 3922 illius
1260 3881 1357 3922 ore
1388 3870 1636 3940 recepit?
1920 3857 2055 3912 Nam
2086 3860 2265 3915 dicent
2295 3875 2310 3914 3
2339 3860 2488 3918 Adeo
2511 3877 2615 3917 ιιοη
2639 3863 2822 3918 debili!
2849 3865 2937 3919 ille
2957 3865 3144 3930 levari.

304 3954 458 4022 Quod
481 3957 681 4013 rideret
707 3974 830 4014 eum
864 3960 1046 4016 dicere
1076 3960 1199 4029 quis
1225 3960 1434 4030 potuit?
1991 3951 2094 4019 Qui
2130 3953 2355 4008 nimium
2387 3954 2615 4026 simplex
2642 3963 2803 4025 atque
2833 3956 3092 4010 remissus
3127 3966 3264 4011 erat.

240 4045 403 4114 Quem
427 4048 566 4104 male
605 4051 881 4116 tractavit,
904 4050 990 4106 vel
1017 4051 1202 4121 inique
1232 4053 1403 4107 movit
1436 4055 1505 4110 ad
1539 4054 1712 4110 iram?
1919 4044 2042 4112 Qui.
2073 4047 2214 4102 Sic"!
2240 4047 2452 4118 legitur,
2484 4049 2721 4104 εθάυοιδε
2751 4064 2900 4104 more
2929 4049 3216 4117 εοιυιηδω,

304 4138 477 4207 Quem
507 4141 696 4197 vivens
723 4143 1002 4199 hominum
1032 4142 1224 4199 fraude
1246 4158 1343 4199 sua
1371 4145 1574 4201 nocuit.

1992 4137 2121 4204 Qua:
2151 4137 2259 4194 cito
2289 4138 2588 4208 decipitur,
2621 4139 2701 4194 sic
2739 4140 2854 4195 sine
2876 4140 3041 4196 corde
3072 4140 3192 4207 fuit,

240 4229 343 4287 Nec
370 4233 600 4287 multum
624 4233 802 4290 fuerat
827 4236 945 4290 sine
970 4234 1204 4290 crimine
1235 4236 1436 4293 ducere
1461 4238 1650 4305 vitam,

1919 4229 2019 4298 Qui
2051 4230 2338 4300 prohibere
2375 4231 2530 4287 nefas
2559 4240 2618 4285 ut
2642 4231 2839 4302 przrsul
2870 4248 2977 4288 non
3021 4234 3323 4303 satagebat,

311 4323 370 4379 Si
405 4341 511 4380 non
541 4326 759 4381 virtutis
785 4327 942 4396 plena
971 4327 1169 4383 decore
1203 4326 1324 4382 fuit.
1990 4321 2099 4378 Nec
2120 4323 2299 4393 populi
2322 4323 2580 4378 miserum
2611 4326 2937 4396 corripiebat
2970 4341 3145 4397 opus;
3405 4327 3409 4331 ’

242 4415 294 4472 Si
322 4416 518 4486 placet,
543 4417 728 4474 audito
754 4418 1130 4474 sanctissimus
1154 4417 1245 4473 ille
1265 4417 1505 4474 virorum
1849 4402 1892 4457 D
1921 4413 2021 4482 Qui
2052 4415 2242 4485 dignos
2268 4415 2456 4486 sapido
2484 4430 2588 4470 non
2618 4417 2842 4485 protulit
2866 4431 2962 4473 ore
2993 4417 3240 4486 latratus,

304 4508 576 4562 Virtutum
605 4507 799 4564 merito
822 4523 985 4579 quam
1018 4509 1293 4579 pretiosus
1325 4518 1465 4564 erat.
1994 4505 2100 4562 Sed
2125 4521 2245 4563 sese
2272 4518 2481 4562 mutum
2505 4508 2729 4578 protulit
2755 4523 2877 4564 esse
2902 4524 3123 4564 canem:

239 4599 324 4654 Est
348 4609 532 4654 tamen
556 4601 846 4665 incertum,
879 4601 1006 4670 quia
1037 4599 1269 4670 plurima
1300 4599 1456 4671 copia
1495 4600 1669 4667 fallit,
1921 4597 2022 4665 Qui
2053 4599 2155 4652 sibi
2187 4599 2533 4654 commissum
2563 4616 2668 4654 non
2695 4600 2986 4656 custodivit
3007 4602 3168 4668 ovile,

302 4690 438 4758 Quid
461 4690 614 4761 prius
645 4690 904 4760 incipiam
935 4692 1272 4760 posteriusve
1301 4691 1512 4762 loquar.
1991 4688 2100 4744 Imo
2127 4689 2303 4744 locum
2330 4690 2523 4745 sceleri
2545 4690 2932 4748 dissimulando
2953 4693 3122 4748 dedit.

236 4781 338 4835 Ceu
364 4782 553 4836 videas
587 4781 824 4851 aliquem
859 4783 952 4852 qui
982 4792 1225 4852 tempore
1251 4783 1394 4838 veris
1427 4798 1724 4849 amomum,
1917 4781 1961 4835 Ο
1991 4781 2151 4836 nimis
2174 4781 2362 4836 insane
2391 4797 2631 4852 praeceps
2661 4783 2884 4838 audacia
2913 4786 3139 4840 mentis!

300 4873 567 4929 Lecturus
595 4872 776 4939 ﬂores,
811 4873 1145 4943 ingrediatur
1167 4889 1380 4944 agrum.
1989 4871 2031 4927 Ο
2055 4889 2231 4930 czecus
2258 4873 2459 4928 tumida
2489 4890 2588 4945 pro
2624 4876 2824 4944 pietate
2853 4875 3003 4932 furor
3030 4881 3043 4932 ε

234 4964 464 5036 Cogitat,
496 4969 640 5022 hunc
669 4966 927 5034 carpam?
958 4967 1053 5020 sed
1082 4966 1238 5046 valde
1269 4966 1546 5035 pulchrior
1578 4968 1678 5023 iste
1703 4977 1806 5023 est.
1919 4963 1960 5018 Τ
1967 4981 1996 5016 ιι
2023 4965 2146 5034 quis
2171 4979 2230 5019 es
2259 4973 2315 5019 ut
2341 4981 2554 5020 servum
2584 4966 2843 5022 damnare
2867 4983 3036 5037 queas
3057 4969 3337 5025 alienum?

299 5059 448 5113 Illum
473 5059 799 5129 decerpam?
825 5057 920 5113 sed
947 5067 1206 5127 superant
1231 5057 1342 5113 alii.
1990 5053 2106 5108 Non
2134 5055 2251 5121 tibi,
2285 5058 2376 5112 sed
2401 5057 2628 5113 Domino
2650 5059 2898 5113 subditur
2921 5061 3099 5115 omnis
3125 5061 3305 5115 homo.

233 5149 595 5221 lgnorausque
623 5151 714 5204 ditt
749 5151 881 5220 quid
905 5158 1051 5220 agat,
1083 5149 1355 5205 desiderat
1383 5163 1592 5214 omnes,
1920 5145 2058 5214 Quid
2080 5148 2298 5216 prodest
2327 5148 2462 5204 alios
2491 5149 2534 5204 si
2563 5149 2764 5204 lumine
2791 5151 2970 5205 cernis
3002 5160 3182 5206 acuto.

301 5242 548 5308 Miratur,
575 5242 748 5298 nescit
770 5256 932 5311 quem
963 5242 1134 5312 magis
1153 5242 1404 5313 accipiat.
1991 5238 2126 5293 Cum
2160 5251 2338 5295 tamen
2371 5240 2484 5310 ipse
2515 5250 2661 5296 tuam
2687 5259 2791 5298 non
2815 5242 2997 5298 videas
3019 5243 3303 5298 nebulam?

233 5334 322 5392 Sic
350 5351 450 5408 ego
484 5334 654 5390 multa
683 5335 772 5389 diu
799 5349 1011 5389 mecum
1042 5334 1269 5390 dicenda
1292 5335 1602 5402 revolvens,

1923 5327 2151 5397 Respice
2178 5343 2272 5383 cor
2304 5330 2582 5400 pr0prium
2601 5331 2695 5401 qui
2722 5331 2802 5387 sic
2823 5331 3019 5386 delicta
3048 5333 3351 5401 remordes,

301 5425 494 5497 Cogito
527 5426 594 5480 de
625 5425 809 5480 multis
833 5441 952 5496 quae
980 5426 1213 5480 recitare
1260 5426 1439 5482 velim.
1993 5419 2152 5490 Nigra
2173 5421 2499 5478 Videbuntur
2526 5438 2754 5493 quteque
2783 5431 3043 5494 geruntur
3086 5417 3179 5479 ibi.

303 5576 416 5650 (ιὸ)
454 5577 570 5632 Rex
593 5586 648 5632 et
677 5576 963 5648 contpliees
991 5574 1129 5643 ejus.

518 5675 789 5737 Parnm.
838 5674 1106 5736 CLVIII.
1746 5670 1754 5678 ‘
3014 5687 3052 5748 5
