3882 6050
339 184 438 239 139
836 181 893 236 S.
953 179 1254 238 ANSELMI
1299 177 1648 234 CANTUAR.
1684 175 2000 232 ARClllEP.
2041 173 2190 231 Ol‘P.
2221 172 2402 230 PARS
2426 173 2467 230 I.
2496 205 2566 216 -
2600 173 3015 232 DOGMA'I'ICA.
3499 177 3597 232 ΗΟ

355 298 577 355 Dillicile
597 299 870 370 propriam
902 298 1106 368 poteris
1137 297 1452 366 dignoscere
1478 295 1643 348 vitam
1663 334 1678 356 ,

407 389 508 455 Qui
539 389 684 444 solus
702 388 931 442 damnas
956 385 1212 456 quidquid
1242 394 1408 456 agunt
1433 384 1544 437 alii.

343 481 463 535 Otia
492 488 792 534 sectantem
825 477 897 532 nil
931 477 1155 546 impedit
1181 489 1299 530 esse
1330 473 1635 543 loquacem.

407 571 704 641 Pugnantis
728 570 918 623 vitium
951 568 1206 638 plangere
1233 567 1382 620 novit
1419 565 1587 620 iners.

337 662 528 725 Parce,
557 661 741 726 miser,
761 659 966 729 justum
999 673 1183 712 morsu
1217 657 1462 712 lacerare
1482 655 1718 719 canino;

412 750 522 806 Nec
553 750 708 805 dabis
732 750 929 804 insonti
953 749 1095 818 quod
1120 763 1355 803 nocuere
1386 747 1531 801 mali.

336 842 589 906 Foadera,
620 843 765 909 jura,
796 839 957 896 ﬁdem
985 840 1284 895 contemnit
1313 839 1495 894 nescia
1527 839 1664 893 veri.

409 929 536 986 Odit
567 930 847 1000 majorem,
880 945 986 984 non
1023 939 1171 982 amat
1197 928 1283 982 illa
1309 944 1516 998 parem.

338 1019 446 1074 llos
473 1020 638 1090 igitur
665 1019 883 1088 quando
908 1018 1141 1074 delectet
1183 1020 1382 1074 habere
1413 1019 1762 1090 magistrum,

408 1111 508 1177 Qui
543 1126 721 1166 mores
751 1111 1029 1165 hominum
1061 1112 1300 1182 corrigat
1333 1111 1644 1172 indomitos,

329 1199 441 1264 ‘Qui
465 1201 658 1256 doceat
682 1214 787 1255 non
817 1215 938 1256 esse
967 1201 1165 1256 bonum
1195 1209 1544 1255 contemnere
1573 1199 1770 1268 legem,

407 1293 510 1360 Qui
551 1293 803 1348 mandata
832 1293 926 1348 Dei
957 1294 1212 1362 praedicet
1236 1307 1300 1348 ac
1323 1293 1540 1347 teneat?

336 1386 505 1442 Porro
529 1388 722 1443 timere
755 1389 922 1443 Deum
958 1389 1176 1458 quando
1203 1403 1307 1442 non
1338 1387 1427 1443 ille
1463 1388 1752 1444 monebat?

407 1480 511 1533 Ant
539 1481 756 1550 quando
787 1482 948 1535 latuit
971 1481 1087 1549 ejus
1116 1481 1169 1534 in
1192 1496 1287 1535 ore
1315 1481 1487 1535 Deus?

339 1569 396 1624 Si
429 1572 574 1625 misit
606 1587 833 1625 vacuum
871 1587 1031 1642 quem
1055 1573 1221 1626 sciret
1253 1571 1386 1625 velle
1417 1570 1622 1636 doceri,

407 1661 722 1733 Tuncjuste
749 1664 926 1731 potuit
953 1663 1294 1732 diSplicuisse
1325 1662 1418 1718 tibi
1450 1681 1462 1716 :

340 1752 396 1808 Si
421 1755 672 1823 cuiquam
703 1755 926 1809 verbum
958 1755 1024 1809 de
1058 1769 1114 1807 re
1140 1768 1461 1823 quacunque
1491 1753 1690 1823 petenti

407 1843 522 1898 Non
552 1845 736 1898 statim
766 1845 979 1914 plenam
1011 1845 1238 1899 reddidit
1268 1846 1381 1914 ipse
1406 1846 1617 1906 vicem;

339 1933 620 2006 Indignum
662 1936 824 1990 nimis
849 1937 997 1990 estsi
1039 1945 1091 1991 te
1143 1937 1544 2006 reprehendere
1572 1935 1792 2002 frustra,

407 2024 516 2080 Aut
550 2025 694 2079 illum
727 2025 867 2081 falso
891 2026 1242 2097 magniﬁcare
1267 2028 1451 2082 velim.

342 2117 536 2172 Verum
568 2120 698 2189 quid
725 2130 918 2175 noceat
949 2136 1060 2174 rem
1093 2122 1136 2173 si
1167 2121 1507 2190 descripscro
1533 2130 1776 2192 gestam,

406 2209 537 2273 Quae
561 2224 686 2264 vere
711 2210 963 2264 meritmu
990 2210 1298 2279 pontiﬁcale
1320 2212 1552 2279 probet?

341 2301 523 2356 Multis
545 2302 743 2372 quippe
766 2301 934 2370 liquet
959 2303 1100 2372 quod
1134 2303 1278 2372 regia
1310 2303 1462 2372 jussa
1502 2303 1755 2357 volebant
1825 2360 1830 2366 _

415 2390 483 2447 Ut
505 2391 758 2460 quiddam
792 2391 945 2446 ﬁeret
965 2393 1108 2461 quod
1141 2393 1321 2447 minus
1351 2407 1476 2448 esse
1506 2394 1707 2446 bonum

339 2481 450 2536 Lex
481 2482 661 2536 divina
686 2481 868 2539 docet.
903 2481 1009 2537 Sed
1034 2483 1231 2551 praesul
1258 2483 1476 2540 fortiter
1500 2484 1641 2539 idem

408 2573 651 2639 Restitit,
682 2583 736 2628 et
763 2574 878 2628 ﬁeri
912 2573 1186 2628 multoties
1216 2576 1405 2629 vetuit.

340 2664 493 2720 Unde
515 2672 692 2718 ratum
723 2663 938 2717 tandem
969 2671 1239 2734 praecepto
1263 2663 1396 2736 legis
1424 2665 1655 2720 habetur

409 2754 692 2821 Quatenus
723 2753 902 2808 exsilii
935 2755 1131 2809 debeat
1159 2770 1282 2811 esse
1312 2770 1458 2810 reus.

338 2846 476 2912 Quid
501 2845 706 2900 faceret
730 2854 852 2915 post
874 2847 988 2901 hac
1019 2856 1220 2901 sancta:
1247 2847 1527 2916 prudentia
1555 2851 1788 2907 mentis?

409 2937 572 3008 Regis
597 2938 665 2992 ob
703 2938 985 3007 imperium
1016 2939 1386 3007 despiceretne
1417 2941 1623 2995 Deum?

341 3027 528 3080 Maluit
553 3042 682 3098 ergo
707 3027 823 3082 loco
845 3028 1102 3083 secedere
1129 3045 1292 3099 quam
1326 3030 1523 3085 vitioso

407 3118 606 3174 Contra
631 3120 765 3174 velle
797 3121 890 3174 Dei
916 3120 1146 3177 subdere
1184 3123 1321 3177 colla
1356 3123 1496 3178 viro.

237 3259 244 3267 .
338 3210 474 3276 Quid
507 3211 720 3265 moror?
747 3211 788 3265 Ε
812 3213 987 3280 patria
1018 3211 1327 3281 depellitur,
1358 3215 1717 3286 exsiliumque

411 3303 632 3365 Passus,
664 3304 983 3373 longinquas
1003 3306 1217 3375 cogitur
1241 3307 1318 3360 ire
1347 3307 1483 3362 vias.

343 3393 457 3448 Hoc
487 3394 672 3456 semel,
699 3395 800 3448 hoc
827 3394 1045 3461 iterum,
1074 3395 1294 3450 virtutis
1321 3412 1505 3452 amore
1537 3412 1782 3464 coactus,

411 3481 644 3537 Felicem
675 3498 906 3553 pugnam
933 3485 1127 3540 ducere
1161 3489 1473 3554 promeruit.

341 3575 438 3630 Est
458 3577 644 3639 etiam,
675 3575 862 3640 fateor,
886 3577 1030 3630 dictu
1061 3578 1311 3633 mirabile
1340 3581 1613 3647 quiddam,

412 3666 562 3732 Quod
594 3666 803 3721 titulum
841 3667 1011 3720 nostri
1037 3668 1282 3736 prmsulis
1320 3670 1631 3739 ampliﬁcet.

342 3761 474 3817 Nam
512 3762 596 3817 cui
627 3779 730 3816 non
761 3763 969 3830 placeat
994 3764 1134 3831 quod
1161 3766 1408 3833 quamvis
1435 3767 1644 3838 dignior
1675 3782 1820 3826 esset

413 3853 675 3909 Omnibus
699 3869 817 3907 esse
849 3863 1026 3908 tamen
1062 3855 1250 3909 maluit
1287 3857 1542 3913 inferior?

345 3949 570 4004 Inferior
587 3964 743 4003 nemo
773 3963 936 4017 quam
975 3949 1228 4003 subditus
1259 3951 1524 4012 inferiori,

414 4041 515 4109 Qui
544 4057 604 4096 se
631 4056 730 4096 nec
753 4042 976 4095 minimo
999 4039 1206 4108 judicat
1235 4057 1354 4096 csse
1401 4058 1604 4109 parem.

347 4133 438 4188 Sic
463 4135 618 4186 bouis
640 4133 726 4186 ille
751 4147 863 4186 sua:
889 4132 1063 4185 cultor
1094 4141 1388 4200 custosque
1412 4132 1622 4196 salutis,

415 4224 556 4290 Quot
581 4238 767 4278 servos
797 4223 1006 4285 habuit,
1041 4231 1119 4275 tot
1147 4222 1392 4275 dominos
1424 4223 1610 4277 halmit
1631 4263 1647 4286 ,

353 4316 554 4371 Utilius
580 4325 836 4387 reputans
861 4314 1137 4385 proprium
1165 4315 1208 4368 si
1232 4315 1368 4369 velle
1397 4314 1732 4385 relinquens,

418 4408 628 4462 Pronus
655 4407 721 4462 ad
745 4406 967 4462 alterius
990 4413 1235 4460 curreret
1265 4405 1570 4460 arbitrium.

348 4501 492 4554 Laus
522 4501 617 4554 soli
655 4500 899 4564 Domino,
932 4499 997 4553 ile
1026 4497 1179 4565 cujus
1208 4513 1432 4553 munere
1469 4506 1632 4553 tanta:

421 4591 604 4646 Gratia
639 4592 854 4644 virtutis
883 4591 1030 4644 venit
1060 4591 1112 4642 in
1139 4590 1284 4643 hunc
1316 4589 1608 4654 hominem,

351 4685 520 4748 Quem
552 4683 771 4734 laudare
794 4681 1043 4750 pium,de
1078 4695 1185 4748 quo
1208 4681 1523 4756 meminisse
1558 4680 1796 4736 salubre.

436 4773 570 4826 Nam
595 4772 810 4841 pietatis
831 4785 984 4839 opus,
1011 4771 1213 4824 mentio
1241 4772 1361 4826 talis
1380 4774 1505 4825 erit.

353 4860 458 4917 Sed
491 4862 663 4916 fateor
688 4861 919 4930 culpam,
944 4861 1068 4928 quia
1088 4877 1387 4930 sensusque
1422 4879 1724 4932 manusque

423 4954 550 5019 Quae
579 4953 702 5005 novi
731 4953 920 5006 saltem
953 4953 1194 5006 scribere
1221 4954 1504 5007 deﬁciunt.

355 5045 438 5100 Me
461 5060 676 5116 quoque
702 5045 867 5099 multa
893 5047 1096 5111 latent;
1127 5047 1248 5116 quis
1273 5048 1417 5100 enim
1449 5063 1506 5100 se
1534 5062 1691 5101 nosse
1720 5058 1933 5115 putaret

422 5137 611 5192 Omnia
643 5151 761 5205 qu:e
785 5137 892 5189 vita
921 5145 1162 5206 gesserat
1191 5136 1279 5190 ille
1307 5137 1442 5191 sua?

354 5224 579 5280 Charius
610 5226 696 5280 ille
716 5225 933 5294 quidem
961 5235 1110 5278 certa
1145 5227 1352 5280 ratione
1383 5227 1595 5281 valebat

425 5316 596 5382 Quam
629 5318 784 5386 plene
812 5317 1097 5386 quisquam
1119 5332 1344 5371 cernere
1370 5319 1541 5386 possit
1574 5321 1753 5372 homo.

359 5405 465 5460 Nec
489 5409 684 5463 merito
704 5411 898 5479 dignus
939 5409 1139 5478 privari
1167 5408 1324 5462 laude
1360 5410 1572 5463 videtur
1606 5451 1616 5461 .

427 5499 527 5566 Qui
563 5509 721 5555 tanta:
750 5502 949 5556 meruit
976 5502 1150 5555 laudis
1197 5499 1396 5554 habere
1425 5500 1602 5553 ﬁdem.

358 5591 498 5660 Quid
525 5605 686 5662 porro
708 5593 924 5648 miraris
951 5607 1095 5658 eum,
1119 5593 1164 5648 si
1187 5591 1360 5662 plebis
1387 5591 1584 5658 iniqua:

1943 293 1996 353 Α
2092 291 2207 346 Non
2231 292 2412 346 statim
2427 293 2603 362 potuit
2631 292 2827 362 pellere
2849 292 3052 361 grande
3085 290 3300 346 scelus?

2023 384 2217 438 uesiue
2241 384 2449 438 mirari.
2483 384 2623 437 Deus
2645 395 2727 438 est
2750 385 2838 452 qui
2858 383 3059 451 iudicat
3089 383 3298 439 orbem.

2020 474 2135 528 Non
2161 475 2320 529 homo
2342 489 2436 529 cor
2464 483 2727 536 nostrum,
2753 474 2850 528 sed
2881 473 3021 529 Deus
3042 473 3158 544 ipse
3185 475 3376 530 trahit.

2020 565 2369 636 Corripuisse
2394 566 2617 630 malmn,
2645 565 2730 621 vel
2758 567 2923 621 verba
2947 566 3162 622 dedisse
3185 566 3376 622 salutis

2091 658 2327 724 Erranti,
2354 659 2554 728 passim
2582 659 2812 729 quisque
2831 667 3010 728 potest
3038 658 3353 724 hominum;

2022 745 2129 802 Sed
2157 746 2429 817 plantasse
2452 746 2608 812 nihil,
2634 747 2766 801 nihil
2794 756 2878 802 est
2902 746 3141 816 plantata
3187 748 3420 819 rigasse,

2091 839 2426 894 Incrementa
2456 839 2557 892 nisi
2580 839 2830 894 conferat
2858 839 2973 910 ipse
3000 840 3158 894 Deus.

2021 929 2191 998 Quem
2221 930 2363 984 Deus
2384 929 2621 993 indurat,
2655 929 2852 984 nullius
2879 932 3008 984 dura
3041 929 3240 985 levabit
3275 947 3288 982 :

2093 1022 2310 1091 Absque
2337 1022 2425 1075 Dei
2456 1032 2587 1075 nutu
2617 1021 2690 1074 nil
2716 1021 2859 1075 valet
2892 1021 3071 1076 omnis
3097 1023 3278 1077 homo.

2022 1115 2181 1169 Arida
2204 1129 2417 1184 semper
2455 1123 2615 1168 erunt
2638 1115 2885 1168 humana:
2906 1113 3146 1183 germina
3170 1114 3386 1182 mentis,

2092 1204 2148 1258 Si
2181 1220 2286 1259 non
2327 1220 2450 1259 rore
2476 1219 2574 1258 suo
2597 1203 2872 1274 compluat
2909 1203 2997 1256 illa
3027 1197 3222 1258 Deus.’

2022 1295 2272 1366 Hic'ergo
2301 1296 2438 1357 talis,
2465 1305 2572 1349 tam
2607 1295 2742 1350 ﬁdus
2782 1304 2990 1349 amator
3014 1294 3248 1360 honesti,

2095 1387 2190 1442 llic
2217 1387 2335 1442 ﬁdei
2357 1388 2605 1457 princeps
2621 1396 2676 1441 ct
2699 1388 2860 1441 decus
2885 1386 3171 1449 Ecclesiae;

2023 1479 2122 1533 llic
2151 1479 2292 1533 aries
2319 1479 2549 1548 geminis
2575 1479 2845 1547 depellens
2871 1479 3128 1534 cornibus
3150 1479 3381 1544 hostem,

2097 1567 2193 1622 llic
2221 1568 2344 1622 vitis
2365 1567 2590 1636 palmes,
2628 1567 2713 1621 hic
2743 1569 2965 1636 pietatis
2981 1569 3138 1633 odor,

1949 1636 1996 1696 Β
2026 1660 2123 1714 llic
2149 1660 2284 1730 lapis
2319 1659 2503 1713 aeterni
2533 1659 2759 1714 rutilans
2788 1660 2838 1712 in
2873 1661 3107 1731 imagine
3131 1660 3316 1730 Regis,
3389 1645 3394 1690 Ῐ

2093 1751 2350 1820 Corporis
2375 1751 2600 1805 exuvias
2627 1751 2831 1820 grande
2853 1750 3068 1820 reliquit
3090 1767 3247 1806 onus.

2023 1844 2136 1900 Heu
2157 1859 2320 1913 quam
2349 1842 2616 1907 ﬂebiliter,
2645 1857 2806 1912 quam
2846 1843 3018 1898 multo
3055 1843 3170 1898 fusa
3202 1845 3406 1907 dolore,

2093 1936 2240 1990 Meus
2255 1935 2387 1988 tanti
2421 1931 2610 1990 reColit
2631 1936 2878 2003 praesulis
2901 1937 3221 2006 exsequias!

2027 2026 2071 2082 Ο
2101 2041 2263 2096 quam
2279 2026 2549 2095 pretiosus
2571 2035 2759 2090 erat,o
2789 2041 2950 2096 quam
2993 2027 3238 2096 pluribus
3259 2027 3435 2082 utilis!
3463 2027 3606 2097 Ergo

2105 2117 2250 2172 Illius
2275 2117 2472 2182 multos
2510 2126 2764 2186 aggravat
2794 2117 3069 2171 interitus.

2025 2206 2173 2261 Felix
2211 2206 2363 2259 ltalia
2402 2221 2514 2273 pra:
2537 2206 2748 2260 eunetis
2778 2207 3022 2276 partibus
3045 2207 3214 2272 orbis,

2097 2298 2226 2365 Qua:
2258 2298 2456 2352 meruit
2488 2297 2647 2351 talem
2677 2299 3028 2368 progenuisse
3055 2300 3251 2353 virum.

2027 2389 2215 2444 Infelix
2246 2391 2441 2444 iterum
2473 2404 2593 2458 quze
2627 2389 2785 2442 talem
2815 2391 2992 2458 perdit
3022 2391 3318 2454 alumnum,

2097 2482 2287 2538 Infelix
2319 2481 2476 2552 plane
2497 2481 2737 2552 pignoris
2762 2482 2895 2536 orba
2922 2483 3025 2538 sui.

2027 2574 2105 2629 Tu
2135 2589 2348 2644 quoque
2373 2574 2680 2628 etenohium
2707 2575 2978 2643 quondam
3007 2575 3276 2631 Beccense
3293 2576 3532 2648 vigebas,

2101 2666 2232 2720 Dum
2261 2675 2383 2720 tuus
2419 2666 2702 2721 Ansclmus
2730 2668 2834 2722 dux
2868 2667 2967 2721 fuit
2999 2677 3054 2723 et
3079 2670 3393 2724 monachus.

2026 2759 2220 2813 Amisit
2250 2768 2482 2812 veterem
2511 2758 2677 2812 facies
2707 2767 2794 2812 tua
2831 2774 2968 2828 pene
2991 2761 3276 2823 decorem,

2101 2851 2234 2904 Dum
2271 2861 2392 2904 tuus
2420 2849 2706 2903 Ansclmus
2735 2850 2895 2905 desiit
2918 2865 3040 2905 esse
3063 2851 3252 2906 Pater.

1951 2977 1996 3040 C
2026 2943 2217 2998 Cantia
2251 2953 2304 2996 tu
2330 2941 2599 3012 quondam
2629 2953 2796 2997 totum
2826 2944 3129 2998 veneranda
3158 2959 3256 3014 per
3285 2944 3500 3015 orbem,

2100 3031 2348 3086 Praesulis
2368 3031 2606 3086 Anselmi
2625 3042 2866 3101 tempore
2890 3033 3040 3102 signa
3065 3035 3253 3088 dabas.

2028 3123 2104 3178 Te
2141 3123 2318 3177 minor
2343 3123 2492 3178 orbis
2519 3131 2667 3187 erat;
2711 3124 2940 3194 populus
2977 3133 3064 3178 tua
3094 3123 3234 3179 fama
3280 3139 3376 3196 per
3419 3142 3613 3180 omnes

2097 3215 2275 3270 Fluxit
2305 3215 2479 3270 amica
2505 3216 2680 3279 bonis,
2711 3216 3174 3272 invidiosa'malis.

2029 3303 2105 3359 'l‘c
2140 3305 2459 3368 monachus,
2491 3303 2670 3358 clerus
2712 3305 3050 3374 populusque
3097 3307 3374 3362 docendus
3401 3308 3609 3370 adibat,

2101 3396 2238 3450 Dum
2267 3406 2391 3450 tuus
2415 3396 2705 3450 Anselmus
2737 3397 2948 3452 vixerat
2978 3398 3065 3453 ille
3089 3398 3282 3454 bonus.

2030 3486 2143 3542 Non
2177 3496 2294 3541 erat
2324 3487 2378 3540 in
2409 3487 2570 3540 terris
2597 3487 2882 3556 quisquam
2904 3489 2994 3556 qui
3023 3487 3207 3542 dicere
3233 3489 3391 3543 vellet
3427 3506 3440 3541 :

2099 3577 2182 3631 Me
2205 3578 2380 3632 minor
2416 3577 2704 3632 Anselmus
2730 3589 2832 3643 est,
2869 3578 3134 3633 simillsve
3164 3580 3316 3634 mihi.

2032 3668 2181 3722 Nunc
2203 3676 2292 3722 tua
2322 3666 2470 3723 frons
2497 3668 2727 3722 trahitur
2757 3669 3032 3724 scabrosis
3053 3670 3232 3725 obsita
3269 3671 3417 3741 rugis
3449 3688 3462 3723 :

2032 3758 2185 3814 Nunc
2214 3760 2424 3829 patitur
2459 3760 2712 3814 miseram
2741 3761 2926 3817 cervix
2960 3763 3192 3816 demissa
3223 3765 3459 3827 ruinam,

2101 3853 2228 3919 Quae
2250 3853 2519 3922 quondam
2550 3853 2708 3908 celsa:
2727 3854 2894 3906 turris
2923 3853 2989 3906 ad
3019 3853 3194 3908 instar
3222 3866 3361 3909 erat.

2032 3940 2184 3996 Nune
2211 3941 2578 4009 ineultajaces
2603 3951 2750 3996 tanto
2781 3943 2997 3996 viduata
3034 3954 3273 4012 pastore,

2102 4032 2348 4098 Quantus
2371 4047 2528 4086 nemo
2552 4031 2769 4100 quidem
2796 4032 2954 4086 divus
2987 4033 3039 4088 in
3075 4035 3208 4087 orbe
3239 4042 3454 4093 manet,

2033 4125 2149 4192 Quo
2179 4125 2460 4188 moriente,
2487 4123 2650 4178 simul
2674 4124 2953 4194 dispendia
2990 4126 3157 4179 multa
3183 4128 3386 4196 recepit

2005 4289 2012 4292 _
2113 4214 2367 4270 Ecclesite
2393 4215 2582 4268 matris
2607 4215 2854 4286 religiosa
2885 4215 3036 4269 ﬁdes.

1959 4318 2009 4376 ι)
2037 4305 2221 4359 Nullus
2257 4306 2400 4361 enim
2424 4320 2609 4372 sexus,
2639 4323 2742 4362 uon
2766 4315 2900 4362 tetas
2937 4307 3042 4362 ulla
3073 4307 3309 4367 videtur,

2105 4397 2201 4452 Cui
2229 4398 2444 4453 bonitas
2471 4398 2588 4469 ejus
2603 4400 2747 4458 ferre
2761 4399 3040 4469 nequisset
3067 4415 3248 4470 opem.

2033 4488 2182 4542 Felix
2212 4503 2372 4558 quem
2403 4487 2588 4560 populi
2623 4497 2700 4542 tot
2731 4489 2909 4544 dulcia
2935 4500 3056 4544 vota
3084 4500 3408 4560 sequuntur,

2102 4582 2272 4648 Quem
2302 4590 2381 4635 tot
2400 4581 2803 4643 commendant,
2832 4590 2910 4634 tot
2937 4582 3210 4636 redimunt
3239 4581 3510 4652 lacrymze.

2037 4671 2218 4725 Multis
2245 4685 2588 4724 communem
2620 4671 2966 4725 morsintulit
2998 4673 3099 4726 ista
3131 4673 3374 4728 dolorem
3414 4691 3428 4727 :

2108 4766 2276 4821 Unius
2296 4779 2455 4820 casus
2484 4764 2694 4834 publica
2723 4780 2885 4834 pceua
2920 4766 3039 4820 fuit.

2035 4856 2174 4923 Quid
2225 4872 2358 4917 nos,
2408 4857 2537 4924 quid
2574 4856 2756 4910 miseri
2813 4856 3202 4912 monachorum
3259 4873 3455 4914 nomen
3518 4859 3610 4912 ha.

3265 4947 3284 5022 [
3315 4949 3535 5004 bentes!

2107 5035 2272 5090 Nobis
2297 5051 2512 5105 semper
2535 5037 2641 5090 erit
2667 5037 2920 5105 proprius
2942 5038 3044 5092 iste
3067 5039 3240 5094 dolor.

2035 5127 2254 5182 Ordinis
2282 5126 2368 5181 ille
2397 5127 2581 5190 decus,
2615 5128 2866 5198 princeps
2894 5139 2951 5183 et
2972 5132 3164 5184 semita
3195 5133 3386 5195 nostri,

2105 5219 2313 5273 Currus
2344 5227 2397 5270 et
2425 5220 2634 5288 auriga,
2663 5232 2855 5290 portus
2886 5229 2941 5274 et
2972 5236 3104 5274 aura
3135 5221 3250 5277 fuit.

2037 5311 2268 5366 Maxima
2291 5325 2416 5380 spes
2445 5313 2568 5366 vita:
2594 5313 2747 5367 nobis
2774 5313 2949 5368 evasit
2981 5313 3032 5366 in
3065 5314 3152 5366 illo
3170 5354 3184 5375 ,

2114 5406 2220 5460 Nec
2253 5416 2503 5476 superest
2527 5407 2667 5462 alius
2682 5410 2773 5479 qui
2814 5410 2885 5463 sit
2913 5409 2962 5463 ei
2997 5409 3214 5474 similis,

2040 5499 2140 5565 Qui
2169 5499 2312 5551 velut
2336 5498 2424 5553 ille
2448 5501 2562 5569 pari
2595 5516 2692 5556 nos
2723 5501 2893 5578 possit
2923 5501 3126 5555 honore
3159 5502 3325 5555 beare

2114 5593 2290 5661 Erigat
2325 5601 2379 5647 et
2414 5602 2661 5648 nostrum
2691 5595 2830 5649 sicut
2857 5602 2909 5649 et
2936 5594 3024 5648 ille
3057 5604 3241 5657 caput.
