3882 6050
303 253 406 308 N5

837 245 893 301 S.
935 244 1235 302 ANSELMI
1273 239 1627 300 CANTUAR.
1677 231 2001 291 'ARC'IIIEP.
2038 228 2191 285 OPP.
2226 227 2403 284 PARS
2429 227 2561 281 1.-
2603 219 3019 281 DOGMATICA.

3459 218 3565 274 ML

300 375 428 424 sunt
459 372 517 418 ut
552 360 797 434 quaedam
823 372 944 429 qum
964 358 1073 414 illis
1102 357 1170 412 de
1188 357 1210 387 '
1237 351 1544 410 meditanda
1572 345 1887 405 Divinitatis
1917 346 1960 406 Λ
1989 342 2097 398 ciat
2124 341 2190 404 ",
2215 339 2407 395 deinde
2428 337 2722 395 secundum
2746 351 2840 392 eos
2866 331 3205 434 opusculum.
3229 342 3408 386 meum
3436 330 3577 403 diju-

312 455 578 524 essentia,
600 463 656 509 et
675 451 998 523 quibusdam
1028 448 1149 504 aliis
1181 448 1305 502 huic
1325 442 1664 501 meditationi
1711 441 1888 495 cohae-

300 551 546 609 rentibus
579 549 621 615 ³,
651 547 852 604 usitato
881 556 1132 600 sermone
1155 538 1510 611 colloquendo
1536 535 1885 606 protuleram,

302 653 406 698 sub
450 640 682 710 quodam
710 637 732 668 ⁵
768 637 848 690 eis
897 631 1266 688 meditationis
1318 626 1567 697 exemplo
1613 622 1888 679 describe—

302 747 440 787 rem.
486 729 652 799 Cujus
699 724 908 780 scilicet
951 720 1252 777 scribenda:
1300 713 1669 773 meditationis
1718 712 1889 783 magis

301 818 599 874 secundum
628 830 783 870 suam
823 811 1184 875 voluntatem,
1236 823 1399 878 quam
1460 804 1759 861 secundum
1809 801 1888 856 rei

301 909 615 964 facilitatem
656 915 679 948 ι
717 912 811 958 aut
861 916 1035 956 meam
1084 898 1522 971 possibilitatem,
1564 897 1706 951 hanc
1754 891 1889 947 mihi

302 1002 531 1057 formam
562 994 1011 1069 praestituerunt“
1043 1010 1055 1045 :
1084 1000 1357 1062 quatenus
1385 987 1711 1044 auctoritate
1739 984 1890 1040 Scri-

300 1103 476 1165 ptura:
497 1090 714 1162 penitus
739 1086 875 1143 nihil
903 1085 954 1141 in
987 1099 1049 1140 ea
1080 1082 1535 1154 persuaderetur;
1598 1079 1691 1133 sed
1734 1076 1890 1145 quid-

303 1185 435 1257 quid
465 1198 563 1254 per
588 1179 832 1252 singulas
860 1175 1305 1246 investigationes
1332 1172 1454 1228 linis
1492 1179 1788 1236 assereret,
1835 1167 1887 1222 id

303 1278 377 1332 ita
400 1288 523 1331 esse
546 1273 707 1345 plano
732 1270 874 1342 stylo
893 1277 949 1326 et
974 1267 1287 1339 vulgaribus
1316 1263 1653 1333 argumentis
1679 1263 1699 1294 ν
1715 1304 1729 1326 ,
1754 1260 1888 1317 sim—

299 1366 536 1437 plicique
557 1362 948 1435 disputatione,
975 1368 1033 1416 et
1058 1358 1287 1415 rationis
1326 1357 1627 1413 necessitas
1652 1353 1890 1409 breviter

301 1467 544 1526 cogeret,
573 1465 630 1511 et
659 1452 909 1511 veritatis
958 1451 1183 1507 claritas
1203 1450 1226 1482 ⁸
1257 1456 1510 1521 patenter
1554 1446 1886 1502 ostenderet.

300 1548 598 1604 Voluerunt
616 1545 779 1600 etiam
811 1552 865 1599 ut
893 1558 994 1599 nec
1021 1539 1363 1610 simplicibus
1385 1551 1629 1608 peneque
1653 1535 1814 1589 fatuis
1842 1534 1886 1600 ’,

300 1638 696 1710 objectiouibus
743 1635 877 1691 mihi
931 1631 1348 1690 occurrentibus
1395 1630 1620 1685 obviare
1646 1628 1889 1683 contem-

302 1746 514 1790 nerem.
552 1730 706 1799 Quod
728 1726 947 1799 quidem
981 1726 1072 1782 diu
1126 1733 1340 1780 tentare
1392 1721 1671 1784 recusavi,
1724 1728 1888 1788 atque

302 1836 514 1878 mecum
548 1820 726 1890 reipsa
753 1830 1099 1888 comparans,
1128 1815 1312 1871 multis
1343 1828 1429 1868 me
1467 1810 1768 1867 rationibus
1793 1825 1888 1865 ex—

300 1927 497 1971 cusare
524 1910 727 1967 tentavi
758 1928 773 1965 :
805 1916 1012 1980 quanto
1036 1907 1181 1963 enim
1214 1907 1265 1961 id
1311 1904 1455 1976 quod
1485 1903 1741 1974 petebant
1787 1917 1887 1957 usu

301 2004 406 2060 sibi
432 2001 698 2074 optabant
727 1999 964 2058 facilius.
1001 2007 1153 2054 tanto
1176 1997 1310 2053 mihi
1334 1995 1465 2052 illud
1492 2005 1617 2051 actu
1642 1994 1888 2065 iujunge-

300 2095 433 2148 bant
454 2091 744 2147 diﬁicilius.
780 2089 1021 2145 Tandem
1055 2099 1236 2144 tamen
1280 2088 1477 2153 victus,
1527 2094 1640 2141 tum
1664 2101 1887 2157 precum

248 2218 264 2227 -
299 2182 549 2239 modesta
587 2180 1020 2250 importunitate,
1066 2187 1178 2233 tum
1209 2178 1374 2234 studii
1407 2193 1594 2232 eorum
1626 2192 1729 2230 non
1757 2191 1888 2231 con-

299 2271 593 2330 temnenda
635 2272 953 2334 honestate;
1009 2269 1212 2325 invitus
1267 2268 1483 2338 quidem
1546 2275 1765 2336 propter
1811 2265 1887 2318 rei

302 2362 696 2428 dillicultatem,
726 2371 782 2418 et
812 2360 1014 2432 ingenii
1065 2360 1171 2416 mei
1229 2359 1686 2422 imbecillitatem,
1744 2357 1890 2427 quod

305 2454 673 2527 precabantur
723 2454 955 2525 incmpi;
1010 2453 1105 2509 sed
1147 2453 1380 2509 libenter
1438 2461 1659 2524 propter
1700 2466 1889 2508 eorum

306 2548 657 2609 charitatem.
711 2554 974 2617 quantum
1014 2545 1166 2615 potui
1207 2544 1507 2601 secundum
1550 2545 1801 2615 ipsorum.
1845 2543 1889 2574 '°

306 2634 686 2692 diﬁinitionem
745 2633 919 2690 cll‘eci.
948 2633 1029 2689 Ad
1055 2633 1199 2704 quod
1225 2648 1347 2688 cum
1376 2647 1440 2688 ea
1470 2648 1568 2705 spe
1595 2634 1695 2689 sim
1720 2634 1891 2690 addu-

306 2734 446 2790 ctus,
472 2733 533 2782 ut
558 2724 820 2796 quidquid
849 2724 1083 2781 facerem
1117 2724 1225 2780 illis
1247 2724 1380 2780 solis
1411 2724 1454 2756 “
1479 2741 1509 2779 a
1554 2726 1751 2796 quibus
1775 2726 1891 2780 exi-

306 2818 553 2888 gebatur,
579 2825 726 2873 esset
758 2826 966 2883 notum,
1015 2825 1071 2873 et
1118 2816 1278 2886 paulo
1310 2827 1446 2889 post
1486 2818 1717 2888 idipsum
1758 2820 1798 2850 ³⁸
1835 2828 1892 2874 ιιι

306 2910 468 2966 vilem
500 2924 614 2965 rem
643 2908 1063 2975 fastidientibus,
1086 2919 1398 2980 contemptu
1414 2920 1561 2966 esset
1590 2910 1634 2941 ¹³
1657 2911 1892 2967 obruen-

307 3002 475 3057 dum:
498 3002 615 3058 scio
642 3000 789 3056 enim
815 3015 901 3055 me
926 3001 980 3055 in
1008 3015 1075 3056 eo
1102 3016 1210 3056 non
1241 3009 1351 3056 tam
1398 3001 1753 3072 precantibus
1803 3015 1888 3057 sa-
1918 3037 1967 3100 Ο

218 3150 221 3153 ,
310 3092 560 3149 tislacere
574 3093 776 3151 eisdem
800 3092 1068 3163 potuisse,
1094 3107 1258 3163 quam
1282 3092 1326 3125 "
1342 3093 1597 3163 precibus
1643 3107 1730 3148 me
1767 3107 1893 3163 pro-

308 3183 661 3255 sequentibus
689 3184 849 3241 ﬁnem
870 3185 1139 3255 posuisse.
1160 3183 1355 3241 Nescio
1379 3194 1559 3240 tamen
1583 3200 1692 3255 quo
1733 3194 1896 3256 pacto

309 3277 391 3332 sic
414 3277 458 3309 ¹⁸
480 3286 679 3348 praeter
707 3291 861 3347 spem
910 3276 1114 3344 evenit,
1159 3286 1219 3331 ut
1263 3290 1370 3332 non
1423 3276 1599 3332 solum
1649 3277 1896 3348 praedicti

309 3366 528 3432 fratres,
559 3366 652 3423 sed
685 3376 741 3422 et
761 3366 947 3437 plures
969 3367 1059 3422 alii
1085 3366 1428 3437 Scripturam
1449 3368 1642 3438 ipsam,
1669 3368 1898 3438 quisque

314 3470 437 3512 eam
467 3457 570 3512 sibi
595 3455 1008 3513 transcribendo
1034 3456 1088 3511 in
1115 3457 1333 3526 longum
1357 3456 1402 3487 ¹⁶
1444 3456 1720 3512 memoria:
1769 3471 1900 3511 con-

311 3548 574 3604 demnare
594 3555 910 3617 satagerent
940 3564 955 3602 :
983 3561 1147 3618 quam
1194 3561 1294 3617 ego
1325 3560 1468 3616 saape
1497 3553 1805 3601 retractans
1854 3545 1898 3577 "

310 3637 445 3693 nihil
470 3636 618 3707 potui
643 3635 890 3691 invenire
921 3650 1010 3691 me
1037 3636 1090 3690 in
1116 3649 1180 3691 ea
1205 3634 1428 3701 dixisse,
1477 3636 1623 3706 quod
1660 3650 1770 3690 non
1809 3648 1901 3689 ca-

314 3726 639 3782 tholicorum
676 3724 940 3789 Patrum,
985 3734 1040 3780 et
1090 3724 1326 3780 maxime
1375 3725 1519 3781 beati
1565 3724 1897 3795 Augustini,

314 3817 534 3888 scriptis
564 3817 856 3873 cohaereat.
883 3817 1248 3886 Quapropter,
1275 3816 1320 3872 si
1334 3816 1433 3872 cui
1466 3816 1736 3872 videbitur
1756 3818 1900 3887 quod

315 3908 371 3964 in
396 3909 589 3965 eodem
610 3907 871 3980 opusculo
891 3908 1093 3979 aliquid
1125 3908 1464 3979 protulerim,
1506 3910 1651 3980 quod
1693 3918 1789 3963 aut
1815 3908 1899 3964 ni-

318 4000 422 4055 mis
447 4015 645 4055 novum
679 4000 773 4065 sit,
799 4008 893 4054 aut
938 4013 968 4053 a
1007 4000 1244 4055 veritate
1288 3999 1589 4063 dissentiat,
1649 4013 1778 4068 rogo
1836 4015 1904 4055 ne

317 4091 502 4145 atatim
524 4105 611 4146 me
630 4099 725 4145 aut
751 4097 1198 4160 prarsumptorem
1225 4089 1269 4121 ¹⁶
1296 4090 1622 4155 novitatum,
1674 4099 1771 4144 aut
1800 4088 1902 4143 fal-

1990 436 2154 489 (licet.
2186 432 2339 501 Quod
2389 432 2533 488 enim
2586 430 2696 485 dixi
2747 443 3014 486 summam
3056 424 3379 479 Trinitatem
3413 440 3578 494 posse

1988 528 2091 585 dici
2123 537 2235 581 tres
2256 524 2606 590 substantias,
2634 521 2852 578 Graacos
2880 528 3099 576 secutus
3122 531 3273 582 sum,
3319 517 3413 586 qui
3444 532 3577 572 con-

1997 619 2217 673 ﬁtentur
2241 625 2349 671 tres
2376 615 2706 670 substantias
2729 614 2783 668 in
2810 628 2917 667 una
2952 611 2996 642 “
3019 607 3256 664 essentia
3288 607 3350 666 “.
3381 608 3574 662 eadem

1995 709 2118 773 ﬁde,
2152 723 2255 779 qua
2282 721 2380 761 nos
2419 715 2529 760 tres
2556 719 2817 774 personas
2849 704 2902 758 in
2932 715 3037 756 una
3059 697 3383 754 substantia.
3436 696 3574 750 Nam

1992 800 2099 855 hoc
2121 797 2510 870 signiﬁcantia
2541 796 2652 851 Deo
2681 810 2779 866 per
2836 794 3226 854 substantiam.
3281 790 3426 861 quod
3475 806 3578 843 nos
3670 830 3675 839 .

1989 905 2087 960 per
2111 904 2420 959 personam.
2478 887 2822 956 Qumcunque
2865 897 3047 940 autem
3098 885 3171 940 ibi
3221 883 3330 938 disi
3370 881 3436 947 ³³,
3476 879 3581 934 sub

1985 997 2220 1053 persona
2249 996 2433 1036 secum
2456 979 2569 1034 sola
2591 978 2921 1049 cogitatione
2968 975 3297 1047 disputantis
3327 981 3383 1029 et
3431 972 3579 1027 inve-

1990 1072 2245 1143 stigautis
2266 1087 2352 1138 ea,
2380 1085 2500 1141 qua:
2525 1068 2675 1139 prius
2705 1084 2811 1123 non
2840 1066 3337 1130 animadvertisset,
3367 1061 3578 1133 prolata

1990 1173 2119 1219 sunt
2151 1181 2164 1217 :
2196 1162 2344 1219 sicut
2389 1162 2632 1217 sciebam
2691 1159 2815 1215 illos
2862 1158 2999 1214 velle
3037 1173 3268 1229 quorum
3325 1155 3577 1226 petitioni
3644 1160 3654 1168 ‘

1989 1255 2215 1325 obsequi
2249 1253 2623 1315 intendebant.
2660 1249 2865 1307 Precor
2894 1260 3075 1307 autem
3125 1258 3183 1306 et
3213 1248 3444 1305 obsecro
3481 1262 3579 1305 ve-

1990 1346 2290 1410 hementer,
2312 1344 2357 1401 si
2381 1345 2502 1414 quis
2529 1343 2631 1398 hoc
2669 1341 2985 1413 opusculum
3027 1339 3254 1396 voluerit
3311 1340 3579 1395 transcri-

1992 1435 2144 1500 bere,
2174 1444 2232 1490 ut
2259 1436 2397 1489 hanc
2417 1433 2789 1505 praelationem
2813 1432 2866 1486 in
2898 1431 3074 1501 capite
3101 1429 3267 1486 libelli
3292 1439 3417 1485 ante
3462 1432 3577 1500 ipsa

1990 1525 2221 1595 capitula
2254 1524 2310 1598 4
2336 1526 2549 1581 studeat
2580 1537 2912 1595 praeponere.
2951 1521 3174 1576 Multum
3200 1520 3343 1576 enim
3373 1520 3421 1552 ’δ
3450 1535 3579 1590 pro-

1997 1619 2153 1674 desse
2173 1627 2301 1686 puto
2324 1618 2389 1673 ad
2414 1617 2761 1686 intelligenda
2786 1631 2848 1671 ea
2877 1631 2997 1687 quae
3022 1614 3214 1685 legerit
3260 1613 3358 1680 ibi,
3386 1612 3436 1669 si
3452 1614 3582 1684 quis

1918 1689 1963 1748 Β
1994 1711 2164 1780 prius,
2187 1723 2292 1778 qua
2324 1709 2644 1773 intentione,
2687 1723 2864 1778 quove
2917 1707 3076 1761 modo
3127 1705 3399 1775 disputata
3448 1706 3579 1769 sint,

1987 1801 2319 1872 cognoverit.
2345 1799 2480 1855 Puto
2505 1801 2672 1856 etiam
2692 1800 2834 1870 quod
2855 1800 2900 1855 si
2928 1799 3049 1869 quis
3076 1798 3215 1853 hanc
3241 1798 3410 1869 ipsam
3435 1813 3531 1867 pra
3548 1823 3579 1838 -

1988 1893 2245 1948 lationem
2273 1892 2463 1949 viderit
2488 1892 2657 1963 prius,
2683 1907 2790 1946 non
2822 1902 3024 1947 temere
3040 1888 3328 1959 judicabit,
3356 1890 3400 1945 si
3449 1888 3588 1958 quid

1989 1995 2178 2041 contra
2203 1985 2251 2017 "
2271 2000 2425 2040 suam
2453 1985 2761 2055 opinionem
2785 1983 3056 2055 prolatum
3079 1981 3366 2037 invenerit.

2451 2076 2497 2107 ’⁸
2525 2073 2753 2130 CAPUT
2783 2071 3074 2128 PRIMUM.

1991 2165 2143 2230 Quod
2163 2166 2227 2219 sit
2257 2163 2507 2236 quiddam
2532 2165 2575 2195 "
2606 2163 2856 2236 optimum
2878 2171 2925 2216 et
2947 2160 3232 2215 maximum
3256 2170 3302 2216 et
3317 2177 3582 2215 summum

2515 2235 2747 2289 omnium
2772 2248 2888 2304 qua:
2913 2240 3055 2285 sunt.

1990 2326 2332 2383 Cossrscrus
2354 2340 2663 2380 CAPITIS.—-
2680 2322 2851 2380 Unam
2877 2337 3143 2378 summam
3190 2331 3435 2377 naturam
3465 2323 3589 2377 exi-

2064 2410 2231 2461 stere,
2254 2397 2355 2451 sibi
2386 2393 2763 2460 sullicientem,
2790 2404 2844 2463 et
2865 2409 2895 2447 a
2919 2394 3073 2463 cujus
3093 2392 3452 2461 omnipotenti
3488 2400 3583 2446 lto.

2063 2468 2234 2521 nitate
2258 2466 2439 2521 omnia
2465 2465 2570 2519 alia
2596 2465 2725 2529 sint,
2759 2462 3023 2534 pluraque
3064 2463 3169 2517 alia
3193 2478 3312 2533 quae
3359 2463 3426 2518 de
3470 2463 3583 2520 Deo

2062 2536 2357 2605 credimus,
2386 2535 2499 2591 Sola
2537 2534 2675 2590 ratio
2703 2533 2897 2605 magna
2946 2549 3015 2588 ex
3044 2543 3215 2605 parte
3255 2533 3585 2602 persuadere

2063 2615 2261 2676 potest.
2285 2604 2474 2676 Modus
2496 2614 2682 2676 autem,
2699 2603 3056 2676 investigandi
3102 2618 3369 2676 summam
3419 2613 3583 2676 natu:

2069 2668 2183 2731 ram
2209 2668 2646 2746 promptissimus
2671 2674 2762 2729 hic
2801 2668 2925 2746 est:
2962 2673 3077 2746 Non
3128 2672 3431 2743 appetimus
3462 2674 3585 2746 _nisi

2056 2760 2176 2815 qua:
2200 2743 2337 2801 bona
2368 2743 2624 2814 putamus
2652 2763 2664 2798 :
2697 2753 2753 2798 et
2773 2743 3002 2815 plurima
3035 2744 3174 2797 bona
3204 2757 3325 2798 esse
3370 2743 3586 2798 ratione

2065 2816 2441 2872 discernimus.
2468 2815 2843 2870 Certissimum
2870 2824 2955 2869 est
2974 2822 3151 2868 autem
3175 2815 3297 2882 quia
3324 2828 3584 2882 quatcun—

2064 2901 2170 2956 que
2205 2886 2461 2942 dicuntur
2485 2884 2811 2956 aliquid,ita
2835 2893 2894 2938 ut
2919 2885 2987 2939 ad
3015 2883 3242 2956 invicem
3289 2884 3466 2956 magis
3493 2892 3590 2938 aut

2068 2953 2247 3012 minus
2272 2965 2363 3010 aut
2383 2953 2662 3027 aequaliter
2695 2954 2964 3027 dicantur,
3018 2968 3113 3027 per
3137 2953 3337 3027 aliquid
3385 2953 3587 3027 dicun-

2068 3036 2158 3081 tur
2177 3028 2319 3097 quod
2349 3022 2465 3083 non
2482 3025 2626 3080 aliud
2656 3034 2713 3080 et
2753 3024 2922 3088 aliud,
2971 3022 3063 3078 sed
3095 3022 3241 3097 idem
3270 3023 3589 3097 intelligitur

2069 3098 2122 3151 in
2162 3094 2391 3153 diversis
2416 3112 2537 3166 qum
2570 3096 2622 3149 in
2658 3110 2724 3150 eo
2748 3110 2857 3166 uno
2900 3094 3263 3166 conveniunt.
3302 3095 3445 3165 Ergo
3490 3109 3586 3166 ne-_

2069 3182 2221 3224 cesse
2248 3176 2332 3224 est
2379 3163 2449 3221 ιη’
2480 3166 2661 3222 omnia
2715 3165 2823 3220 sint
2877 3166 3014 3220 bona
3063 3178 3160 3232 per
3198 3163 3399 3234 aliquid
3441 3163 3588 3233 quod

2068 3253 2233 3292 unum
2264 3238 2403 3291 idem
2432 3238 2504 3290 sit
2535 3237 2588 3289 in
2615 3234 2843 3291 diversis
2863 3236 3037 3290 bonis.
3072 3234 3210 3303 Ergo
3237 3235 3399 3288 datur
3417 3250 3585 3287 unum

2069 3307 2199 3433 Quid
2229 3323 2326 3376 per
2352 3307 2494 3376 quod
2522 3316 2722 3387 cuncta
2752 3315 2879 3387 sunt
2922 3305 3085 3367 bona,
3110 3315 3167 3386 et
3221 3304 3271 3386 in
3302 3319 3410 3385 quo
3444 3306 3589 3359 bona

2108 3392 2281 3433 [versa
2310 3384 2657 3432 conveniunt.
2687 3377 2819 3433 Ouis
2833 3383 3009 3430 autem
3026 3373 3371 3430 dubitetillud
3389 3389 3587 3433 lDSttm.

2108 3373 2281 3433 iversa
2310 3373 2657 3432 conveniunt.
2687 3377 2819 3441 Quis
2833 3383 3009 3430 autem
3026 3373 3371 3443 dubitetillud
3389 3375 3587 3443 ipsum,

2073 3462 2169 3516 per
2189 3447 2332 3517 quod
2359 3453 2551 3502 cuncta
2578 3455 2717 3517 sunt
2737 3448 3049 3517 bona,e_s_se
3080 3460 3330 3517 magnum
3359 3442 3585 3517 bonum,

2068 3512 2125 3571 et
2153 3512 2277 3574 esse
2303 3517 2499 3571 bonum
2526 3530 2625 3585 per
2644 3516 2920 3584 seipsnm?
2956 3515 3099 3583 Ergo
3119 3512 3298 3569 omnia
3323 3512 3423 3585 alia
3447 3513 3587 3568 bona

2071 3595 2198 3642 sunt
2224 3603 2323 3657 per
2344 3586 2487 3641 aliud
2500 3584 2599 3657 {et
2629 3586 2801 3654 ipsmn
2838 3585 3008 3657 solum
3054 3594 3140 3639 est
3184 3599 3279 3654 per
3326 3584 3586 3657 seipsum.

2071 3658 2142 3712 At
2163 3655 2308 3728 quod
2337 3655 2744 3729 per_aliud_est.
2775 3656 2952 3729 minus
2993 3665 3077 3710 est
3125 3670 3189 3710 eo
3221 3655 3363 3729 quod
3405 3668 3503 3723 per
3529 3670 3593 3709 se

2073 3735 2158 3783 est
2181 3724 2401 3783 bonum.
2438 3726 2579 3797 Ergo
2601 3724 2728 3781 illud
2761 3727 2906 3794 quod
2927 3734 3031 3781 est.
3054 3740 3150 3797 per
3176 3739 3234 3780 se
3257 3726 3478 3787 bonum,
3506 3735 3591 3779 est

2071 3812 2280 3852 summe
2306 3796 2535 3862 bonum,
2565 3806 2620 3853 et
2645 3811 2914 3851 summum
2958 3796 3197 3849 omnimn
3252 3808 3372 3864 quae
3415 3803 3588 3849 sunt:

2074 3883 2202 3938 nam
2222 3868 2364 3938 quod
2395 3876 2482 3923 est
2499 3881 2709 3922 summe
2728 3866 2958 3938 bonum,
2986 3874 3069 3920 est
3091 3879 3298 3920 summe
3313 3878 3591 3931 magnum.

2073 3936 2169 3997 Est
2197 3936 2360 4009 igitur
2383 3953 2547 3992 unum
2574 3936 2777 4005 aliquid
2807 3950 3016 4009 summe
3041 3948 3291 4002 magnum
3312 3944 3365 3988 et
3381 3950 3593 3990 summe

2074 4006 2299 4073 bonum,
2337 4008 2390 4063 id
2422 4019 2507 4062 est
2529 4020 2800 4061 summum
2826 4006 3068 4059 omnium
3094 4019 3212 4074 quae
3240 4014 3385 4059 sunt.

2075 4098 2131 4154 Si
2160 4099 2282 4169 quis
2307 4114 2468 4154 unam
2492 4107 2741 4152 naturam
2765 4111 3031 4152 summam
3047 4095 3287 4151 omnium
3302 4112 3423 4166 qua:
3440 4105 3589 4159 sunt,

318 4180 498 4237 sitatis
520 4188 846 4237 assertorem
869 4180 1168 4245 exclamet;
1192 4182 1289 4236 sed
1314 4181 1464 4252 prius
1489 4180 1658 4238 libros
1688 4181 1903 4251 praefati
2004 4191 2173 4247 solam
2200 4188 2302 4246 sibi
2333 4189 2388 4243 in
2406 4198 2613 4244 mter-na
2640 4186 2977 4243 beatitudine
3002 4201 3100 4242 sua
3141 4186 3495 4242 sumcicnmn
3546 4188 3593 4219 ιο

321 4273 558 4330 doctoris
584 4271 868 4342 Augustini
902 4270 944 4303 ¹⁹
976 4271 1042 4327 de
1068 4269 1335 4326 Trinitate
1372 4272 1658 4342 diligenter
1696 4272 1891 4343 perspi~

2043 4282 2360 4351 muibusque
2385 4280 2545 4334 rebus
2570 4277 2691 4333 aliis
2717 4278 2819 4333 hoc
2844 4277 3019 4348 ipsum
3051 4276 3193 4347 quod
3212 4276 3414 4348 aliquid
3443 4284 3591 4343 sunt,

1617 4459 1849 4515 VARIA‘Z
1891 4458 2292 4519 LECTIONES.

395 4571 417 4600 ³
448 4568 791 4641 Qusedantde
806 4567 1046 4641 illisquaa
1058 4571 1123 4626 de
1138 4587 1265 4627 mss.
1283 4568 1430 4626 Gem.
1453 4570 1607 4627 Corb.
1627 4570 1750 4641 Sag.
1775 4571 1908 4626 Vict.
1932 4572 2062 4627 Cist.
2079 4571 2322 4641 quaedam
2339 4586 2459 4640 quae
2483 4570 2585 4624 illis
2600 4570 2666 4625 de
2740 4566 2947 4641 {Hujus
2960 4567 3293 4641 meditationi
3312 4569 3594 4641 columen-

397 4588 417 4600 -
448 4588 703 4635 “iisetiam
725 4588 909 4624 UCIIIIS
926 4588 1046 4638 quae
1058 4588 1123 4626 oe
1138 4588 1265 4627 mss.
1283 4588 1430 4626 hem.
1453 4588 1607 4627 Loro.
1627 4588 1697 4627 aa
1741 4611 1747 4621 ι

327 4639 471 4694 tibus
506 4653 629 4712 mss.
661 4636 847 4712 Cister.
884 4637 1025 4712 Yict.
1056 4641 1110 4712 ἵε.
1152 4642 1300 4712 Gem.
1330 4641 1487 4696 Corb.
1521 4640 1647 4712 Sag.

326 4725 428 4788 ms.
469 4708 698 4788 quodam
726 4708 806 4761 eis
875 4708 1380 4788 _‘"f{ei“l'acult_atem
1408 4729 1528 4788 mss.
1555 4698 1978 4788 reifac‘ilitatent
1996 4698 2350 4788 ___"_Formam
2372 4708 2742 4788 priestiterunt
2784 4724 2911 4788 mss.
2934 4698 3162 4788 immani
3191 4698 3596 4788 prmstituerunt

327 4776 691 4859 "_Augmentis
710 4792 838 4859 mss.
875 4776 1009 4832 Vict.
1038 4779 1171 4859 Sag.
1204 4780 1268 4836 S.
1296 4780 1457 4859 dlicta.
1488 4790 1536 4836 et
1566 4781 1692 4836 edit.
1738 4780 1927 4859 (Iolen:
1958 4776 2483 4859 157.2.ﬁargumehtis
2556 4782 2578 4812 ⁸
2612 4776 3207 4859 Veritatis‘claritateni
3232 4797 3369 4859 mss._
3390 4779 3598 4833 verita-

330 4850 401 4904 tis
409 4846 646 4921 _claritas
715 4846 1011 4921 ’Beneque
1041 4846 1203 4921 fatuis
1254 4867 1351 4906 ms.
1384 4850 1572 4909 Cister.
1603 4866 1777 4921 neque
1792 4850 1961 4921 fatuis
2033 4851 2083 4921 ‘°_
2111 4846 2265 4903 Potui
2306 4853 2588 4921 ineorum
2629 4865 2758 4921 mss.
2804 4849 2953 4921 potui
3006 4850 3299 4921 secundum
3357 4852 3597 4919 ipsorum

334 4920 377 4952 “
409 4917 667 4991 Facerem
692 4917 864 4991 ‘solus
892 4917 1029 4991 mss.
1062 4919 1293 4975 facerem
1322 4920 1429 4991 illis
1463 4923 1593 4976 solis
1637 4917 1735 4976 νηὶ.
1772 4920 1833 4976 S.
1870 4920 2031 4975 Miclt.
2063 4919 2298 4991 facerem
2350 4918 2455 4975 illis
2496 4924 2644 4974 solus
2722 4918 2765 4950 “
2800 4917 2967 4991 Paulo
2997 4928 3120 4991 post
3151 4920 3200 4973 id
3230 4917 3412 4991 ipsum
3461 4937 3594 4974 mss.

331 4988 491 5061 paulo
519 4995 638 5058 post
656 4987 866 5061 eisdem
891 4987 945 5043 id
987 4990 1159 5061 ipsum
1239 4990 1281 5021 ¹⁸
1309 4990 1684 5061 Contemptum
1710 5000 1854 5045 esset
1880 5007 2004 5044 mss.
2058 4990 2266 5061 Tltuan.
2297 4998 2663 5059 contemptum
2703 4997 2848 5044 esset
2922 4988 2966 5021 ιδ
2995 4990 3121 5044 Scio
3155 4987 3296 5044 enim
3331 5006 3416 5045 me
3449 4991 3500 5043 in
3525 5007 3600 5061 eo

332 5059 439 5115 non
468 5069 576 5114 tam
609 5059 953 5131 precantibus
986 5059 1299 5116 satisfacere
1326 5059 1564 5131 potuisse
1594 5077 1757 5131 quam
1786 5077 1886 5115 ms.
1912 5061 2069 5131 Cogrb.
2100 5060 2223 5115 Scis
2255 5060 2399 5114 enim
2425 5075 2511 5131 me
2537 5063 2591 5114 in
2618 5073 2686 5131 eo
2718 5074 2824 5131 non
2847 5066 2956 5113 tam
2996 5059 3598 5131 precaruibus__satisl‘a-

332 5145 456 5185 cere
480 5135 642 5200 quam
680 5199 683 5200 ν
720 5128 775 5200 "_
792 5128 1070 5195 Quomodo
1096 5134 1177 5186 sic
1197 5148 1295 5186 ms.
1327 5128 1470 5185 Vict.
1498 5128 1753 5185 Genimet.
1777 5131 1935 5184 Corb.
1960 5129 2086 5199 Sag.
2114 5144 2221 5199 quo
2253 5136 2408 5198 pacto
2432 5129 2512 5183 sic
2584 5131 2628 5160 ¹⁶
2657 5129 2711 5183 In
2744 5130 2960 5198 longum
2986 5145 3113 5184 mss.
3146 5129 3303 5187 Corb.
3333 5128 3472 5183 Vict.
3506 5130 3596 5183 l3.

316 5197 587 5283 longe
744 5197 898 5283 saepe
927 5209 1330 5283 tractans-mss.
1364 5216 1507 5283 saepe
1528 5209 1828 5283 retractans
1904 5201 1972 5283 ‘l'
2011 5197 2204 5281 Kutut
2231 5197 2676 5283 prm'smnptorem
2714 5197 2970 5283 mssliaut
2996 5209 3502 5283 'prmisu‘inptorem“
3552 5200 3599 5230 "

334 5266 530 5341 Libros
573 5270 716 5341 beati
759 5266 983 5341 August.
1011 5286 1136 5325 mss.
1178 5270 1346 5326 libros
1370 5266 1577 5341 praefati
1611 5271 1855 5326 Doctoris
1893 5270 2175 5341 Augustini
2232 5266 2297 5299 ’³ο
2322 5266 2624 5341 Perspiciat
2656 5266 3146 5341 mss.Gem.Corb.
3181 5266 3314 5324 Vict.
3342 5270 3429 5323 15.
3462 5267 3599 5323 Pro-

334 5340 541 5419 spiciat
595 5342 645 5419 ξι
674 5338 1020 5419 Substantias
1047 5355 1167 5419 esse
1202 5341 1256 5419 in
1286 5338 1392 5395 una
1428 5357 1560 5419 mss.
1601 5343 1768 5395 omitt.
1819 5338 2301 5419 esse__ms._Qister.
2330 5340 2488 5419 omit.
2528 5340 2863 5419 substantias
3014 5338 3069 5392 In
3094 5354 3198 5419 una
3232 5353 3460 5419 persona
3495 5355 3598 5393 ms.

391 5411 481 5462 ict.
510 5411 565 5464 '5.
595 5411 647 5464 in
676 5425 779 5465 una
812 5411 1048 5466 essentia
1121 5410 1168 5442 ³³
1190 5409 1383 5466 Autcm
1410 5411 1519 5466 dixi
1549 5428 1674 5465 mss.
1711 5420 1891 5465 autem
1936 5410 2012 5465 ibi
2048 5408 2157 5463 dixi
2235 5408 2281 5440 εδ
2327 5408 2550 5464 Multum
2589 5410 2732 5464 enim
2778 5425 2879 5462 ms.
2931 5407 3063 5462 Vict.
3093 5407 3212 5461 EE.
3234 5407 3333 5464 ⁷15.
3367 5412 3596 5463 muitutn

336 5485 516 5551 autem
578 5480 718 5551 8-ξί
750 5481 879 5549 quid
912 5490 967 5536 et
1004 5490 1191 5538 contra
1214 5498 1339 5536 mss.
1382 5483 1573 5546 omitt.,
1623 5491 1680 5536 et
1770 5481 1815 5511 ’⁸
1854 5478 1959 5551 M_s.
1989 5477 2461 5551 Sagarixemplum
2486 5479 2776 5536 meditandi
2805 5478 3108 5551 degratione
3137 5479 3281 5551 lidei.
3315 5496 3412 5551 ms.
3442 5478 3594 5551 fiet.

335 5549 393 5630 ξ’).
424 5547 616 5630 incipit
646 5547 982 5630 Monologion
1008 5551 1142 5630 liber
1171 5551 1428 5630 Auselmi.
1460 5568 1558 5630 ms.
1590 5551 1856 5630 _Vict._l5.
1894 5547 2085 5630 Inﬁcipii
2120 5547 2456 5630 hlonologiou
2494 5551 2729 5630 A_nselmi
2762 5548 3310 5630 Δειι’(ῖιξίεξῃίείξρρὶληις.
3430 5549 3578 5630 Micls

336 5618 892 5691 lucipitMonologion
925 5622 1059 5675 liber
1101 5622 1338 5678 Anselmi
1366 5621 1775 5691 archiepiscopi.
1807 5637 1907 5674 ms.
1932 5618 2116 5691 Cister.
2148 5618 2719 5691 litejpit'Monologiitin
2751 5618 3007 5675 Anselmi.
3085 5619 3129 5651 "’
3157 5621 3309 5686 Quod
3334 5622 3403 5677 sit
3427 5620 3601 5689 quods

340 5692 459 5745 dum
493 5706 617 5745 mss.
646 5688 792 5759 quod
832 5690 900 5743 sit
952 5691 1206 5759 quiddam
1283 5693 1327 5724 "
1370 5688 1756 5747 Sullicientiaiu
1807 5706 1905 5743 ms.
1953 5689 2108 5745 (ἔοι-ιν.
2140 5688 2631 5758 SulliCieutetnque.

1781 4642 1944 4696 Mich.
1977 4638 2282 4708 lmju'smodi
2315 4638 2653 4694 meditationi
2680 4638 3077 4694 cohaerentibus
3142 4638 3170 4708 ξ
3200 4639 3442 4705 Quodam
3477 4639 3595 4705 ejus
3690 4694 3701 4699 ,
