3882 6050
310 273 412 329 145
1711 265 2188 325 MONOLOGIUM.
3476 274 3576 328 Hii

306 397 396 442 aut
417 387 562 451 quod
587 383 830 454 aliquo"
853 382 1011 439 modo
1027 385 1161 439 bene
1189 395 1333 448 sunt,
1355 399 1450 454 per
1476 384 1898 453 omnipotentem
1926 398 1977 455 Α
2007 389 2135 445 tem,
2172 396 2275 437 non
2302 390 2481 437 tamen
2505 383 2646 439 idem
2671 383 2885 439 videtur
2927 397 3047 438 esse
3073 383 3330 439 velocitas
3355 394 3409 440 et
3434 385 3586 440 forti-

309 475 607 532 b0uitatem
632 490 786 530 suam
825 475 1047 529 dantem
1089 483 1143 529 et
1166 473 1474 532 facientem.
1521 473 1734 544 aliaque
1774 489 1899 545 per-
2002 473 2149 528 tudo.
2173 471 2368 528 Verum
2391 474 2432 529 si
2455 488 2648 544 equus,
2672 475 2796 543 quia
2827 484 2909 529 est
2930 473 3161 530 Fortiset
3181 475 3359 540 velox,
3380 475 3584 532 idcirco

310 569 481 638 plura,
513 581 636 638 qua:
662 568 730 621 de
761 565 892 629 Deo,
925 565 1039 620 sive
1063 565 1130 620 de
1151 564 1268 632 ejus
1309 573 1559 620 creatura
1590 565 1898 620 necessario
2001 563 2176 618 bonus
2201 564 2246 594 "
2276 572 2389 628 est;
2422 565 2695 633 quomodo
2721 564 2878 620 fortis
2919 573 2976 620 et
3023 563 3178 619 velox
3224 564 3365 619 latro
3412 564 3586 622 malus

310 657 604 721 credimus,
634 665 724 710 aut
756 671 864 712 non
888 656 1181 721 audiendo,
1204 663 1300 709 aut
1326 671 1433 710 non
1459 655 1730 711 credendo
1751 656 1899 725 igno-
2001 655 2119 708 est?
2148 654 2332 708 Potius
2363 655 2525 724 igitur
2551 656 3006 726 quemadmodum
3029 656 3186 712 fortis
3214 666 3272 712 et
3301 657 3456 711 velox
3510 657 3588 710 la-

311 761 413 813 rat,
444 757 602 819 putat
623 749 748 818 quia
781 764 845 802 ea
874 749 990 817 ipsa
1011 761 1080 802 ex
1107 762 1297 817 magna
1319 756 1490 816 parte,
1516 747 1561 802 si
1585 747 1668 802 vel
1693 747 1900 802 medio-
2003 754 2086 799 tro
2117 746 2236 802 ideo
2261 747 2436 802 malus
2455 757 2539 802 est
2568 747 2694 816 quia
2716 748 2762 779 ⁸⁸
2792 749 2985 803 noxius
3025 757 3137 815 est;
3197 751 3267 804 ita
3323 749 3478 803 fortis
3531 759 3588 804 et

308 843 416 898 cris
441 842 644 913 ingenii
676 841 722 872 ³⁸
769 850 892 904 εει,
942 848 1124 908 potest
1150 840 1266 909 ipse
1301 839 1402 894 sibi
1441 839 1484 871 ³⁸
1532 839 1725 896 saltem
1783 839 1896 894 sola
2000 837 2157 892 velox
2180 853 2352 908 equus
2380 839 2583 894 ideirco
2615 840 2789 895 bonus
2816 847 2921 906 est,
2967 840 3093 910 quia
3153 839 3300 896 utilis
3355 848 3459 895 est.
3519 841 3587 897 Et

311 935 524 990 ratione
549 933 900 1004 persuadere.
932 931 1084 998 Quod
1117 947 1240 986 cum
1269 931 1454 986 multis
1498 930 1672 988 modis
1715 929 1898 986 facere
2001 927 2219 998 quidem
2255 927 2387 983 nihil
2427 930 2563 984 solet
2583 929 2763 999 putari
2789 929 3016 995 bonum,
3059 930 3163 984 nisi
3211 939 3304 985 aut
3361 939 3586 1001 propter

309 1027 500 1096 possit,
537 1041 704 1081 unum
726 1039 946 1094 ponam,
982 1039 1144 1094 quem
1193 1023 1268 1078 illi
1302 1024 1510 1081 aestimo
1539 1038 1660 1080 esse
1709 1038 1897 1094 prom-
1999 1020 2295 1075 utilitatem
2323 1021 2583 1092 aliquam,
2616 1031 2674 1077 ut
2700 1023 2840 1078 bona
2893 1022 3097 1078 dicitur
3134 1023 3318 1090 salus,
3371 1035 3424 1079 et
3467 1042 3589 1096 quae

307 1119 634 1188 ptissimum.
663 1117 874 1172 Etenim
887 1130 1011 1172 cum
1032 1130 1226 1171 omnes
1242 1114 1343 1170 frui
1363 1115 1494 1172 solis
1516 1115 1601 1171 bis
1621 1124 1897 1186 appetant,
2001 1111 2158 1166 saluti
2187 1122 2444 1182 prosunt;
2489 1122 2583 1168 aut
2611 1123 2834 1183 propter
2879 1113 3176 1184 quamlibet
3225 1114 3587 1187 honestatem,

307 1224 425 1280 quae
450 1210 588 1264 bona
601 1202 831 1277 'putant;
862 1208 916 1262 in
942 1218 1196 1277 promptu
1221 1215 1325 1272 est,
1352 1215 1412 1261 ut
1439 1205 1729 1277 aliquando
1748 1220 1900 1261 men-
2000 1203 2140 1259 sicut
2165 1203 2511 1274 pulchritudo
2537 1206 2842 1262 aestimatur
2862 1207 3028 1273 bona,
3053 1216 3108 1262 et
3130 1223 3250 1278 qua:
3278 1209 3587 1279 pulchritu-

308 1301 376 1355 tis
404 1299 622 1354 oculum
647 1306 931 1354 convertat
967 1299 1034 1353 ad
1079 1297 1514 1369 investigandum
1565 1295 1713 1362 illud,
1757 1296 1900 1350 unde
1999 1294 2180 1350 dinem
2202 1295 2413 1364 juvant.
2445 1297 2551 1352 Sed
2583 1298 2839 1367 quoniam
2888 1297 3000 1367 jam
3043 1308 3326 1369 perspecta
3370 1301 3508 1355 ratio
3545 1303 3590 1334 ⁵⁷

307 1399 437 1447 ειιιιι
463 1390 512 1423 ³⁸
540 1392 680 1446 bona
702 1405 769 1448 ea
799 1391 936 1461 ipsa,
971 1406 1091 1461 quae
1117 1405 1225 1446 non
1250 1391 1475 1460 appetit,
1507 1390 1612 1446 nisi
1661 1390 1784 1460 quia
1810 1389 1900 1460 ju-
2001 1385 2148 1440 nullo
2173 1394 2351 1456 potest
2373 1387 2590 1442 dissolvi
2622 1398 2800 1458 pacto,
2837 1403 3062 1444 necesse
3085 1399 3169 1444 est
3194 1405 3358 1448 omne
3377 1407 3592 1460 quoque

303 1484 456 1538 dicat
486 1497 612 1538 esse
641 1483 804 1547 bona,
843 1490 904 1536 ut
932 1481 1128 1537 deinde
1173 1482 1386 1536 ratione
1434 1481 1668 1536 ducente
1718 1489 1773 1536 et
1810 1479 1899 1535 illa
1999 1477 2132 1532 utile
2169 1478 2254 1533 vel
2278 1478 2586 1545 honestum,
2617 1480 2662 1534 si
2693 1494 2821 1534 vere
2843 1479 2982 1534 bona
3008 1489 3156 1545 sunt,
3203 1495 3301 1550 per
3355 1482 3587 1552 idipsum

307 1581 676 1645 prosequente
693 1573 739 1605 ³³
759 1573 827 1628 ad
861 1589 950 1639 ea,
994 1587 1115 1644 quae
1163 1572 1614 1629 irrationabiliter
1661 1572 1898 1644 ignorat,
1998 1580 2120 1621 esse
2140 1565 2185 1598 ⁸⁸
2214 1566 2353 1621 bona
2380 1581 2477 1636 per
2505 1567 2646 1636 quod
2673 1582 2893 1623 necesse
2921 1577 3003 1623 est
3051 1578 3243 1624 cuncta
3274 1584 3394 1625 esse
3425 1571 3586 1633 bona,

306 1667 709 1724 rationabiliter
727 1665 998 1738 proficiat.
1029 1666 1086 1720 ln
1118 1680 1226 1734 quo
1274 1665 1321 1697 “
1363 1674 1542 1721 tamen
1568 1665 1614 1722 si
1639 1665 1768 1737 quid
1812 1666 1897 1722 di-
1998 1659 2258 1729 quidquid
2285 1659 2414 1714 illud
2445 1661 2534 1715 sit.
2563 1659 2695 1728 Quis
2723 1670 2904 1715 autem
2946 1660 3154 1717 dubitet
3199 1661 3327 1716 illud
3383 1662 3582 1731 ipsum,

307 1773 462 1823 xero,
495 1757 637 1828 quod
665 1755 839 1826 major
892 1772 1000 1812 non
1051 1763 1317 1812 monstret
1364 1755 1410 1787 ³⁸
1452 1756 1770 1821 auctoritas,
1821 1757 1901 1811 sic
1934 1810 1972 1828 n
1999 1765 2096 1820 per
2115 1751 2261 1822 quod
2286 1761 2478 1806 cuncta
2503 1761 2628 1807 sunt
2675 1753 2813 1807 bona
2865 1767 2985 1808 esse
3030 1768 3284 1823 magnum
3348 1753 3590 1810 bonum?

307 1849 430 1904 volo
457 1847 631 1919 accipi
662 1857 761 1903 :ut
781 1847 1026 1918 quamvis
1047 1861 1115 1902 ex
1142 1845 1466 1910 rationibus,
1489 1859 1612 1914 quae
1657 1845 1792 1899 mihi
1819 1845 1901 1900 vi-
1930 1810 1974 1865 Β
1997 1845 2130 1900 lllud
2154 1844 2316 1916 igitur
2345 1853 2432 1900 est
2453 1845 2653 1900 bonum
2677 1860 2771 1916 per
2797 1845 3068 1916 seipsum;
3131 1845 3390 1915 quoniam
3425 1860 3588 1900 omne

307 1942 602 2005 debentur,
629 1937 782 2006 quasi
830 1937 1200 1992 necessarium
1232 1935 1610 2001 concludatur,
1661 1950 1770 1990 non
1823 1936 1894 1991 ob
1995 1937 2198 1992 bonum
2228 1945 2312 1990 est
2337 1952 2432 2006 per
2481 1936 2678 2006 ipsum.
2715 1935 2858 2007 Ergo
2901 1936 3256 2007 consequitur
3297 1944 3356 1991 ut
3404 1937 3586 1992 omnia

307 2032 419 2088 hcc
434 2039 616 2085 tamen
645 2029 868 2084 omnino
888 2027 1275 2092 necessarium,
1305 2027 1398 2082 sed
1423 2035 1632 2081 tantum
1656 2026 1737 2081 sic
1763 2025 1896 2080 inte-
1997 2026 2099 2081 alia
2131 2027 2271 2081 bona
2299 2027 2407 2081 sint
2427 2041 2521 2098 per
2552 2026 2696 2081 aliud
2724 2042 2886 2098 quam
2918 2028 3059 2098 quod
3103 2027 3219 2098 ipsa
3269 2039 3397 2084 sunt
3441 2029 3486 2060 δ’
3531 2039 3590 2083 ει

304 2129 410 2180 ritu
435 2120 610 2178 videri
632 2135 789 2190 posse
815 2120 1046 2175 dicatur.
1079 2117 1261 2174 Facile
1285 2128 1369 2174 est
1394 2119 1561 2188 igitur
1603 2127 1664 2173 ut
1698 2116 1896 2186 aliquis
1997 2117 2172 2187 ipsum
2195 2117 2240 2148 ⁸ο
2265 2117 2437 2172 solum
2460 2132 2556 2186 per
2586 2117 2842 2188 seipsum.
2877 2117 2945 2170 At
2965 2117 3173 2171 nullum
3201 2117 3402 2174 bonum
3431 2118 3576 2188 quod

303 2216 383 2267 sic
413 2228 598 2268 secum
626 2211 673 2243 ”
695 2211 892 2267 tacitus
914 2211 1100 2265 dicat:
1124 2209 1258 2264 Cum
1281 2218 1390 2262 tam
1412 2209 1455 2240 ³⁷
1481 2207 1895 2263 innumerabilia
1995 2222 2094 2278 per
2117 2208 2262 2262 aliud
2291 2217 2396 2274 εει,
2425 2218 2510 2263 εει
2535 2208 2743 2278 aequale
2770 2217 2864 2262 aut
2905 2207 3081 2278 majus
3135 2223 3201 2264 eo
3247 2208 3390 2263 bono
3441 2209 3587 2278 quod

305 2305 445 2358 bona
478 2304 609 2370 sint,
633 2318 864 2373 quorum
892 2310 1000 2356 tam
1027 2301 1256 2355 multam
1282 2300 1654 2354 diversitatem
1685 2307 1741 2354 et
1769 2313 1892 2354 sen-
1995 2316 2093 2371 per
2115 2315 2174 2355 se
2203 2309 2288 2354 est
2307 2303 2527 2355 bonum.
2561 2299 2692 2354 Illud
2716 2300 2895 2370 itaque
2926 2299 3099 2355 solum
3156 2309 3242 2356 est
3282 2315 3493 2356 summe
3539 2302 3583 2333 "

305 2397 456 2452 sibus
488 2396 766 2465 corporeis
791 2395 1120 2465 experimur,
1151 2402 1206 2448 et
1234 2392 1442 2448 ratione
1465 2393 1664 2447 mentis
1692 2391 1896 2446 diseer-
1995 2391 2219 2456 bonum,
2247 2391 2391 2460 quod
2414 2390 2586 2447 solum
2615 2400 2698 2447 est
2722 2406 2819 2460 per
2846 2408 2906 2447 se
2929 2392 3151 2448 bonum.
3180 2393 3236 2448 Id
3265 2394 3409 2448 enim
3433 2408 3581 2448 sum-

304 2488 507 2553 nimus,
539 2493 693 2541 estne
717 2485 1046 2540 credendum
1075 2498 1198 2539 esse
1217 2499 1380 2538 unum
1399 2483 1896 2553 aliquid,perquod
1997 2499 2143 2539 mum
2175 2483 2222 2516 ⁸⁸
2247 2494 2349 2551 εει,
2383 2484 2526 2554 quod
2569 2483 2649 2539 sic
2687 2485 3054 2554 supereminet
3109 2485 3249 2552 aliis,
3301 2497 3362 2540 ut
3397 2485 3444 2518 ⁵³
3487 2501 3586 2541 nec
3653 2547 3658 2555 ,

305 2593 470 2634 unum
493 2577 602 2632 sint
632 2576 677 2608 ³⁸
701 2578 837 2632 bona
873 2590 1208 2646 quaacunque
1235 2575 1378 2632 bona
1434 2585 1593 2640 sunt;
1645 2591 1713 2630 an
1771 2585 1897 2630 sunt
1996 2591 2097 2646 par
2125 2576 2343 2642 habeat,
2377 2591 2477 2632 nec
2501 2577 2866 2647 prmstantius.
2907 2575 3015 2632 Sed
3064 2578 3208 2648 quod
3249 2589 3334 2633 est
3379 2593 3589 2633 summe

304 2669 444 2725 bona
479 2669 522 2700 ³³
555 2667 660 2722 alia
691 2683 784 2738 per
811 2667 976 2722 aliud.
1003 2666 1379 2723 Certissimum
1398 2666 1614 2737 quidem
1639 2676 1692 2721 et
1716 2667 1895 2721 omni-
1994 2671 2220 2733 bonum,
2261 2677 2345 2724 est
2377 2670 2541 2724 etiam
2563 2685 2774 2725 summe
2795 2685 3070 2742 magnum.
3107 2671 3201 2726 Est
3227 2672 3392 2742 igitur
3414 2688 3582 2725 unum

305 2761 410 2817 bus
428 2772 511 2817 est
545 2759 849 2816 volentibus
875 2762 1158 2814 alvertere
1185 2760 1528 2828 perspicuum
1579 2759 1706 2828 quia
1751 2773 1898 2827 quae-
1996 2759 2198 2828 aliquid
2229 2773 2436 2814 summe
2461 2774 2736 2830 magnum,
2761 2767 2815 2813 et
2843 2774 3054 2815 summe
3092 2760 3315 2825 bonum,
3382 2761 3433 2816 id
3492 2769 3578 2814 est

305 2868 516 2922 cunque
577 2851 834 2906 dicuntur
894 2849 1096 2918 aliquid
1127 2888 1141 2913 ,
1193 2849 1266 2902 ita
1313 2859 1372 2902 ut
1401 2849 1468 2902 ad
1519 2849 1748 2903 invicem
1781 2863 1896 2902 ma-
1997 2864 2268 2904 summum
2299 2847 2541 2903 omnium
2573 2863 2694 2917 qua:
2725 2857 2870 2902 sunt.

305 2945 385 3014 gis
415 2953 508 2996 aut
536 2944 714 2996 minus
735 2949 828 2996 aut
853 2940 1138 3010 aequaliter
1166 2939 1418 2996 dicantur
1461 2939 1506 2970 "°
1549 2955 1645 3008 per
1692 2939 1896 3008 aliquid
2627 2958 2856 3015 CAPUT
2897 2959 2960 3014 ιι,

304 3036 579 3101 dicuntur,
616 3033 761 3102 quod
783 3048 889 3087 non
913 3032 1058 3088 aliud
1084 3043 1140 3088 et
1167 3031 1335 3096 aliud,
1361 3031 1455 3087 sed
1480 3031 1523 3063 ’ί
1559 3032 1701 3086 idem
1734 3031 1896 3086 intel-
2597 3051 2672 3106 De
2698 3052 2878 3106 eadem
2907 3067 2980 3105 γε.

1925 3211 1965 3235 ρ.
1997 3167 2340 3224 Coasrscrus
2377 3167 2857 3222 caetris—Sicut
2875 3177 2959 3222 est
2975 3182 3143 3220 unum
3156 3166 3360 3235 aliquid
3374 3179 3588 3220 summe

306 3216 543 3285 qualiter
571 3217 968 3272 consideretur.
997 3213 1132 3269 Nam
1162 3228 1498 3286 quaecunque
1521 3215 1668 3286 justa
1711 3215 1894 3270 dicun-

2071 3239 2268 3293 bonnm
2288 3279 2303 3302 ,
2331 3239 2454 3308 quia
2485 3247 2679 3293 cuncta
2703 3238 2842 3292 bona
2869 3253 2966 3304 per
2998 3253 3160 3291 unum
3205 3211 3584 3308 aliquidsunt,

308 3319 395 3364 tur
419 3310 488 3364 ad
517 3309 773 3376 invicem,
801 3311 916 3366 sive
945 3311 1152 3381 pariter
1203 3313 1317 3367 sive
1346 3311 1517 3382 magis
1561 3311 1644 3366 vel
1694 3311 1894 3377 minus,
2073 3309 2215 3377 quod
2239 3318 2321 3363 est
2346 3305 2544 3363 bonum
2570 3322 2666 3376 per
2693 3322 2786 3382 se;
2815 3308 2888 3361 ita
2932 3308 3119 3364 existit
3169 3321 3335 3360 unum
3380 3305 3585 3372 aliquid

309 3401 913 3472 nonpossumimemgi
948 3379 1097 3469 iusta
1146 3403 1249 3457 nisi
1298 3418 1394 3472 per
1439 3379 1728 3473 iustitiam.
1776 3418 1898 3472 qua:
2067 3379 3154 3473 ἓίέπέιξξιξ.,¹ῐ’τ1ξξτ.ιξῖξιε.έιιὲἓ-(ἐξξὲἔδυὶιξὲῗε
3195 3383 3582 3473 ἶῖἶῗὲἷῖἒὶηῗυῗξε

2067 3465 2164 3518 per
2187 3464 2354 3504 unum
2377 3448 2580 3518 aliquid
2602 3463 2796 3518 magna
2825 3459 2976 3518 sunt,
3007 3447 3156 3517 quod
3198 3461 3454 3518 magnum
3502 3455 3588 3499 est

2071 3517 2167 3588 per
2205 3517 2741 3591 seipsum.]lagnum
2765 3517 3170 3591 intelligo,__non
3198 3517 3393 3591 spatio,
3427 3524 3591 3569 utest

308 3583 376 3637 sit
405 3584 548 3652 quod
583 3584 767 3639 omnia
803 3585 966 3651 bona,
1013 3586 1056 3639 si
1106 3585 1172 3640 ad
1220 3583 1452 3640 invicem
1507 3585 1893 3652 conferantur,
2071 3583 2302 3660 corpus,
2331 3589 2423 3644 sed
2453 3583 2752 3659 sapiéntia;
2778 3589 2922 3658 quod
2939 3583 3140 3642 'melius
3161 3583 3588 3658 et’digniusest.

307 3685 400 3729 aut
435 3675 740 3746 aequaliter,
771 3686 864 3731 aut
893 3678 1233 3748 inaequaliter
1253 3679 1365 3734 sint
1384 3679 1428 3710 δ’
1453 3679 1594 3734 bona
1623 3720 1640 3744 ,
1676 3694 1896 3735 necesse
2069 3682 2535 3750 Quemadmodum
2563 3693 2744 3737 autem
2773 3682 3054 3737 inventum
3083 3689 3168 3736 est
3211 3679 3414 3751 aliquid
3464 3694 3586 3734 esse

309 3776 388 3821 est
419 3775 480 3820 ut
506 3769 687 3822 omnia
715 3767 764 3798 "
787 3769 895 3822 sint
931 3783 1029 3838 per
1057 3768 1259 3837 aliquid
1290 3769 1452 3834 bona,
1501 3770 1644 3839 quod
1699 3769 1894 3824 intelli-
2000 3786 2211 3828 summe
2237 3772 2456 3835 bonum,
2483 3772 2738 3841 quoniam
2771 3780 2965 3827 cuncta
2995 3773 3133 3826 bona
3165 3785 3264 3841 per
3301 3785 3468 3825 unum
3491 3768 3586 3822 all-

312 3857 453 3924 gitur
481 3858 621 3912 idem
651 3857 705 3912 in
755 3859 986 3914 diversis
1032 3859 1188 3914 bonis
1206 3859 1270 3925 “,
1317 3859 1439 3914 licet
1477 3860 1764 3929 aliquando
1820 3859 1901 3914 vi-
2001 3862 2129 3930 quid
2148 3861 2195 3892 “
2232 3869 2361 3915 sunt
2390 3861 2553 3926 bona,
2586 3861 2728 3930 quod
2751 3871 2835 3916 est
2857 3863 3059 3916 bonum
3089 3877 3184 3930 per
3214 3861 3486 3932 seipsum;
3510 3861 3592 3915 sic

311 3946 544 4000 deantur
573 3949 712 4006 bona
743 3948 849 4003 dici
881 3947 985 4003 alia
1013 3964 1110 4018 per
1146 3948 1308 4004 aliud.
1336 3948 1440 4003 Per
1469 3949 1788 4004 aliud'enim
1815 3950 1896 4004 vi-
2001 3969 2064 4008 ex
2097 3953 2421 4009 necessitate
2463 3953 2734 4022 colligitur
2788 3952 2996 4022 aliquid
3045 3967 3166 4008 esse
3218 3966 3430 4006 summe
3475 3967 3590 4007 ma-

313 4034 473 4089 detur
501 4035 608 4090 dici
639 4037 814 4092 bonus
841 4053 1039 4108 equus,
1066 4038 1192 4107 quia
1221 4038 1376 4094 fortis
1397 4047 1510 4104 est;
1544 4047 1600 4094 et
1639 4053 1734 4108 per
1753 4039 1899 4093 aliud
2006 4061 2193 4117 gnum,
2222 4044 2479 4115 quoniam
2509 4058 2849 4114 quacunque
2880 4057 3074 4114 magna
3103 4053 3248 4112 sunt,
3280 4059 3381 4114 per
3422 4059 3588 4098 unum

312 4127 484 4180 bonus
512 4141 706 4196 equus,
741 4128 869 4198 quia
903 4128 1060 4184 velox
1115 4138 1218 4184 est.
1282 4129 1416 4185 Cum
1461 4131 1605 4186 enim
1650 4131 1897 4186 videatur
2004 4138 2209 4208 aliquid
2232 4151 2426 4208 magna
2462 4146 2609 4201 sunt,
2634 4136 2777 4206 quod
2807 4150 3060 4207 magnum
3090 4145 3173 4190 est
3202 4151 3299 4206 per
3325 4135 3584 4205 seipsum.

311 4214 414 4273 dici
445 4219 619 4275 bonus
652 4234 748 4290 per
775 4219 1170 4286 fortitudinem,
1199 4229 1254 4277 et
1282 4221 1458 4278 bonus
1493 4237 1590 4292 per
1635 4221 1891 4277 velocita-
2007 4229 2135 4286 Dico
2159 4239 2341 4285 autem
2371 4245 2481 4286 non
2509 4245 2764 4300 magnum
2787 4229 2983 4300 spatio,
3016 4238 3076 4284 ut
3103 4237 3188 4285 est
3234 4243 3432 4300 corpus
3489 4227 3590 4283 ali-

310 3506 420 3546 non
443 3501 528 3546 est
557 3491 702 3546 aliud
737 3501 790 3548 et
813 3493 958 3548 aliud
992 3494 1044 3548 in
1074 3494 1328 3549 diversis.
1361 3494 1502 3566 Ergo
1528 3509 1651 3549 cum
1684 3503 1894 3549 certum

1595 4379 1831 4436 VARIJE
1869 4381 2272 4441 LECTIONES.

379 4490 425 4571 ’ξ
445 4491 556 4572 Ant
577 4489 720 4559 quod
741 4489 922 4561 aliquo
939 4509 1047 4575 μω.
1072 4492 1384 4548 Corb.omit.
1405 4494 1550 4566 quod
1625 4495 1669 4527 ³ο
1687 4495 1886 4567 Ingenii
1911 4506 2104 4553 estms.
2123 4498 2432 4556 Corbeiense
2445 4502 2594 4555 omit.
2614 4509 2699 4557 est
2771 4500 2812 4532 ³¹
2829 4500 3014 4556 Potest
3028 4500 3142 4601 ipse
3172 4501 3274 4556 sibi
3304 4517 3402 4555 ms.
3432 4499 3588 4557 Corb.

379 4570 461 4601 ml-
485 4575 600 4601 Incn
676 4560 721 4592 ³1
742 4559 892 4601 ῐῐιιιιρ
910 4572 1014 4601 αιηί
1037 4580 1140 4601 ητις
1178 4563 1290 4601 Vtri
1331 4564 1435 4601 Rm.
1473 4565 1746 4601 nnrlncnnl
1823 4567 1970 4601 υιιι..
1988 4579 2346 4601 ηοηροη..ηη.η
2368 4587 2446 4601 ..η
2483 4570 2572 4601 ςιιη
2589 4579 2947 4601 ,πωπω-..κω
3021 4571 3040 4601 s
3089 4569 3338 4601 ument...
3377 4571 3430 4601 ι..
3463 4588 3566 4601 ......

317 4562 463 4642 antit.
485 4561 616 4642 ipse
676 4559 1020 4642 "‘Unt‘nlesmt
1032 4563 1310 4642 gzss._Vict.
1329 4559 1456 4642 Sag":
1473 4559 1774 4642 undesnpt'
1799 4567 1866 4625 t”
1882 4567 1971 4622 Illa
1988 4579 2346 4642 persequente
2368 4587 2464 4626 ms.
2483 4570 2572 4626 illo
2589 4579 2947 4642 prosequente
3021 4559 3073 4642 "7
3089 4569 3360 4642 Proﬁciat.
3377 4571 3430 4626 In
3461 4588 3587 4642 quo,

315 4641 414 4713 erg.
445 4629 544 4685 mi.
576 4629 703 4713 Sag.
721 4631 995 4713 l’roﬁciat.
1024 4633 1176 4713 Quod
1209 4649 1329 4713 cum
1352 4629 1667 4713 multimode
1683 4636 1860 4713 facere
1875 4629 2065 4713 possit,
2085 4629 2228 4696 hunc
2245 4642 2461 4713 modum
2479 4629 2608 4711 puto
2626 4629 2834 4696 illiesse
2849 4640 3304 4710 promptissimum
3327 4629 3494 4712 atque
3506 4629 3588 4698 fa;

313 4701 592 4782 cillimum;
616 4701 769 4782 utsic
787 4717 967 4758 secum
988 4705 1183 4782 tacitus
1207 4704 1378 4782 dicat:
1396 4705 1529 4760 Cum
1556 4714 1663 4760 tam
1680 4701 2124 4782 innumerabilia,
2137 4722 2244 4782 etc.
2313 4712 2358 4743 ³⁸
2372 4701 2495 4782 Non
2513 4721 2776 4767 monstrat
2803 4701 2930 4767 nise.
2958 4701 3063 4766 non
3081 4720 3346 4767 monstret
3402 4701 3590 4768 "‘Ali-

311 4772 429 4853 quis
452 4771 554 4853 sibi
592 4771 895 4853 qui-secum
924 4791 1052 4828 mss.
1084 4775 1398 4853 Aliquissic
1421 4792 1603 4831 secum
1646 4777 1732 4853 _""'
1753 4777 1886 4833 Cum
1916 4787 2027 4833 tam
2050 4771 2176 4835 mss.
2203 4779 2523 4853 Corb._Vict.
2547 4783 2635 4837 -l5.
2655 4798 2776 4837 cum
2803 4792 2980 4837 tamen
3056 4782 3100 4814 ³⁸
3123 4782 3297 4838 Unum
3313 4793 3437 4838 sunt
3460 4803 3583 4838 mss.

312 4839 650 4920 Uent.uCor6.
695 4839 826 4920 Vict.
861 4859 1028 4920 unum
1067 4839 1203 4898 sint'
1253 4846 1319 4920 _”_
1351 4849 1456 4920 Aut
1497 4855 1622 4901 sunt
1646 4847 1784 4920 bona
1813 4861 2184 4920 mss.re:rcepto
2211 4867 2310 4906 ms.
2345 4851 2612 4907 Victorino
2645 4853 2730 4908 l5.
2761 4867 2826 4907 an
2853 4863 2980 4907 sunt
3011 4853 3150 4907 bona
3253 4855 3298 4885 ⁸ο
3322 4853 3588 4919 Qumcun-

311 4926 414 4992 que
441 4913 698 4992 dicuntur
722 4913 949 4992 aliquid,
993 4916 1063 4969 ita
1092 4925 1153 4968 ut
1200 4916 1265 4968 ad
1308 4917 1537 4992 invicem
1569 4919 1790 4992 magis.
1920 4913 2192 4992 dicantur,
2224 4936 2322 4990 per
2350 4921 2493 4976 aliud
2523 4923 2794 4989 dicuntur,
2827 4923 2970 4992 quod
3015 4938 3119 4976 nou
3157 4923 3299 4977 aliud
3326 4913 3381 4977 ει
3419 4924 3590 4986 aliud,

312 4982 429 5062 sed,
458 4989 684 5062 etc._ms.
714 4982 1012 5062 Corbeiens.
1043 4982 2020 5062 quazcunque__dicunturaliquid,_ita
2045 4982 2372 5062 adhinv'icem
2400 4993 2571 5062 magis
2605 5031 2619 5046 .
2655 5033 2670 5048 .
2707 5033 2720 5047 .
2753 4982 3025 5054 dicuntur,
3057 5008 3154 5062 per
3179 4982 3589 5062 aliquiddican-l

312 5061 417 5112 tur,
447 5053 593 5122 quod
626 5053 1076 5133 nonaliudhsed,
1106 5068 1209 5111 etc.
1286 5053 1327 5089 “
1363 5056 1467 5133 Ms.
1497 5056 1644 5110 Gem.
1673 5053 1802 5125 Sag.
1830 5056 1975 5133 [ξεῖ.
2010 5062 2065 5115 5.
2098 5059 2362 5133 S.__Mirh.
2394 5053 2580 5116 (Ιὶδῖεν.
2610 5079 2944 5133 quascunque
2972 5053 3224 5117 dicuntur
3252 5053 3478 5131 aliquid,
3511 5063 3583 5117 ita

311 5134 369 5174 ut
396 5161 409 5173 .
471 5161 502 5204 ’τ
551 5138 646 5204 per
685 5123 886 5204 aliquid
916 5126 1168 5180 dicuntur
1207 5167 1231 5204 ._
1266 5165 1280 5180 .
1326 5167 1340 5180 .
1377 5127 1626 5204 sed,_ete.
1663 5123 1784 5204 mss.
1828 5127 2032 5204 Tliuan.
2077 5142 2126 5204 et
2169 5129 2296 5186 Vict.
2322 5133 2424 5204 λδ.
2453 5123 2791 5204 quamn-nque
2837 5123 3086 5204 dicuntur
3112 5135 3177 5186 ad
3209 5123 3409 5204 aliquid
3453 5123 3475 5185 ,⁷
3514 5173 3526 5186 .

315 5207 408 5272 per
436 5191 641 5272 aliquid
671 5191 925 5248 dicuntur
965 5236 977 5248 .
1021 5231 1036 5248 .
1083 5235 1097 5250 .
1140 5198 1251 5257 sed,
1287 5208 1396 5272 etc.
1470 5199 1647 5272 {lA‘ut
1675 5197 2014 5272 ixi-.equaliter
2049 5201 2157 5255 sint
2181 5218 2278 5272 tm.
2321 5191 2532 5256 Vict.'5.
2558 5191 2718 5258 omit:
2745 5214 2836 5256 aut
2863 5203 3200 5271 inaequaliter
3273 5191 3320 5232 ⁸⁵
3349 5201 3584 5259 Necesse

312 5269 394 5334 est
423 5267 607 5316 omnia
632 5279 1014 5334 mssaneCesse
1046 5277 1120 5319 est
1154 5279 1209 5320 ut
1234 5269 1414 5322 omnia
1490 5267 1535 5298 “
1572 5267 1805 5321 Diversis
1850 5269 2004 5323 bonis
2035 5288 2133 5324 ms.
2167 5271 2321 5325 σοι-ὑ.
2349 5274 2495 5326 omit.
2526 5272 2682 5328 bonis
2756 5275 2801 5304 ⁸⁵
2828 5275 2930 5326 Aut
2957 5267 3131 5334 velox,
3167 5272 3340 5327 bonus
3366 5289 3494 5327 mss.
3528 5287 3584 5328 et

311 5332 490 5412 velox,
521 5333 726 5412 idcirco
765 5333 959 5412 bonus_
1009 5335 1056 5366 ⁵⁸
1093 5336 1215 5391 Ideo
1245 5338 1431 5412 ‘malus
1462 5339 1584 5412 quia
1614 5355 1735 5412 quas.
1785 5336 1975 5412 Cisler.
2004 5340 2150 5395 Gem.
2183 5340 2339 5396 Corb.
2374 5341 2507 5412 Vict.
2536 5342 2664 5412 Sag.
2694 5344 2814 5398 ideo
2845 5343 3015 5395 malus
3041 5332 3145 5404 est,
3171 5343 3295 5412 quia
3370 5344 3412 5374 ⁸⁷
3449 5343 3578 5398 PC!"

318 5361 490 5392 νυιυλ,
521 5361 726 5388 ιιιωιυυ
767 5361 938 5388 υυιιιιδ
1015 5361 1052 5366 "
1093 5361 1215 5391 lucu
1261 5361 1431 5392 matus
1462 5361 1584 5406 qum
1614 5361 1735 5391 mas.
1785 5361 1975 5394 mater.
2004 5361 2150 5395 ιιεηι.
2183 5361 2339 5396 μοι-υ.
2378 5361 2507 5397 ιίει.
2536 5361 2610 5397 δα
2651 5381 2664 5396 ο
2695 5361 2814 5398 1080
2845 5361 3015 5395 IllillllS
3041 5361 3145 5404 CSI,
3171 5361 3295 5412 (lilia
3370 5361 3408 5374 "
3449 5361 3576 5398 I’Cl"

310 5411 495 5483 specta
549 5402 687 5455 ratio
737 5405 863 5483 edit.
923 5404 1098 5483 Venet.
1141 5406 1376 5483 perfecta
1409 5411 1576 5483 ratio_
1615 5407 1664 5483 _"°
1706 5409 2007 5483 Per__ipgmt
2050 5426 2171 5465 esse
2225 5428 2352 5466 mss.
2408 5410 2540 5483 Vict.
2587 5361 2716 5483 ὅςας.
2752 5430 2846 5482 per
2876 5413 3102 5480 idipsum
3140 5426 3259 5468 esse
3332 5413 3376 5447 ⁸⁸
3405 5413 3576 5480 Quam

310 5473 455 5554 quod
483 5473 596 5538 ipsa
627 5482 752 5525 suttt
785 5483 886 5554 :oet
913 5491 1010 5528 ms.
1046 5473 1200 5554 Corb.
1245 5493 1406 5548 quam
1438 5479 1578 5547 quod
1615 5477 1737 5554 ipsa
1803 5473 1868 5509 ’θ’
1891 5479 1954 5534 Ει
1997 5481 2190 5554 ipsum,
2233 5491 2289 5534 at
2325 5499 2447 5536 mss.
2479 5473 2844 5554 Thuafqu'am
2879 5473 2988 5550 ipsa
3013 5493 3159 5548 sunt,
3191 5495 3244 5538 et
3316 5485 3360 5517 ⁸¹
3395 5473 3579 5552 Ιῖσιιιιιε

309 5550 392 5594 εει
424 5555 634 5623 summe
657 5547 997 5624 munitaque
1025 5547 1198 5601 solum
1227 5547 1310 5603 est
1340 5564 1547 5624 summe
1621 5549 1666 5578 "
1707 5547 2215 5624 Summumbonum
2253 5561 2335 5624 est
2366 5553 2510 5624 quod
2551 5569 2674 5624 mss.
2703 5547 2972 5624 summum
2999 5563 3092 5624 est
3135 5547 3276 5624 quod
3350 5555 3396 5587 ⁸³
3427 5547 3577 5621 Quod

310 5612 724 5751 pleiaﬁﬁdeminct
756 5614 874 5669 aliis
908 5612 977 5670 ita
1015 5625 1072 5671 ut
1103 5633 1226 5672 mss.
1247 5619 1386 5688 quod
1440 5620 1516 5674 sic
1560 5620 1925 5689 supereminet
1957 5621 2096 5687 aliis,
2125 5633 2181 5676 ut
2282 5623 2324 5653 δ”
2353 5612 2473 5676 Ibid
2502 5624 2562 5678 (Ι.
2599 5621 2773 5678 Unum
2809 5622 3008 5692 aliquid
3039 5612 3217 5679 Ειιιίῑο
3234 5612 3576 5681 ιἐηει.ιιῖιιιιιι
