3882 6050
271 239 374 295 M7

803 237 864 293 S.
903 238 1206 295 ANSELMI
1242 239 1594 296 CANTUAR.
1639 237 1962 297 ARCHIEP.
2005 237 2156 296 OPP.
2200 238 2380 296 PARS
2406 239 2446 294 Ι.
2480 268 2549 278 --
2583 237 3006 295 DOGMATICA.

3429 242 3531 298 H8

269 354 444 432 quod;
478 353 575 411 sed
608 351 750 423 quod
781 362 985 423 quanto
1009 354 1206 424 majus,
1237 362 1387 410 tanto
1409 353 1603 410 melius
1631 364 1715 410 est
1763 363 1858 409 aut
1884 355 1934 415 Α
1959 367 2100 418 cem,
2140 362 2197 408 et
2233 353 2336 423 ipsi
2380 345 2628 408 homines
2678 353 2771 423 qui
2814 353 3144 421 referuntur,
3181 357 3401 413 omnino
3427 373 3538 413 non

271 451 486 522 dignius
510 446 576 512 ",
608 453 668 500 ut
688 455 775 501 est
796 446 1084 516 sapientia.
1121 447 1188 500 Et
1213 447 1472 516 quoniam
1518 463 1625 503 non
1675 455 1854 516 potest

269 557 391 600 esse
419 553 628 597 summe
651 553 927 609 magnum,
955 539 1057 593 nisi
1094 539 1146 594 id
1192 539 1333 608 quod
1382 549 1467 595 est
1512 555 1722 596 summe
1759 541 1856 594 bo-

269 651 424 701 num,
451 646 675 688 necesse
696 641 782 686 est
805 631 1006 700 aliquid
1028 645 1150 687 esse
1177 633 1472 688 maximum
1497 643 1552 689 et
1568 633 1851 704 optimum,

269 731 323 786 id
359 737 443 784 est
467 741 738 783 summum
766 725 1006 781 omnium
1037 741 1156 795 quat-
1186 736 1331 781 sunt.

894 816 1120 873 CAPUT
1158 818 1238 873 ΙΙΙ.

271 912 424 980 Quod
450 912 517 966 sit
543 909 783 980 quedam
816 918 1006 964 natura
1028 926 1120 976 per
1145 927 1304 979 quam
1333 921 1407 964 est
1453 912 1709 982 quidquid
1755 923 1853 974 est,

337 994 385 1037 et
411 998 528 1052 qua:
554 997 646 1052 per
671 997 726 1034 se
755 989 850 1043 est,
880 990 928 1035 et
958 991 1030 1035 est
1060 997 1322 1036 summum
1372 982 1418 1014 ⁵⁸
1463 983 1696 1037 omnium
1739 1000 1857 1053 qua

337 1065 477 1107 sunt.

267 1151 609 1207 Cousrscros
647 1157 956 1214 ρΑΡιτιεη-ς
971 1141 1145 1214 Omne
1171 1144 1313 1214 quod
1339 1153 1445 1209 est,
1478 1154 1571 1198 aut
1615 1160 1714 1214 per
1754 1145 1858 1199 ali-

339 1214 488 1284 quid,
518 1222 610 1266 aut
633 1228 729 1280 per
754 1212 908 1268 nihil.
939 1213 1054 1268 Non
1082 1212 1382 1282 per'nihil;
1435 1229 1565 1284 ergo
1613 1212 1710 1284 per
1760 1215 1855 1269 ali-

338 1283 468 1353 quid
493 1292 595 1337 est.
622 1283 753 1338 Illud
780 1292 960 1354 autem
987 1298 1084 1354 per
1123 1287 1264 1353 quod
1307 1283 1521 1339 cuncta’
1555 1283 1702 1351 sunt,
1763 1295 1857 1340 aut

337 1364 422 1410 est
451 1369 642 1418 unum,
693 1366 789 1407 ant
825 1353 1020 1424 plura:
1049 1354 1095 1408 si
1148 1355 1332 1424 plura,
1385 1355 1501 1410 hmc
1541 1355 1692 1425 plura
1731 1365 1857 1411 sunt

337 1425 557 1498 singula
576 1439 670 1494 per
689 1439 798 1498 _se_:
826 1425 972 1480 etita
1013 1435 1097 1498 est
1147 1441 1251 1479 una
1301 1426 1441 1498 rati_o
1490 1441 1583 1482 seu
1630 1426 1712 1482 vis
1749 1441 1854 1498 qua

335 1494 493 1566 plura
532 1495 658 1566 haec
688 1494 891 1550 habent
912 1504 971 1549 ut
993 1495 1218 1565 sintper
1261 1510 1340 1550 se.
1381 1495 1524 1566 Ergo
1565 1506 1649 1552 est
1689 1494 1853 1551 unum

339 1565 544 1633 aliquid
569 1580 665 1634 per
695 1566 837 1634 quod
867 1573 996 1619 sunt
1025 1580 1363 1635 quaecunque
1395 1565 1519 1621 sunt
1563 1585 1574 1619 :
1626 1576 1682 1622 et
1725 1566 1855 1621 illud

339 1635 514 1688 solum
545 1645 630 1690 est
657 1649 752 1704 per
779 1650 858 1689 se.
888 1635 1043 1706 Nulla
1076 1637 1244 1700 enim,
1276 1651 1452 1706 neque
1473 1652 1538 1691 ea
1569 1652 1674 1706 qua
1721 1635 1856 1693 refe-

340 1715 554 1769 runtur,
588 1698 918 1776 nequeipsas
949 1698 1260 1771 relationes,
1308 1698 1437 1762 su'nt
1460 1723 1555 1776 per
1588 1698 1851 1763 invicem.
1888 1698 1932 1755 Β

339 1777 410 1829 At
440 1777 582 1847 quod
609 1791 709 1847 per
734 1775 880 1830 aliud
903 1785 1006 1840 εει,
1027 1778 1212 1847 minus
1238 1785 1320 1832 est
1347 1793 1414 1832 eo
1447 1775 1591 1847 quod
1644 1793 1743 1847 per
1795 1794 1855 1834 se

338 1857 441 1918 est.
483 1846 576 1899 Est
606 1846 768 1916 igitur
793 1862 957 1918 unum
989 1846 1192 1916 aliquid
1227 1849 1370 1918 quod
1417 1846 1588 1902 salum
1620 1846 1856 1905 maxime

339 1915 392 1986 5
425 1924 480 1970 et
505 1915 715 1970 summe
763 1916 1004 1974 omnium
1059 1915 1161 1982 est,
1206 1915 1521 1986 summeque
1567 1918 1762 1973 bonum
1801 1929 1856 1974 et

337 2001 556 2058 summer
595 1987 848 2058 magnum
887 1987 1102 2053 existit;
1154 1996 1338 2058 utpote
1390 2004 1487 2057 per
1537 1990 1680 2058 quod
1726 1997 1809 2045 est
1837 2032 1852 2057 ,

336 2057 596 2125 quidquid
627 2056 825 2111 bonum
858 2068 912 2111 et
937 2073 1189 2129 magnum
1215 2056 1271 2113 et
1297 2056 1499 2130 aliquid
1537 2056 1639 2115 est.

344 2148 585 2218 Denique
611 2164 715 2204 non
744 2149 919 2205 solum
943 2151 1124 2205 omnia
1164 2151 1302 2206 bona
1339 2167 1433 2221 per
1461 2151 1602 2208 idem
1645 2152 1847 2224 aliquid

273 2248 402 2294 sunt
428 2241 592 2307 bona,
635 2250 689 2296 et
727 2241 911 2297 omnia
944 2258 1138 2314 magna
1182 2259 1281 2315 per
1311 2245 1451 2300 idem
1497 2245 1700 2314 aliquid
1731 2255 1858 2301 sunt

279 2345 505 2402 magna;
535 2332 632 2387 sed
658 2332 920 2404 quidquid
949 2343 1053 2398 est,
1083 2349 1179 2404 per
1209 2351 1376 2389 unum
1405 2335 1620 2406 aliquid
1640 2337 1858 2392 videtur

271 2437 414 2476 esse.
439 2422 618 2480 Omne
647 2440 882 2495 namque
902 2426 1047 2495 quod
1073 2434 1176 2489 εει,
1204 2435 1299 2480 aut
1317 2435 1400 2480 est
1429 2442 1526 2496 per
1555 2426 1757 2496 aliquid
1785 2427 1853 2492 ⁸⁷,

274 2521 369 2568 aut
395 2530 492 2584 per
518 2515 689 2580 nihil;
719 2516 813 2570 sed
845 2515 977 2569 nihil
1005 2525 1088 2570 est
1118 2530 1216 2585 per
1251 2517 1407 2570 nihil.
1441 2516 1554 2571 Νοιι
1583 2519 1729 2572 εηὶιιι
1771 2518 1854 2572 vel

275 2607 506 2676 cogitari
530 2617 710 2677 ροιεει
735 2617 794 2660 ιιι
808 2608 880 2662 sit
899 2607 1100 2677 aliquid
1125 2608 1169 2638 ⁸⁸
1193 2623 1300 2662 non
1324 2623 1419 2678 per
1442 2610 1664 2680 aliquid.
1692 2608 1857 2677 Quid-

273 2699 403 2767 quid
438 2699 604 2770 igitur
631 2707 736 2764 est,
768 2714 874 2754 non
906 2699 1009 2755 nisi
1039 2715 1138 2769 per
1172 2699 1376 2770 aliquid
1404 2711 1508 2756 est.
1545 2700 1700 2768 Quod
1729 2716 1853 2756 cum

275 2788 349 2841 ita
380 2788 475 2855 sit,
507 2796 601 2842 aut
630 2797 712 2843 est
740 2803 930 2852 unum,
963 2798 1055 2842 aut
1086 2798 1212 2844 sunt
1241 2789 1422 2859 plura,
1455 2806 1552 2860 per
1580 2797 1700 2859 quas
1729 2799 1854 2846 sunt

275 2889 472 2935 cuncta
502 2894 623 2949 quas
650 2889 796 2936 sunt.
830 2878 936 2936 Sed
966 2882 1012 2936 si
1039 2892 1166 2937 sunt
1195 2882 1371 2954 plura,
1401 2893 1494 2938 aut
1528 2885 1645 2953 ipsa
1681 2883 1726 2918 δ’
1764 2899 1852 2938 re-

275 2969 525 3024 feruntur
547 2971 614 3025 ad
633 2986 798 3025 unum
819 2971 1042 3042 aliquid,
1067 2988 1164 3043 per
1187 2975 1329 3042 quod
1352 2984 1510 3041 sunt;
1545 2985 1640 3030 aut
1665 2980 1853 3036 eadem

275 3061 428 3130 plura
455 3060 666 3132 singula
696 3071 823 3116 sunt
852 3039 948 3131 per
977 3077 1035 3117 se
1055 3039 1084 3128 ;—
1111 3039 1218 3117 aut
1237 3064 1352 3133 ipsa
1394 3039 1504 3134 per?
1525 3080 1584 3120 se
1620 3068 1852 3126 invicem
1881 3039 1924 3097 C

275 3160 403 3205 sunt
443 3151 511 3205 ⁸ο.
551 3150 624 3206 At
661 3153 707 3207 si
745 3151 898 3223 plura
942 3154 1057 3222 ipsa
1089 3163 1214 3208 sunt
1245 3169 1342 3224 per
1375 3173 1564 3222 unum,
1593 3156 1707 3228 jam
1743 3176 1850 3218 non

273 3250 402 3295 sunt
429 3241 612 3296 omnia
641 3254 738 3312 per
759 3241 949 3312 plura;
984 3244 1076 3298 sed
1101 3244 1281 3312 potius
1307 3259 1406 3315 per
1431 3246 1560 3302 illud
1594 3265 1762 3304 unum
1784 3251 1850 3317 “,

274 3347 372 3401 per
412 3332 556 3401 quod
601 3339 717 3389 utre
745 3332 899 3403 plura
931 3345 1059 3390 sunt
1093 3335 1159 3390 ".
1201 3335 1257 3391 Si
1299 3336 1509 3392 vero'“
1551 3340 1663 3408 ipsa
1699 3341 1853 3411 plura

275 3424 484 3494 singula
517 3433 647 3480 sunt
673 3440 770 3495 per
815 3440 903 3492 se,
936 3427 1124 3497 utique
1161 3437 1244 3483 est
1281 3445 1386 3484 una
1426 3431 1605 3501 aliqua
1644 3433 1727 3488 vis
1771 3435 1854 3489 vel

277 3527 474 3571 natura
496 3518 763 3574 existendi
781 3533 881 3589 per
902 3535 981 3584 se,
1005 3537 1111 3591 qua
1139 3522 1340 3578 habent
1368 3535 1424 3578 ut
1453 3541 1550 3595 per
1575 3542 1634 3582 se
1659 3529 1768 3583 sint
1788 3529 1853 3584 “.

276 3608 393 3664 Non
431 3619 516 3665 est
549 3619 732 3666 autem
775 3613 997 3668 dubium
1035 3615 1178 3683 quod
1213 3630 1310 3684 per
1349 3617 1580 3688 idipsum
1615 3619 1661 3651 ⁸⁸
1691 3636 1856 3676 unum

277 3699 408 3764 sint,
425 3713 524 3769 per
547 3700 690 3769 quod
717 3699 918 3756 habent
945 3711 1004 3756 ut
1033 3703 1143 3758 siut
1168 3718 1264 3773 per
1289 3720 1368 3760 se.
1389 3704 1584 3762 Verius
1606 3723 1734 3780 ergo
1760 3725 1858 3780 per

277 3791 452 3860 ipsum
478 3805 644 3844 unum
669 3802 865 3846 cuncta
895 3803 1045 3858 sunt,
1078 3810 1238 3864 quam
1262 3811 1359 3866 per
1381 3797 1555 3867 plura,
1587 3815 1708 3870 quae
1739 3803 1858 3857 sine

277 3901 342 3939 eo
373 3901 481 3941 uno
511 3901 633 3943 esse
671 3902 778 3940 non
809 3897 1036 3956 possunt
1062 3905 1076 3942 :
1115 3898 1174 3943 ut
1203 3904 1332 3945 vero
1371 3891 1522 3962 plura
1555 3909 1652 3963 per
1681 3909 1738 3950 se
1768 3896 1853 3950 in-

276 3974 449 4030 vicem
483 3977 611 4043 sint,
648 3977 790 4032 nulla
820 3979 1023 4048 patitur
1047 3980 1217 4045 ratio;
1245 3986 1496 4050 quoniam
1527 3985 1857 4042 irrationalis

276 4068 537 4138 cogitatio
591 4078 677 4125 est
723 4078 783 4124 ut
830 4069 1010 4139 aliqua
1060 4086 1146 4126 res
1181 4073 1254 4126 sit
1294 4089 1390 4140 per
1423 4075 1468 4105 “
1497 4075 1623 4129 illud
1648 4078 1735 4131 cui
1762 4079 1857 4134 dat

271 4177 400 4218 esse
422 4180 435 4217 :
461 4178 588 4217 nam
613 4178 713 4218 nec
732 4165 846 4233 ipsa
870 4164 1094 4219 relativa
1116 4165 1196 4220 sic
1211 4175 1443 4236 suntper
1455 4181 1514 4222 se
1535 4167 1762 4223 invicem
1787 4169 1853 4224 ⁸⁸⁸.

280 4252 412 4307 Nam
471 4269 594 4308 eum
653 4253 903 4309 dominus
940 4263 995 4310 et
1023 4270 1214 4311 servus
1268 4256 1572 4311 referantur
1617 4257 1683 4311 ad
1719 4259 1854 4312 iuvi-

1957 455 2082 500 sunt
2128 461 2226 517 per
2262 446 2532 511 invicem;
2575 454 2629 501 et
2666 446 2795 516 ipsae
2838 446 3133 503 relationes
3161 449 3359 518 quibus
3395 451 3539 506 rele-

1956 549 2172 605 runtur,
2200 555 2306 595 non
2326 540 2548 595 omnino
2569 548 2695 594 sunt
2711 555 2806 610 per
2827 555 2886 594 se
2909 540 3162 607 invicem,
3185 544 3311 611 quia
3334 544 3536 600 eaedem

1958 640 2083 685 sunt
2118 646 2214 701 per
2247 629 2489 699 subjecta
2538 630 2605 685 “.
2643 630 2778 686 Cum
2822 631 3008 700 itaque
3039 631 3085 666 “
3111 632 3318 688 veritas
3357 635 3537 688 omni-

1958 721 2120 778 modo
2145 721 2402 778 excludat
2431 721 2584 794 plura
2621 737 2772 787 esse,
2802 737 2900 792 per
2935 737 3057 791 qua:
3083 732 3279 777 cuncta
3321 732 3449 779 sunt
3466 723 3538 788 το,

1958 830 2182 871 necesse
2208 825 2294 870 est
2323 831 2488 870 unum
2528 815 2656 869 illud
2685 829 2828 878 esse,
2853 829 2951 884 per
2991 814 3132 884 quod
3177 824 3305 868 sunt
3341 825 3539 870 cuncta

1958 923 2080 978 qua:
2103 916 2249 962 sunt.
2278 907 2544 975 Quoniam
2576 921 2708 978 ergo
2737 916 2932 962 cuncta
2966 923 3086 976 qua:
3119 916 3266 970 sunt,
3292 916 3418 961 sunt
3445 923 3542 976 per

1959 1001 2133 1069 ipsum
2163 1015 2362 1065 unum;
2404 999 2591 1070 procul
2625 999 2788 1054 dubio
2813 1009 2868 1054 et
2907 999 3082 1070 ipsum
3124 1015 3287 1054 unum
3323 1009 3411 1055 est
3445 1015 3541 1068 per

1957 1093 2217 1163 seipsum.
2243 1093 2589 1161 Quaecunque
2620 1091 2784 1161 igitur
2811 1091 2914 1144 alia
2943 1101 3090 1157 sunt,
3121 1102 3247 1149 sunt
3276 1107 3372 1160 per
3393 1091 3540 1145 aliud

1958 1194 2014 1238 et
2053 1185 2227 1254 ipsum
2263 1184 2436 1240 solum
2478 1199 2575 1254 per
2619 1184 2879 1252 seipsum.
2932 1184 3004 1238 At
3039 1169 3300 1254 quidquid
3335 1193 3418 1240 est
3443 1199 3542 1253 per

1959 1274 2125 1339 aliud,
2157 1276 2338 1330 minus
2371 1283 2455 1330 est
2484 1289 2647 1343 quam
2686 1273 2820 1328 illud
2861 1289 2959 1345 per
2995 1276 3136 1344 quod
3179 1284 3372 1330 cuncta
3411 1283 3540 1329 sunt

1958 1366 2085 1431 alia,
2127 1377 2182 1422 et
2231 1368 2374 1438 quod
2412 1366 2585 1421 solum
2629 1373 2716 1420 est
2746 1381 2842 1436 per
2875 1382 2954 1422 se.
2989 1366 3170 1434 Quare
3222 1366 3351 1422 illud
3393 1366 3538 1436 quod

1957 1467 2039 1513 est
2066 1472 2162 1527 per
2186 1471 2244 1512 se
2265 1499 2282 1525 ,
2310 1457 2544 1511 maxime
2565 1455 2804 1511 omnium
2827 1465 2928 1510 est.
2949 1455 3042 1510 Est
3066 1457 3228 1525 igitur
3249 1471 3411 1510 unum
3437 1455 3532 1510 ali-

1957 1549 2106 1620 quid,
2139 1549 2282 1620 quod
2317 1547 2492 1604 solum
2540 1548 2776 1603 maxime
2815 1557 2872 1604 et
2906 1563 3117 1603 summe
3143 1548 3385 1603 omnium
3413 1554 3537 1604 est:

1959 1641 2105 1710 quod
2135 1649 2316 1695 autem
2347 1639 2583 1694 maxime
2608 1640 2848 1694 omnium
2875 1639 3038 1704 est“,
3067 1648 3120 1694 et
3156 1654 3253 1708 per
3280 1639 3424 1708 quod
3454 1647 3542 1694 est

1957 1730 2219 1801 quidquid
2257 1739 2341 1786 est
2367 1731 2566 1785 bonum
2596 1730 2680 1785 vel
2713 1744 2991 1800 magnum,
3035 1738 3089 1784 et
3126 1729 3348 1784 omnino
3382 1729 3541 1798 quid-

1958 1824 2086 1894 quid
2107 1823 2309 1893 aliquid
2329 1832 2434 1891 est,
2461 1823 2514 1878 id
2536 1824 2582 1855 τ’
2599 1837 2821 1879 necesse
2845 1831 2926 1876 est
2947 1837 3066 1878 esse
3081 1837 3287 1877 summe
3313 1822 3540 1886 bonum,

1958 1926 2013 1971 BI.
2035 1931 2246 1972 summe
2273 1931 2550 1988 magnum,
2581 1926 2637 1971 et
2667 1931 2937 1971 summum
2969 1916 3209 1970 omnium
3242 1931 3362 1984 ιιιιω
3387 1925 3536 1970 sunt.

1957 2007 2138 2074 Quare
2166 2017 2251 2063 est
2284 2007 2485 2078 aliquid
2522 2007 2665 2076 quod
2704 2007 2818 2061 sive
2854 2005 3112 2068 essentia,
3140 2005 3256 2060 sive
3279 2005 3536 2059 substan-

1959 2096 2058 2163 tia,
2085 2100 2199 2154 sive
2229 2107 2420 2152 natura
2452 2099 2682 2166 dicatur,
2725 2098 2989 2168 optimum
3021 2107 3078 2152 ct
3104 2097 3399 2152 niaximum
3431 2105 3540 2163 est,

1957 2200 2012 2246 et
2039 2205 2309 2247 summum
2336 2189 2576 2245 omnium
2607 2205 2726 2259 quae
2759 2198 2904 2245 sunt.

2567 2301 2798 2359 CAPUT
2831 2301 2919 2356 IV.

2507 2414 2584 2468 De
2613 2416 2795 2469 eadem
2829 2433 2883 2470 re
2912 2415 2978 2469 ⁷³.

1955 2528 2302 2584 Coasrsc'ws
2339 2543 2568 2584 csrms.
2594 2560 2664 2569 —
2689 2527 2804 2583 Non
2833 2544 3025 2584 omnes
3055 2538 3260 2582 naturae
3291 2537 3416 2583 sunt
3443 2542 3539 2596 pa-

2029 2614 2117 2654 res
2142 2599 2432 2670 dignitate;
2463 2599 2556 2654 sed
2571 2599 2689 2654 alia:
2701 2599 2822 2654 aliis
2845 2608 2968 2654 sunt
2984 2599 3250 2654 meliores.
3270 2598 3540 2670 Ergouna

2027 2671 2187 2724 datur
2206 2667 2326 2738 quae
2347 2670 2557 2725 caeteris
2585 2670 2663 2725 sic
2698 2672 3088 2739 supereminet,
3117 2679 3176 2722 ut
3202 2684 3310 2723 non
3338 2667 3542 2739 habeat

2029 2755 2088 2795 se
2151 2737 2536 2810 superiorem:
2597 2737 2834 2808 alioquin
2891 2749 3205 2794 naturarum
3256 2737 3543 2810 multitudo

2028 2810 2178 2865 nullo
2220 2807 2355 2865 ’line
2413 2807 2758 2864 clauderetur
2794 2851 2809 2875 ,
2855 2811 3000 2879 quod
3077 2819 3166 2879 est
3222 2807 3540 2879 absurdum.

2028 2880 2291 2950 Superior
2362 2889 2543 2936 autem
2608 2890 2797 2950 natura
2851 2877 2943 2933 aut
2978 2889 3062 2934 est
3094 2878 3241 2943 sola,
3285 2889 3378 2932 aut
3425 2877 3544 2946 plu-

2031 2949 2121 3005 res
2161 2960 2287 3004 sunt
2328 2951 2580 3019 mquales.
2627 2949 2684 3004 Si
2720 2950 2936 3019 plures,
2986 2949 3220 3018 arquales
3248 2964 3352 3002 non
3383 2956 3536 3012 sunt,

2032 3021 2138 3075 nisi
2167 3036 2264 3090 per
2293 3021 2494 3090 aliquid
2528 3021 2666 3074 idem
2703 3021 2844 3088 quod
2875 3020 2990 3090 ipsa
3033 3022 3321 3090 sitearum
3350 3031 3543 3090 essen-

2031 3092 2106 3146 tia
2137 3088 2236 3146 :'si
2271 3088 2412 3146 enim
2443 3106 2539 3160 per
2575 3090 2720 3145 aliud
2745 3088 2926 3145 essent
2955 3089 3210 3160 aequales,
3239 3099 3421 3144 essent
3451 3088 3544 3160 illo

2031 3163 2301 3226 minores;
2343 3159 2453 3215 nec
2479 3161 2702 3230 proinde
2743 3175 2953 3215 summa
2995 3159 3176 3216 essent
3221 3175 3286 3214 ac
3327 3159 3542 3212 caeteris

2033 3232 2365 3300 superiores.
2405 3231 2499 3286 Est
2547 3231 2711 3300 igitur
2750 3247 2858 3285 una
2901 3231 3146 3300 quaedam
3205 3238 3395 3283 natura
3443 3242 3543 3281 seu

2032 3302 2290 3367 essentia,
2339 3317 2458 3369 qtne
2493 3310 2576 3354 est
2609 3316 2883 3356 summum
2929 3302 3170 3355 omnium
3209 3314 3329 3369 qua:
3370 3308 3540 3360 sunt;

2031 3387 2282 3442 quzeper
2323 3368 2383 3426 se
2419 3371 2556 3424 bona
2608 3380 2664 3425 et
2713 3386 2942 3442 magna;
2983 3386 3105 3442 qua:
3141 3368 3260 3442 per
3287 3384 3346 3423 se
3380 3368 3542 3442 estid

2031 3439 2316 3511 quodipsa
2351 3451 2457 3505 est,
2486 3451 2542 3495 et
2571 3457 2666 3511 per
2701 3439 2862 3509 quain
2889 3451 2974 3495 est
3003 3439 3264 3510 quidquid
3313 3447 3405 3492 aut
3445 3439 3542 3493 bo-

2030 3527 2159 3568 num
2195 3522 2288 3566 aut
2311 3527 2563 3582 magnum
2586 3519 2680 3564 aut
2706 3511 2908 3580 aliquid
2937 3521 3040 3566 est.

2029 3625 2274 3695 Amplius
2298 3625 2344 3656 ⁷⁵
2371 3643 2384 3678 :
2414 3624 2469 3679 Si
2497 3625 2620 3694 quis
2650 3624 2893 3680 intendat
2914 3639 3094 3679 rerum
3111 3630 3356 3686 naturas,
3385 3621 3540 3685 velit,

1959 3716 2114 3784 nolit,
2143 3717 2308 3772 sentit
2335 3731 2440 3770 non
2467 3731 2560 3771 eas
2587 3731 2778 3770 omnes
2813 3715 3082 3772 contineri
3117 3729 3222 3768 una
3256 3711 3538 3782 dignitatis

1961 3808 2192 3880 paritate
2220 3808 2297 3874 ";
2327 3808 2422 3862 sed
2451 3808 2714 3878 quasdam
2743 3821 2931 3862 earum
2980 3805 3237 3876 distingui
3272 3804 3538 3876 graduum
3621 3865 3632 3876 ο

1964 3899 2294 3968 imparitate.
2335 3897 2436 3965 Qui
2471 3897 2615 3952 enim
2660 3898 2871 3953 dubitat
2904 3897 3046 3967 quod
3092 3897 3146 3951 in
3200 3905 3390 3950 natura
3439 3909 3540 3947 sua

1961 3989 2109 4061 ligno
2130 3989 2178 4020 ⁷⁸
2201 3988 2394 4043 melior
2415 3988 2496 4042 sic
2525 4003 2715 4058 equus,
2741 3996 2798 4042 et
2819 4003 2960 4058 equo
2990 3987 3330 4057 praastaulior
3353 3986 3538 4046 homo,

1963 4082 2009 4136 is
2032 4079 2274 4150 profecto
2306 4095 2410 4135 non
2445 4087 2528 4134 est
2557 4079 2815 4134 dicendus
2848 4080 3033 4134 homo.
3079 4077 3212 4132 Cum
3245 4077 3407 4146 igitur
3445 4091 3541 4129 na-

1963 4183 2207 4224 turarum
2236 4170 2355 4224 aliae
2400 4169 2522 4224 aliis
2563 4169 2750 4240 negari
2802 4185 2907 4224 non
2951 4168 3158 4239 possint
3195 4165 3539 4228 "meliores,

1960 4260 2308 4316 nihilominus
2335 4261 2624 4329 persuadet
2650 4259 2787 4315 ratio
2811 4258 3042 4330 aliquam
3069 4257 3123 4312 in
3151 4256 3229 4312 eis
3246 4257 3324 4310 sic
3345 4269 3540 4324 super-

1553 4395 1786 4453 VARle
1817 4372 2224 4455 hECTlONES.

352 4503 570 4577 "ibid.
624 4503 687 4557 D.
729 4502 854 4577 Sed
896 4504 1038 4572 quod
1077 4513 1279 4577 quanto
1321 4518 1525 4569 nntius,
1558 4515 1716 4577 _t_anto
1743 4507 1958 4577 imelius
1993 4519 2086 4562 aut
2128 4509 2339 4577 dignius
2375 4525 2500 4562 mss.
2550 4506 2697 4562 Gem.
2738 4505 2896 4562 (ἔστι).
2943 4506 3077 4561 ΤΙιιι.
3127 4504 3185 4562 S.
3234 4507 3396 4562 Mich.
3445 4509 3539 4563 sed

279 4575 422 4648 quod
456 4583 604 4648 tanto
639 4573 830 4648 melius
874 4584 958 4628 est
996 4573 1346 4648 autidignius
1391 4574 1692 4648 mssal’ict.
1727 4576 1856 4646 Sag.
1888 4579 1982 4648 sed
2025 4573 2228 4648 quant—0
2270 4579 2464 4648 majus,
2488 4587 2665 4648 itanto
2714 4577 2904 4648 melius
2943 4589 3027 4632 est
3064 4587 3158 4632 aut
3199 4577 3410 4648 dignius
3439 4595 3539 4632 ms.

281 4640 468 4698 (ᾄξειεν.
503 4644 771 4718 sed_qu_o_d
797 4655 999 4718 quanto
1031 4640 1223 4712 majus:
1256 4655 1405 4700 tanto
1436 4645 1626 4700 melius
1655 4657 1738 4702 est
1767 4640 1860 4700 aut
1883 4640 2094 4718 dignius
2166 4649 2213 4680 ⁸⁸
2234 4640 2372 4704 (ΞΑρῖ
2394 4640 2543 4701 5.Ἰη
2575 4646 2681 4700 Tit.
2714 4644 2841 4712 Qua:
2870 4663 2967 4715 per
2995 4662 3052 4702 se
3074 4658 3176 4712 est,
3201 4640 3358 4701 ειέει
3393 4663 3544 4718 sum-

283 4727 430 4767 mum
461 4729 560 4766 ms.
589 4713 649 4768 S.
685 4712 848 4766 Mich.
895 4724 949 4769 et
986 4729 1106 4784 qua:
1127 4729 1224 4784 per
1254 4726 1424 4788 se_es_t
1451 4725 1506 4769 et
1539 4733 1856 4788 summumt

2006 4717 2174 4772 Thua.
2205 4727 2260 4772 et
2290 4733 2408 4786 quae
2439 4732 2534 4786 per
2561 4732 2622 4772 se
2655 4725 2838 4788 est,_et
2866 4712 2951 4771 est
2979 4733 3245 4772 summum
3270 4735 3381 4788 ims.
3413 4716 3541 4788 Sag.

280 4798 402 4852 qua:
435 4796 529 4853 per
559 4797 618 4836 se
635 4791 745 4858 est,
792 4793 962 4858 et_cst
988 4799 1198 4858 summa
1298 4785 1340 4816 ⁵⁷
1373 4786 1481 4858 Aut
1511 4787 1835 4858 perraliqnid
1867 4805 1991 4842 mss.
2042 4797 2133 4841 aut
2155 4797 2238 4858 est
2266 4785 2361 4857 per
2389 4785 2589 4858 aliquid
2684 4785 2876 4858 δεξ-Νοιι
2904 4788 3046 4841 enim
3072 4797 3174 4851 cst,
3201 4787 3282 4841 vel
3314 4785 3542 4858 cogitari

281 4862 476 4924 potest,
505 4862 564 4906 ut
604 4853 652 4928 si
675 4853 888 4928 aliquid
904 4870 1000 4928 ms.
1035 4853 1190 4928 Cori}.
1226 4869 1332 4908 non
1362 4853 1648 4910 enim'vult
1677 4853 1924 4927 cogitari,
1965 4867 2024 4910 ut
2064 4858 2107 4910 si
2133 4853 2334 4928 aliquid
2365 4853 2493 4910 mss.
2537 4855 2855 4928 Gem._Thu.
2883 4873 2996 4928 non
3035 4858 3175 4912 enim
3203 4858 3284 4910 vel
3313 4853 3540 4926 cogitari

281 4922 484 4997 potest.
524 4932 581 4976 ut
611 4925 682 4978 sit
726 4925 926 4992 aliquid
956 4941 1087 4997 mss.
1121 4922 1255 4976 Vict.
1305 4928 1590 4997 nonenim
1635 4922 1860 4997 cogitari
1894 4936 2091 4996 potest,
2136 4938 2192 4982 ut
2226 4922 2312 4987 'sit
2348 4927 2549 4996 aliquid
2625 4926 2669 4957 ⁸⁸
2701 4925 2852 4997 Τιιιιε
2881 4927 2992 4995 ipsa
3025 4944 3149 4980 mss.
3183 4922 3419 4997 autiipsa
3496 4928 3542 4958 ‘°

283 4994 504 5064 Singula
535 5003 662 5067 sunt
694 5010 790 5067 per
823 5010 882 5049 se
908 5009 922 5046 :
954 5003 1045 5047 aut
1077 4994 1192 5063 ipsa
1206 5008 1316 5067 per
1337 5011 1396 5048 se
1426 4995 1654 5067 invicem
1685 4994 1810 5051 sunt
1831 4994 1929 5050 ms.
1961 4997 2116 5050 Corb.
2140 4997 2348 5067 singula
2375 4994 2520 5061 sunt,
2545 5012 2644 5065 per
2666 5011 2724 5050 se
2747 4994 2975 5067 invicem
3001 5006 3125 5050 sunt
3200 4997 3242 5026 ⁶¹
3275 4994 3380 5051 Per
3409 4997 3540 5067 illud

281 5063 449 5137 unum
475 5081 574 5118 ms.
602 5063 758 5137 (ξονς).
785 5067 929 5137 omit.
963 5080 1126 5137 unum
1203 5063 1247 5094 "
1283 5063 1390 5118 Per
1423 5067 1566 5137 quod
1595 5065 1744 5137 plura
1777 5076 1902 5120 sunt
1933 5084 2059 5120 mss.
2109 5083 2205 5137 per
2227 5063 2384 5137 Quod,
2406 5069 2518 5121 haec
2548 5063 2706 5137 plura
2728 5075 2853 5118 sunt
2925 5066 2970 5095 ⁸³
3002 5067 3057 5120 Si
3085 5082 3216 5121 vero
3240 5084 3367 5120 mss.
3407 5066 3542 5137 Vict.

281 5135 374 5189 scd
408 5151 537 5190 vero
609 5134 656 5166 °"
691 5134 862 5200 Quam
895 5133 1093 5205 habent
1129 5141 1185 5205 ut
1206 5150 1302 5203 per
1324 5149 1381 5190 se
1411 5133 1504 5188 liat
1531 5133 1628 5188 ms.
1658 5135 1815 5188 Corb.
1844 5139 2013 5190 omitt.
2039 5133 2161 5205 isto.
2191 5133 2315 5191 mss.
2344 5136 2476 5189 ΤΙιιι.
2503 5133 2606 5204 qua
2625 5135 2824 5189 habent
2855 5145 2912 5188 ut
2939 5151 3038 5205 per
3063 5151 3121 5190 se
3143 5138 3252 5191 sint
3324 5137 3369 5168 ⁸⁸
3389 5136 3542 5201 Quod

281 5220 378 5274 per
408 5206 742 5276 ipsumrimss.
771 5206 911 5274 quod
944 5218 1040 5274 per
1067 5204 1298 5276 idipsum
1373 5205 1418 5276 δέ
1440 5205 1628 5276 Aliqua
1652 5206 1722 5276 sit
1749 5221 1847 5276 per
1886 5223 2011 5260 mss.
2059 5203 2188 5260 Vict.
2223 5216 2272 5276 et
2299 5207 2356 5261 S.
2379 5206 2540 5259 Mich.
2571 5206 2752 5275 aliqua
2783 5219 2868 5260 res
2891 5203 2961 5258 sit
3035 5207 3078 5239 ⁸⁷
3121 5208 3258 5260 Sunt
3288 5222 3384 5276 per
3407 5207 3546 5259 invi-

285 5273 403 5328 cem
432 5273 534 5329 ms.
568 5275 722 5330 Corb.
747 5273 873 5330 sunt
895 5289 989 5344 per
1009 5288 1067 5345 se
1091 5273 1319 5329 invicem
1395 5275 1442 5307 ⁸³⁸
1471 5275 1613 5329 Ibid.
1646 5275 1708 5329 C.
1739 5273 1943 5329 Eadem
1972 5289 2096 5330 sunt
2117 5274 2358 5342 subjecta
2384 5293 2506 5330 mss.
2532 5273 2731 5330 eaedem
2755 5287 2881 5329 sunt
2901 5291 2994 5345 per
3027 5277 3269 5344 subjecta
3289 5273 3302 5276 ⁷
3343 5277 3388 5307 ⁸³
3407 5277 3543 5330 Cum

286 5345 359 5398 ita
384 5361 516 5414 mss.
546 5347 679 5400 Cum
705 5343 905 5414 itaque
958 5345 1004 5376 "°
1041 5343 1177 5397 Sunt
1203 5353 1395 5414 cuncta
1421 5362 1546 5400 mss.
1584 5356 1776 5400 cuncta
1808 5356 1934 5399 sunt
2005 5347 2048 5376 '“
2089 5345 2240 5410 Quod
2264 5355 2443 5400 autem
2470 5346 2704 5400 maxime
2731 5343 2972 5400 omnium
3007 5356 3089 5401 est
3113 5343 3206 5400 ms.
3241 5345 3398 5400 Corb.
3429 5346 3544 5399 ha'c

289 5413 455 5466 omitt.
533 5417 578 5447 ⁷²
618 5413 882 5485 Quicquid
911 5425 992 5470 est
1036 5413 1237 5486 aliquid
1279 5425 1382 5478 est,
1429 5416 1481 5469 id
1516 5433 1640 5469 mss.
1666 5416 1924 5486 quicquid
1953 5415 2154 5486 aliquid
2200 5425 2301 5486 est,
2348 5417 2400 5471 id
2500 5417 2548 5448 ⁷³
2584 5417 2658 5486 De
2677 5416 2865 5470 eadem
2890 5431 2970 5486 ire.
2998 5416 3149 5482 Quod
3178 5418 3321 5472 sicut
3346 5416 3432 5470 illa
3457 5425 3548 5470 est

289 5498 384 5556 per
405 5499 480 5543 se,
515 5494 570 5556 et
593 5487 694 5540 alia
724 5484 820 5556 per
863 5485 1042 5548 illam;
1072 5485 1144 5556 ita
1174 5485 1277 5538 alia
1318 5487 1473 5556 sitex
1501 5501 1580 5550 se,
1611 5484 1815 5540 et'alia
1859 5501 1925 5541 es
1957 5485 2043 5539 illa
2097 5503 2194 5539 ms.
2231 5484 2387 5540 Corb.
2422 5486 2573 5553 Quod
2611 5485 2695 5539 illa
2729 5502 2834 5540 non
2857 5485 2946 5548 sit,
2972 5487 3076 5539 ulla
3101 5487 3326 5556 juvante
3354 5501 3544 5550 causa,

289 5553 446 5628 ducta
469 5554 538 5628 ad
559 5571 704 5628 esse;
724 5553 841 5610 nec
866 5557 936 5622 sit
977 5555 1259 5628 quodper
1298 5555 1428 5628 nihil
1455 5565 1548 5628 aut
1559 5571 1642 5628 ex
1672 5555 1870 5628 nihilo;
1903 5565 1958 5628 et
1987 5557 2258 5628 quomodo
2289 5557 2511 5628 intelligi
2541 5556 2874 5628 possit_esse
2911 5571 3007 5624 per
3050 5553 3116 5610 se
3138 5568 3197 5628 et
3217 5573 3282 5612 ex
3328 5572 3386 5612 se
3415 5573 3542 5628 mss.

295 5621 426 5676 ΤΙιιι.
457 5621 645 5698 Cist_e_r.
677 5627 741 5678 de
778 5621 965 5698 eadem
993 5621 1053 5678 re
1126 5621 1174 5662 τί
1212 5623 1349 5679 Ibid.
1377 5624 1442 5677 Ε.
1469 5626 1521 5678 in
1557 5625 1741 5698 Texta.
1775 5621 2020 5698 Amplius
2048 5643 2145 5698 ms.
2175 5625 2364 5680 Cister.
2389 5621 2556 5680 omitt.
2628 5625 2674 5655 ⁷⁵
2714 5621 2952 5698 Paritate
2998 5643 3096 5680 ms.
3139 5627 3330 5698 Cister.
3359 5625 3546 5698 parili-

293 5701 401 5748 tate
474 5693 519 5734 τ⁶
555 5692 754 5750 Natura
787 5710 883 5750 suo
912 5696 1056 5765 ligno
1080 5713 1202 5751 mss.
1245 5708 1435 5752 natura
1457 5712 1551 5752 sua
1579 5697 1742 5768 ligno.
1823 5692 2098 5768 "'Negari
2137 5712 2243 5752 non
2272 5707 2499 5768 possunt
2527 5712 2650 5750 mss.
2684 5697 2867 5766 negari
2896 5712 3004 5752 non
3039 5697 3267 5768 possint.
