3882 6050
294 263 396 321 N9

1715 260 2199 322 ιιοΝοιοειυιί.

3457 273 3558 329 150

286 377 557 441 eminere,
615 386 674 432 ut
721 394 828 434 non
896 377 1093 434 habeat
1131 392 1194 433 se
1231 376 1584 446 superiorem.
1632 374 1691 431 Si
1735 376 1880 432 enim
1907 382 1960 440 Α
1985 377 2372 452 existentium;
2403 387 2496 433 aut
2531 394 2562 434 e
2592 394 2856 436 converso
2894 380 2946 434 id
2979 381 3122 450 quod
3150 391 3234 438 est
3263 397 3556 450 summum,

289 469 597 538 huiusmodi
628 469 893 540 graduum
931 469 980 502 ⁷⁸
1004 469 1285 524 distinctio
1313 469 1393 524 sic
1427 477 1512 522 est
1549 466 1785 535 inﬁnita,
1813 476 1876 522 ut

289 561 468 615 nullus
500 559 574 614 sit
599 561 646 592 ’θ
697 562 770 616 ibi
797 563 997 632 gradus
1021 561 1293 632 superior,
1323 577 1432 631 quo
1458 559 1710 630 superior
1735 559 1874 616 alius

288 669 393 707 non
431 654 775 719 inveniatur;
810 655 877 708 ad
909 653 1011 708 hoc
1041 653 1181 708 ratio
1201 652 1248 685 ⁸ο
1287 651 1611 718 deducitur,
1643 660 1701 706 ut
1729 651 1872 721 ipsa-

289 759 406 796 rum
437 743 732 797 multitudo
764 753 1079 797 naturarum
1109 742 1257 798 nullo
1290 742 1397 797 ﬁne
1421 742 1722 798 claudatur.
1758 742 1872 799 Hoc

284 843 462 888 autem
494 850 658 890 nemo
679 850 785 890 non
814 843 961 905 putat
991 835 1304 900 absurdum,
1339 836 1443 891 nisi
1471 835 1565 905 qui
1605 835 1768 890 nimis
1787 843 1872 890 est

282 929 578 984 absurdus.
615 929 713 984 Est
755 930 918 1000 igitur
962 944 1030 984 ex
1061 929 1389 986 necessitate
1431 928 1610 998 aliqua
1651 937 1866 993 natura,

282 1037 403 1089 qua:
438 1021 521 1075 sic
554 1029 638 1075 est
666 1020 826 1075 alicui
868 1020 952 1075 vel
987 1020 1260 1091 aliquibus
1304 1021 1572 1091 superior,
1623 1027 1685 1073 ut
1725 1018 1868 1074 nulla

282 1115 349 1167 sit
373 1115 460 1168 cui
488 1114 776 1192 ordinetur
802 1113 1047 1168 inferior.
1075 1113 1200 1170 llaec
1219 1129 1352 1168 vero
1375 1122 1570 1168 natura
1600 1127 1722 1182 qua:
1744 1111 1868 1167 talis

279 1215 381 1265 est,
418 1213 516 1258 aut
544 1203 656 1258 sola
689 1212 794 1268 est,
829 1213 924 1257 aut
966 1203 1152 1272 plures
1182 1202 1489 1272 hujusmodi
1536 1212 1592 1258 et
1627 1203 1867 1274 aequales

279 1303 444 1348 sunt:
487 1309 678 1348 verum
720 1295 766 1348 si
814 1294 999 1363 plures
1046 1303 1177 1348 sunt
1225 1302 1282 1348 et
1333 1292 1594 1363 aequales,
1645 1307 1768 1347 cum
1818 1292 1864 1324 ⁸³

279 1385 519 1455 aequales
557 1400 680 1440 esse
729 1400 833 1439 non
872 1384 1081 1455 possint
1116 1385 1183 1450 θ’,
1225 1399 1322 1454 ρει·
1350 1385 1564 1440 diversa
1595 1384 1863 1453 quaedam,

283 1476 377 1531 sed
407 1492 508 1547 per
534 1477 674 1531 idem
701 1475 927 1544 aliquid,
960 1475 1090 1530 illud
1121 1491 1320 1541 unum,
1353 1491 1451 1546 per
1479 1475 1620 1544 quod
1646 1473 1865 1545 aequali-

245 1580 247 1582 ‘
277 1578 359 1623 ter
385 1579 494 1624 tam
520 1584 728 1640 magna:
749 1578 896 1631 sunt,
920 1577 1012 1622 aut
1035 1577 1120 1622 est
1136 1567 1367 1638 idipsum
1389 1566 1532 1636 quod
1559 1567 1690 1636 ipsa:
1712 1575 1862 1632 sunt,

1976 477 2059 524 est
2085 483 2182 539 per
2207 483 2286 534 se,
2326 478 2381 524 et
2409 479 2601 526 cuncta
2631 470 2734 524 alia
2766 484 2864 540 per
2887 469 3016 525 illud
3043 488 3058 538 ;
3089 481 3185 528 aut
3217 481 3380 529 erunt
3402 473 3555 543 plura

1978 576 2209 617 summa.
2242 561 2348 618 Sed
2371 562 2526 633 plura
2575 580 2785 620 summa
2817 581 2926 623 non
2957 581 3078 623 esse
3116 567 3162 599 ⁸³
3201 567 3548 622 manifestum

1975 665 2081 710 εει.
2115 655 2296 722 Quare
2335 665 2420 712 est
2458 657 2701 728 quaedam
2733 669 2952 727 natura,
2980 660 3064 716 vel
3096 661 3425 726 substantia,
3471 660 3554 714 vel

1974 746 2235 811 essentia,
2263 762 2384 817 qua:
2411 757 2492 802 est
2518 764 2612 817 per
2640 765 2699 805 se
2729 751 2867 806 bona
2895 760 2952 806 et
2977 766 3168 823 magna
3197 752 3265 818 ⁸³,
3290 761 3346 805 ει
3372 765 3469 822 ρει·
3497 765 3558 806 εε

1973 847 2057 892 εει
2088 837 2139 892 id
2172 838 2315 907 quod
2350 847 2436 893 est
2465 839 2544 903 9',
2576 849 2630 894 et
2674 854 2770 910 per
2801 858 2962 912 quam
2995 850 3078 896 est
3121 842 3379 911 quidquid
3431 857 3558 898 vere

1972 937 2066 984 aut
2090 929 2314 996 bonum,
2341 940 2435 985 aut
2466 945 2745 1003 magnum,
2789 943 2884 988 aut
2911 933 3114 1004 aliquid
3142 934 3184 965 ⁸⁸
3218 942 3320 1001 εει,
3355 942 3409 989 ει
3437 949 3558 1004 qua:

1968 1030 2052 1078 est
2063 1037 2332 1079 summum
2353 1024 2573 1090 bonum,
2591 1040 2860 1080 summum
2877 1041 3153 1096 magnum,
3167 1041 3437 1082 summum
3459 1041 3558 1082 eus

1969 1114 2084 1170 sive
2103 1116 2404 1173 subsistens
2425 1118 2490 1182 θ’,
2521 1117 2686 1185 idest,
2704 1134 2973 1174 summum
2996 1120 3236 1176 omnium
3262 1135 3382 1191 qua:
3408 1131 3553 1176 sunt.

2508 1229 2737 1286 CAPUT
2789 1231 2833 1285 v
2874 1231 3008 1304 (49).

1970 1319 2124 1387 Quod
2155 1322 2288 1377 sicut
2318 1321 2412 1375 illa
2436 1331 2517 1394 rest
2547 1338 2637 1392 per
2663 1339 2736 1382 se,
2769 1332 2818 1377 et
2845 1322 2952 1377 alia
2983 1340 3078 1394 per
3114 1324 3297 1392 illam;
3330 1326 3404 1381 ita
3455 1325 3554 1382 illa

2396 1393 2463 1446 sit
2496 1409 2561 1447 ex
2587 1409 2662 1459 se,
2699 1403 2745 1446 et
2777 1395 2884 1448 alia
2915 1393 2987 1448 ex
3005 1394 3120 1449 illa.

2037 1485 2301 1553 Quoniam
2330 1486 2513 1556 itaque
2536 1485 2935 1557 placet”quod
2963 1486 3238 1542 inventum
3260 1498 3375 1555 est,
3397 1489 3555 1560 juvat

1970 1578 2228 1648 indagare
2255 1587 2436 1632 utrum
2468 1579 2582 1633 haec
2611 1580 2726 1649 ipsa
2757 1589 2952 1634 natura
2989 1589 3044 1635 et
3069 1589 3264 1636 cuncta
3304 1597 3426 1652 qua:
3453 1584 3552 1638 ali-

278 1659 332 1714 id
356 1668 463 1722 εει,
497 1660 610 1728 ipsa
649 1674 829 1714 rerum
853 1658 1089 1714 essentia
1121 1658 1189 1721 ⁸³,
1221 1666 1314 1712 aut
1349 1657 1495 1712 aliud
1527 1671 1689 1726 quam
1719 1655 1861 1726 quod

1982 1669 2096 1742 luid
2123 1680 2272 1736 sunt,
2301 1687 2408 1726 non
2441 1671 2550 1726 sint
2581 1671 2685 1726 nisi
2735 1686 2801 1727 ex
2847 1670 2960 1740 ipsa
2993 1670 3059 1734 ",
3091 1673 3550 1740 quemadmodum

280 1753 412 1821 ipsa?
445 1760 598 1806 δυηίο
628 1751 735 1806 sed
761 1751 807 1806 εί
833 1749 969 1805 nihil
1011 1758 1097 1804 εει
1127 1749 1272 1804 διίηά
1310 1762 1474 1818 quam
1519 1749 1630 1818 ipsa
1674 1762 1860 1802 carm“
1892 1731 1938 1792 Β
1968 1731 2074 1818 non
2103 1772 2232 1818 sunt
2259 1731 2377 1818 nisi
2417 1778 2513 1832 per
2536 1764 2582 1795 ”
2626 1763 2817 1834 ipsam.
2845 1731 2952 1818 sed
2981 1731 3151 1836 liquet
3187 1779 3346 1836 posse
3370 1765 3476 1821 dici
3504 1767 3551 1798 "

274 1840 537 1905 essentia,
569 1841 710 1896 sicut
749 1855 937 1894 earum
963 1840 1214 1895 essentia».
1239 1855 1344 1894 non
1379 1848 1506 1894 sunt
1541 1838 1746 1909 plures,
1770 1837 1864 1894 sed

275 1947 424 1998 una;
471 1935 548 1986 ita
603 1940 658 1986 et
705 1942 916 1988 natura:
963 1949 1070 1987 non
1125 1942 1250 1988 sunt
1302 1933 1486 2002 plures
1515 1973 1531 1998 ,
1583 1932 1677 1987 sed
1731 1947 1859 1986 una.

274 2020 420 2075 Idem
483 2035 718 2090 namque
781 2031 1031 2076 naturam
1086 2021 1176 2076 hic
1233 2020 1508 2090 intelligo,
1578 2022 1720 2090 quod
1775 2036 1863 2076 es-

272 2112 527 2166 sentiam.
570 2110 628 2166 Si
668 2129 798 2168 vero
839 2113 913 2177 id,
943 2128 1042 2182 per
1084 2112 1228 2183 quod
1263 2113 1448 2182 plures
1489 2113 1621 2182 ipsae
1651 2122 1861 2167 naturae

280 2211 388 2255 tam
422 2219 632 2273 magna:
669 2213 818 2268 sunt,
854 2203 1000 2260 aliud
1033 2213 1119 2260 est
1160 2219 1322 2274 quam
1357 2203 1500 2273 quod
1546 2203 1676 2272 ipsa:
1701 2213 1890 2269 sunt,’

274 2309 371 2362 pro
406 2303 560 2348 certo
587 2295 830 2350 minores
865 2303 1018 2355 sunt,
1061 2309 1223 2365 quam
1257 2295 1308 2349 id
1338 2309 1436 2365 per
1461 2294 1604 2364 quod
1651 2309 1861 2364 magna;

226 2405 237 2418 -
275 2394 423 2439 sunt.
455 2385 727 2456 Quidquid
755 2388 901 2442 enim
933 2403 1031 2457 per
1055 2388 1203 2443 aliud
1247 2397 1329 2442 est
1362 2403 1637 2458 magnum,
1679 2387 1859 2442 minus

270 2487 353 2532 est
377 2493 543 2547 quant
577 2478 629 2533 id
657 2494 753 2548 per
779 2479 922 2549 quod
954 2489 1041 2534 est
1067 2494 1340 2549 magnum.
1374 2478 1557 2545 Quare
1595 2493 1702 2533 non
1731 2485 1857 2533 sunt

271 2570 350 2622 sic
377 2583 610 2637 magna},
635 2579 691 2623 ut
723 2569 830 2625 illis
856 2569 991 2624 nihil
1013 2569 1161 2624 aliud
1185 2569 1258 2624 sit
1285 2567 1476 2636 majus.
1509 2567 1663 2635 Quod
1687 2567 1732 2623 si
1755 2583 1858 2623 nec

264 2677 366 2730 per
404 2661 508 2717 hoc
534 2662 678 2732 quod
707 2671 835 2717 sunt
882 2663 948 2727 ⁸⁸,
991 2677 1092 2718 nec
1138 2677 1237 2732 per
1287 2661 1433 2716 aliud
1487 2660 1745 2732 possibile
1772 2668 1857 2716 est

272 2752 408 2807 tales
433 2768 560 2810 esse
588 2755 772 2823 plures
809 2765 1060 2820 naturas,
1090 2755 1287 2825 quibus
1315 2754 1448 2809 nihil
1488 2755 1560 2809 sit
1590 2762 1854 2824 praestan-

272 2841 376 2896 tius
401 2842 486 2907 υς
533 2843 679 2898 nullo
704 2845 867 2900 modo
893 2855 1122 2915 possunt
1148 2860 1270 2900 esse
1297 2855 1505 2900 natura:
1533 2844 1715 2915 plures
1756 2845 1856 2898 hu-

267 2928 500 2996 iusmodi
527 2933 594 2986 ⁸⁸.
631 2933 821 2990 Restat
865 2934 1242 3006 igitur'unam
1283 2946 1337 2990 et
1378 2935 1547 2991 solam
1600 2944 1851 2990 naturam

268 3023 508 3093 aliquam
535 3039 679 3091 esse,
719 3042 840 3098 quae
869 3027 950 3082 sic
977 3036 1064 3083 est
1086 3026 1209 3083 aliis
1229 3029 1501 3097 superior,
1536 3041 1596 3082 ut
1622 3026 1750 3081 nulli
1780 3027 1854 3082 sit

270 3115 530 3182 inferior;
560 3119 654 3173 sed
687 3121 832 3188 quod
878 3117 984 3174 tale
1018 3127 1123 3185 est,
1157 3121 1455 3174 maximum
1501 3128 1556 3173 et
1589 3119 1852 3189 optimum

266 3218 349 3264 est
376 3211 620 3266 omnium
653 3227 772 3282 qua:
803 3223 930 3268 sunt
959 3213 1026 3269 ⁸⁷.
1050 3212 1145 3268 Est
1172 3212 1339 3282 igitur
1362 3211 1609 3282 quaedam
1633 3220 1850 3277 natura,

267 3315 387 3369 qua:
416 3312 502 3355 est
530 3318 801 3357 summum
829 3303 1071 3358 omnium
1099 3318 1220 3374 quae
1254 3313 1398 3358 sunt.
1437 3302 1551 3358 Hoc
1601 3309 1782 3356 autem
1804 3301 1851 3333 ⁸⁷

267 3407 387 3447 εεεε
414 3409 519 3447 non
547 3403 747 3464 potest,
782 3395 886 3449 nisi
917 3395 1032 3467 ipsa
1061 3395 1133 3450 sit
1159 3410 1256 3465 per
1280 3411 1339 3450 se
1367 3395 1418 3450 id
1453 3395 1598 3464 quod
1632 3404 1754 3460 est;
1798 3401 1857 3450 et

269 3492 465 3537 cuncta
491 3499 615 3553 quae
643 3494 788 3550 sunt,
819 3487 929 3541 sint
953 3502 1052 3557 per
1083 3485 1256 3556 ipsam
1287 3486 1340 3542 id
1370 3487 1515 3556 quod
1545 3493 1694 3541 sunt.
1717 3483 1852 3540 Nam

267 3587 388 3626 cum
418 3573 581 3642 paulo
619 3584 746 3630 ante
778 3576 918 3630 ratio
947 3576 1193 3632 docuerit
1243 3576 1296 3630 id
1328 3577 1471 3646 quod
1501 3591 1600 3646 per
1639 3590 1698 3631 se
1738 3582 1845 3640 est,

267 3671 320 3716 et
346 3679 441 3733 per
466 3666 610 3734 quod
629 3665 731 3720 alia
755 3677 950 3724 cuneta
979 3676 1126 3735 sunt,
1151 3682 1274 3724 esse
1296 3683 1568 3723 summum
1599 3666 1842 3722 omnium

1965 1854 2092 1925 quia
2133 1853 2276 1923 quod
2306 1862 2386 1908 est
2432 1869 2497 1908 ex
2537 1854 2749 1924 aliquo,
2788 1863 2872 1908 est
2902 1854 3066 1910 etiam
3098 1870 3197 1926 per
3242 1855 3296 1910 id
3329 1858 3548 1926 ipsum;

1963 1956 2020 2004 et
2048 1948 2190 2016 quod
2218 1956 2301 2002 εει
2327 1963 2424 2016 per
2437 1947 2660 2017 aliquid,
2685 1956 2769 2002 est
2797 1947 2959 2003 etiam
2978 1960 3045 2000 ex
3073 1963 3140 2004 eo
3168 1949 3282 2018 ipso
3308 1967 3322 2002 :
3361 1964 3553 2020 quem-

1963 2036 2251 2091 admodum
2287 2037 2432 2105 quod
2475 2045 2561 2091 est
2611 2051 2678 2091 ex
2715 2039 2944 2094 materia
2978 2041 3023 2072 ⁸⁷
3054 2047 3111 2094 ει
3139 2053 3238 2108 per
3259 2039 3547 2108 artiﬁcem,

1961 2137 2141 2197 potest
2167 2127 2333 2181 etiam
2365 2127 2472 2182 dici
2498 2142 2619 2183 esse
2648 2142 2748 2199 per
2773 2131 3058 2186 materiam
3104 2140 3161 2185 et
3203 2145 3270 2186 ex
3299 2131 3548 2198 artiﬁce;

1934 2220 2218 2294 quoniam
2267 2233 2364 2290 per
2407 2228 2718 2289 utrumque,
2749 2230 2804 2275 et
2845 2237 2910 2277 ex
2948 2233 3200 2293 utroque,
3249 2223 3302 2277 id
3353 2232 3437 2278 est
3480 2225 3550 2279 ab

1961 2317 2192 2379 utroque
2219 2309 2384 2365 habet
2417 2318 2478 2363 ut
2513 2309 2603 2375 sit,
2637 2312 2888 2380 quamvis
2925 2311 3085 2367 aliter
3121 2312 3193 2366 sit
3235 2327 3332 2382 per
3377 2322 3547 2370 mate-

1961 2401 2099 2456 riam
2121 2409 2177 2456 et
2203 2417 2270 2457 ex
2301 2401 2552 2465 materia,
2595 2417 2757 2471 quam
2789 2419 2888 2474 per
2927 2403 3195 2459 artiﬁcem
3230 2413 3288 2458 et
3314 2419 3383 2459 ex
3412 2406 3542 2460 arti-

1961 2490 2083 2546 ﬁce.
2114 2490 2480 2562 Consequitur
2511 2491 2558 2524 ⁹⁸
2584 2506 2715 2562 ergo
2751 2503 2810 2547 ut
2854 2497 3126 2564 quomodo
3179 2503 3373 2553 cuncta
3424 2511 3546 2565 qua:

1957 2593 2106 2649 sunt,
2134 2597 2232 2654 per
2244 2598 2490 2638 summau
2517 2592 2766 2638 naturam
2781 2593 2908 2640 sunt
2933 2586 2983 2640 id
3001 2588 3143 2656 quod
3165 2596 3320 2653 sunt;
3344 2594 3398 2641 et
3421 2586 3546 2642 ideo

1957 2672 2047 2727 illa
2085 2681 2171 2728 est
2191 2687 2290 2743 per
2315 2689 2374 2728 se
2397 2674 2592 2743 ipsam,
2628 2673 2734 2728 alia
2761 2689 2892 2730 vero
2921 2691 3019 2746 ρει·
3047 2676 3222 2743 aliud;
3263 2675 3337 2731 ita
3362 2675 3543 2731 omnia

1957 2779 2080 2834 quae
2109 2774 2258 2829 sunt,
2307 2764 2414 2820 sint
2455 2780 2520 2820 cx
2550 2763 2596 2796 '°
2641 2765 2831 2820 eadem
2873 2781 3085 2820 summa
3123 2776 3343 2822 natura:
3377 2775 3433 2822 et
3466 2766 3544 2822 id-

1957 2855 2108 2910 circo
2140 2853 2228 2908 illa
2267 2853 2341 2909 sit
2377 2869 2446 2908 ex
2479 2853 2547 2885 ¹⁰⁰
2576 2853 2778 2924 seipse,
2808 2853 2913 2909 alia
2943 2865 3128 2910 autem
3159 2871 3227 2910 ex
3255 2855 3370 2911 illa.

2351 2964 2579 3021 CAPUT
2618 2964 2683 3020 v1
2721 2963 2855 3038 [al.,
2897 2965 2978 3040 v1
3019 2967 3109 3021 ιοι.

1880 3079 1923 3137 C
1961 3080 2116 3148 Quod
2139 3080 2232 3134 illa
2278 3097 2382 3135 non
2419 3082 2484 3136 sit
2513 3080 2622 3136 ulla
2643 3081 2865 3150 juvante
2895 3097 3061 3136 causa
3091 3082 3252 3136 ducta
3279 3081 3349 3134 ad
3377 3097 3489 3136 esse
3515 3098 3535 3145 ,°

2034 3168 2126 3206 nec
2157 3161 2330 3204 tamen
2361 3153 2427 3205 sit
2452 3169 2545 3220 per
2576 3153 2707 3204 nihil
2737 3162 2828 3204 mit
2866 3168 2930 3206 ea:
2959 3152 3166 3217 nihilo;
3203 3162 3251 3206 et
3278 3152 3539 3219 quomodo

2024 3221 2246 3291 intelligi
2274 3221 2341 3253 ¹⁰¹
2370 3223 2532 3292 possit
2555 3238 2665 3276 esse
2692 3238 2784 3290 per
2809 3239 2883 3286 se,
2913 3233 2961 3277 et
2989 3238 3054 3277 ex
3083 3238 3156 3277 se.

1961 3310 2306 3368 Conspecrus
2343 3326 2570 3367 ειιητιε.
2595 3342 2663 3352 -
2682 3311 2964 3378 Quomodo
2984 3327 3196 3367 summa
3225 3320 3420 3382 natura
3446 3325 3546 3382 per

2032 3400 2093 3437 se
2131 3398 2252 3438 esse
2283 3382 2508 3454 dicenda
2547 3383 2666 3454 est?
2710 3383 2982 3454 Quidquid
3029 3384 3172 3438 enim
3221 3397 3318 3454 per
3339 3381 3544 3452 aliquid

2039 3463 2144 3524 est,
2177 3463 2271 3506 aut
2299 3468 2396 3523 per
2423 3452 2688 3518 elﬁciens,
2727 3463 2818 3507 aut
2846 3452 2939 3524 per
2971 3452 3277 3518 materiam,
3298 3461 3420 3524 _aut
3448 3466 3546 3522 per

2036 3521 2455 3578 instrumentum
2482 3538 2602 3579 esse
2623 3521 2860 3579 videtur:
2880 3523 3035 3591 Quod
3061 3533 3243 3578 autem
3265 3521 3460 3592 aliquo
3473 3537 3542 3578 ex

2025 3593 2110 3648 his
2141 3594 2316 3648 modis
2334 3603 2436 3659 est,
2468 3609 2564 3664 per
2590 3594 2734 3649 aliud
2769 3605 2872 3663 est,
2903 3604 2957 3650 et
2987 3595 3212 3665 proinde
3264 3593 3444 3648 minus
3477 3607 3544 3648 eo

2025 3677 2125 3733 per
2159 3665 2304 3735 quod
2351 3665 2514 3721 habet
2547 3673 2604 3720 ut
2649 3665 2755 3733 sit;
2803 3681 3014 3722 summa
3041 3679 3174 3722 vero
3209 3675 3403 3720 natura
3441 3677 3544 3720 nec

1576 3797 1813 3854 VARUE
1852 3795 2249 3853 LECTIONES.

337 3891 391 3966 ’ξ
407 3889 575 3960 llujus
587 3893 846 3966 graduum
864 3911 987 3950 mss.
1006 3892 1306 3966 huiusmodi
1325 3895 1588 3966 graduum
1642 3892 1979 3966 "bbnllus_s_it
1995 3909 2089 3946 ms.
2108 3889 2294 3966 Cister.
2319 3893 2464 3946 omit.
2485 3891 2556 3966 sit
2589 3892 2658 3966 _"°
2673 3891 2755 3946 Ab
2769 3893 2869 3948 hoc
2893 3893 3033 3948 ratio
3055 3893 3272 3948 mss.Ad
3292 3893 3392 3949 hoc
3404 3893 3542 3948 ratio

268 3960 311 3992 "
351 3961 420 4016 Et
439 3960 675 4030 mquales
697 3976 840 4027 sunt,
860 3982 983 4020 cum
1004 3960 1130 4019 mss.
1159 3960 1496 4020 Gemeict.
1529 3964 1660 4018 Thu.
1690 3963 1846 4018 Gorb.
1875 3961 2064 4018 Cister.
2102 3965 2271 4016 omitt.
2295 3971 2425 4017 sunt
2499 3963 2544 3994 ⁸³
2585 3963 2718 4016 Εεεε
2743 3978 2846 4016 non
2871 3972 3100 4032 possunt
3124 3979 3250 4016 mss.
3289 3979 3411 4018 esse
3433 3979 3540 4019 non

267 4033 478 4104 passim
548 4033 595 4064 ⁸³
629 4035 868 4104 Ipsarum
897 4037 1132 4090 essentia
1161 4053 1285 4090 mss.
1304 4035 1436 4090 Vict.
1463 4034 1614 4090 Gem.
1643 4033 1801 4089 Gorb.
1833 4033 2022 4088 Cister.
2055 4033 2170 4104 ipsa
2197 4048 2378 4088 rerum
2401 4033 2649 4104 essentia
2682 4032 2886 4104 f‘Nec
2906 4048 3000 4102 per
3017 4034 3120 4088 hoc
3140 4033 3282 4104 quod
3299 4043 3538 4088 suntms.

270 4102 430 4176 Gorb.
453 4118 552 4176 nec
571 4102 668 4176 per
691 4106 834 4173 quod
865 4115 992 4161 sunt
1058 4107 1108 4176 βξ
1131 4105 1273 4160 Nihil
1295 4115 1378 4160 est
1405 4105 1748 4176 praestantius
1780 4102 2163 4176 mssLnihil‘sit
2189 4103 2538 4176 praestantius
2611 4103 2656 4134 ⁸⁸
2680 4103 2868 4158 Plures
2894 4104 3054 4174 hujus
3081 4120 3204 4157 mss.
3233 4103 3416 4174 plures
3430 4104 3542 4176 hu-

265 4171 495 4240 jusmodi
569 4171 614 4206 ετ
633 4171 762 4242 Quae
783 4186 944 4231 sunt.
970 4215 984 4230 .
1013 4217 1026 4229 .
1057 4174 1170 4232 Hoc
1199 4187 1378 4231 autem
1405 4171 1536 4230 'mss.
1564 4191 1682 4244 quzc
1705 4183 1853 4229 sunt.
1879 4174 1972 4228 Est
1999 4175 2161 4244 igitur
2190 4171 2444 4243 quaedam
2493 4186 2684 4234 natura
2712 4189 2832 4244 qua:
2861 4184 2944 4228 est
2966 4171 3254 4228 summum
3296 4173 3538 4228 omnium

270 4259 388 4313 qua:
411 4253 560 4298 sunt.
594 4245 705 4300 lloc
729 4255 909 4300 autem
981 4248 1029 4282 ⁸⁸
1069 4247 1224 4302 Plura
1269 4263 1373 4300 nou
1417 4262 1538 4301 esse
1562 4262 1686 4299 mss.
1712 4245 1864 4314 plura
1898 4260 2107 4299 summa
2140 4260 2245 4298 non
2271 4258 2392 4299 esse
2461 4245 2510 4315 Ϊ¹⁹
2537 4245 2685 4300 Bona
2703 4245 2782 4299 vel
2808 4260 2997 4315 magna
3021 4260 3146 4315 mss.
3171 4244 3303 4298 Tlm.
3323 4244 3462 4298 bona
3485 4255 3542 4300 et

271 4328 466 4387 magna
539 4315 584 4387 ἑο
612 4316 713 4370 Per
738 4332 797 4387 se
818 4327 902 4372 est
927 4318 978 4372 id
1008 4319 1150 4387 quod
1177 4330 1260 4371 est
1288 4333 1413 4370 mss.
1443 4317 1576 4369 Tliu.
1600 4330 1696 4384 per
1713 4313 1904 4387 ’sehoc
1932 4325 2016 4370 est
2037 4316 2178 4384 quod
2199 4325 2286 4370 est
2359 4315 2398 4347 ⁹¹
2427 4313 2684 4387 Magnum
2705 4313 2919 4385 aliquid
2936 4332 3059 4369 mss.
3105 4314 3238 4369 Vict.
3273 4331 3527 4385 magnum

268 4396 360 4437 aut
398 4382 603 4455 aliquid
675 4387 720 4417 ⁹²
759 4382 1042 4443 Summuni
1072 4402 1348 4456 magnum,
1378 4382 1758 4456 summumque
1785 4385 2006 4456 bonum,
2049 4382 2321 4440 summum
2343 4401 2440 4440 ens
2467 4382 2581 4441 sive
2607 4382 2843 4442 exiStens
2865 4402 2988 4439 mss.
3021 4401 3289 4456 summum
3317 4382 3537 4456 bellum,

267 4454 538 4526 summum
571 4472 848 4526 magnum,
888 4454 1294 4512 summumﬁens
1320 4457 1435 4511 sive
1455 4454 1757 4526 subsistens
1829 4455 1875 4526 if
1914 4455 2178 4522 Quoniam
2222 4456 2402 4526 itaque
2435 4456 2629 4526 placet,
2665 4468 2770 4510 etc.
2796 4457 2848 4508 in
2873 4472 3000 4510 mss.
3034 4454 3182 4509 Gem.
3212 4457 3368 4508 Gorb.
3397 4455 3533 4508 ΤΙιιι.

269 4525 458 4596 Cister.
481 4526 568 4578 hic
590 4524 770 4594 incipit
798 4527 928 4596 Cap.
956 4527 1008 4582 5.
1048 4529 1142 4582 sub
1169 4544 1228 4581 eo
1251 4526 1389 4580 titul.
1421 4527 1474 4581 in
1498 4543 1621 4579 mss.
1651 4524 1799 4579 Gem.
1835 4524 1969 4579 Thu.
2000 4525 2185 4596 Gistsr.
2212 4524 2355 4596 quod
2395 4524 2537 4581 sicut
2579 4527 2666 4580 illa
2696 4535 2783 4580 est
2811 4541 2909 4594 per
2925 4541 2984 4580 se
3010 4533 3065 4596 ει
3088 4525 3198 4596 εΙίιι
3219 4541 3317 4594 ρει·
3340 4526 3490 4580 illam
3516 4543 3531 4588 ;

269 4594 340 4666 ita
365 4595 438 4649 sit
460 4610 526 4649 ex
559 4612 640 4659 se,
669 4608 724 4652 et
749 4598 854 4652 alia
876 4594 949 4652 ex
991 4598 1079 4653 iila
1121 4599 1176 4651 in
1205 4614 1329 4652 mss.
1363 4596 1518 4652 Corb.
1555 4597 1824 4665 quomodo
1869 4596 2051 4650 omnia
2093 4595 2196 4650 alia
2230 4594 2368 4651 sunt
2393 4611 2490 4666 per
2517 4596 2664 4650 illam
2691 4609 2745 4650 et
2770 4612 2837 4652 ex
2867 4596 2974 4650 illa.
3007 4595 3145 4666 lbid.
3174 4595 3243 4650 Ι).
3271 4596 3537 4663 Quoniam

268 4663 452 4734 itaque
481 4681 582 4720 ms.
609 4666 796 4720 Cister.
826 4670 1080 4737 quoniam
1105 4668 1178 4721 ita
1272 4668 1318 4699 ⁸⁸
1357 4666 1473 4722 Νοιι
1513 4663 1640 4721 sunt
1663 4667 1766 4720 nisi
1791 4681 1856 4720 ex
1890 4667 2004 4736 ipsa
2030 4682 2152 4719 mss.
2190 4683 2296 4720 non
2328 4663 2433 4722 sint
2465 4667 2567 4722 nisi
2599 4683 2661 4722 ex
2690 4669 2803 4736 ipsa
2904 4667 2948 4699 "
2989 4665 3107 4720 Non
3148 4667 3250 4720 nisi
3278 4684 3374 4737 per
3407 4684 3535 4721 mss.

268 4745 532 4808 nonsqu
568 4737 671 4790 nisi
702 4753 800 4807 per
872 4739 918 4769 ⁸⁸
954 4738 1061 4793 Sed
1083 4737 1209 4792 licet
1249 4747 1430 4808 posset
1457 4737 1560 4791 dici
1595 4754 1609 4790 :
1639 4737 1763 4808 quia
1790 4739 2040 4808 quodex
2077 4737 2260 4806 aliquo
2289 4747 2395 4808 est,
2423 4737 2586 4792 etiam
2627 4753 2722 4806 per
2753 4737 2984 4806 idipsum
3023 4737 3166 4808 quod
3201 4749 3284 4793 est
3319 4754 3414 4807 ρει·
3439 4738 3535 4790 ali-

267 4805 415 4874 quid,
450 4816 605 4878 estet
628 4805 789 4863 exeo
812 4809 928 4878 ipso
955 4827 967 4862 :
1000 4805 1452 4877 quemadmodum
1491 4824 1588 4863 ms.
1619 4805 1773 4878 coro.
1804 4805 1895 4861 Sed
1925 4806 2046 4860 licet
2077 4805 2236 4875 pus'se
2257 4807 2360 4862 dici
2389 4809 2531 4876 quod
2555 4805 2679 4877 quia
2701 4824 2765 4862 ex
2798 4805 2863 4863 eo
2884 4809 3000 4878 ipso
3034 4805 3057 4862 Ξ
3079 4805 3536 4876 quemadinmlum

265 4891 389 4949 mss.
441 4876 538 4930 sed
581 4877 752 4946 liquet
782 4876 942 4948 posse
974 4876 1077 4935 dici
1122 4881 1248 4947 quia
1285 4880 1426 4948 quod
1467 4889 1552 4932 est
1588 4893 1655 4933 ex
1697 4877 1903 4949 aliquo,
1933 4887 2016 4931 est
2040 4878 2204 4930 etiam
2252 4893 2352 4947 per
2391 4876 2620 4949 idipsum
2653 4889 2748 4933 :et
2768 4876 2918 4948 quod
2950 4887 3035 4934 cst
3062 4893 3157 4948 per
3195 4879 3421 4948 aliquid,
3449 4888 3539 4949 est

266 4945 432 4999 etiam
466 4962 535 5001 ex
563 4945 814 5017 eoipso':
857 4945 1317 5019 quemadmodum
1383 4949 1428 4980 ³⁷
1470 4947 1935 5015 Quemadmodum
1963 4957 2020 5000 et
2038 4958 2120 5001 est
2148 4962 2216 5001 ex
2246 4945 2494 5013 materia,
2521 4960 2576 5003 et
2599 4965 2692 5019 per
2725 4945 3015 5012 artiﬁcem,
3046 4945 3223 5017 potest
3251 4945 3396 5003 enim
3428 4948 3536 5000 diei

264 5027 385 5091 esse
406 5031 503 5091 ρει·
536 5021 817 5073 materiam
850 5031 901 5091 et
925 5036 990 5075 ex
1017 5019 1227 5091 artiﬁce
1254 5038 1267 5073 :
1301 5019 1560 5091 quoniam
1593 5033 1690 5091 per
1713 5027 2020 5091 utrumque,
2052 5028 2105 5072 et
2134 5033 2198 5072 ex
2224 5028 2477 5088 utroque,
2503 5030 2557 5074 et
2587 5021 2654 5075 ab
2685 5031 2914 5090 utroque
2947 5019 3109 5073 habet
3134 5028 3190 5072 ut
3219 5019 3312 5091 sit,
3348 5034 3539 5091 quamf

264 5087 345 5139 vis
368 5085 529 5140 aliter
555 5103 650 5154 per
686 5090 970 5144 materiam
1013 5107 1113 5144 ms.
1144 5089 1298 5143 Corb.
1317 5085 1788 5159 quemadmodum
1816 5089 1958 5156 quod
1998 5097 2080 5143 est
2111 5104 2174 5143 es
2216 5085 2440 5145 materia
2481 5099 2536 5145 et
2563 5105 2658 5158 per
2686 5085 2974 5154 artiﬁcem,
3014 5099 3192 5158 potest
3237 5085 3399 5143 etiam
3428 5085 3532 5140 diei

262 5161 671 5230 permaleriam
701 5169 756 5214 et
799 5175 866 5214 ex
895 5161 1105 5215 artiﬁce
1140 5177 1152 5214 :
1187 5161 1442 5230 quoniam
1472 5170 1762 5228 utrumque
1795 5167 1851 5212 et
1878 5174 1946 5212 ex
1987 5168 2217 5229 utroque
2248 5161 2410 5215 habet
2445 5170 2504 5214 ut
2525 5161 2599 5215 sit
2632 5175 2646 5213 :
2673 5161 2921 5230 quamvis
2961 5161 3120 5214 aliter
3147 5160 3217 5213 sit
3247 5176 3343 5227 per
3368 5167 3537 5212 matc-

265 5176 671 5234 periuaicriam
701 5176 756 5214 et
799 5176 866 5214 ex
895 5176 1105 5215 aruuce
1140 5177 1152 5214 :
1187 5176 1442 5284 guemam
1472 5176 1762 5228 utrumque
1795 5176 1851 5212 ει
1878 5176 1946 5212 ex
1987 5176 2217 5229 utroque
2248 5176 2410 5215 nubet
2445 5176 2504 5214 ut
2525 5176 2599 5215 ειι
2632 5176 2646 5213 :
2673 5177 2921 5230 quamvis
2961 5176 3120 5214 aliter
3147 5176 3217 5213 ειι
3247 5176 3343 5227 per
3368 5176 3536 5212 mate-

265 5240 403 5312 riain
435 5244 564 5282 mss.
597 5232 1048 5311 quemadmodum
1079 5246 1185 5300 quo
1252 5240 1335 5286 est
1357 5246 1422 5286 ex
1455 5230 1684 5285 materia
1729 5237 1912 5352 ctdier
1941 5230 2226 5293 artiﬁcem,
2261 5241 2440 5300 potest
2477 5232 2776 5312 etianrdici
2808 5247 2927 5286 esse
2953 5246 3048 5300 per
3069 5233 3360 5310 materiam
3387 5237 3440 5283 et
3467 5244 3536 5282 ex

265 5301 476 5352 artiﬁce
507 5315 520 5352 :
556 5316 811 5352 quoniam
845 5317 940 5352 ner
966 5311 1252 5352 utrumque
1293 5310 1348 5352 et
1376 5317 1442 5352 ex
1483 5309 1736 5352 utronue.
1775 5315 1790 5352 t
1856 5308 1959 5352 est.
1993 5303 2060 5352 al)
2085 5311 2315 5352 ulronue
2341 5301 2500 5352 habet
2532 5312 2588 5352 ut
2611 5311 2704 5352 ειι.
2741 5317 2986 5352 unamvns
3014 5301 3259 5352 alitersu
3287 5316 3384 5352 Der
3416 5314 3528 5352 ma-

263 5297 476 5372 artiﬁce
505 5315 520 5364 ;
556 5297 811 5372 quoniam
845 5317 940 5371 per
966 5297 1252 5372 utrumque
1293 5310 1348 5356 et
1376 5317 1442 5356 ex
1483 5309 1736 5369 utroque,
1775 5297 1827 5353 id
1856 5308 1959 5366 est,
1993 5297 2315 5372 aliulroque
2341 5301 2500 5356 habet
2532 5312 2588 5355 ut
2611 5303 2704 5366 sit,
2741 5297 2986 5372 quamvis
3014 5301 3168 5354 aliter
3187 5303 3259 5353 sit
3286 5316 3384 5372 per
3416 5314 3528 5352 ma-

265 5366 479 5442 teriam
557 5366 1047 5442 ’λιῖοιιεείίιιειιιει
1086 5366 1214 5442 ει·έο
1252 5388 1378 5426 mss.
1431 5366 1784 5442 consequitur
1840 5386 1968 5442 ergo
2059 5371 2106 5402 ⁹⁹
2145 5366 2274 5442 Quin
2330 5381 2476 5442 sunt.
2521 5382 2646 5426 sunt
2691 5366 2912 5426 ex'utss.
2945 5386 3064 5442 qua:
3108 5379 3254 5432 sunt,
3286 5366 3423 5424 'sint
3467 5384 3534 5423 cx

375 5437 583 5512 Idcirco
613 5440 710 5493 illa
733 5457 799 5495 ex
826 5434 955 5496 mss.
986 5434 1188 5496 idcirco
1221 5442 1304 5495 illa
1359 5443 1429 5497 sit
1457 5457 1523 5496 ex
1599 5434 1664 5474 ’δ’
1707 5441 1836 5506 Cap.
1863 5434 1930 5495 5:
1966 5442 2024 5512 in
2065 5434 2188 5495 mss.
2238 5441 2393 5496 Corb.
2418 5441 2564 5497 Gem.
2624 5443 2829 5496 ’l'liuan.
2889 5453 2934 5496 et
2963 5434 3154 5494 Cister.
3195 5451 3268 5495 est
3314 5459 3430 5512 cap.
3480 5441 3533 5494 li.

263 5505 333 5537 “'
376 5506 481 5562 Ms.
509 5509 666 5564 Gorb.
700 5511 980 5579 Quomodo
1009 5513 1416 5584 intelligendum
1444 5514 1533 5581 sit,
1575 5512 1702 5582 quia
1732 5505 1860 5566 ferit
1884 5511 2064 5564 omnia
2095 5513 2162 5566 de
2203 5513 2370 5567 nihilo

1768 5641 1994 5698 NOTIE.

343 5705 456 5763 (59)
480 5704 631 5762 Alias
659 5715 741 5762 est
767 5722 891 5773 pars
913 5708 1110 5778 capitis
1139 5710 1193 5764 4.
