3882 6054
327 261 423 316 {Tit

868 259 927 315 S.
966 259 1264 317 ANSELMI
1301 260 1655 317 CANTUAB.
1695 261 2019 318 ARCHIEP.
2065 259 2218 318 OPP.
2252 259 2435 318 PARS
2461 261 2503 316 l.
2529 291 2599 301 —
2637 258 3056 335 DOGMATICA.

1972 129 1999 139 σι

3474 262 3582 319 ιεε

396 390 493 447 per
515 372 660 429 aliud
683 383 787 447 est,
818 389 920 429 nec
957 375 1136 431 minor
1164 383 1258 428 aut
1283 375 1551 446 posterior
1573 375 1771 447 seipsa,
1795 384 1889 431 aut
1917 380 1965 440 Α
1991 383 2198 430 texere.
2239 373 2508 441 Quoniam
2532 388 2769 444 namque
2805 373 2874 428 ad
2905 388 3158 444 magnum
3189 380 3247 429 et
3264 371 3584 429 delectabile

396 445 576 516 aliqua
622 460 700 500 re.
737 445 876 516 Ergo
926 460 1134 501 summa
1174 453 1364 499 natura
1407 460 1505 500 nec
1534 461 1563 498 a
1611 445 1670 501 se
1696 462 1794 501 nec
1821 448 1888 501 ab

399 515 505 570 alio
533 516 646 572 ﬁeri
675 526 879 586 potest;
932 530 1031 586 nec
1080 515 1205 586 ipsa
1245 515 1347 569 sibi
1375 526 1469 586 aut
1512 516 1715 585 aliquid
1746 516 1893 571 aliud

398 587 625 642 materia
670 582 789 657 fuit,
836 587 977 657 unde
1003 582 1153 657 ﬁeret
1173 582 1356 657 (aut,
1376 584 1554 657 aliqua
1581 582 1665 642 res
1695 587 1889 657 ipsam,

397 667 460 711 ut
496 667 658 723 esset,
683 656 908 724 adjuvit.
942 655 1049 710 Sed
1080 670 1182 711 nec
1204 656 1437 726 intelligi
1467 655 1643 726 potest
1670 655 1730 713 ut
1750 656 1894 725 quod

400 728 601 797 aliquid
641 736 746 790 est,
792 726 864 781 sit
891 740 988 795 per
1014 725 1171 781 nihil.
1196 725 1251 781 Si
1282 725 1446 797 igitur
1468 725 1676 783 Summa
1702 738 1893 783 natura

399 805 484 854 est
507 811 569 850 ex
597 797 763 852 nihilo
784 836 801 861 ,
839 807 932 852 aut
958 811 1055 865 per
1076 811 1151 858 se,
1185 805 1279 852 aut
1300 812 1396 866 per
1420 797 1563 852 aliud
1594 806 1676 854 est
1714 814 1778 853 ex
1808 799 1895 853 ni-

399 868 531 922 hilo.
565 867 680 922 Non
703 882 803 990 rer
823 881 910 933 se,
940 867 1177 935 alioquin
1202 868 1316 936 ipsa
1339 877 1484 923 esset
1508 868 1685 939 seipsa
1712 869 1891 939 prior:

399 954 504 990 non
543 952 640 990 Der
668 954 696 990 a
725 937 849 990 iud.
906 936 1143 990 alioauin
1188 937 1300 990 ipsa
1342 952 1446 990 non
1489 947 1633 990 esset
1659 946 1891 990 summa.

398 954 504 992 non
543 952 640 1005 per
668 936 849 1003 aliud,
906 936 1143 1006 alioquin
1188 937 1300 1008 ipsa
1342 952 1446 992 non
1489 936 1633 994 esset
1659 936 1894 1004 summa,

399 1010 496 1064 sed
543 1007 765 1064 inferior
806 1023 874 1062 eo
913 1023 1011 1077 per
1043 1008 1185 1075 quod
1211 1007 1312 1064 est.
1347 1009 1566 1074 Deinde,
1591 1010 1637 1064 si
1685 1024 1897 1066 summa

402 1087 598 1149 natura
628 1093 724 1148 per
751 1077 952 1147 aliquid
975 1087 1061 1149 est
1092 1078 1285 1142 nihilo,
1316 1078 1540 1149 idiquod
1569 1094 1732 1135 causa
1759 1079 1894 1134 tanti

398 1147 525 1204 boni
558 1146 675 1214 fuit,
707 1146 959 1219 magnum
987 1148 1185 1203 bonum
1217 1158 1315 1202 est.
1346 1146 1557 1204 Nullum
1594 1161 1773 1205 autem
1801 1149 1897 1205 bo-

398 1234 532 1290 num
581 1218 817 1290 intelligi
854 1227 1029 1290 potest
1052 1229 1180 1273 ante
1236 1219 1364 1274 illud
1414 1221 1611 1275 bonum
1647 1222 1763 1275 sine
1791 1234 1899 1290 quo

401 1288 537 1344 nihil
557 1298 640 1345 est
660 1288 882 1351 bonum,
913 1289 1014 1344 hoc
1038 1299 1142 1351 est.
1171 1288 1296 1343 ante
1323 1304 1588 1345 summam
1619 1288 1896 1347 naturam.

403 1359 546 1429 Ergo
590 1375 691 1414 nec
732 1359 954 1429 intelligi
987 1368 1163 1428 potest
1195 1373 1281 1414 res
1299 1360 1410 1430 fulta
1445 1360 1768 1430 praecedere,
1803 1375 1898 1429 per

403 1445 562 1497 quam
590 1444 797 1484 summa
829 1439 1021 1483 natura
1063 1430 1134 1487 sit
1168 1444 1231 1482 ex
1259 1429 1455 1484 nihilo.
1477 1432 1603 1484 Item
1634 1449 1646 1484 :
1697 1431 1751 1486 Si
1784 1431 1900 1487 hzec

401 1509 487 1555 est
510 1499 709 1568 aliquid
725 1515 789 1553 ex
821 1499 1010 1565 nihilo,
1038 1509 1135 1570 aut
1152 1515 1247 1569 per
1261 1499 1390 1554 nihil
1409 1539 1429 1567 ,
1448 1500 1534 1555 vel
1552 1500 1665 1570 ipsa
1691 1517 1797 1555 non
1817 1508 1900 1554 est

403 1587 468 1624 ex
500 1584 560 1641 se
596 1580 651 1624 et
684 1584 779 1639 per
806 1571 970 1641 sea,
1010 1569 1094 1641 vel
1126 1568 1240 1641 ipsa
1274 1578 1356 1624 est
1394 1571 1547 1625 nihil.
1572 1568 1735 1641 'Ergo
1780 1571 1898 1639 ipsa

407 1639 714 1695 nullatenus
754 1650 864 1711 est
887 1639 983 1709 per
1010 1639 1172 1702 nihil,
1202 1650 1294 1692 aut
1332 1655 1399 1696 ex
1435 1642 1626 1705 nihilo,
1656 1639 1748 1696 sed
1783 1641 1898 1711 ipsa

403 1724 584 1783 pense
613 1720 761 1764 et’ex
793 1709 968 1779 seipsa
1005 1718 1120 1783 est;
1158 1724 1223 1763 eo
1262 1712 1419 1767 modo
1458 1726 1567 1783 quo
1593 1711 1683 1765 lux
1711 1709 1893 1783 lucere

407 1780 689 1904 letdlucens
722 1795 843 1836 esse
893 1795 990 1855 per
1031 1782 1263 1850 seipsam
1318 1790 1374 1836 et
1415 1780 1493 1837 ex‘
1529 1783 1703 1851 seipsa
1746 1782 1902 1836 intel-

431 1866 496 1904 εει
527 1865 612 1904 ur.

431 1865 612 1921 lglllll‘.

403 2024 668 2090 Quoniam
701 2023 864 2093 igitur
889 2040 995 2080 non
1023 2040 1239 2097 semper
1276 2026 1440 2081 habet
1483 2024 1736 2079 eumdem
1773 2038 1907 2079 sen-

338 2133 456 2170 sum
487 2117 630 2187 quod
661 2118 860 2172 dicitur
886 2131 1008 2173 esse
1055 2131 1149 2185 per
1188 2116 1413 2187 aliquid,
1461 2125 1555 2170 aut
1579 2129 1701 2171 esse
1746 2129 1815 2170 ex
1845 2114 1913 2151 ³⁰λ³

335 2207 539 2276 aliquo,
592 2206 946 2277 quaerendum
999 2216 1085 2261 est
1145 2205 1456 2275 diligentius
1499 2204 1772 2273 quomodo
1815 2217 1913 2272 per

333 2311 598 2357 summam
623 2305 896 2361 naturam,
924 2297 1008 2352 vel
1032 2312 1100 2352 ex
1125 2296 1237 2366 ipsa
1261 2297 1372 2351 sint
1392 2297 1576 2350 omnia
1602 2310 1723 2364 quae
1745 2303 1872 2349 sunt
1896 2311 1910 2347 :

334 2395 391 2440 et
441 2387 695 2456 quoniam
750 2387 805 2441 id
836 2387 978 2455 quod
1013 2396 1098 2442 est
1135 2401 1235 2457 per
1269 2386 1528 2457 seipsum,
1563 2394 1618 2440 et
1666 2385 1720 2439 id
1770 2383 1915 2455 quod

334 2483 420 2530 est
452 2490 550 2544 per
575 2475 743 2540 aliud,
773 2490 878 2530 non
904 2475 1152 2530 eamdem
1184 2475 1489 2545 suscipiunt
1514 2473 1782 2529 existendi
1822 2488 1913 2527 ra-

338 2568 562 2623 tionem.
590 2566 747 2622 Prius
772 2566 1066 2635 separatim
1096 2567 1376 2621 videamus
1403 2568 1469 2621 de
1511 2566 1580 2603 ³⁰³
1626 2568 1740 2637 ipsa
1767 2581 1917 2622 sum-

338 2674 429 2713 ma
467 2668 658 2714 natura
684 2673 803 2728 qua:
835 2673 930 2729 per
964 2670 1025 2712 se
1061 2666 1178 2723 est;
1209 2666 1395 2727 postea
1425 2659 1491 2713 de
1533 2657 1640 2725 his,
1673 2673 1792 2730 qua:
1820 2671 1916 2726 per

338 2748 484 2802 aliud
528 2757 674 2802 sunt.
724 2747 858 2802 Cum
908 2748 1075 2819 igitur
1121 2755 1335 2804 constet
1384 2747 1508 2817 quia
1558 2747 1648 2802 illa
1697 2755 1783 2803 est
1821 2761 1919 2817 per

336 2844 568 2914 seipsam
598 2842 857 2913 quidquid
896 2852 999 2910 est,
1026 2851 1083 2898 et
1107 2843 1290 2898 omnia
1319 2841 1423 2896 alia
1458 2851 1585 2897 sunt
1645 2857 1742 2911 per
1767 2842 1915 2897 illam

343 2934 398 2989 id
437 2933 581 3003 quod
607 2943 752 2998 sum,
783 2934 1056 3002 quomodo
1088 2933 1201 3002 ipsa
1230 2943 1317 2988 est
1345 2948 1440 3004 per
1462 2933 1560 2987 se?
1588 2932 1740 3000 Quod
1770 2933 1916 2986 enim

342 3026 542 3081 dicitur
580 3026 647 3058 ³⁸³⁵
676 3040 797 3083 εεεε
833 3040 929 3096 per
958 3025 1159 3094 aliquid
1188 3025 1402 3081 videtur
1440 3041 1561 3080 esse
1595 3034 1688 3079 aut
1715 3039 1811 3093 per
1837 3026 1915 3079 ef-

1995 468 2217 538 quidam
2249 483 2339 523 me
2382 468 2452 499 ³³³
2493 467 2674 523 subito
2704 466 2959 537 perduxit
2990 467 3107 521 haec
3128 480 3247 521 mea
3271 465 3580 543 meditatio,

1993 560 2196 614 nullam
2227 559 2313 616 vel
2341 558 2642 630 simplicem
2686 574 2933 629 peneque
2973 557 3181 614 fatuam
3218 558 3578 628 nbjectionem

1994 651 2130 706 mihi
2166 650 2465 721 disputanti
2504 658 2916 711 occurrentem,
2955 647 3279 719 negligeudo
3322 647 3416 713 ³³³,
3456 647 3581 702 voto

1995 745 2276 816 praeterire
2302 761 2317 798 :
2349 752 2619 814 quatenus
2638 752 2696 799 et
2718 757 2822 814 ego
2851 741 2988 797 nihil
3015 740 3324 810 ambiguum
3353 738 3406 793 in
3443 753 3585 808 prae.

1997 833 2314 893 cedentibus
2353 832 2689 903 relinquens,
2725 832 2946 892 certior
2964 828 3173 885 valeam
3201 828 3268 882 ad
3297 828 3583 897 sequentia

1998 924 2333 995 procedere;
2380 932 2438 980 et
2472 924 2518 979 si
2557 922 2699 979 forte
2728 923 2841 989 cui,
2877 921 3023 992 quod
3050 918 3320 991 speculor,
3352 933 3581 988 persna-

1999 1018 2132 1075 dere
2167 1018 2412 1080 voluero.
2453 1016 2627 1082 omni,
2656 1016 2742 1071 vel
2781 1014 3019 1079 modico,
3068 1022 3276 1068 remoto
3300 1009 3585 1065 obstaculo

2000 1109 2229 1180 quilibet
2267 1107 2469 1164 tardus
2500 1106 2810 1162 intellectus
2863 1104 2932 1160 ad
2974 1102 3158 1158 audita
3209 1100 3367 1156 facile
3410 1099 3586 1170 possit

1999 1201 2259 1258 accedere
2291 1199 2379 1255 ³³⁸.
2408 1198 2562 1268 Quod
2594 1198 2760 1270 igitur
2791 1196 2878 1252 illa
2910 1204 3127 1259 natura,
3160 1180 3279 1259 sine
3305 1207 3410 1262 qua
3436 1189 3583 1244 nulla

1998 1301 2087 1348 est
2105 1299 2326 1355 natura,
2358 1290 2431 1346 sit
2457 1286 2614 1355 nihil,
2652 1296 2761 1342 tam
2794 1285 2988 1341 falsum
3026 1293 3140 1349 est;
3187 1296 3353 1352 quam
3383 1281 3583 1335 absur-

2001 1384 2126 1439 dum
2158 1383 2265 1437 erit
2289 1381 2337 1437 si
2368 1381 2582 1437 dicatur
2616 1380 2686 1412 ³³⁸
2721 1378 2983 1449 quidquid
3005 1385 3092 1433 est
3136 1373 3268 1431 nihil
3294 1388 3458 1429 esse:
3485 1386 3586 1442 per

2001 1471 2136 1529 nihil
2164 1487 2295 1528 vero
2336 1487 2446 1528 non
2472 1480 2580 1537 est,
2606 1471 2734 1541 quia
2772 1469 2923 1525 nullo
2951 1468 3110 1522 modo
3136 1464 3359 1535 intelligi
3387 1470 3585 1533 potest,

2005 1575 2069 1622 ³³⁸
2088 1565 2233 1638 (ἰυοά
2254 1565 2459 1635 aliquid
2479 1574 2565 1621 est
2611 1564 2681 1620 sit
2708 1577 2804 1633 per
2828 1560 2985 1617 nihil.
3010 1561 3081 1613 At
3104 1558 3149 1613 si
3187 1571 3297 1627 que
3324 1555 3486 1609 modo
3517 1552 3590 1585 ³³⁸

2002 1667 2089 1716 εει
2110 1675 2179 1713 ex
2205 1657 2399 1723 nihilo,
2424 1664 2517 1711 aut
2547 1669 2644 1725 per
2664 1668 2747 1717 se,
2772 1664 2865 1707 aut
2882 1666 2985 1721 per
3011 1648 3179 1714 aliud,
3210 1654 3306 1701 aut
3323 1659 3422 1716 per
3449 1643 3590 1698 nihil

1934 1768 1982 1827 Β
2008 1759 2181 1808 estex
2219 1748 2428 1816 nihilo;
2465 1748 2560 1804 sed
2600 1753 2820 1801 constat
2857 1743 2984 1812 quia
3013 1741 3164 1805 nullo
3197 1738 3361 1837 modo
3385 1736 3591 1837 aliquid

2013 1848 2094 1895 est
2119 1853 2218 1910 per
2248 1838 2314 1871 ³³⁷
2338 1837 2495 1893 nihil.
2523 1836 2580 1892 Si
2607 1836 2772 1906 igitur
2793 1842 2878 1888 est
2902 1832 3085 1901 aliquo
3109 1828 3268 1883 modo
3292 1842 3358 1880 ex
3383 1826 3592 1890 nihilo;

2012 1941 2109 1988 aut
2130 1946 2227 2001 per
2249 1944 2330 1993 se,
2353 1936 2447 1984 aut
2475 1943 2574 1999 per
2603 1926 2748 1981 aliud
2772 1933 2853 1980 est
2883 1938 2950 1977 ex
2980 1919 3150 1975 nihilo
3172 1920 3258 1976 ³³⁸.
3286 1919 3470 1975 Perse
3497 1931 3599 1970 au-

2014 2032 2124 2078 tetn
2154 2019 2286 2074 nihil
2313 2026 2494 2090 potest
2522 2031 2645 2072 esse
2681 2031 2747 2071 ex
2777 2013 2977 2077 nihilo;
3029 2010 3154 2080 quia
3186 2010 3230 2065 si
3260 2007 3389 2078 quid
3409 2014 3493 2061 est
3527 2019 3594 2057 ex

2013 2114 2185 2169 nihilo
2211 2127 2308 2181 per
2330 2110 2537 2180 aliquid
2567 2121 2792 2163 necesse
2820 2105 2887 2137 ³³³
2909 2112 2994 2159 εει
3019 2112 3078 2157 ιιι
3104 2102 3178 2165 id,
3210 2115 3305 2169 per
3321 2097 3464 2169 quod
3486 2103 3597 2160 est,

2014 2207 2166 2276 prius
2202 2206 2293 2260 sit.
2323 2202 2593 2270 Quoniam
2629 2200 2792 2270 igitur
2821 2198 2935 2252 bzec
2960 2193 3196 2249 essentia
3220 2191 3368 2260 prior
3410 2189 3593 2256 seipsa

2016 2313 2121 2352 non
2149 2288 2431 2360 est,'nullo
2465 2292 2627 2347 modo
2656 2299 2743 2345 est
2767 2305 2839 2343 ex
2866 2286 3037 2341 nihilo
3082 2285 3151 2316 ³³⁰
3180 2296 3274 2353 ρει·
3305 2295 3386 2337 εε.
3450 2278 3524 2332 At
3550 2277 3595 2331 si

2015 2388 2231 2445 dicitur’
2247 2402 2344 2457 per
2375 2384 2615 2454 aliquam
2638 2390 2890 2436 naturam
2916 2378 3077 2432 aliam
3117 2373 3395 2430 exstitisse
3418 2384 3485 2426 ex
3515 2368 3600 2424 ni-

2017 2479 2149 2543 hilo,
2174 2493 2280 2532 non
2306 2485 2392 2532 est
2412 2489 2626 2531 summa
2647 2472 2915 2537 omnium,
2941 2470 3035 2524 sed
3054 2467 3235 2536 aliqua
3256 2462 3480 2519 inferior
3504 2460 3596 2525 ³³¹;

2020 2583 2119 2623 nec
2148 2579 2233 2622 est
2265 2581 2361 2635 per
2383 2579 2444 2621 se
2470 2564 2573 2619 hoc
2593 2562 2733 2634 quod
2764 2569 2872 2624 est,
2897 2559 2991 2615 sed
3020 2559 3087 2590 ³³³
3118 2571 3217 2627 ρει·
3238 2554 3404 2609 aliud.
3432 2553 3597 2608 Item:

2019 2659 2077 2716 Si
2107 2674 2204 2730 per
2225 2657 2427 2727 aliquid
2451 2667 2534 2711 est
2558 2655 2625 2687 ³³³
2649 2654 2765 2725 ipsa
2788 2668 2851 2708 ex
2879 2650 3076 2716 nihilo;
3107 2649 3181 2713 id,
3209 2662 3304 2718 per
3325 2645 3466 2716 quod
3491 2650 3597 2708 est,

2019 2762 2274 2821 magnum
2303 2750 2502 2805 bonum
2531 2746 2655 2811 fuit,
2685 2760 2809 2801 cum
2848 2757 3011 2798 causa
3049 2739 3180 2795 boni
3212 2737 3332 2791 fuit.
3374 2736 3445 2789 At
3480 2733 3600 2787 nul-

2021 2841 2129 2895 lum
2179 2841 2380 2895 bonum
2423 2844 2607 2908 potest
2646 2833 2873 2903 intelligi
2909 2839 3034 2887 ante
3064 2829 3195 2884 illud
3221 2826 3455 2887 bonum,
3482 2823 3602 2879 sine

2020 2945 2128 3001 quo
2155 2928 2290 2985 nihil
2326 2936 2410 2984 est
2439 2928 2681 2982 bonum:
2722 2918 3035 2978 hoc—autem
3072 2919 3299 2980 bonum,
3336 2913 3454 2968 siue
3491 2925 3605 2982 quo

2026 3020 2229 3077 nullum
2260 3028 2345 3075 est
2374 3016 2443 3050 ³³³
2471 3018 2697 3078 bonum,
2740 3013 2876 3070 satis
2919 3012 3089 3081 liquet
3129 3009 3271 3063 hanc
3297 3020 3418 3062 esse
3453 3018 3610 3058 sum-

344 3117 554 3182 licicns,
581 3127 676 3174 aut
706 3133 802 3188 per
836 3120 1142 3184 materiam,
1172 3128 1265 3174 aut
1289 3135 1383 3189 per
1405 3117 1621 3188 aliquod
1658 3117 1799 3171 aliud
1827 3117 1918 3171 ad-
1947 3130 1989 3188 (ς
2026 3130 2168 3170 mam
2201 3123 2452 3170 naturam
2474 3153 2490 3179 ,
2529 3111 2598 3167 de
2636 3124 2743 3180 qua
2783 3107 2982 3178 agitur.
3011 3104 3191 3172 Quare
3221 3116 3307 3157 res
3343 3097 3492 3154 nulla
3516 3096 3604 3151 vel

338 3209 644 3280 iumentum
670 3209 815 3264 velut
835 3224 932 3279 per
959 3211 1378 3266 instrumentum
1408 3209 1496 3262 ³³⁸.
1526 3206 1632 3263 Sed
1657 3208 1918 3278 quidquid

343 3300 524 3370 aliquo
552 3316 622 3356 ex
650 3300 736 3355 his
763 3300 935 3356 tribtts
968 3301 1034 3334 ³⁰⁷
1065 3301 1240 3357 modis
1277 3310 1379 3365 est,
1412 3314 1509 3370 per
1539 3299 1685 3354 aliud
1713 3310 1837 3363 est;
1867 3306 1922 3354 et

341 3395 635 3465 posterius,
650 3404 705 3448 ει
720 3393 900 3463 aliquo
916 3396 1075 3450 modo
1092 3395 1269 3450 minus
1290 3402 1472 3458 esteo,
1494 3407 1589 3463 per
1603 3391 1743 3461 quod
1759 3390 1922 3445 habet

350 3495 411 3541 ut
453 3486 525 3541 sit
551 3500 565 3542 :
590 3495 644 3541 at
671 3502 881 3544 summa
918 3495 1112 3543 natura
1140 3485 1449 3541 nullatenus
1486 3493 1567 3540 est
1602 3498 1700 3553 per
1734 3481 1918 3550 aliud;

344 3591 448 3632 nec
473 3585 558 3632 est
582 3577 866 3646 posterior,
895 3577 1176 3632 autminor
1187 3575 1386 3646 seipsa,
1412 3582 1504 3629 aut
1528 3574 1703 3643 aliqua
1720 3571 1827 3628 alia
1841 3586 1919 3626 re.

351 3669 533 3737 Quare
558 3683 770 3723 summa
801 3676 993 3722 natura
1023 3680 1123 3722 nec
1150 3681 1179 3720 a
1211 3681 1295 3732 se,
1324 3680 1427 3722 nec
1456 3665 1525 3720 ab
1551 3664 1659 3719 alio
1683 3664 1799 3718 ﬁeri
1828 3677 1925 3734 po-

344 3764 487 3829 tuit;
523 3778 622 3819 nec
661 3762 777 3833 ipsa
809 3761 935 3824 sibi,
969 3775 1068 3815 nec
1090 3759 1290 3829 aliquid
1315 3758 1459 3814 aliud
1482 3757 1556 3813 illi
1580 3756 1807 3813 materia
1832 3756 1924 3821 ³⁰⁸,

347 3856 696 3939 ιιιιάειίὶετει,
730 3854 864 3920 fuit;
898 3869 997 3911 nec
1028 3855 1141 3924 ipsa
1172 3868 1235 3908 se
1269 3852 1451 3922 aliquo
1486 3850 1667 3937 modo,
1699 3858 1792 3904 aut
1823 3849 1925 3905 ali-

345 3968 454 4022 qua
497 3932 593 4007 res
637 3952 833 4023 ipsam,
882 3959 940 4004 ut
988 3956 1136 4004 esset
1177 3946 1322 4017 quod
1366 3960 1472 4000 non
1511 3932 1650 4008 erat,
1697 3941 1924 4011 adjuvit.

347 4043 486 4114 Quid
518 4043 718 4115 igitur?
748 4042 900 4110 Quod
925 4043 1072 4096 enim
1102 4056 1208 4101 non
1237 4046 1321 4093 est
1344 4052 1375 4092 a
1409 4052 1517 4107 quo
1549 4035 1805 4103 faciente,
1833 4044 1929 4090 aut

347 4153 419 4193 ex
465 4152 570 4209 qua
616 4136 866 4200 materia,
910 4143 1006 4191 aut
1028 4133 1224 4205 quibus
1258 4131 1324 4164 ³⁰⁹
1355 4130 1680 4201 adiumentis
1714 4130 1778 4184 ad
1808 4142 1930 4184 esse

351 4230 684 4299 pervenerit,
715 4228 769 4283 id
806 4226 1022 4281 videtur
1046 4235 1140 4281 aut
1165 4240 1283 4280 esse
1312 4223 1480 4289 nihil;
1506 4232 1620 4288 aut,
1648 4223 1690 4277 si
1724 4221 1923 4290 aliquid

353 4330 438 4377 est
461 4321 550 4383 “°,
579 4335 676 4389 per
716 4318 850 4373 nihil
892 4333 1046 4382 esse,
1087 4327 1141 4372 et
1189 4332 1257 4371 ex
1295 4316 1482 4371 nihilo.
1532 4315 1662 4383 Qua:
1701 4314 1829 4369 licet
1861 4329 1928 4368 ex

352 4412 419 4469 iis
450 4411 542 4480 ³³³,
574 4427 693 4488 qua:
720 4410 946 4467 rationis
971 4409 1087 4465 luce
1108 4409 1175 4465 de
1203 4424 1412 4465 summa
1426 4406 1539 4477 jam
1568 4407 1926 4463 animadverti

354 4476 677 4572 substantia,
708 4512 891 4575 putem
917 4501 1225 4557 nullatenus
1252 4503 1304 4559 in
1333 4476 1477 4555 illam
1504 4514 1663 4570 posse
1696 4499 1924 4564 cadere;
1957 4495 2002 4551 D
2028 4504 2094 4546 eo
2175 4485 2333 4543 modo
2383 4481 2784 4575 intelligendum
2830 4476 3062 4539 videtur,

349 4609 460 4650 non
504 4604 682 4651 tamen
731 4594 998 4665 negligam
1042 4592 1202 4664 huius
1238 4593 1316 4648 rei
1365 4590 1741 4662 probationem
1790 4604 1923 4645 con-e

1988 3240 1991 3249 ι
2026 3208 2303 3264 intellectu
2334 3205 2405 3239 ³³⁸
2427 3202 2728 3276 praecessit,
2765 3215 2866 3271 per
2898 3213 3058 3269 quam
3098 3197 3201 3252 ista
3229 3210 3296 3250 ex
3319 3191 3605 3247 nihilo-es—

2025 3311 2126 3355 set.
2158 3299 2401 3369 Denique
2426 3297 2472 3352 si
2499 3297 2615 3351 haac
2642 3294 2760 3365 ipsa
2786 3301 2979 3348 natura
3009 3297 3093 3345 est
3126 3285 3329 3356 aliquid
3372 3293 3466 3338 aut
3508 3297 3606 3352 per

2027 3392 2182 3459 nihil,
2208 3401 2302 3446 aut
2330 3405 2397 3445 ex
2432 3388 2632 3454 nihilo,
2683 3384 2873 3456 procul
2902 3382 3068 3437 dubio
3103 3387 3198 3434 aut
3239 3380 3351 3449 ipsa
3379 3391 3489 3432 non
3519 3384 3610 3430 est

2026 3498 2124 3554 per
2154 3499 2212 3537 se
2241 3492 2296 3536 et
2322 3496 2389 3536 ex
2419 3495 2481 3535 se
2506 3476 2766 3549 quidquid
2795 3483 2905 3538 est;
2943 3482 3036 3527 aut
3063 3472 3264 3527 dicitur
3285 3470 3399 3539 ipsa
3427 3465 3562 3521 nihil
3592 3483 3607 3517 :

2027 3573 2173 3644 quod
2200 3584 2493 3640 utrumque
2517 3565 2850 3638 superﬂuum
2887 3571 2970 3619 est
2995 3573 3266 3631 exponere
3304 3573 3467 3628 quam
3510 3555 3611 3611 fal-

2032 3683 2151 3723 sum
2175 3666 2268 3721 sit.
2302 3664 2455 3719 Licet
2486 3662 2651 3733 igitur
2680 3673 2888 3714 summa
2930 3653 3230 3711 substantia
3263 3666 3367 3706 non
3398 3648 3471 3703 sit
3514 3663 3612 3718 per

2035 3756 2235 3826 aliquid
2288 3752 2558 3815 eﬂiciens,
2600 3756 2694 3803 aut
2733 3763 2800 3802 ex
2839 3745 3019 3815 aliqua
3060 3741 3321 3804 materia,
3365 3753 3467 3792 nec
3511 3736 3612 3790 ali-

2030 3846 2226 3918 quibus
2273 3843 2453 3913 adjuta
2511 3842 2583 3896 sit
2624 3837 2845 3903 causis,
2899 3844 2958 3890 ut
3006 3832 3073 3888 ad
3114 3844 3234 3887 esse
3281 3829 3614 3899 perducere-

2034 3951 2122 3997 tur
2151 3940 2259 3994 m:
2294 3939 2603 3993 nullatenus
2650 3940 2830 3988 tamen
2874 3936 2957 3985 est
2986 3922 3263 3999 pernihil,
3293 3931 3387 3977 aut
3432 3937 3499 3976 es
3528 3920 3615 3979 ni-

2032 4032 2173 4096 hilo;
2206 4032 2336 4100 quia
2374 4043 2474 4098 per
2509 4026 2775 4096 seipsam,
2831 4030 2886 4076 et
2925 4034 2993 4075 ex
3028 4016 3204 4088 seipsa
3234 4022 3316 4070 est
3347 4010 3615 4083 quidquid

2031 4132 2135 4181 est.
2169 4120 2452 4190 Quomod’o
2480 4131 2612 4189 ergo
2639 4113 2854 4170 tandem
2885 4126 3006 4167 esse
3032 4105 3379 4176 intelligenda
3403 4112 3489 4158 est
3514 4116 3617 4172 per
3689 4109 3695 4114 '

2032 4230 2091 4271 se
2134 4223 2187 4269 et
2223 4229 2289 4268 ex
2335 4226 2425 4276 se;
2477 4210 2558 4265 sic
2605 4223 2705 4263 nec
2743 4207 2861 4275 ipsa
2902 4219 2961 4259 sc
2998 4200 3146 4263 fecit,
3186 4212 3287 4253 nec
3337 4197 3451 4266 ipsa
3507 4191 3615 4246 sibi

2031 4307 2260 4364 materia
2323 4302 2534 4359 exstitit
2571 4340 2586 4367 ,
2663 4284 2764 4355 nec
2826 4298 2941 4365 ipsa
3006 4308 3065 4349 se
3116 4289 3358 4361 quolibet
3419 4284 3615 4346 modo,

2016 4393 2096 4454 'ut
2151 4397 2293 4469 quod
2345 4409 2451 4451 non
2512 4398 2631 4447 erat
2678 4396 2863 4453 esset,
2915 4384 3121 4456 adjuvit
3172 4382 3262 4448 ³³⁷,
3313 4378 3415 4469 nisi
3475 4376 3619 4469 forte

3119 4485 3226 4543 quo
3264 4467 3490 4525 ‘dicitur
3546 4465 3619 4499 ³³⁸

2032 4583 2157 4653 quia
2179 4580 2267 4634 lux
2299 4578 2463 4643 lucet,
2516 4575 2596 4630 vel
2639 4572 2825 4628 lucens
2873 4575 2956 4625 est
3003 4561 3403 4639 per'seipsam,
3448 4564 3504 4613 et
3546 4569 3619 4611 ex

1646 4760 1880 4824 VARUE
1919 4755 2319 4816 LECTIONES.

427 4888 499 4923 ⁸⁸⁸
534 4886 641 4942 Aut
667 4900 765 4956 per
790 4900 911 4941 esse
932 4900 998 4940 ex
1026 4900 1152 4939 mss.
1187 4890 1283 4938 aut
1305 4895 1427 4956 esse
1446 4896 1513 4956 ex
1588 4878 1984 4956 “illideamus
2003 4874 2070 4929 de
2094 4887 2218 4926 mss.
2250 4865 2400 4923 Gem.
2425 4856 3158 4956 Cor'b:Cist.._videa_utnrndem
3182 4854 3260 4956 1°:

352 4960 552 5017 dicitur
574 4955 681 5012 ms.
702 4955 758 5012 S.
795 4957 958 5011 Mich.

353 5035 770 5088 instrumentum
846 5028 913 5059 ³⁸⁷
939 5019 1017 5081 Ei
1039 5027 1218 5093 aliquo
1248 5026 1331 5079 his
1357 5024 1531 5078 tribus
1554 5037 1683 5074 mss.
1713 5019 1894 5093 aliquo
1916 5031 1983 5093 εξ

985 4934 1569 5025 ἱιῦὅιιήἶιῖέιῆξιίοἰιὶιτ
1654 4949 1725 4983 ³⁰⁶
1746 4947 1855 5025 ,γει
1889 4934 2606 5025 instrumentummshvelut

2618 4948 2724 5003 per
2735 4932 3160 5003 instrumentum
3182 4942 3281 5003 ms.
3307 4921 3446 5003 βῆς..
3474 4921 3624 5003 velut

2022 4990 2363 5069 militiis“
2387 5006 2455 5039 ‘°°
2492 4990 2653 5060 Aliud
2692 5001 2779 5056 illa
2807 4999 3038 5069 materia
3066 5014 3162 5069 ms,
3192 4990 3624 5069 εονὺηεζίυιιίιιε

354 5060 770 5088 Itlatrumcmuu-
940 5060 1015 5081 ms
1039 5060 1218 5093 «ιιιιιυιυ
1248 5060 1331 5079 "Ia
1360 5060 1531 5078 ιιι-,ιω
1556 5060 1683 5074 ω-..
1713 5060 1894 5089 ...Ἳμν
1917 5060 1983 5072 ν..
2022 5060 2107 5069 ...ν
2142 5060 2308 5068 --.ηπ
2915 5069 2926 5080 _
3020 5068 3031 5080 .
3114 5068 3126 5079 θ

354 5102 578 5158 materia
660 5099 726 5131 '°’
763 5099 871 5153 Aut
894 5113 958 5152 ex
989 5098 1184 5166 quibus
1227 5111 1354 5150 mss.
1401 5093 1545 5166 Victi
1564 5099 1662 5166 aut
1682 5090 1881 5166 quibus
1954 5086 2024 5118 ³³⁰
2060 5080 2257 5166 A_u.t_si
2303 5067 3281 5166 aliudfsit‘ms...fﬁl‘jtnabqtuitffl
3303 5060 3628 5166 ’.κελαρᾚὲ
3658 5110 3665 5113 .

357 5132 578 5229 ἱὶἒῗὲῗὲξ
614 5170 699 5225 his
721 5132 1384 5239 ηἷέὲῗξιῖθέἰὶὲἒίδοέᾝί
1410 5132 1495 5195 ἳίῖ
1500 5132 1904 5239 ’ῥιῖὃᾶιῑὶιῖὶιῒιῖθ
1928 5174 2055 5239 mss.
2090 5132 2629 5239 νῖεεειαιιξιιμιειιξιιηςε
2682 5132 3628 5239 ::*:tft_e§1ii§p.tbrnwggs-1138256333

355 5244 424 5275 ³³³
462 5244 658 5297 Audita
700 5280 715 5295 .
762 5281 775 5294 .
817 5280 831 5293 .
862 5233 1109 5308 accipere
1157 5253 1282 5291 mss.
1320 5235 1385 5290 ad
1439 5233 1621 5308 audita

1782 5202 2105 5284 ζ’ἑὶἔοέἱῑὲἑέ
2133 5202 2410 5277 ⁷⁷³³⁸ΊΕιήι
2456 5224 2550 5269 aut
2587 5214 2631 5268 si
2667 5202 3068 5284 dicatuE—inss.
3124 5208 3276 5284 erit,
3323 5202 3630 5284 sitdicatur

355 5313 426 5345 ³³⁸
1676 5302 1742 5333 tu
1782 5276 1961 5381 aliud
1974 5276 2180 5381 estltper
2205 5308 2329 5381 mss.
2359 5287 2559 5357 aliquid
2588 5293 2674 5339 est
2703 5276 3277 5381 ρει-ΔΓΙᾙΑΡΞΈ)
3308 5280 3625 5381 εἶξοεέιιιῇξ

359 5340 424 5345 ’⁷⁷
462 5340 570 5366 nus
593 5340 638 5366 3|
668 5340 938 5381 ιιυυιιιυυυ
967 5340 1090 5362 ηωο-
1125 5340 1180 5361 ιιι
1201 5340 1244 5360 οι
1274 5340 1380 5375 Ὶυν
1419 5340 1575 5358 Ιι¹νυυ
1782 5340 1940 5352 “""“'
1976 5340 2059 5352 ν“”
2074 5340 2171 5378 .I’V‘
2206 5340 2327 5346 """
2364 5340 2465 5357 "’7‘
2500 5340 2503 5341 ⁷
2542 5340 2545 5341 ⁷
2703 5340 2716 5352 ¹
2869 5352 2878 5363 .
2964 5352 2974 5362 ι
3224 5365 3238 5375 Ἰ
3359 5344 3427 5376 ¹²ο

359 5382 528 5437 nihilo
554 5398 652 5435 ms.
686 5381 841 5436 Corb.
873 5395 971 5450 per
1000 5379 1146 5450 aliud
1174 5386 1283 5450 est,
1311 5385 1392 5430 est
1418 5390 1483 5430 ex
1520 5374 1690 5450 nihilo
1784 5371 1863 5450 ‘1"
1888 5365 2234 5450 lierﬁlthtlod
2278 5372 2514 5450 Igiefeisﬁ
2528 5373 2663 5450 "13f:
2685 5370 2790 5450 Pet",
2802 5351 3276 5450 ﬂ'qul'ffiw'lfecfﬁe
3296 5340 3630 5450 nummu'ﬂ‘:

359 5453 517 5506 modo
538 5465 602 5505 ex
634 5452 801 5506 nihilo
826 5445 956 5504 mss.
988 5449 1137 5504 nullo
1164 5447 1323 5501 modo
1348 5455 1433 5501 est
1463 5458 1530 5498 ex
1558 5445 1726 5499 nihilo

1799 5440 1866 5477 ³³³
1910 5439 2015 5494 Sed
2045 5437 2151 5506 aliq

2159 5412 2234 5488 J6
2278 5412 2515 5486 inferior
2560 5412 2700 5481 mss.-
2749 5412 2919 5479 Gemf
2948 5421 3103 5474 Corb.
3143 5418 3236 5472 sed
3295 5415 3477 5488 aliqua
3542 5412 3632 5466 in-

538 5484 815 5576 ""1133;
829 5484 956 5585 Et?
977 5484 1530 5586 ἑὲΪιἻιέἑὲΪῆἔέῗιῖιόἆ
1816 5484 2401 5586 _’f‘~Sv_i_-per1aliudest
2423 5516 2546 5586 nisls.
2594 5499 2638 5553 si
2671 5512 2767 5586 per
2821 5491 3192 5586 aliiquidnest‘“
3236 5484 3471 5586 ‘zzssi‘ne

536 5600 620 5646 est
646 5554 1531 5659 mil‘f‘éiclié’qﬁil"n'3ﬁ_§{.{i"e23‘75
1551 5554 1830 5659 “ullaer
1863 5554 2135 5659 intellecta
2164 5592 2288 5659 mss.
2325 5572 2409 5659 Vi.
2449 5569 2583 5622 Tim.
2614 5554 3226 5659 n.l.t'l|a.‘vel”i':llglnl?glll‘

361 5661 755 5730 produceretur
791 5677 916 5715 mss.
956 5650 1106 5714 'Thu.
1151 5656 1283 5713 Vict.
1327 5657 1393 5713 ad
1431 5669 1551 5711 esse
1580 5652 1987 5726 perduceretur'
2066 5650 2130 5682 ³³⁷

362 5743 452 5790 tur
480 5749 603 5788 mss.
637 5746 744 5805 quo
781 5732 976 5785 dicitur

2441 5658 2567 5696 mss.
2592 5638 2798 5709 adjuvit
2872 5633 2945 5666 ³³⁸
2985 5630 3160 5688 60!.2.
3189 5628 3254 5682 Α.
3287 5624 3442 5693 Quod
3487 5622 3629 5678 dici-
