  <div class='ocr_page' id='page_1' title='image "/cluster/home/n/w/nwhite01/storage/ocr_20150623/158/hvd.32044054760160/082.png"; bbox 0 0 3882 6050; ppageno 0'>
   <div class='ocr_carea' id='block_1_1' title="bbox 230 246 340 300">
    <p class='ocr_par' dir='ltr' id='par_1_1' title="bbox 230 246 340 300">
     <span class='ocr_line' id='line_1_1' title="bbox 230 246 340 300; baseline 0.018 -2"><span class='ocrx_word' id='word_1_1' title='bbox 230 246 340 300; x_wconf 72' lang='grc'><strong>155</strong></span> 
     </span>
    </p>
   </div>
   <div class='ocr_carea' id='block_1_2' title="bbox 1647 257 2114 318">
    <p class='ocr_par' dir='ltr' id='par_1_2' title="bbox 1647 257 2114 318">
     <span class='ocr_line' id='line_1_2' title="bbox 1647 257 2114 318; baseline 0.006 -4"><span class='ocrx_word' id='word_1_2' title='bbox 1647 257 2114 318; x_wconf 74' lang='lat' dir='ltr'><strong>MONOLOGllJ-M.</strong></span> 
     </span>
    </p>
   </div>
   <div class='ocr_carea' id='block_1_3' title="bbox 3399 275 3504 330">
    <p class='ocr_par' dir='ltr' id='par_1_3' title="bbox 3399 275 3504 330">
     <span class='ocr_line' id='line_1_3' title="bbox 3399 275 3504 330; baseline -0.01 0"><span class='ocrx_word' id='word_1_3' title='bbox 3399 275 3504 330; x_wconf 57' lang='grc'><strong>151</strong></span> 
     </span>
    </p>
   </div>
   <div class='ocr_carea' id='block_1_4' title="bbox 223 360 3500 445">
    <p class='ocr_par' dir='ltr' id='par_1_4' title="bbox 223 360 3500 445">
     <span class='ocr_line' id='line_1_4' title="bbox 223 360 3500 445; baseline 0.009 -32"><span class='ocrx_word' id='word_1_4' title='bbox 223 360 424 429; x_wconf 87' lang='lat' dir='ltr'><strong>seipsa.</strong></span> <span class='ocrx_word' id='word_1_5' title='bbox 451 361 912 428; x_wconf 82' lang='lat' dir='ltr'><strong>Quemadmodum</strong></span> <span class='ocrx_word' id='word_1_6' title='bbox 933 365 1078 420; x_wconf 90' lang='lat' dir='ltr'><strong>enim</strong></span> <span class='ocrx_word' id='word_1_7' title='bbox 1117 381 1236 422; x_wconf 89' lang='lat' dir='ltr'><strong>sese</strong></span> <span class='ocrx_word' id='word_1_8' title='bbox 1278 369 1564 428; x_wconf 87' lang='lat' dir='ltr'><strong>habentad</strong></span> <span class='ocrx_word' id='word_1_9' title='bbox 1587 373 1818 430; x_wconf 87' lang='lat' dir='ltr'><strong>invicem</strong></span> <span class='ocrx_word' id='word_1_10' title='bbox 1853 381 1896 437; x_wconf 79' lang='grc' dir='ltr'>Α</span> <span class='ocrx_word' id='word_1_11' title='bbox 1925 391 2086 445; x_wconf 85' lang='lat' dir='ltr'><strong>quam</strong></span> <span class='ocrx_word' id='word_1_12' title='bbox 2107 375 2240 442; x_wconf 79' lang='lat' dir='ltr'><strong>dixi,</strong></span> <span class='ocrx_word' id='word_1_13' title='bbox 2273 377 2561 434; x_wconf 67' lang='lat' dir='ltr'><strong>mundanae</strong></span> <span class='ocrx_word' id='word_1_14' title='bbox 2589 379 2746 436; x_wconf 90' lang='lat' dir='ltr'><strong>molis</strong></span> <span class='ocrx_word' id='word_1_15' title='bbox 2775 383 3000 436; x_wconf 78' lang='lat' dir='ltr'><strong>materia</strong></span> <span class='ocrx_word' id='word_1_16' title='bbox 3032 383 3123 438; x_wconf 84' lang='lat' dir='ltr'><strong>sit.</strong></span> <span class='ocrx_word' id='word_1_17' title='bbox 3157 381 3293 440; x_wconf 83' lang='lat' dir='ltr'><strong>Na‘m</strong></span> <span class='ocrx_word' id='word_1_18' title='bbox 3315 384 3360 440; x_wconf 91' lang='lat' dir='ltr'><strong>si</strong></span> <span class='ocrx_word' id='word_1_19' title='bbox 3398 387 3500 442; x_wconf 76' lang='lat' dir='ltr'><strong>lin--</strong></span> 
     </span>
    </p>
   </div>
   <div class='ocr_carea' id='block_1_5' title="bbox 221 449 1816 520">
    <p class='ocr_par' dir='ltr' id='par_1_5' title="bbox 221 449 1816 520">
     <span class='ocr_line' id='line_1_5' title="bbox 221 449 1816 520; baseline 0.011 -18"><span class='ocrx_word' id='word_1_20' title='bbox 221 449 342 516; x_wconf 81' lang='lat' dir='ltr'><strong>lux,</strong></span> <span class='ocrx_word' id='word_1_21' title='bbox 373 459 430 505; x_wconf 89' lang='lat' dir='ltr'><strong>et</strong></span> <span class='ocrx_word' id='word_1_22' title='bbox 455 451 657 516; x_wconf 88' lang='lat' dir='ltr'><strong>lucere,</strong></span> <span class='ocrx_word' id='word_1_23' title='bbox 681 462 736 506; x_wconf 90' lang='lat' dir='ltr'><strong>et</strong></span> <span class='ocrx_word' id='word_1_24' title='bbox 764 453 979 520; x_wconf 87' lang='lat' dir='ltr'><strong>lucens;</strong></span> <span class='ocrx_word' id='word_1_25' title='bbox 1007 456 1086 512; x_wconf 90' lang='lat' dir='ltr'><strong>sie</strong></span> <span class='ocrx_word' id='word_1_26' title='bbox 1115 467 1242 512; x_wconf 88' lang='lat' dir='ltr'><strong>sunt</strong></span> <span class='ocrx_word' id='word_1_27' title='bbox 1269 461 1340 514; x_wconf 86' lang='lat' dir='ltr'><strong>ad</strong></span> <span class='ocrx_word' id='word_1_28' title='bbox 1361 475 1421 516; x_wconf 91' lang='lat' dir='ltr'><strong>se</strong></span> <span class='ocrx_word' id='word_1_29' title='bbox 1468 462 1698 519; x_wconf 84' lang='lat' dir='ltr'><strong>invicem</strong></span> <span class='ocrx_word' id='word_1_30' title='bbox 1749 465 1816 498; x_wconf 79' lang='grc'><strong>¹²⁹</strong></span> 
     </span>
    </p>
   </div>
   <div class='ocr_carea' id='block_1_6' title="bbox 221 543 1818 616">
    <p class='ocr_par' dir='ltr' id='par_1_6' title="bbox 221 543 1818 616">
     <span class='ocr_line' id='line_1_6' title="bbox 221 543 1818 616; baseline 0.009 -20"><span class='ocrx_word' id='word_1_31' title='bbox 221 543 482 602; x_wconf 86' lang='lat' dir='ltr'><strong>essentia.</strong></span> <span class='ocrx_word' id='word_1_32' title='bbox 505 557 644 608; x_wconf 88' lang='lat' dir='ltr'><strong>esse,</strong></span> <span class='ocrx_word' id='word_1_33' title='bbox 670 553 726 599; x_wconf 89' lang='lat' dir='ltr'><strong>et</strong></span> <span class='ocrx_word' id='word_1_34' title='bbox 747 559 866 609; x_wconf 88' lang='lat' dir='ltr'><strong>ens,</strong></span> <span class='ocrx_word' id='word_1_35' title='bbox 899 547 1002 602; x_wconf 88' lang='lat' dir='ltr'><strong>hoc</strong></span> <span class='ocrx_word' id='word_1_36' title='bbox 1043 557 1126 602; x_wconf 89' lang='lat' dir='ltr'><strong>est</strong></span> <span class='ocrx_word' id='word_1_37' title='bbox 1171 551 1428 616; x_wconf 79' lang='lat' dir='ltr'><strong>existens,</strong></span> <span class='ocrx_word' id='word_1_38' title='bbox 1477 555 1592 610; x_wconf 83' lang='lat' dir='ltr'><strong>sive</strong></span> <span class='ocrx_word' id='word_1_39' title='bbox 1639 555 1818 610; x_wconf 88' lang='lat' dir='ltr'><strong>subsi-</strong></span> 
     </span>
    </p>
   </div>
   <div class='ocr_carea' id='block_1_7' title="bbox 223 634 1816 712">
    <p class='ocr_par' dir='ltr' id='par_1_7' title="bbox 223 634 1816 712">
     <span class='ocr_line' id='line_1_7' title="bbox 223 634 1816 712; baseline 0.011 -25"><span class='ocrx_word' id='word_1_40' title='bbox 223 643 396 688; x_wconf 88' lang='lat' dir='ltr'><strong>stens.</strong></span> <span class='ocrx_word' id='word_1_41' title='bbox 420 634 562 706; x_wconf 82' lang='lat' dir='ltr'><strong>Ergo</strong></span> <span class='ocrx_word' id='word_1_42' title='bbox 591 651 802 691; x_wconf 87' lang='lat' dir='ltr'><strong>summa</strong></span> <span class='ocrx_word' id='word_1_43' title='bbox 831 642 1088 706; x_wconf 89' lang='lat' dir='ltr'><strong>essentia,</strong></span> <span class='ocrx_word' id='word_1_44' title='bbox 1120 651 1176 696; x_wconf 88' lang='lat' dir='ltr'><strong>et</strong></span> <span class='ocrx_word' id='word_1_45' title='bbox 1203 658 1410 700; x_wconf 85' lang='lat' dir='ltr'><strong>summe</strong></span> <span class='ocrx_word' id='word_1_46' title='bbox 1431 661 1570 712; x_wconf 83' lang='lat' dir='ltr'><strong>esse,</strong></span> <span class='ocrx_word' id='word_1_47' title='bbox 1593 657 1647 702; x_wconf 90' lang='lat' dir='ltr'><strong>et</strong></span> <span class='ocrx_word' id='word_1_48' title='bbox 1669 663 1816 703; x_wconf 88' lang='lat' dir='ltr'><strong>sum-</strong></span> 
     </span>
    </p>
   </div>
   <div class='ocr_carea' id='block_1_8' title="bbox 225 729 1814 798">
    <p class='ocr_par' dir='ltr' id='par_1_8' title="bbox 225 729 1814 798">
     <span class='ocr_line' id='line_1_8' title="bbox 225 729 1814 798; baseline 0.009 -16"><span class='ocrx_word' id='word_1_49' title='bbox 225 743 314 782; x_wconf 89' lang='lat' dir='ltr'><strong>me</strong></span> <span class='ocrx_word' id='word_1_50' title='bbox 345 743 468 794; x_wconf 89' lang='lat' dir='ltr'><strong>ens,</strong></span> <span class='ocrx_word' id='word_1_51' title='bbox 504 729 556 782; x_wconf 88' lang='lat' dir='ltr'><strong>id</strong></span> <span class='ocrx_word' id='word_1_52' title='bbox 587 741 672 786; x_wconf 82' lang='lat' dir='ltr'><strong>est</strong></span> <span class='ocrx_word' id='word_1_53' title='bbox 701 745 912 786; x_wconf 90' lang='lat' dir='ltr'><strong>summe</strong></span> <span class='ocrx_word' id='word_1_54' title='bbox 939 733 1202 798; x_wconf 77' lang='lat' dir='ltr'><strong>existens,</strong></span> <span class='ocrx_word' id='word_1_55' title='bbox 1227 736 1340 792; x_wconf 83' lang='lat' dir='ltr'><strong>sive</strong></span> <span class='ocrx_word' id='word_1_56' title='bbox 1383 753 1595 794; x_wconf 90' lang='lat' dir='ltr'><strong>summe</strong></span> <span class='ocrx_word' id='word_1_57' title='bbox 1637 741 1814 796; x_wconf 79' lang='lat' dir='ltr'><strong>subsi-</strong></span> 
     </span>
    </p>
   </div>
   <div class='ocr_carea' id='block_1_9' title="bbox 225 821 1816 900">
    <p class='ocr_par' dir='ltr' id='par_1_9' title="bbox 225 821 1816 900">
     <span class='ocr_line' id='line_1_9' title="bbox 225 821 1816 900; baseline 0.009 -28"><span class='ocrx_word' id='word_1_58' title='bbox 225 829 376 874; x_wconf 89' lang='lat' dir='ltr'><strong>stens</strong></span> <span class='ocrx_word' id='word_1_59' title='bbox 403 835 512 874; x_wconf 89' lang='lat' dir='ltr'><strong>non</strong></span> <span class='ocrx_word' id='word_1_60' title='bbox 541 821 876 878; x_wconf 84' lang='lat' dir='ltr'><strong>dissimiliter</strong></span> <span class='ocrx_word' id='word_1_61' title='bbox 902 823 1004 879; x_wconf 88' lang='lat' dir='ltr'><strong>sibi</strong></span> <span class='ocrx_word' id='word_1_62' title='bbox 1031 825 1380 894; x_wconf 88' lang='lat' dir='ltr'><strong>convenient,</strong></span> <span class='ocrx_word' id='word_1_63' title='bbox 1423 845 1587 900; x_wconf 85' lang='lat' dir='ltr'><strong>quam</strong></span> <span class='ocrx_word' id='word_1_64' title='bbox 1615 831 1730 897; x_wconf 79' lang='lat' dir='ltr'><strong>lux,</strong></span> <span class='ocrx_word' id='word_1_65' title='bbox 1759 841 1816 888; x_wconf 88' lang='lat' dir='ltr'><strong>et</strong></span> 
     </span>
    </p>
   </div>
   <div class='ocr_carea' id='block_1_10' title="bbox 229 910 746 978">
    <p class='ocr_par' dir='ltr' id='par_1_10' title="bbox 229 910 746 978">
     <span class='ocr_line' id='line_1_10' title="bbox 229 910 746 978; baseline 0.004 -12"><span class='ocrx_word' id='word_1_66' title='bbox 229 910 434 978; x_wconf 90' lang='lat' dir='ltr'><strong>lucere,</strong></span> <span class='ocrx_word' id='word_1_67' title='bbox 457 922 513 968; x_wconf 90' lang='lat' dir='ltr'><strong>et</strong></span> <span class='ocrx_word' id='word_1_68' title='bbox 539 913 746 970; x_wconf 88' lang='lat' dir='ltr'><strong>lucens.</strong></span> 
     </span>
    </p>
   </div>
   <div class='ocr_carea' id='block_1_11' title="bbox 657 1017 1408 1105">
    <p class='ocr_par' dir='ltr' id='par_1_11' title="bbox 657 1017 1408 1105">
     <span class='ocr_line' id='line_1_11' title="bbox 657 1017 1408 1105; baseline 0.001 -20"><span class='ocrx_word' id='word_1_69' title='bbox 657 1027 884 1086; x_wconf 81' lang='lat' dir='ltr'><strong>CAPUT</strong></span> <span class='ocrx_word' id='word_1_70' title='bbox 923 1029 1013 1085; x_wconf 87' lang='lat' dir='ltr'><strong>vu</strong></span> <span class='ocrx_word' id='word_1_71' title='bbox 1051 1017 1408 1105; x_wconf 60' lang='lat' dir='ltr'><strong>[a1.,vnti°.</strong></span> 
     </span>
    </p>
   </div>
   <div class='ocr_carea' id='block_1_12' title="bbox 265 1119 1780 1194">
    <p class='ocr_par' dir='ltr' id='par_1_12' title="bbox 265 1119 1780 1194">
     <span class='ocr_line' id='line_1_12' title="bbox 265 1119 1780 1194; baseline 0.007 -21"><span class='ocrx_word' id='word_1_72' title='bbox 265 1119 544 1184; x_wconf 82' lang='lat' dir='ltr'><strong>Quomodo</strong></span> <span class='ocrx_word' id='word_1_73' title='bbox 570 1121 678 1177; x_wconf 82' lang='lat' dir='ltr'><strong>alia</strong></span> <span class='ocrx_word' id='word_1_74' title='bbox 709 1125 884 1178; x_wconf 82' lang='lat' dir='ltr'><strong>omnia</strong></span> <span class='ocrx_word' id='word_1_75' title='bbox 913 1125 1016 1179; x_wconf 79' lang='lat' dir='ltr'><strong>sint</strong></span> <span class='ocrx_word' id='word_1_76' title='bbox 1045 1141 1138 1194; x_wconf 86' lang='lat' dir='ltr'><strong>per</strong></span> <span class='ocrx_word' id='word_1_77' title='bbox 1158 1125 1329 1194; x_wconf 78' lang='lat' dir='ltr'><strong>illam,</strong></span> <span class='ocrx_word' id='word_1_78' title='bbox 1380 1135 1428 1181; x_wconf 77' lang='lat' dir='ltr'><strong>et</strong></span> <span class='ocrx_word' id='word_1_79' title='bbox 1452 1143 1516 1182; x_wconf 77' lang='lat' dir='ltr'><strong>ea:</strong></span> <span class='ocrx_word' id='word_1_80' title='bbox 1553 1127 1646 1183; x_wconf 82' lang='lat' dir='ltr'><strong>illa</strong></span> <span class='ocrx_word' id='word_1_81' title='bbox 1691 1130 1780 1184; x_wconf 60' lang='lat'><strong>1“.</strong></span> 
     </span>
    </p>
   </div>
   <div class='ocr_carea' id='block_1_13' title="bbox 229 1213 1812 1286">
    <p class='ocr_par' dir='ltr' id='par_1_13' title="bbox 229 1213 1812 1286">
     <span class='ocr_line' id='line_1_13' title="bbox 229 1213 1812 1286; baseline 0.006 -22"><span class='ocrx_word' id='word_1_82' title='bbox 229 1213 570 1286; x_wconf 67' lang='lat' dir='ltr'><strong>Crinsr-Ecrps</strong></span> <span class='ocrx_word' id='word_1_83' title='bbox 607 1213 1132 1269; x_wconf 65' lang='lat' dir='ltr'><strong>curris—Utrum</strong></span> <span class='ocrx_word' id='word_1_84' title='bbox 1173 1225 1366 1286; x_wconf 86' lang='lat' dir='ltr'><strong>cuncta</strong></span> <span class='ocrx_word' id='word_1_85' title='bbox 1398 1217 1506 1270; x_wconf 89' lang='lat' dir='ltr'><strong>sint</strong></span> <span class='ocrx_word' id='word_1_86' title='bbox 1541 1232 1637 1286; x_wconf 89' lang='lat' dir='ltr'><strong>per</strong></span> <span class='ocrx_word' id='word_1_87' title='bbox 1661 1233 1812 1273; x_wconf 91' lang='lat' dir='ltr'><strong>sum-</strong></span> 
     </span>
    </p>
   </div>
   <div class='ocr_carea' id='block_1_14' title="bbox 301 1283 1810 1352">
    <p class='ocr_par' dir='ltr' id='par_1_14' title="bbox 301 1283 1810 1352">
     <span class='ocr_line' id='line_1_14' title="bbox 301 1283 1810 1352; baseline 0.007 -18"><span class='ocrx_word' id='word_1_88' title='bbox 301 1299 444 1336; x_wconf 87' lang='lat' dir='ltr'><strong>mam</strong></span> <span class='ocrx_word' id='word_1_89' title='bbox 474 1283 618 1336; x_wconf 86' lang='lat' dir='ltr'><strong>illam</strong></span> <span class='ocrx_word' id='word_1_90' title='bbox 637 1295 911 1348; x_wconf 88' lang='lat' dir='ltr'><strong>naturam,</strong></span> <span class='ocrx_word' id='word_1_91' title='bbox 941 1293 1000 1337; x_wconf 88' lang='lat' dir='ltr'><strong>ut</strong></span> <span class='ocrx_word' id='word_1_92' title='bbox 1019 1299 1240 1339; x_wconf 85' lang='lat' dir='ltr'><strong>causam</strong></span> <span class='ocrx_word' id='word_1_93' title='bbox 1263 1283 1604 1352; x_wconf 81' lang='lat' dir='ltr'><strong>eﬂicieutem,</strong></span> <span class='ocrx_word' id='word_1_94' title='bbox 1633 1289 1715 1344; x_wconf 87' lang='lat' dir='ltr'><strong>vel</strong></span> <span class='ocrx_word' id='word_1_95' title='bbox 1747 1305 1810 1344; x_wconf 77' lang='lat' dir='ltr'><strong>ex</strong></span> 
     </span>
    </p>
   </div>
   <div class='ocr_carea' id='block_1_15' title="bbox 299 1353 1814 1425">
    <p class='ocr_par' dir='ltr' id='par_1_15' title="bbox 299 1353 1814 1425">
     <span class='ocr_line' id='line_1_15' title="bbox 299 1353 1814 1425; baseline 0.005 -19"><span class='ocrx_word' id='word_1_96' title='bbox 299 1353 410 1425; x_wconf 84' lang='lat' dir='ltr'><strong>illa,</strong></span> <span class='ocrx_word' id='word_1_97' title='bbox 443 1361 696 1421; x_wconf 87' lang='lat' dir='ltr'><strong>tanquam</strong></span> <span class='ocrx_word' id='word_1_98' title='bbox 720 1367 784 1406; x_wconf 84' lang='lat' dir='ltr'><strong>ex</strong></span> <span class='ocrx_word' id='word_1_99' title='bbox 809 1355 1056 1425; x_wconf 80' lang='lat' dir='ltr'><strong>materia,</strong></span> <span class='ocrx_word' id='word_1_100' title='bbox 1087 1357 1166 1410; x_wconf 89' lang='lat' dir='ltr'><strong>sic</strong></span> <span class='ocrx_word' id='word_1_101' title='bbox 1213 1357 1503 1425; x_wconf 86' lang='lat' dir='ltr'><strong>inquiritur</strong></span> <span class='ocrx_word' id='word_1_102' title='bbox 1530 1376 1542 1412; x_wconf 91' lang='lat'><strong>:</strong></span> <span class='ocrx_word' id='word_1_103' title='bbox 1573 1358 1814 1424; x_wconf 76' lang='lat' dir='ltr'><strong>Quatuor</strong></span> 
     </span>
    </p>
   </div>
   <div class='ocr_carea' id='block_1_16' title="bbox 299 1423 1812 1497">
    <p class='ocr_par' dir='ltr' id='par_1_16' title="bbox 299 1423 1812 1497">
     <span class='ocr_line' id='line_1_16' title="bbox 299 1423 1812 1497; baseline 0.005 -20"><span class='ocrx_word' id='word_1_104' title='bbox 299 1423 566 1497; x_wconf 67' lang='lat' dir='ltr'><strong>elementa</strong></span> <span class='ocrx_word' id='word_1_105' title='bbox 604 1425 720 1497; x_wconf 82' lang='lat' dir='ltr'><strong>sine</strong></span> <span class='ocrx_word' id='word_1_106' title='bbox 742 1425 854 1497; x_wconf 83' lang='lat' dir='ltr'><strong>suis</strong></span> <span class='ocrx_word' id='word_1_107' title='bbox 904 1423 1112 1497; x_wconf 71' lang='lat' dir='ltr'><strong>formis,</strong></span> <span class='ocrx_word' id='word_1_108' title='bbox 1161 1423 1301 1494; x_wconf 82' lang='lat' dir='ltr'><strong>quas</strong></span> <span class='ocrx_word' id='word_1_109' title='bbox 1346 1423 1706 1497; x_wconf 81' lang='lat' dir='ltr'><strong>conspicimus</strong></span> <span class='ocrx_word' id='word_1_110' title='bbox 1760 1431 1812 1484; x_wconf 89' lang='lat' dir='ltr'><strong>in</strong></span> 
     </span>
    </p>
   </div>
   <div class='ocr_carea' id='block_1_17' title="bbox 299 1493 1814 1564">
    <p class='ocr_par' dir='ltr' id='par_1_17' title="bbox 299 1493 1814 1564">
     <span class='ocr_line' id='line_1_17' title="bbox 299 1493 1814 1564; baseline 0.007 -19"><span class='ocrx_word' id='word_1_111' title='bbox 299 1493 461 1546; x_wconf 86' lang='lat' dir='ltr'><strong>rebus</strong></span> <span class='ocrx_word' id='word_1_112' title='bbox 495 1493 773 1564; x_wconf 69' lang='lat' dir='ltr'><strong>formatis,</strong></span> <span class='ocrx_word' id='word_1_113' title='bbox 823 1493 1043 1564; x_wconf 80' lang='lat' dir='ltr'><strong>intelligi</strong></span> <span class='ocrx_word' id='word_1_114' title='bbox 1093 1493 1339 1563; x_wconf 78' lang='lat' dir='ltr'><strong>poSsunt.</strong></span> <span class='ocrx_word' id='word_1_115' title='bbox 1397 1493 1522 1552; x_wconf 77' lang='lat' dir='ltr'><strong>llzec</strong></span> <span class='ocrx_word' id='word_1_116' title='bbox 1569 1497 1814 1555; x_wconf 90' lang='lat' dir='ltr'><strong>informis</strong></span> 
     </span>
    </p>
   </div>
   <div class='ocr_carea' id='block_1_18' title="bbox 297 1561 1814 1622">
    <p class='ocr_par' dir='ltr' id='par_1_18' title="bbox 297 1561 1814 1622">
     <span class='ocr_line' id='line_1_18' title="bbox 297 1561 1814 1622; baseline 0.005 -7"><span class='ocrx_word' id='word_1_117' title='bbox 297 1577 392 1615; x_wconf 90' lang='lat' dir='ltr'><strong>seu</strong></span> <span class='ocrx_word' id='word_1_118' title='bbox 420 1561 641 1617; x_wconf 89' lang='lat' dir='ltr'><strong>confusa</strong></span> <span class='ocrx_word' id='word_1_119' title='bbox 669 1579 858 1618; x_wconf 87' lang='lat' dir='ltr'><strong>eorum</strong></span> <span class='ocrx_word' id='word_1_120' title='bbox 888 1561 1246 1620; x_wconf 47' lang='lat' dir='ltr'><strong>natura&#39;unde</strong></span> <span class='ocrx_word' id='word_1_121' title='bbox 1287 1568 1404 1621; x_wconf 82' lang='lat' dir='ltr'><strong>est?</strong></span> <span class='ocrx_word' id='word_1_122' title='bbox 1428 1570 1478 1620; x_wconf 80' lang='grc'>1.</span> <span class='ocrx_word' id='word_1_123' title='bbox 1524 1567 1580 1622; x_wconf 89' lang='lat' dir='ltr'><strong>Si</strong></span> <span class='ocrx_word' id='word_1_124' title='bbox 1609 1583 1674 1622; x_wconf 85' lang='lat' dir='ltr'><strong>ex</strong></span> <span class='ocrx_word' id='word_1_125' title='bbox 1717 1570 1814 1622; x_wconf 89' lang='lat' dir='ltr'><strong>ali-</strong></span> 
     </span>
    </p>
   </div>
   <div class='ocr_carea' id='block_1_19' title="bbox 295 1634 1810 1700">
    <p class='ocr_par' dir='ltr' id='par_1_19' title="bbox 295 1634 1810 1700">
     <span class='ocr_line' id='line_1_19' title="bbox 295 1634 1810 1700; baseline 0.008 -18"><span class='ocrx_word' id='word_1_126' title='bbox 295 1647 400 1700; x_wconf 84' lang='lat' dir='ltr'><strong>qua</strong></span> <span class='ocrx_word' id='word_1_127' title='bbox 425 1634 649 1686; x_wconf 86' lang='lat' dir='ltr'><strong>materia</strong></span> <span class='ocrx_word' id='word_1_128' title='bbox 680 1643 786 1698; x_wconf 90' lang='lat' dir='ltr'><strong>est,</strong></span> <span class='ocrx_word' id='word_1_129' title='bbox 845 1634 924 1686; x_wconf 87' lang='lat' dir='ltr'><strong>vel</strong></span> <span class='ocrx_word' id='word_1_130' title='bbox 949 1643 1031 1688; x_wconf 89' lang='lat' dir='ltr'><strong>est</strong></span> <span class='ocrx_word' id='word_1_131' title='bbox 1069 1635 1368 1690; x_wconf 63' lang='lat' dir='ltr'><strong>etsumma</strong></span> <span class='ocrx_word' id='word_1_132' title='bbox 1399 1645 1606 1694; x_wconf 83' lang='lat' dir='ltr'><strong>natura.</strong></span> <span class='ocrx_word' id='word_1_133' title='bbox 1634 1639 1716 1694; x_wconf 91' lang='lat' dir='ltr'><strong>vel</strong></span> <span class='ocrx_word' id='word_1_134' title='bbox 1744 1655 1810 1694; x_wconf 79' lang='lat' dir='ltr'><strong>ex</strong></span> 
     </span>
    </p>
   </div>
   <div class='ocr_carea' id='block_1_20' title="bbox 297 1702 1886 1778">
    <p class='ocr_par' dir='ltr' id='par_1_20' title="bbox 297 1702 1886 1778">
     <span class='ocr_line' id='line_1_20' title="bbox 297 1702 1886 1778; baseline 0.008 -26"><span class='ocrx_word' id='word_1_135' title='bbox 297 1702 498 1778; x_wconf 81' lang='lat' dir='ltr'><strong>seipsa,</strong></span> <span class='ocrx_word' id='word_1_136' title='bbox 525 1703 608 1755; x_wconf 78' lang='lat' dir='ltr'><strong>Vt&#39;l</strong></span> <span class='ocrx_word' id='word_1_137' title='bbox 633 1719 700 1758; x_wconf 80' lang='lat' dir='ltr'><strong>ex</strong></span> <span class='ocrx_word' id='word_1_138' title='bbox 727 1705 902 1778; x_wconf 87' lang='lat' dir='ltr'><strong>aliqua</strong></span> <span class='ocrx_word' id='word_1_139' title='bbox 933 1705 1092 1778; x_wconf 78' lang='lat' dir='ltr'><strong>tertia</strong></span> <span class='ocrx_word' id='word_1_140' title='bbox 1120 1705 1374 1772; x_wconf 83' lang='lat' dir='ltr'><strong>essentia,</strong></span> <span class='ocrx_word' id='word_1_141' title='bbox 1398 1723 1520 1778; x_wconf 66' lang='lat' dir='ltr'><strong>qua:</strong></span> <span class='ocrx_word' id='word_1_142' title='bbox 1546 1707 1684 1761; x_wconf 87' lang='lat' dir='ltr'><strong>nulla</strong></span> <span class='ocrx_word' id='word_1_143' title='bbox 1709 1719 1810 1764; x_wconf 89' lang='lat' dir='ltr'><strong>est.</strong></span> <span class='ocrx_word' id='word_1_144' title='bbox 1843 1718 1886 1778; x_wconf 82' lang='grc' dir='ltr'>Β</span> 
     </span>
    </p>
   </div>
   <div class='ocr_carea' id='block_1_21' title="bbox 297 1771 1812 1845">
    <p class='ocr_par' dir='ltr' id='par_1_21' title="bbox 297 1771 1812 1845">
     <span class='ocr_line' id='line_1_21' title="bbox 297 1771 1812 1845; baseline 0.005 -20"><span class='ocrx_word' id='word_1_145' title='bbox 297 1771 412 1826; x_wconf 77' lang='lat' dir='ltr'><strong>Non</strong></span> <span class='ocrx_word' id='word_1_146' title='bbox 437 1787 502 1824; x_wconf 80' lang='lat' dir='ltr'><strong>ex</strong></span> <span class='ocrx_word' id='word_1_147' title='bbox 533 1788 618 1837; x_wconf 88' lang='lat' dir='ltr'><strong>se;</strong></span> <span class='ocrx_word' id='word_1_148' title='bbox 647 1785 758 1845; x_wconf 86' lang='lat' dir='ltr'><strong>tum</strong></span> <span class='ocrx_word' id='word_1_149' title='bbox 783 1771 906 1844; x_wconf 78' lang='lat' dir='ltr'><strong>quia</strong></span> <span class='ocrx_word' id='word_1_150' title='bbox 939 1774 1053 1845; x_wconf 76' lang='lat' dir='ltr'><strong>inec</strong></span> <span class='ocrx_word' id='word_1_151' title='bbox 1091 1790 1195 1829; x_wconf 89' lang='lat' dir='ltr'><strong>non</strong></span> <span class='ocrx_word' id='word_1_152' title='bbox 1223 1791 1320 1844; x_wconf 90' lang='lat' dir='ltr'><strong>per</strong></span> <span class='ocrx_word' id='word_1_153' title='bbox 1345 1771 1524 1832; x_wconf 55' lang='lat' dir='ltr'><strong>se&#39;sed</strong></span> <span class='ocrx_word' id='word_1_154' title='bbox 1549 1791 1644 1845; x_wconf 87' lang='lat' dir='ltr'><strong>per</strong></span> <span class='ocrx_word' id='word_1_155' title='bbox 1669 1779 1812 1834; x_wconf 84' lang='lat' dir='ltr'><strong>aliud</strong></span> 
     </span>
    </p>
   </div>
   <div class='ocr_carea' id='block_1_22' title="bbox 295 1844 1814 1928">
    <p class='ocr_par' dir='ltr' id='par_1_22' title="bbox 295 1844 1814 1928">
     <span class='ocr_line' id='line_1_22' title="bbox 295 1844 1814 1928; baseline 0.005 -31"><span class='ocrx_word' id='word_1_156' title='bbox 295 1851 399 1928; x_wconf 77' lang='lat' dir='ltr'><strong>est,</strong></span> <span class='ocrx_word' id='word_1_157' title='bbox 436 1851 549 1928; x_wconf 83' lang='lat' dir='ltr'><strong>tum</strong></span> <span class='ocrx_word' id='word_1_158' title='bbox 581 1844 708 1928; x_wconf 59' lang='lat' dir='ltr'><strong>quia</strong></span> <span class='ocrx_word' id='word_1_159' title='bbox 733 1859 854 1898; x_wconf 92' lang='lat' dir='ltr'><strong>cum</strong></span> <span class='ocrx_word' id='word_1_160' title='bbox 883 1844 1012 1926; x_wconf 78' lang='lat' dir='ltr'><strong>nihil</strong></span> <span class='ocrx_word' id='word_1_161' title='bbox 1042 1845 1112 1899; x_wconf 90' lang='lat' dir='ltr'><strong>sit</strong></span> <span class='ocrx_word' id='word_1_162' title='bbox 1133 1846 1402 1915; x_wconf 85' lang='lat' dir='ltr'><strong>posterius</strong></span> <span class='ocrx_word' id='word_1_163' title='bbox 1450 1844 1646 1928; x_wconf 87' lang='lat' dir='ltr'><strong>seipso,</strong></span> <span class='ocrx_word' id='word_1_164' title='bbox 1679 1849 1814 1904; x_wconf 87' lang='lat' dir='ltr'><strong>nihil</strong></span> 
     </span>
    </p>
   </div>
   <div class='ocr_carea' id='block_1_23' title="bbox 297 1913 1812 1983">
    <p class='ocr_par' dir='ltr' id='par_1_23' title="bbox 297 1913 1812 1983">
     <span class='ocr_line' id='line_1_23' title="bbox 297 1913 1812 1983; baseline 0.004 -16"><span class='ocrx_word' id='word_1_165' title='bbox 297 1922 380 1967; x_wconf 86' lang='lat' dir='ltr'><strong>est</strong></span> <span class='ocrx_word' id='word_1_166' title='bbox 411 1913 766 1969; x_wconf 88' lang='lat' dir='ltr'><strong>materialiter</strong></span> <span class='ocrx_word' id='word_1_167' title='bbox 787 1930 855 1968; x_wconf 83' lang='lat' dir='ltr'><strong>ex</strong></span> <span class='ocrx_word' id='word_1_168' title='bbox 883 1914 1060 1983; x_wconf 91' lang='lat' dir='ltr'><strong>seipso</strong></span> <span class='ocrx_word' id='word_1_169' title='bbox 1085 1933 1098 1969; x_wconf 88' lang='lat'><strong>:</strong></span> <span class='ocrx_word' id='word_1_170' title='bbox 1129 1913 1233 1970; x_wconf 84' lang='lat' dir='ltr'><strong>non</strong></span> <span class='ocrx_word' id='word_1_171' title='bbox 1257 1931 1322 1970; x_wconf 81' lang='lat' dir='ltr'><strong>ex</strong></span> <span class='ocrx_word' id='word_1_172' title='bbox 1353 1913 1575 1972; x_wconf 84' lang='lat' dir='ltr'><strong>materia</strong></span> <span class='ocrx_word' id='word_1_173' title='bbox 1600 1913 1812 1973; x_wconf 85' lang='lat' dir='ltr'><strong>suunna</strong></span> 
     </span>
    </p>
   </div>
   <div class='ocr_carea' id='block_1_24' title="bbox 299 1983 1807 2056">
    <p class='ocr_par' dir='ltr' id='par_1_24' title="bbox 299 1983 1807 2056">
     <span class='ocr_line' id='line_1_24' title="bbox 299 1983 1807 2056; baseline 0.003 -20"><span class='ocrx_word' id='word_1_174' title='bbox 299 1983 798 2056; x_wconf 67' lang='lat' dir='ltr'><strong>naturae;_alioquiu</strong></span> <span class='ocrx_word' id='word_1_175' title='bbox 822 2000 890 2038; x_wconf 86' lang='lat' dir='ltr'><strong>ex</strong></span> <span class='ocrx_word' id='word_1_176' title='bbox 919 1984 1030 2053; x_wconf 89' lang='lat' dir='ltr'><strong>ipsa</strong></span> <span class='ocrx_word' id='word_1_177' title='bbox 1060 1984 1260 2054; x_wconf 89' lang='lat' dir='ltr'><strong>aliquid</strong></span> <span class='ocrx_word' id='word_1_178' title='bbox 1291 1987 1470 2042; x_wconf 88' lang='lat' dir='ltr'><strong>minus</strong></span> <span class='ocrx_word' id='word_1_179' title='bbox 1497 1989 1606 2056; x_wconf 88' lang='lat' dir='ltr'><strong>ipsa</strong></span> <span class='ocrx_word' id='word_1_180' title='bbox 1635 1987 1807 2052; x_wconf 77' lang='lat' dir='ltr'><strong>fieret,</strong></span> 
     </span>
    </p>
   </div>
   <div class='ocr_carea' id='block_1_25' title="bbox 298 2053 1812 2128">
    <p class='ocr_par' dir='ltr' id='par_1_25' title="bbox 298 2053 1812 2128">
     <span class='ocr_line' id='line_1_25' title="bbox 298 2053 1812 2128; baseline 0.005 -22"><span class='ocrx_word' id='word_1_181' title='bbox 298 2064 348 2106; x_wconf 86' lang='lat' dir='ltr'><strong>et</strong></span> <span class='ocrx_word' id='word_1_182' title='bbox 373 2053 742 2128; x_wconf 73' lang='lat' dir='ltr'><strong>proindeipsa</strong></span> <span class='ocrx_word' id='word_1_183' title='bbox 773 2063 1074 2128; x_wconf 72' lang='lat' dir='ltr'><strong>mutaretur</strong></span> <span class='ocrx_word' id='word_1_184' title='bbox 1101 2053 1165 2128; x_wconf 71' lang='lat' dir='ltr'><strong>et</strong></span> <span class='ocrx_word' id='word_1_185' title='bbox 1179 2053 1614 2126; x_wconf 82' lang='lat' dir='ltr'><strong>corrumperetur</strong></span> <span class='ocrx_word' id='word_1_186' title='bbox 1639 2059 1812 2128; x_wconf 85' lang='lat' dir='ltr'><strong>:quod</strong></span> 
     </span>
    </p>
   </div>
   <div class='ocr_carea' id='block_1_26' title="bbox 299 2123 1810 2198">
    <p class='ocr_par' dir='ltr' id='par_1_26' title="bbox 299 2123 1810 2198">
     <span class='ocr_line' id='line_1_26' title="bbox 299 2123 1810 2198; baseline 0.005 -22"><span class='ocrx_word' id='word_1_187' title='bbox 299 2123 452 2177; x_wconf 82' lang='lat' dir='ltr'><strong>nefas</strong></span> <span class='ocrx_word' id='word_1_188' title='bbox 467 2123 769 2198; x_wconf 80' lang='lat' dir='ltr'><strong>estdicere.</strong></span> <span class='ocrx_word' id='word_1_189' title='bbox 793 2125 859 2198; x_wconf 72' lang='lat'><strong>2._</strong></span> <span class='ocrx_word' id='word_1_190' title='bbox 880 2125 996 2178; x_wconf 71' lang='lat' dir='ltr'><strong>Non</strong></span> <span class='ocrx_word' id='word_1_191' title='bbox 1027 2136 1108 2180; x_wconf 88' lang='lat' dir='ltr'><strong>est</strong></span> <span class='ocrx_word' id='word_1_192' title='bbox 1138 2126 1358 2198; x_wconf 88' lang='lat' dir='ltr'><strong>bonum,</strong></span> <span class='ocrx_word' id='word_1_193' title='bbox 1398 2123 1495 2196; x_wconf 82' lang='lat' dir='ltr'><strong>per</strong></span> <span class='ocrx_word' id='word_1_194' title='bbox 1517 2129 1662 2198; x_wconf 87' lang='lat' dir='ltr'><strong>quod</strong></span> <span class='ocrx_word' id='word_1_195' title='bbox 1689 2123 1810 2183; x_wconf 80' lang='lat' dir='ltr'><strong>iml-</strong></span> 
     </span>
    </p>
   </div>
   <div class='ocr_carea' id='block_1_27' title="bbox 303 2194 1812 2269">
    <p class='ocr_par' dir='ltr' id='par_1_27' title="bbox 303 2194 1812 2269">
     <span class='ocr_line' id='line_1_27' title="bbox 303 2194 1812 2269; baseline 0.004 -22"><span class='ocrx_word' id='word_1_196' title='bbox 303 2203 450 2269; x_wconf 77' lang='lat' dir='ltr'><strong>tatur</strong></span> <span class='ocrx_word' id='word_1_197' title='bbox 481 2194 565 2247; x_wconf 88' lang='lat' dir='ltr'><strong>vel</strong></span> <span class='ocrx_word' id='word_1_198' title='bbox 587 2196 956 2262; x_wconf 84' lang='lat' dir='ltr'><strong>corrumpitur</strong></span> <span class='ocrx_word' id='word_1_199' title='bbox 977 2209 1246 2269; x_wconf 86' lang='lat' dir='ltr'><strong>summum</strong></span> <span class='ocrx_word' id='word_1_200' title='bbox 1291 2194 1510 2269; x_wconf 76' lang='lat' dir='ltr'><strong>bonum.</strong></span> <span class='ocrx_word' id='word_1_201' title='bbox 1536 2194 1630 2252; x_wconf 53' lang='lat' dir='ltr'><strong>&#39;At</strong></span> <span class='ocrx_word' id='word_1_202' title='bbox 1655 2200 1812 2269; x_wconf 87' lang='lat' dir='ltr'><strong>quid-</strong></span> 
     </span>
    </p>
   </div>
   <div class='ocr_carea' id='block_1_28' title="bbox 307 2264 1810 2338">
    <p class='ocr_par' dir='ltr' id='par_1_28' title="bbox 307 2264 1810 2338">
     <span class='ocr_line' id='line_1_28' title="bbox 307 2264 1810 2338; baseline 0.002 -20"><span class='ocrx_word' id='word_1_203' title='bbox 307 2264 436 2332; x_wconf 86' lang='lat' dir='ltr'><strong>quid</strong></span> <span class='ocrx_word' id='word_1_204' title='bbox 465 2273 570 2326; x_wconf 86' lang='lat' dir='ltr'><strong>est,</strong></span> <span class='ocrx_word' id='word_1_205' title='bbox 595 2277 695 2338; x_wconf 76' lang='lat' dir='ltr'><strong>per</strong></span> <span class='ocrx_word' id='word_1_206' title='bbox 719 2279 986 2338; x_wconf 82' lang='lat' dir='ltr'><strong>summam</strong></span> <span class='ocrx_word' id='word_1_207' title='bbox 1011 2267 1300 2338; x_wconf 86' lang='lat' dir='ltr'><strong>essentiam</strong></span> <span class='ocrx_word' id='word_1_208' title='bbox 1326 2276 1428 2320; x_wconf 84' lang='lat' dir='ltr'><strong>est.</strong></span> <span class='ocrx_word' id='word_1_209' title='bbox 1455 2268 1599 2338; x_wconf 77' lang='lat' dir='ltr'><strong>Ergo</strong></span> <span class='ocrx_word' id='word_1_210' title='bbox 1626 2264 1810 2338; x_wconf 63' lang='lat' dir='ltr'><strong>si&#39;quid</strong></span> 
     </span>
    </p>
   </div>
   <div class='ocr_carea' id='block_1_29' title="bbox 298 2334 1810 2399">
    <p class='ocr_par' dir='ltr' id='par_1_29' title="bbox 298 2334 1810 2399">
     <span class='ocr_line' id='line_1_29' title="bbox 298 2334 1810 2399; baseline 0.003 -12"><span class='ocrx_word' id='word_1_211' title='bbox 298 2346 374 2388; x_wconf 90' lang='lat' dir='ltr'><strong>est</strong></span> <span class='ocrx_word' id='word_1_212' title='bbox 411 2349 476 2386; x_wconf 77' lang='lat' dir='ltr'><strong>ex</strong></span> <span class='ocrx_word' id='word_1_213' title='bbox 503 2336 698 2388; x_wconf 89' lang='lat' dir='ltr'><strong>summi</strong></span> <span class='ocrx_word' id='word_1_214' title='bbox 745 2334 868 2388; x_wconf 89' lang='lat' dir='ltr'><strong>boui</strong></span> <span class='ocrx_word' id='word_1_215' title='bbox 924 2337 1167 2399; x_wconf 85' lang='lat' dir='ltr'><strong>materia,</strong></span> <span class='ocrx_word' id='word_1_216' title='bbox 1206 2351 1469 2390; x_wconf 88' lang='lat' dir='ltr'><strong>summam</strong></span> <span class='ocrx_word' id='word_1_217' title='bbox 1521 2334 1810 2394; x_wconf 74' lang='lat' dir='ltr'><strong>essentiam</strong></span> 
     </span>
    </p>
   </div>
   <div class='ocr_carea' id='block_1_30' title="bbox 302 2405 1808 2471">
    <p class='ocr_par' dir='ltr' id='par_1_30' title="bbox 302 2405 1808 2471">
     <span class='ocr_line' id='line_1_30' title="bbox 302 2405 1808 2471; baseline 0.003 -14"><span class='ocrx_word' id='word_1_218' title='bbox 302 2405 674 2471; x_wconf 84' lang='lat' dir='ltr'><strong>corrumpimr</strong></span> <span class='ocrx_word' id='word_1_219' title='bbox 703 2411 756 2458; x_wconf 91' lang='lat' dir='ltr'><strong>et</strong></span> <span class='ocrx_word' id='word_1_220' title='bbox 779 2413 1021 2458; x_wconf 84' lang='lat' dir='ltr'><strong>mutatur</strong></span> <span class='ocrx_word' id='word_1_221' title='bbox 1055 2421 1322 2460; x_wconf 90' lang='lat' dir='ltr'><strong>summum</strong></span> <span class='ocrx_word' id='word_1_222' title='bbox 1355 2406 1574 2462; x_wconf 90' lang='lat' dir='ltr'><strong>bonum.</strong></span> <span class='ocrx_word' id='word_1_223' title='bbox 1638 2409 1703 2462; x_wconf 90' lang='lat' dir='ltr'><strong>Et</strong></span> <span class='ocrx_word' id='word_1_224' title='bbox 1735 2410 1808 2462; x_wconf 90' lang='lat' dir='ltr'><strong>ita</strong></span> 
     </span>
    </p>
   </div>
   <div class='ocr_carea' id='block_1_31' title="bbox 299 2474 1814 2548">
    <p class='ocr_par' dir='ltr' id='par_1_31' title="bbox 299 2474 1814 2548">
     <span class='ocr_line' id='line_1_31' title="bbox 299 2474 1814 2548; baseline 0.003 -20"><span class='ocrx_word' id='word_1_225' title='bbox 299 2489 584 2548; x_wconf 81' lang='lat' dir='ltr'><strong>smnmum</strong></span> <span class='ocrx_word' id='word_1_226' title='bbox 603 2475 827 2548; x_wconf 54' lang='lat' dir='ltr'><strong>bonurn,</strong></span> <span class='ocrx_word' id='word_1_227' title='bbox 855 2474 1162 2548; x_wconf 78' lang='lat' dir='ltr'><strong>nullatenus</strong></span> <span class='ocrx_word' id='word_1_228' title='bbox 1183 2486 1266 2531; x_wconf 88' lang='lat' dir='ltr'><strong>est</strong></span> <span class='ocrx_word' id='word_1_229' title='bbox 1289 2477 1490 2532; x_wconf 89' lang='lat' dir='ltr'><strong>bonum</strong></span> <span class='ocrx_word' id='word_1_230' title='bbox 1515 2492 1532 2530; x_wconf 90' lang='lat'><strong>:</strong></span> <span class='ocrx_word' id='word_1_231' title='bbox 1560 2481 1702 2548; x_wconf 90' lang='lat' dir='ltr'><strong>quod</strong></span> <span class='ocrx_word' id='word_1_232' title='bbox 1729 2487 1814 2534; x_wconf 84' lang='grc' dir='ltr'><strong>εει</strong></span> 
     </span>
    </p>
   </div>
   <div class='ocr_carea' id='block_1_32' title="bbox 299 2544 1814 2614">
    <p class='ocr_par' dir='ltr' id='par_1_32' title="bbox 299 2544 1814 2614">
     <span class='ocr_line' id='line_1_32' title="bbox 299 2544 1814 2614; baseline 0.003 -16"><span class='ocrx_word' id='word_1_233' title='bbox 299 2544 709 2598; x_wconf 85' lang='lat' dir='ltr'><strong>inconveniens.</strong></span> <span class='ocrx_word' id='word_1_234' title='bbox 737 2544 878 2614; x_wconf 80' lang='lat' dir='ltr'><strong>Ergo</strong></span> <span class='ocrx_word' id='word_1_235' title='bbox 907 2544 1051 2598; x_wconf 88' lang='lat' dir='ltr'><strong>nulla</strong></span> <span class='ocrx_word' id='word_1_236' title='bbox 1079 2547 1256 2610; x_wconf 83' lang='lat' dir='ltr'><strong>minor</strong></span> <span class='ocrx_word' id='word_1_237' title='bbox 1287 2556 1478 2600; x_wconf 86' lang='lat' dir='ltr'><strong>natura</strong></span> <span class='ocrx_word' id='word_1_238' title='bbox 1527 2544 1612 2603; x_wconf 84' lang='grc' dir='ltr'><strong>εεί</strong></span> <span class='ocrx_word' id='word_1_239' title='bbox 1641 2559 1814 2602; x_wconf 90' lang='lat' dir='ltr'><strong>matc-</strong></span> 
     </span>
    </p>
   </div>
   <div class='ocr_carea' id='block_1_33' title="bbox 298 2615 1814 2686">
    <p class='ocr_par' dir='ltr' id='par_1_33' title="bbox 298 2615 1814 2686">
     <span class='ocr_line' id='line_1_33' title="bbox 298 2615 1814 2686; baseline 0.001 -16"><span class='ocrx_word' id='word_1_240' title='bbox 298 2615 508 2686; x_wconf 87' lang='lat' dir='ltr'><strong>rialiter</strong></span> <span class='ocrx_word' id='word_1_241' title='bbox 539 2629 604 2667; x_wconf 82' lang='lat' dir='ltr'><strong>ex</strong></span> <span class='ocrx_word' id='word_1_242' title='bbox 637 2627 844 2686; x_wconf 77' lang='lat' dir='ltr'><strong>summa</strong></span> <span class='ocrx_word' id='word_1_243' title='bbox 875 2625 1089 2686; x_wconf 83' lang='lat' dir='ltr'><strong>natura.</strong></span> <span class='ocrx_word' id='word_1_244' title='bbox 1127 2615 1269 2686; x_wconf 81' lang='lat' dir='ltr'><strong>Ergo</strong></span> <span class='ocrx_word' id='word_1_245' title='bbox 1311 2617 1698 2672; x_wconf 88' lang='lat' dir='ltr'><strong>elementorum</strong></span> <span class='ocrx_word' id='word_1_246' title='bbox 1727 2633 1814 2672; x_wconf 86' lang='lat' dir='ltr'><strong>es-</strong></span> 
     </span>
    </p>
   </div>
   <div class='ocr_carea' id='block_1_34' title="bbox 297 2683 1809 2756">
    <p class='ocr_par' dir='ltr' id='par_1_34' title="bbox 297 2683 1809 2756">
     <span class='ocr_line' id='line_1_34' title="bbox 297 2683 1809 2756; baseline 0.001 -16"><span class='ocrx_word' id='word_1_247' title='bbox 297 2685 470 2740; x_wconf 89' lang='lat' dir='ltr'><strong>sentia</strong></span> <span class='ocrx_word' id='word_1_248' title='bbox 499 2698 566 2738; x_wconf 85' lang='lat' dir='ltr'><strong>ex</strong></span> <span class='ocrx_word' id='word_1_249' title='bbox 594 2683 740 2737; x_wconf 88' lang='lat' dir='ltr'><strong>nulla</strong></span> <span class='ocrx_word' id='word_1_250' title='bbox 770 2684 994 2756; x_wconf 85' lang='lat' dir='ltr'><strong>materia</strong></span> <span class='ocrx_word' id='word_1_251' title='bbox 1017 2693 1119 2756; x_wconf 88' lang='lat' dir='ltr'><strong>est.</strong></span> <span class='ocrx_word' id='word_1_252' title='bbox 1177 2683 1320 2756; x_wconf 80' lang='lat' dir='ltr'><strong>Ergo</strong></span> <span class='ocrx_word' id='word_1_253' title='bbox 1345 2703 1553 2742; x_wconf 82' lang='lat' dir='ltr'><strong>summa</strong></span> <span class='ocrx_word' id='word_1_254' title='bbox 1577 2690 1809 2743; x_wconf 90' lang='lat' dir='ltr'><strong>essentia</strong></span> 
     </span>
    </p>
   </div>
   <div class='ocr_carea' id='block_1_35' title="bbox 297 2755 1812 2878">
    <p class='ocr_par' dir='ltr' id='par_1_35' title="bbox 297 2755 1812 2878">
     <span class='ocr_line' id='line_1_35' title="bbox 297 2755 1812 2878; baseline 0.003 -71"><span class='ocrx_word' id='word_1_255' title='bbox 297 2763 720 2878; x_wconf 54' lang='lat' dir='ltr'><strong>tantainlrerum</strong></span> <span class='ocrx_word' id='word_1_256' title='bbox 753 2755 948 2810; x_wconf 89' lang='lat' dir='ltr'><strong>molem</strong></span> <span class='ocrx_word' id='word_1_257' title='bbox 972 2755 1086 2810; x_wconf 88' lang='lat' dir='ltr'><strong>sola</strong></span> <span class='ocrx_word' id='word_1_258' title='bbox 1134 2769 1232 2826; x_wconf 87' lang='lat' dir='ltr'><strong>per</strong></span> <span class='ocrx_word' id='word_1_259' title='bbox 1262 2755 1510 2828; x_wconf 36' lang='lat' dir='ltr'><strong>’seipsam</strong></span> <span class='ocrx_word' id='word_1_260' title='bbox 1556 2759 1812 2828; x_wconf 79' lang='lat' dir='ltr'><strong>produxit</strong></span> 
     </span>
     <span class='ocr_line' id='line_1_36' title="bbox 297 2837 584 2878; baseline -0.007 0"><span class='ocrx_word' id='word_1_261' title='bbox 297 2837 362 2878; x_wconf 77' lang='lat' dir='ltr'><strong>ex</strong></span> <span class='ocrx_word' id='word_1_262' title='bbox 391 2841 448 2878; x_wconf 81' lang='grc' dir='ltr'><strong>ιιι</strong></span> <span class='ocrx_word' id='word_1_263' title='bbox 471 2840 506 2878; x_wconf 88' lang='grc' dir='ltr'><strong>ιι</strong></span> <span class='ocrx_word' id='word_1_264' title='bbox 529 2839 584 2878; x_wconf 91' lang='lat' dir='ltr'><strong>o.</strong></span> 
     </span>
    </p>
   </div>
   <div class='ocr_carea' id='block_1_36' title="bbox 295 2837 584 2880">
    <p class='ocr_par' dir='ltr' id='par_1_36' title="bbox 295 2837 584 2880">
     <span class='ocr_line' id='line_1_37' title="bbox 295 2837 584 2880; baseline -0.014 0"><span class='ocrx_word' id='word_1_265' title='bbox 295 2837 362 2880; x_wconf 79' lang='lat' dir='ltr'><strong>ex</strong></span> <span class='ocrx_word' id='word_1_266' title='bbox 391 2837 584 2878; x_wconf 79' lang='grc'><strong>11111110.</strong></span> 
     </span>
    </p>
   </div>
   <div class='ocr_carea' id='block_1_37' title="bbox 295 2935 1811 3008">
    <p class='ocr_par' dir='ltr' id='par_1_37' title="bbox 295 2935 1811 3008">
     <span class='ocr_line' id='line_1_38' title="bbox 295 2935 1811 3008; baseline 0.003 -19"><span class='ocrx_word' id='word_1_267' title='bbox 295 2935 490 2990; x_wconf 82' lang='lat' dir='ltr'><strong>Restat</strong></span> <span class='ocrx_word' id='word_1_268' title='bbox 521 2949 666 2990; x_wconf 89' lang='lat' dir='ltr'><strong>nunc</strong></span> <span class='ocrx_word' id='word_1_269' title='bbox 695 2935 761 2990; x_wconf 86' lang='lat' dir='ltr'><strong>de</strong></span> <span class='ocrx_word' id='word_1_270' title='bbox 789 2949 970 2990; x_wconf 88' lang='lat' dir='ltr'><strong>rerum</strong></span> <span class='ocrx_word' id='word_1_271' title='bbox 1021 2949 1210 2990; x_wconf 89' lang='lat' dir='ltr'><strong>earum</strong></span> <span class='ocrx_word' id='word_1_272' title='bbox 1253 2938 1638 3002; x_wconf 78' lang='lat' dir='ltr'><strong>universitate,</strong></span> <span class='ocrx_word' id='word_1_273' title='bbox 1689 2953 1811 3008; x_wconf 65' lang='lat' dir='ltr'><strong>quae</strong></span> 
     </span>
    </p>
   </div>
   <div class='ocr_carea' id='block_1_38' title="bbox 231 3023 1882 3126">
    <p class='ocr_par' dir='ltr' id='par_1_38' title="bbox 231 3023 1882 3126">
     <span class='ocr_line' id='line_1_39' title="bbox 231 3023 1882 3126; baseline 0.002 -48"><span class='ocrx_word' id='word_1_274' title='bbox 231 3041 324 3096; x_wconf 87' lang='lat' dir='ltr'><strong>per</strong></span> <span class='ocrx_word' id='word_1_275' title='bbox 355 3024 506 3078; x_wconf 88' lang='lat' dir='ltr'><strong>aliud</strong></span> <span class='ocrx_word' id='word_1_276' title='bbox 536 3033 683 3089; x_wconf 89' lang='lat' dir='ltr'><strong>sunt,</strong></span> <span class='ocrx_word' id='word_1_277' title='bbox 731 3023 1002 3079; x_wconf 85' lang='lat' dir='ltr'><strong>discutere</strong></span> <span class='ocrx_word' id='word_1_278' title='bbox 1049 3024 1318 3094; x_wconf 87' lang='lat' dir='ltr'><strong>quomodo</strong></span> <span class='ocrx_word' id='word_1_279' title='bbox 1371 3026 1482 3080; x_wconf 89' lang='lat' dir='ltr'><strong>sint</strong></span> <span class='ocrx_word' id='word_1_280' title='bbox 1529 3041 1624 3095; x_wconf 91' lang='lat' dir='ltr'><strong>per</strong></span> <span class='ocrx_word' id='word_1_281' title='bbox 1669 3042 1811 3082; x_wconf 88' lang='lat' dir='ltr'><strong>sum-</strong></span> <span class='ocrx_word' id='word_1_282' title='bbox 1837 3063 1882 3126; x_wconf 64' lang='grc' dir='ltr'><em>ς</em></span> 
     </span>
    </p>
   </div>
   <div class='ocr_carea' id='block_1_39' title="bbox 231 3115 1805 3186">
    <p class='ocr_par' dir='ltr' id='par_1_39' title="bbox 231 3115 1805 3186">
     <span class='ocr_line' id='line_1_40' title="bbox 231 3115 1805 3186; baseline 0.001 -15"><span class='ocrx_word' id='word_1_283' title='bbox 231 3133 368 3171; x_wconf 88' lang='lat' dir='ltr'><strong>mam</strong></span> <span class='ocrx_word' id='word_1_284' title='bbox 398 3115 778 3182; x_wconf 85' lang='lat' dir='ltr'><strong>substantiam,</strong></span> <span class='ocrx_word' id='word_1_285' title='bbox 811 3124 992 3170; x_wconf 89' lang='lat' dir='ltr'><strong>utrum</strong></span> <span class='ocrx_word' id='word_1_286' title='bbox 1017 3116 1144 3186; x_wconf 88' lang='lat' dir='ltr'><strong>quia</strong></span> <span class='ocrx_word' id='word_1_287' title='bbox 1196 3117 1312 3186; x_wconf 89' lang='lat' dir='ltr'><strong>ipsa</strong></span> <span class='ocrx_word' id='word_1_288' title='bbox 1345 3117 1476 3172; x_wconf 89' lang='lat' dir='ltr'><strong>fecit</strong></span> <span class='ocrx_word' id='word_1_289' title='bbox 1530 3117 1805 3185; x_wconf 87' lang='lat' dir='ltr'><strong>universa,</strong></span> 
     </span>
    </p>
   </div>
   <div class='ocr_carea' id='block_1_40' title="bbox 229 3205 1809 3277">
    <p class='ocr_par' dir='ltr' id='par_1_40' title="bbox 229 3205 1809 3277">
     <span class='ocr_line' id='line_1_41' title="bbox 229 3205 1809 3277; baseline 0.001 -17"><span class='ocrx_word' id='word_1_290' title='bbox 229 3207 468 3277; x_wconf 86' lang='lat' dir='ltr'><strong>autqula</strong></span> <span class='ocrx_word' id='word_1_291' title='bbox 493 3207 717 3260; x_wconf 87' lang='lat' dir='ltr'><strong>materia</strong></span> <span class='ocrx_word' id='word_1_292' title='bbox 745 3205 846 3260; x_wconf 88' lang='lat' dir='ltr'><strong>fuit</strong></span> <span class='ocrx_word' id='word_1_293' title='bbox 869 3207 1269 3262; x_wconf 88' lang='lat' dir='ltr'><strong>universorum.</strong></span> <span class='ocrx_word' id='word_1_294' title='bbox 1309 3205 1426 3261; x_wconf 83' lang='lat' dir='ltr'><strong>Non</strong></span> <span class='ocrx_word' id='word_1_295' title='bbox 1475 3207 1619 3262; x_wconf 91' lang='lat' dir='ltr'><strong>enim</strong></span> <span class='ocrx_word' id='word_1_296' title='bbox 1673 3223 1809 3276; x_wconf 86' lang='lat' dir='ltr'><strong>opus</strong></span> 
     </span>
    </p>
   </div>
   <div class='ocr_carea' id='block_1_41' title="bbox 229 3298 1806 3368">
    <p class='ocr_par' dir='ltr' id='par_1_41' title="bbox 229 3298 1806 3368">
     <span class='ocr_line' id='line_1_42' title="bbox 229 3298 1806 3368; baseline 0 -14"><span class='ocrx_word' id='word_1_297' title='bbox 229 3309 308 3354; x_wconf 86' lang='lat' dir='ltr'><strong>est</strong></span> <span class='ocrx_word' id='word_1_298' title='bbox 335 3313 584 3368; x_wconf 77' lang='lat' dir='ltr'><strong>quaerere</strong></span> <span class='ocrx_word' id='word_1_299' title='bbox 607 3307 784 3352; x_wconf 89' lang='lat' dir='ltr'><strong>utrum</strong></span> <span class='ocrx_word' id='word_1_300' title='bbox 811 3299 932 3353; x_wconf 86' lang='lat' dir='ltr'><strong>ideo</strong></span> <span class='ocrx_word' id='word_1_301' title='bbox 957 3299 1066 3352; x_wconf 87' lang='lat' dir='ltr'><strong>sint</strong></span> <span class='ocrx_word' id='word_1_302' title='bbox 1093 3299 1162 3330; x_wconf 71' lang='grc'><strong>⁸³³</strong></span> <span class='ocrx_word' id='word_1_303' title='bbox 1189 3298 1442 3354; x_wconf 87' lang='lat' dir='ltr'><strong>universa</strong></span> <span class='ocrx_word' id='word_1_304' title='bbox 1471 3313 1567 3368; x_wconf 89' lang='lat' dir='ltr'><strong>per</strong></span> <span class='ocrx_word' id='word_1_305' title='bbox 1592 3299 1762 3368; x_wconf 87' lang='lat' dir='ltr'><strong>ipsam</strong></span> <span class='ocrx_word' id='word_1_306' title='bbox 1791 3317 1806 3364; x_wconf 92' lang='lat'><strong>;</strong></span> 
     </span>
    </p>
   </div>
   <div class='ocr_carea' id='block_1_42' title="bbox 231 3389 1807 3460">
    <p class='ocr_par' dir='ltr' id='par_1_42' title="bbox 231 3389 1807 3460">
     <span class='ocr_line' id='line_1_43' title="bbox 231 3389 1807 3460; baseline -0.001 -15"><span class='ocrx_word' id='word_1_307' title='bbox 231 3393 350 3460; x_wconf 87' lang='lat' dir='ltr'><strong>quia</strong></span> <span class='ocrx_word' id='word_1_308' title='bbox 379 3391 488 3446; x_wconf 84' lang='lat' dir='ltr'><strong>alio</strong></span> <span class='ocrx_word' id='word_1_309' title='bbox 514 3391 746 3446; x_wconf 80' lang='lat' dir='ltr'><strong>faciente</strong></span> <span class='ocrx_word' id='word_1_310' title='bbox 771 3433 786 3457; x_wconf 93' lang='lat'><strong>,</strong></span> <span class='ocrx_word' id='word_1_311' title='bbox 837 3399 931 3445; x_wconf 91' lang='lat' dir='ltr'><strong>aut</strong></span> <span class='ocrx_word' id='word_1_312' title='bbox 959 3389 1064 3444; x_wconf 91' lang='lat' dir='ltr'><strong>alia</strong></span> <span class='ocrx_word' id='word_1_313' title='bbox 1099 3391 1330 3444; x_wconf 86' lang='lat' dir='ltr'><strong>materia</strong></span> <span class='ocrx_word' id='word_1_314' title='bbox 1379 3390 1668 3455; x_wconf 78' lang='lat' dir='ltr'><strong>existente,</strong></span> <span class='ocrx_word' id='word_1_315' title='bbox 1721 3390 1807 3443; x_wconf 89' lang='lat' dir='ltr'><strong>illa</strong></span> 
     </span>
    </p>
   </div>
   <div class='ocr_carea' id='block_1_43' title="bbox 233 3483 1810 3552">
    <p class='ocr_par' dir='ltr' id='par_1_43' title="bbox 233 3483 1810 3552">
     <span class='ocr_line' id='line_1_44' title="bbox 233 3483 1810 3552; baseline 0 -16"><span class='ocrx_word' id='word_1_316' title='bbox 233 3493 436 3538; x_wconf 87' lang='lat' dir='ltr'><strong>tantum</strong></span> <span class='ocrx_word' id='word_1_317' title='bbox 464 3483 706 3552; x_wconf 89' lang='lat' dir='ltr'><strong>quolibet</strong></span> <span class='ocrx_word' id='word_1_318' title='bbox 725 3483 906 3548; x_wconf 89' lang='lat' dir='ltr'><strong>modo,</strong></span> <span class='ocrx_word' id='word_1_319' title='bbox 959 3491 1020 3536; x_wconf 88' lang='lat' dir='ltr'><strong>ut</strong></span> <span class='ocrx_word' id='word_1_320' title='bbox 1049 3497 1138 3537; x_wconf 89' lang='lat' dir='ltr'><strong>res</strong></span> <span class='ocrx_word' id='word_1_321' title='bbox 1166 3497 1355 3538; x_wconf 91' lang='lat' dir='ltr'><strong>omnes</strong></span> <span class='ocrx_word' id='word_1_322' title='bbox 1400 3493 1604 3548; x_wconf 89' lang='lat' dir='ltr'><strong>essent,</strong></span> <span class='ocrx_word' id='word_1_323' title='bbox 1655 3483 1810 3552; x_wconf 64' lang='lat' dir='ltr'><strong>adju«</strong></span> 
     </span>
    </p>
   </div>
   <div class='ocr_carea' id='block_1_44' title="bbox 233 3570 1808 3644">
    <p class='ocr_par' dir='ltr' id='par_1_44' title="bbox 233 3570 1808 3644">
     <span class='ocr_line' id='line_1_45' title="bbox 233 3570 1808 3644; baseline 0.001 -22"><span class='ocrx_word' id='word_1_324' title='bbox 233 3575 364 3627; x_wconf 82' lang='lat' dir='ltr'><strong>verit</strong></span> <span class='ocrx_word' id='word_1_325' title='bbox 393 3573 462 3604; x_wconf 73' lang='grc'><strong>³³⁸</strong></span> <span class='ocrx_word' id='word_1_326' title='bbox 483 3589 608 3627; x_wconf 89' lang='lat' dir='ltr'><strong>cum</strong></span> <span class='ocrx_word' id='word_1_327' title='bbox 633 3581 892 3644; x_wconf 75' lang='lat' dir='ltr'><strong>repugnet</strong></span> <span class='ocrx_word' id='word_1_328' title='bbox 921 3572 1006 3627; x_wconf 85' lang='lat' dir='ltr'><strong>his</strong></span> <span class='ocrx_word' id='word_1_329' title='bbox 1041 3586 1160 3640; x_wconf 65' lang='lat' dir='ltr'><strong>quae</strong></span> <span class='ocrx_word' id='word_1_330' title='bbox 1178 3570 1293 3639; x_wconf 84' lang='lat' dir='ltr'><strong>jam</strong></span> <span class='ocrx_word' id='word_1_331' title='bbox 1321 3585 1482 3640; x_wconf 88' lang='lat' dir='ltr'><strong>supra</strong></span> <span class='ocrx_word' id='word_1_332' title='bbox 1503 3579 1808 3638; x_wconf 86' lang='lat' dir='ltr'><strong>patuerunt,</strong></span> 
     </span>
    </p>
   </div>
   <div class='ocr_carea' id='block_1_45' title="bbox 233 3664 1807 3734">
    <p class='ocr_par' dir='ltr' id='par_1_45' title="bbox 233 3664 1807 3734">
     <span class='ocr_line' id='line_1_46' title="bbox 233 3664 1807 3734; baseline -0.003 -14"><span class='ocrx_word' id='word_1_333' title='bbox 233 3667 274 3720; x_wconf 88' lang='lat' dir='ltr'><strong>si</strong></span> <span class='ocrx_word' id='word_1_334' title='bbox 313 3667 554 3721; x_wconf 88' lang='lat' dir='ltr'><strong>secundo</strong></span> <span class='ocrx_word' id='word_1_335' title='bbox 581 3666 702 3720; x_wconf 88' lang='lat' dir='ltr'><strong>loco</strong></span> <span class='ocrx_word' id='word_1_336' title='bbox 733 3673 788 3720; x_wconf 86' lang='lat' dir='ltr'><strong>et</strong></span> <span class='ocrx_word' id='word_1_337' title='bbox 809 3679 916 3720; x_wconf 90' lang='lat' dir='ltr'><strong>non</strong></span> <span class='ocrx_word' id='word_1_338' title='bbox 945 3664 1320 3734; x_wconf 87' lang='lat' dir='ltr'><strong>principaliter</strong></span> <span class='ocrx_word' id='word_1_339' title='bbox 1361 3664 1472 3718; x_wconf 90' lang='lat' dir='ltr'><strong>sint</strong></span> <span class='ocrx_word' id='word_1_340' title='bbox 1495 3677 1591 3732; x_wconf 90' lang='lat' dir='ltr'><strong>per</strong></span> <span class='ocrx_word' id='word_1_341' title='bbox 1617 3665 1807 3734; x_wconf 88' lang='lat' dir='ltr'><strong>ipsam,</strong></span> 
     </span>
    </p>
   </div>
   <div class='ocr_carea' id='block_1_46' title="bbox 233 3755 1810 3828">
    <p class='ocr_par' dir='ltr' id='par_1_46' title="bbox 233 3755 1810 3828">
     <span class='ocr_line' id='line_1_47' title="bbox 233 3755 1810 3828; baseline -0.003 -15"><span class='ocrx_word' id='word_1_342' title='bbox 233 3765 737 3828; x_wconf 72' lang='lat' dir='ltr'><strong>tpnecunquesunt.</strong></span> <span class='ocrx_word' id='word_1_343' title='bbox 773 3757 1015 3812; x_wconf 87' lang='lat' dir='ltr'><strong>Primum</strong></span> <span class='ocrx_word' id='word_1_344' title='bbox 1063 3757 1248 3826; x_wconf 90' lang='lat' dir='ltr'><strong>itaque</strong></span> <span class='ocrx_word' id='word_1_345' title='bbox 1283 3756 1416 3811; x_wconf 90' lang='lat' dir='ltr'><strong>mihi</strong></span> <span class='ocrx_word' id='word_1_346' title='bbox 1461 3755 1810 3825; x_wconf 66' lang='lat' dir='ltr'><strong>quaerendum</strong></span> 
     </span>
    </p>
   </div>
   <div class='ocr_carea' id='block_1_47' title="bbox 234 3847 1814 3918">
    <p class='ocr_par' dir='ltr' id='par_1_47' title="bbox 234 3847 1814 3918">
     <span class='ocr_line' id='line_1_48' title="bbox 234 3847 1814 3918; baseline -0.001 -14"><span class='ocrx_word' id='word_1_347' title='bbox 234 3863 352 3904; x_wconf 80' lang='lat' dir='ltr'><strong>esse</strong></span> <span class='ocrx_word' id='word_1_348' title='bbox 383 3859 513 3918; x_wconf 89' lang='lat' dir='ltr'><strong>puto</strong></span> <span class='ocrx_word' id='word_1_349' title='bbox 549 3857 730 3903; x_wconf 87' lang='lat' dir='ltr'><strong>utrum</strong></span> <span class='ocrx_word' id='word_1_350' title='bbox 761 3848 1088 3904; x_wconf 88' lang='lat' dir='ltr'><strong>universitas</strong></span> <span class='ocrx_word' id='word_1_351' title='bbox 1120 3861 1324 3912; x_wconf 90' lang='lat' dir='ltr'><strong>rerum,</strong></span> <span class='ocrx_word' id='word_1_352' title='bbox 1379 3861 1500 3916; x_wconf 75' lang='lat' dir='ltr'><strong>qua:</strong></span> <span class='ocrx_word' id='word_1_353' title='bbox 1528 3861 1626 3915; x_wconf 88' lang='lat' dir='ltr'><strong>per</strong></span> <span class='ocrx_word' id='word_1_354' title='bbox 1669 3847 1814 3902; x_wconf 85' lang='lat' dir='ltr'><strong>aliud</strong></span> 
     </span>
    </p>
   </div>
   <div class='ocr_carea' id='block_1_48' title="bbox 235 3945 1816 4016">
    <p class='ocr_par' dir='ltr' id='par_1_48' title="bbox 235 3945 1816 4016">
     <span class='ocr_line' id='line_1_49' title="bbox 235 3945 1816 4016; baseline -0.001 -16"><span class='ocrx_word' id='word_1_355' title='bbox 235 3957 379 4009; x_wconf 87' lang='lat' dir='ltr'><strong>sunt,</strong></span> <span class='ocrx_word' id='word_1_356' title='bbox 411 3947 481 4000; x_wconf 89' lang='lat' dir='ltr'><strong>sit</strong></span> <span class='ocrx_word' id='word_1_357' title='bbox 517 3962 580 4001; x_wconf 80' lang='lat' dir='ltr'><strong>ex</strong></span> <span class='ocrx_word' id='word_1_358' title='bbox 614 3947 794 4016; x_wconf 90' lang='lat' dir='ltr'><strong>aliqua</strong></span> <span class='ocrx_word' id='word_1_359' title='bbox 816 3947 1064 4002; x_wconf 85' lang='lat' dir='ltr'><strong>materia.</strong></span> <span class='ocrx_word' id='word_1_360' title='bbox 1103 3945 1220 4002; x_wconf 85' lang='lat' dir='ltr'><strong>Non</strong></span> <span class='ocrx_word' id='word_1_361' title='bbox 1269 3954 1452 4001; x_wconf 88' lang='lat' dir='ltr'><strong>autem</strong></span> <span class='ocrx_word' id='word_1_362' title='bbox 1492 3945 1678 4000; x_wconf 88' lang='lat' dir='ltr'><strong>dubito</strong></span> <span class='ocrx_word' id='word_1_363' title='bbox 1699 3960 1816 4000; x_wconf 81' lang='lat' dir='ltr'><strong>om—</strong></span> 
     </span>
    </p>
   </div>
   <div class='ocr_carea' id='block_1_49' title="bbox 235 4037 1814 4108">
    <p class='ocr_par' dir='ltr' id='par_1_49' title="bbox 235 4037 1814 4108">
     <span class='ocr_line' id='line_1_50' title="bbox 235 4037 1814 4108; baseline 0 -16"><span class='ocrx_word' id='word_1_364' title='bbox 235 4053 356 4092; x_wconf 89' lang='lat' dir='ltr'><strong>nem</strong></span> <span class='ocrx_word' id='word_1_365' title='bbox 383 4040 526 4093; x_wconf 87' lang='lat' dir='ltr'><strong>hanc</strong></span> <span class='ocrx_word' id='word_1_366' title='bbox 553 4039 622 4070; x_wconf 68' lang='grc'><strong>’⁸⁸</strong></span> <span class='ocrx_word' id='word_1_367' title='bbox 647 4039 834 4093; x_wconf 87' lang='lat' dir='ltr'><strong>mundi</strong></span> <span class='ocrx_word' id='word_1_368' title='bbox 858 4037 1076 4107; x_wconf 90' lang='lat' dir='ltr'><strong>molem,</strong></span> <span class='ocrx_word' id='word_1_369' title='bbox 1098 4053 1220 4094; x_wconf 90' lang='lat' dir='ltr'><strong>cum</strong></span> <span class='ocrx_word' id='word_1_370' title='bbox 1251 4038 1498 4108; x_wconf 90' lang='lat' dir='ltr'><strong>partibus</strong></span> <span class='ocrx_word' id='word_1_371' title='bbox 1524 4037 1660 4101; x_wconf 87' lang='lat' dir='ltr'><strong>suis,</strong></span> <span class='ocrx_word' id='word_1_372' title='bbox 1703 4037 1814 4092; x_wconf 88' lang='lat' dir='ltr'><strong>sic-</strong></span> 
     </span>
    </p>
   </div>
   <div class='ocr_carea' id='block_1_50' title="bbox 239 4129 1812 4198">
    <p class='ocr_par' dir='ltr' id='par_1_50' title="bbox 239 4129 1812 4198">
     <span class='ocr_line' id='line_1_51' title="bbox 239 4129 1812 4198; baseline -0.001 -15"><span class='ocrx_word' id='word_1_373' title='bbox 239 4141 294 4184; x_wconf 92' lang='lat' dir='ltr'><strong>ut</strong></span> <span class='ocrx_word' id='word_1_374' title='bbox 329 4131 575 4185; x_wconf 82' lang='lat' dir='ltr'><strong>videmus</strong></span> <span class='ocrx_word' id='word_1_375' title='bbox 603 4173 620 4198; x_wconf 92' lang='lat'><strong>,</strong></span> <span class='ocrx_word' id='word_1_376' title='bbox 674 4129 958 4186; x_wconf 87' lang='lat' dir='ltr'><strong>formatam</strong></span> <span class='ocrx_word' id='word_1_377' title='bbox 986 4138 1239 4186; x_wconf 87' lang='lat' dir='ltr'><strong>constare</strong></span> <span class='ocrx_word' id='word_1_378' title='bbox 1265 4143 1330 4185; x_wconf 81' lang='lat' dir='ltr'><strong>ex</strong></span> <span class='ocrx_word' id='word_1_379' title='bbox 1364 4139 1506 4184; x_wconf 90' lang='lat' dir='ltr'><strong>terra</strong></span> <span class='ocrx_word' id='word_1_380' title='bbox 1550 4137 1604 4184; x_wconf 91' lang='lat' dir='ltr'><strong>et</strong></span> <span class='ocrx_word' id='word_1_381' title='bbox 1651 4141 1812 4198; x_wconf 87' lang='lat' dir='ltr'><strong>aqua,</strong></span> 
     </span>
    </p>
   </div>
   <div class='ocr_carea' id='block_1_51' title="bbox 239 4221 1812 4293">
    <p class='ocr_par' dir='ltr' id='par_1_51' title="bbox 239 4221 1812 4293">
     <span class='ocr_line' id='line_1_52' title="bbox 239 4221 1812 4293; baseline 0 -17"><span class='ocrx_word' id='word_1_382' title='bbox 239 4233 288 4275; x_wconf 84' lang='lat' dir='ltr'><strong>et</strong></span> <span class='ocrx_word' id='word_1_383' title='bbox 316 4239 443 4277; x_wconf 88' lang='lat' dir='ltr'><strong>acre</strong></span> <span class='ocrx_word' id='word_1_384' title='bbox 468 4233 524 4276; x_wconf 88' lang='lat' dir='ltr'><strong>et</strong></span> <span class='ocrx_word' id='word_1_385' title='bbox 551 4223 674 4293; x_wconf 76' lang='lat' dir='ltr'><strong>igne</strong></span> <span class='ocrx_word' id='word_1_386' title='bbox 701 4241 714 4276; x_wconf 89' lang='lat'>:</span> <span class='ocrx_word' id='word_1_387' title='bbox 743 4238 884 4293; x_wconf 65' lang='lat' dir='ltr'><strong>qum,</strong></span> <span class='ocrx_word' id='word_1_388' title='bbox 916 4222 1144 4289; x_wconf 89' lang='lat' dir='ltr'><strong>scilicet,</strong></span> <span class='ocrx_word' id='word_1_389' title='bbox 1167 4231 1402 4292; x_wconf 84' lang='lat' dir='ltr'><strong>quatuor</strong></span> <span class='ocrx_word' id='word_1_390' title='bbox 1424 4221 1493 4255; x_wconf 77' lang='grc'><strong>¹³⁸</strong></span> <span class='ocrx_word' id='word_1_391' title='bbox 1522 4221 1812 4287; x_wconf 89' lang='lat' dir='ltr'><strong>elementa,</strong></span> 
     </span>
    </p>
   </div>
   <div class='ocr_carea' id='block_1_52' title="bbox 239 4313 1815 4384">
    <p class='ocr_par' dir='ltr' id='par_1_52' title="bbox 239 4313 1815 4384">
     <span class='ocr_line' id='line_1_53' title="bbox 239 4313 1815 4384; baseline 0.001 -18"><span class='ocrx_word' id='word_1_392' title='bbox 239 4313 415 4384; x_wconf 86' lang='lat' dir='ltr'><strong>aliquo</strong></span> <span class='ocrx_word' id='word_1_393' title='bbox 439 4315 598 4370; x_wconf 89' lang='lat' dir='ltr'><strong>modo</strong></span> <span class='ocrx_word' id='word_1_394' title='bbox 623 4315 844 4384; x_wconf 80' lang='lat' dir='ltr'><strong>intelligi</strong></span> <span class='ocrx_word' id='word_1_395' title='bbox 875 4324 1100 4384; x_wconf 89' lang='lat' dir='ltr'><strong>possunt</strong></span> <span class='ocrx_word' id='word_1_396' title='bbox 1121 4314 1190 4346; x_wconf 76' lang='grc'><strong>⁸³⁸</strong></span> <span class='ocrx_word' id='word_1_397' title='bbox 1217 4314 1336 4370; x_wconf 88' lang='lat' dir='ltr'><strong>sine</strong></span> <span class='ocrx_word' id='word_1_398' title='bbox 1362 4315 1448 4369; x_wconf 88' lang='lat' dir='ltr'><strong>his</strong></span> <span class='ocrx_word' id='word_1_399' title='bbox 1469 4313 1658 4370; x_wconf 85' lang='lat' dir='ltr'><strong>formis</strong></span> <span class='ocrx_word' id='word_1_400' title='bbox 1680 4328 1815 4384; x_wconf 87' lang='lat' dir='ltr'><strong>quas</strong></span> 
     </span>
    </p>
   </div>
   <div class='ocr_carea' id='block_1_53' title="bbox 241 4405 1816 4474">
    <p class='ocr_par' dir='ltr' id='par_1_53' title="bbox 241 4405 1816 4474">
     <span class='ocr_line' id='line_1_54' title="bbox 241 4405 1816 4474; baseline 0.003 -16"><span class='ocrx_word' id='word_1_401' title='bbox 241 4405 600 4474; x_wconf 86' lang='lat' dir='ltr'><strong>conspicimus</strong></span> <span class='ocrx_word' id='word_1_402' title='bbox 623 4405 674 4460; x_wconf 89' lang='lat' dir='ltr'><strong>in</strong></span> <span class='ocrx_word' id='word_1_403' title='bbox 717 4405 879 4461; x_wconf 91' lang='lat' dir='ltr'><strong>rebus</strong></span> <span class='ocrx_word' id='word_1_404' title='bbox 900 4405 1169 4472; x_wconf 89' lang='lat' dir='ltr'><strong>formatis,</strong></span> <span class='ocrx_word' id='word_1_405' title='bbox 1217 4413 1276 4460; x_wconf 91' lang='lat' dir='ltr'><strong>ut</strong></span> <span class='ocrx_word' id='word_1_406' title='bbox 1323 4419 1514 4460; x_wconf 90' lang='lat' dir='ltr'><strong>eorum</strong></span> <span class='ocrx_word' id='word_1_407' title='bbox 1566 4405 1816 4462; x_wconf 89' lang='lat' dir='ltr'><strong>informis</strong></span> 
     </span>
    </p>
   </div>
   <div class='ocr_carea' id='block_1_54' title="bbox 243 4497 1816 4554">
    <p class='ocr_par' dir='ltr' id='par_1_54' title="bbox 243 4497 1816 4554">
     <span class='ocr_line' id='line_1_55' title="bbox 243 4497 1816 4554; baseline 0.001 -5"><span class='ocrx_word' id='word_1_408' title='bbox 243 4505 330 4550; x_wconf 89' lang='lat' dir='ltr'><strong>aut</strong></span> <span class='ocrx_word' id='word_1_409' title='bbox 352 4497 518 4551; x_wconf 88' lang='lat' dir='ltr'><strong>etiam</strong></span> <span class='ocrx_word' id='word_1_410' title='bbox 541 4497 766 4552; x_wconf 77' lang='lat' dir='ltr'><strong>confusa</strong></span> <span class='ocrx_word' id='word_1_411' title='bbox 798 4506 990 4553; x_wconf 89' lang='lat' dir='ltr'><strong>natura</strong></span> <span class='ocrx_word' id='word_1_412' title='bbox 1017 4499 1266 4553; x_wconf 89' lang='lat' dir='ltr'><strong>videatur</strong></span> <span class='ocrx_word' id='word_1_413' title='bbox 1293 4511 1413 4554; x_wconf 90' lang='lat' dir='ltr'><strong>esse</strong></span> <span class='ocrx_word' id='word_1_414' title='bbox 1445 4497 1670 4552; x_wconf 88' lang='lat' dir='ltr'><strong>materia</strong></span> <span class='ocrx_word' id='word_1_415' title='bbox 1702 4511 1816 4551; x_wconf 91' lang='lat' dir='ltr'><strong>om-</strong></span> 
     </span>
    </p>
   </div>
   <div class='ocr_carea' id='block_1_55' title="bbox 245 4583 1816 4660">
    <p class='ocr_par' dir='ltr' id='par_1_55' title="bbox 245 4583 1816 4660">
     <span class='ocr_line' id='line_1_56' title="bbox 245 4583 1816 4660; baseline 0 -18"><span class='ocrx_word' id='word_1_416' title='bbox 245 4591 385 4644; x_wconf 88' lang='lat' dir='ltr'><strong>nium</strong></span> <span class='ocrx_word' id='word_1_417' title='bbox 413 4583 700 4660; x_wconf 85' lang='lat' dir='ltr'><strong>corporum</strong></span> <span class='ocrx_word' id='word_1_418' title='bbox 730 4591 844 4647; x_wconf 89' lang='lat' dir='ltr'><strong>suis</strong></span> <span class='ocrx_word' id='word_1_419' title='bbox 893 4589 1082 4646; x_wconf 88' lang='lat' dir='ltr'><strong>formis</strong></span> <span class='ocrx_word' id='word_1_420' title='bbox 1138 4591 1530 4655; x_wconf 87' lang='lat' dir='ltr'><strong>discretorum;</strong></span> <span class='ocrx_word' id='word_1_421' title='bbox 1579 4603 1687 4644; x_wconf 90' lang='lat' dir='ltr'><strong>non</strong></span> <span class='ocrx_word' id='word_1_422' title='bbox 1731 4588 1816 4642; x_wconf 89' lang='lat' dir='ltr'><strong>in-</strong></span> 
     </span>
    </p>
   </div>
   <div class='ocr_carea' id='block_1_56' title="bbox 244 4679 1810 4752">
    <p class='ocr_par' dir='ltr' id='par_1_56' title="bbox 244 4679 1810 4752">
     <span class='ocr_line' id='line_1_57' title="bbox 244 4679 1810 4752; baseline 0 -17"><span class='ocrx_word' id='word_1_423' title='bbox 244 4698 420 4752; x_wconf 85' lang='lat' dir='ltr'><strong>quam,</strong></span> <span class='ocrx_word' id='word_1_424' title='bbox 451 4683 557 4738; x_wconf 91' lang='lat' dir='ltr'><strong>hoc</strong></span> <span class='ocrx_word' id='word_1_425' title='bbox 590 4683 808 4750; x_wconf 88' lang='lat' dir='ltr'><strong>dubito;</strong></span> <span class='ocrx_word' id='word_1_426' title='bbox 832 4683 928 4740; x_wconf 88' lang='lat' dir='ltr'><strong>sed</strong></span> <span class='ocrx_word' id='word_1_427' title='bbox 957 4697 1166 4752; x_wconf 63' lang='lat' dir='ltr'><strong>quaero,</strong></span> <span class='ocrx_word' id='word_1_428' title='bbox 1217 4681 1356 4738; x_wconf 90' lang='lat' dir='ltr'><strong>unde</strong></span> <span class='ocrx_word' id='word_1_429' title='bbox 1399 4682 1514 4737; x_wconf 59' lang='lat' dir='ltr'><strong>haec</strong></span> <span class='ocrx_word' id='word_1_430' title='bbox 1569 4680 1686 4750; x_wconf 90' lang='lat' dir='ltr'><strong>ipsa</strong></span> <span class='ocrx_word' id='word_1_431' title='bbox 1719 4679 1810 4743; x_wconf 78' lang='grc'><strong>⁸³⁷,</strong></span> 
     </span>
    </p>
   </div>
   <div class='ocr_carea' id='block_1_57' title="bbox 1917 467 3499 539">
    <p class='ocr_par' dir='ltr' id='par_1_57' title="bbox 1917 467 3499 539">
     <span class='ocr_line' id='line_1_58' title="bbox 1917 467 3499 539; baseline 0.007 -18"><span class='ocrx_word' id='word_1_432' title='bbox 1917 468 2006 539; x_wconf 90' lang='lat' dir='ltr'><strong>jus</strong></span> <span class='ocrx_word' id='word_1_433' title='bbox 2035 467 2275 524; x_wconf 73' lang='lat' dir='ltr'><strong>materim</strong></span> <span class='ocrx_word' id='word_1_434' title='bbox 2304 479 2385 524; x_wconf 90' lang='lat' dir='ltr'><strong>est</strong></span> <span class='ocrx_word' id='word_1_435' title='bbox 2411 471 2588 539; x_wconf 90' lang='lat' dir='ltr'><strong>aliqua</strong></span> <span class='ocrx_word' id='word_1_436' title='bbox 2616 473 2860 538; x_wconf 90' lang='lat' dir='ltr'><strong>materia,</strong></span> <span class='ocrx_word' id='word_1_437' title='bbox 2909 473 2996 527; x_wconf 91' lang='lat' dir='ltr'><strong>illa</strong></span> <span class='ocrx_word' id='word_1_438' title='bbox 3057 476 3237 531; x_wconf 89' lang='lat' dir='ltr'><strong>verius</strong></span> <span class='ocrx_word' id='word_1_439' title='bbox 3289 477 3358 524; x_wconf 72' lang='lat' dir='ltr'><strong>.m</strong></span> <span class='ocrx_word' id='word_1_440' title='bbox 3410 489 3499 532; x_wconf 84' lang='lat' dir='ltr'><strong>est</strong></span> 
     </span>
    </p>
   </div>
   <div class='ocr_carea' id='block_1_58' title="bbox 1921 561 3496 636">
    <p class='ocr_par' dir='ltr' id='par_1_58' title="bbox 1921 561 3496 636">
     <span class='ocr_line' id='line_1_59' title="bbox 1921 561 3496 636; baseline 0.008 -24"><span class='ocrx_word' id='word_1_441' title='bbox 1921 573 2194 628; x_wconf 66' lang='lat' dir='ltr'><strong>corporeae</strong></span> <span class='ocrx_word' id='word_1_442' title='bbox 2223 561 2590 616; x_wconf 88' lang='lat' dir='ltr'><strong>universitatis</strong></span> <span class='ocrx_word' id='word_1_443' title='bbox 2623 563 2866 618; x_wconf 87' lang='lat' dir='ltr'><strong>materia.</strong></span> <span class='ocrx_word' id='word_1_444' title='bbox 2895 565 2950 619; x_wconf 89' lang='lat' dir='ltr'><strong>Si</strong></span> <span class='ocrx_word' id='word_1_445' title='bbox 2981 566 3146 636; x_wconf 81' lang='lat' dir='ltr'><strong>igitur</strong></span> <span class='ocrx_word' id='word_1_446' title='bbox 3169 567 3496 624; x_wconf 87' lang='lat' dir='ltr'><strong>universitas</strong></span> 
     </span>
    </p>
   </div>
   <div class='ocr_carea' id='block_1_59' title="bbox 1919 653 3502 722">
    <p class='ocr_par' dir='ltr' id='par_1_59' title="bbox 1919 653 3502 722">
     <span class='ocr_line' id='line_1_60' title="bbox 1919 653 3502 722; baseline 0.008 -18"><span class='ocrx_word' id='word_1_447' title='bbox 1919 665 2126 716; x_wconf 89' lang='lat' dir='ltr'><strong>rerum,</strong></span> <span class='ocrx_word' id='word_1_448' title='bbox 2167 665 2261 706; x_wconf 91' lang='lat' dir='ltr'><strong>seu</strong></span> <span class='ocrx_word' id='word_1_449' title='bbox 2293 653 2606 722; x_wconf 85' lang='lat' dir='ltr'><strong>visibilium,</strong></span> <span class='ocrx_word' id='word_1_450' title='bbox 2637 671 2730 710; x_wconf 91' lang='lat' dir='ltr'><strong>seu</strong></span> <span class='ocrx_word' id='word_1_451' title='bbox 2765 656 3115 712; x_wconf 87' lang='lat' dir='ltr'><strong>invisibilium</strong></span> <span class='ocrx_word' id='word_1_452' title='bbox 3159 671 3240 716; x_wconf 91' lang='lat' dir='ltr'><strong>est</strong></span> <span class='ocrx_word' id='word_1_453' title='bbox 3281 676 3346 716; x_wconf 79' lang='lat' dir='ltr'><strong>ex</strong></span> <span class='ocrx_word' id='word_1_454' title='bbox 3405 663 3502 716; x_wconf 69' lang='lat' dir='ltr'><strong>ali~</strong></span> 
     </span>
    </p>
   </div>
   <div class='ocr_carea' id='block_1_60' title="bbox 1916 743 3498 823">
    <p class='ocr_par' dir='ltr' id='par_1_60' title="bbox 1916 743 3498 823">
     <span class='ocr_line' id='line_1_61' title="bbox 1916 743 3498 823; baseline 0.009 -27"><span class='ocrx_word' id='word_1_455' title='bbox 1916 759 2022 813; x_wconf 91' lang='lat' dir='ltr'><strong>qua</strong></span> <span class='ocrx_word' id='word_1_456' title='bbox 2048 743 2294 806; x_wconf 87' lang='lat' dir='ltr'><strong>materia,</strong></span> <span class='ocrx_word' id='word_1_457' title='bbox 2327 745 2571 814; x_wconf 89' lang='lat' dir='ltr'><strong>profecto</strong></span> <span class='ocrx_word' id='word_1_458' title='bbox 2606 765 2710 804; x_wconf 91' lang='lat' dir='ltr'><strong>non</strong></span> <span class='ocrx_word' id='word_1_459' title='bbox 2759 749 2932 804; x_wconf 91' lang='lat' dir='ltr'><strong>solum</strong></span> <span class='ocrx_word' id='word_1_460' title='bbox 2969 767 3072 805; x_wconf 89' lang='lat' dir='ltr'><strong>non</strong></span> <span class='ocrx_word' id='word_1_461' title='bbox 3119 761 3297 823; x_wconf 88' lang='lat' dir='ltr'><strong>potest</strong></span> <span class='ocrx_word' id='word_1_462' title='bbox 3344 770 3498 821; x_wconf 90' lang='lat' dir='ltr'><strong>esse,</strong></span> 
     </span>
    </p>
   </div>
   <div class='ocr_carea' id='block_1_61' title="bbox 1919 834 3495 913">
    <p class='ocr_par' dir='ltr' id='par_1_61' title="bbox 1919 834 3495 913">
     <span class='ocr_line' id='line_1_62' title="bbox 1919 834 3495 913; baseline 0.007 -24"><span class='ocrx_word' id='word_1_463' title='bbox 1919 834 2014 889; x_wconf 89' lang='lat' dir='ltr'><strong>sed</strong></span> <span class='ocrx_word' id='word_1_464' title='bbox 2043 851 2140 890; x_wconf 87' lang='lat' dir='ltr'><strong>nec</strong></span> <span class='ocrx_word' id='word_1_465' title='bbox 2163 835 2264 890; x_wconf 85' lang='lat' dir='ltr'><strong>dici</strong></span> <span class='ocrx_word' id='word_1_466' title='bbox 2289 846 2464 906; x_wconf 88' lang='lat' dir='ltr'><strong>potest</strong></span> <span class='ocrx_word' id='word_1_467' title='bbox 2485 853 2604 892; x_wconf 91' lang='lat' dir='ltr'><strong>esse</strong></span> <span class='ocrx_word' id='word_1_468' title='bbox 2630 854 2698 892; x_wconf 82' lang='lat' dir='ltr'><strong>ex</strong></span> <span class='ocrx_word' id='word_1_469' title='bbox 2725 838 2834 894; x_wconf 87' lang='lat' dir='ltr'><strong>alia</strong></span> <span class='ocrx_word' id='word_1_470' title='bbox 2868 839 2932 874; x_wconf 84' lang='grc'><strong>¹³⁹</strong></span> <span class='ocrx_word' id='word_1_471' title='bbox 2965 845 3216 908; x_wconf 88' lang='lat' dir='ltr'><strong>materia,</strong></span> <span class='ocrx_word' id='word_1_472' title='bbox 3239 859 3401 913; x_wconf 87' lang='lat' dir='ltr'><strong>quam</strong></span> <span class='ocrx_word' id='word_1_473' title='bbox 3431 861 3495 900; x_wconf 79' lang='lat' dir='ltr'><strong>ex</strong></span> 
     </span>
    </p>
   </div>
   <div class='ocr_carea' id='block_1_62' title="bbox 1919 930 3498 1003">
    <p class='ocr_par' dir='ltr' id='par_1_62' title="bbox 1919 930 3498 1003">
     <span class='ocr_line' id='line_1_63' title="bbox 1919 930 3498 1003; baseline 0.006 -23"><span class='ocrx_word' id='word_1_474' title='bbox 1919 941 2128 980; x_wconf 90' lang='lat' dir='ltr'><strong>summa</strong></span> <span class='ocrx_word' id='word_1_475' title='bbox 2163 938 2378 996; x_wconf 89' lang='lat' dir='ltr'><strong>natura,</strong></span> <span class='ocrx_word' id='word_1_476' title='bbox 2419 936 2513 984; x_wconf 87' lang='lat' dir='ltr'><strong>aut</strong></span> <span class='ocrx_word' id='word_1_477' title='bbox 2541 944 2606 984; x_wconf 83' lang='lat' dir='ltr'><strong>ex</strong></span> <span class='ocrx_word' id='word_1_478' title='bbox 2631 944 2689 984; x_wconf 92' lang='grc' dir='ltr'><strong>εε</strong></span> <span class='ocrx_word' id='word_1_479' title='bbox 2719 930 2854 1000; x_wconf 89' lang='lat' dir='ltr'><strong>ipsa,</strong></span> <span class='ocrx_word' id='word_1_480' title='bbox 2885 941 2978 987; x_wconf 88' lang='lat' dir='ltr'><strong>aut</strong></span> <span class='ocrx_word' id='word_1_481' title='bbox 3005 948 3070 988; x_wconf 84' lang='lat' dir='ltr'><strong>ex</strong></span> <span class='ocrx_word' id='word_1_482' title='bbox 3113 934 3290 1003; x_wconf 90' lang='lat' dir='ltr'><strong>aliqua</strong></span> <span class='ocrx_word' id='word_1_483' title='bbox 3341 937 3498 990; x_wconf 88' lang='lat' dir='ltr'><strong>tertia</strong></span> 
     </span>
    </p>
   </div>
   <div class='ocr_carea' id='block_1_63' title="bbox 1919 1017 3498 1094">
    <p class='ocr_par' dir='ltr' id='par_1_63' title="bbox 1919 1017 3498 1094">
     <span class='ocr_line' id='line_1_64' title="bbox 1919 1017 3498 1094; baseline 0.006 -25"><span class='ocrx_word' id='word_1_484' title='bbox 1919 1017 1987 1048; x_wconf 75' lang='lat'><strong>“°</strong></span> <span class='ocrx_word' id='word_1_485' title='bbox 2016 1019 2278 1082; x_wconf 91' lang='lat' dir='ltr'><strong>essentia;</strong></span> <span class='ocrx_word' id='word_1_486' title='bbox 2313 1034 2431 1088; x_wconf 72' lang='lat' dir='ltr'><strong>qua&quot;:</strong></span> <span class='ocrx_word' id='word_1_487' title='bbox 2460 1021 2642 1090; x_wconf 89' lang='lat' dir='ltr'><strong>utique</strong></span> <span class='ocrx_word' id='word_1_488' title='bbox 2665 1021 2805 1076; x_wconf 92' lang='lat' dir='ltr'><strong>nulla</strong></span> <span class='ocrx_word' id='word_1_489' title='bbox 2836 1031 2939 1079; x_wconf 90' lang='grc' dir='ltr'>εει.</span> <span class='ocrx_word' id='word_1_490' title='bbox 2982 1024 3191 1094; x_wconf 89' lang='lat' dir='ltr'><strong>Quippe</strong></span> <span class='ocrx_word' id='word_1_491' title='bbox 3219 1025 3349 1080; x_wconf 86' lang='lat' dir='ltr'><strong>nihil</strong></span> <span class='ocrx_word' id='word_1_492' title='bbox 3377 1040 3498 1080; x_wconf 84' lang='lat' dir='ltr'><strong>om-</strong></span> 
     </span>
    </p>
   </div>
   <div class='ocr_carea' id='block_1_64' title="bbox 1915 1107 3496 1182">
    <p class='ocr_par' dir='ltr' id='par_1_64' title="bbox 1915 1107 3496 1182">
     <span class='ocr_line' id='line_1_65' title="bbox 1915 1107 3496 1182; baseline 0.005 -20"><span class='ocrx_word' id='word_1_493' title='bbox 1915 1107 2048 1162; x_wconf 88' lang='lat' dir='ltr'><strong>nino</strong></span> <span class='ocrx_word' id='word_1_494' title='bbox 2071 1108 2156 1164; x_wconf 90' lang='lat' dir='ltr'><strong>vel</strong></span> <span class='ocrx_word' id='word_1_495' title='bbox 2187 1110 2416 1180; x_wconf 81' lang='lat' dir='ltr'><strong>cogitari</strong></span> <span class='ocrx_word' id='word_1_496' title='bbox 2445 1121 2622 1180; x_wconf 85' lang='lat' dir='ltr'><strong>potest</strong></span> <span class='ocrx_word' id='word_1_497' title='bbox 2648 1127 2769 1168; x_wconf 89' lang='lat' dir='ltr'><strong>esse</strong></span> <span class='ocrx_word' id='word_1_498' title='bbox 2813 1122 3008 1182; x_wconf 82' lang='lat' dir='ltr'><strong>praeter</strong></span> <span class='ocrx_word' id='word_1_499' title='bbox 3037 1114 3165 1168; x_wconf 88' lang='lat' dir='ltr'><strong>illud</strong></span> <span class='ocrx_word' id='word_1_500' title='bbox 3223 1131 3496 1170; x_wconf 91' lang='lat' dir='ltr'><strong>summum</strong></span> 
     </span>
    </p>
   </div>
   <div class='ocr_carea' id='block_1_65' title="bbox 1914 1203 3498 1274">
    <p class='ocr_par' dir='ltr' id='par_1_65' title="bbox 1914 1203 3498 1274">
     <span class='ocr_line' id='line_1_66' title="bbox 1914 1203 3498 1274; baseline 0.004 -18"><span class='ocrx_word' id='word_1_501' title='bbox 1914 1203 2178 1266; x_wconf 87' lang='lat' dir='ltr'><strong>omnium,</strong></span> <span class='ocrx_word' id='word_1_502' title='bbox 2201 1204 2343 1272; x_wconf 89' lang='lat' dir='ltr'><strong>quod</strong></span> <span class='ocrx_word' id='word_1_503' title='bbox 2365 1211 2448 1258; x_wconf 90' lang='lat' dir='ltr'><strong>est</strong></span> <span class='ocrx_word' id='word_1_504' title='bbox 2475 1219 2572 1273; x_wconf 89' lang='lat' dir='ltr'><strong>per</strong></span> <span class='ocrx_word' id='word_1_505' title='bbox 2599 1205 2871 1274; x_wconf 85' lang='lat' dir='ltr'><strong>seipsum;</strong></span> <span class='ocrx_word' id='word_1_506' title='bbox 2903 1215 2960 1260; x_wconf 91' lang='lat' dir='ltr'><strong>et</strong></span> <span class='ocrx_word' id='word_1_507' title='bbox 2981 1207 3385 1262; x_wconf 89' lang='lat' dir='ltr'><strong>universitatem</strong></span> <span class='ocrx_word' id='word_1_508' title='bbox 3411 1222 3498 1262; x_wconf 88' lang='lat' dir='ltr'><strong>e0-</strong></span> 
     </span>
    </p>
   </div>
   <div class='ocr_carea' id='block_1_66' title="bbox 1915 1297 3494 1367">
    <p class='ocr_par' dir='ltr' id='par_1_66' title="bbox 1915 1297 3494 1367">
     <span class='ocr_line' id='line_1_67' title="bbox 1915 1297 3494 1367; baseline 0.005 -20"><span class='ocrx_word' id='word_1_509' title='bbox 1915 1308 2034 1348; x_wconf 85' lang='lat' dir='ltr'><strong>rum</strong></span> <span class='ocrx_word' id='word_1_510' title='bbox 2057 1309 2178 1363; x_wconf 58' lang='lat' dir='ltr'><strong>quas</strong></span> <span class='ocrx_word' id='word_1_511' title='bbox 2205 1309 2312 1350; x_wconf 87' lang='lat' dir='ltr'><strong>non</strong></span> <span class='ocrx_word' id='word_1_512' title='bbox 2343 1311 2440 1365; x_wconf 90' lang='lat' dir='ltr'><strong>per</strong></span> <span class='ocrx_word' id='word_1_513' title='bbox 2461 1312 2542 1360; x_wconf 92' lang='lat' dir='ltr'><strong>se,</strong></span> <span class='ocrx_word' id='word_1_514' title='bbox 2575 1297 2667 1352; x_wconf 91' lang='lat' dir='ltr'><strong>sed</strong></span> <span class='ocrx_word' id='word_1_515' title='bbox 2693 1313 2790 1367; x_wconf 90' lang='lat' dir='ltr'><strong>per</strong></span> <span class='ocrx_word' id='word_1_516' title='bbox 2836 1297 2974 1352; x_wconf 89' lang='lat' dir='ltr'><strong>idem</strong></span> <span class='ocrx_word' id='word_1_517' title='bbox 3000 1313 3268 1354; x_wconf 90' lang='lat' dir='ltr'><strong>summum</strong></span> <span class='ocrx_word' id='word_1_518' title='bbox 3317 1308 3444 1355; x_wconf 88' lang='lat' dir='ltr'><strong>sunt</strong></span> <span class='ocrx_word' id='word_1_519' title='bbox 3479 1317 3494 1354; x_wconf 92' lang='lat'><strong>:</strong></span> 
     </span>
    </p>
   </div>
   <div class='ocr_carea' id='block_1_67' title="bbox 1915 1386 3496 1457">
    <p class='ocr_par' dir='ltr' id='par_1_67' title="bbox 1915 1386 3496 1457">
     <span class='ocr_line' id='line_1_68' title="bbox 1915 1386 3496 1457; baseline 0.005 -20"><span class='ocrx_word' id='word_1_520' title='bbox 1915 1399 2084 1454; x_wconf 92' lang='lat' dir='ltr'><strong>quare</strong></span> <span class='ocrx_word' id='word_1_521' title='bbox 2116 1386 2258 1454; x_wconf 89' lang='lat' dir='ltr'><strong>quod</strong></span> <span class='ocrx_word' id='word_1_522' title='bbox 2287 1386 2434 1440; x_wconf 90' lang='lat' dir='ltr'><strong>nullo</strong></span> <span class='ocrx_word' id='word_1_523' title='bbox 2467 1387 2624 1442; x_wconf 91' lang='lat' dir='ltr'><strong>modo</strong></span> <span class='ocrx_word' id='word_1_524' title='bbox 2649 1387 2850 1457; x_wconf 87' lang='lat' dir='ltr'><strong>aliquid</strong></span> <span class='ocrx_word' id='word_1_525' title='bbox 2877 1398 2980 1455; x_wconf 90' lang='grc' dir='ltr'>εει,</span> <span class='ocrx_word' id='word_1_526' title='bbox 3011 1389 3208 1444; x_wconf 85' lang='lat' dir='ltr'><strong>nullius</strong></span> <span class='ocrx_word' id='word_1_527' title='bbox 3259 1391 3335 1444; x_wconf 87' lang='lat' dir='ltr'><strong>rei</strong></span> <span class='ocrx_word' id='word_1_528' title='bbox 3379 1407 3496 1446; x_wconf 89' lang='lat' dir='ltr'><strong>ma-</strong></span> 
     </span>
    </p>
   </div>
   <div class='ocr_carea' id='block_1_68' title="bbox 1917 1476 3492 1552">
    <p class='ocr_par' dir='ltr' id='par_1_68' title="bbox 1917 1476 3492 1552">
     <span class='ocr_line' id='line_1_69' title="bbox 1917 1476 3492 1552; baseline 0.004 -22"><span class='ocrx_word' id='word_1_529' title='bbox 1917 1477 2050 1532; x_wconf 90' lang='lat' dir='ltr'><strong>teria</strong></span> <span class='ocrx_word' id='word_1_530' title='bbox 2078 1487 2182 1532; x_wconf 87' lang='lat' dir='ltr'><strong>est.</strong></span> <span class='ocrx_word' id='word_1_531' title='bbox 2214 1476 2294 1530; x_wconf 81' lang='lat' dir='ltr'><strong>Ex</strong></span> <span class='ocrx_word' id='word_1_532' title='bbox 2321 1493 2414 1533; x_wconf 88' lang='lat' dir='ltr'><strong>sua</strong></span> <span class='ocrx_word' id='word_1_533' title='bbox 2439 1493 2567 1533; x_wconf 91' lang='lat' dir='ltr'><strong>vero</strong></span> <span class='ocrx_word' id='word_1_534' title='bbox 2594 1491 2784 1534; x_wconf 87' lang='lat' dir='ltr'><strong>natura</strong></span> <span class='ocrx_word' id='word_1_535' title='bbox 2809 1495 2990 1534; x_wconf 89' lang='lat' dir='ltr'><strong>rerum</strong></span> <span class='ocrx_word' id='word_1_536' title='bbox 3013 1482 3492 1552; x_wconf 82' lang='lat' dir='ltr'><strong>universitas,quae</strong></span> 
     </span>
    </p>
   </div>
   <div class='ocr_carea' id='block_1_69' title="bbox 1913 1573 3493 1641">
    <p class='ocr_par' dir='ltr' id='par_1_69' title="bbox 1913 1573 3493 1641">
     <span class='ocr_line' id='line_1_70' title="bbox 1913 1573 3493 1641; baseline 0.006 -19"><span class='ocrx_word' id='word_1_537' title='bbox 1913 1583 2012 1639; x_wconf 89' lang='lat' dir='ltr'><strong>per</strong></span> <span class='ocrx_word' id='word_1_538' title='bbox 2039 1583 2096 1626; x_wconf 89' lang='lat' dir='ltr'><strong>se</strong></span> <span class='ocrx_word' id='word_1_539' title='bbox 2123 1585 2226 1624; x_wconf 91' lang='lat' dir='ltr'><strong>non</strong></span> <span class='ocrx_word' id='word_1_540' title='bbox 2256 1581 2358 1632; x_wconf 88' lang='grc' dir='ltr'>εει,</span> <span class='ocrx_word' id='word_1_541' title='bbox 2411 1584 2533 1625; x_wconf 88' lang='grc' dir='ltr'>εεεε</span> <span class='ocrx_word' id='word_1_542' title='bbox 2565 1587 2670 1626; x_wconf 90' lang='lat' dir='ltr'><strong>non</strong></span> <span class='ocrx_word' id='word_1_543' title='bbox 2725 1579 2933 1641; x_wconf 88' lang='lat' dir='ltr'><strong>potest;</strong></span> <span class='ocrx_word' id='word_1_544' title='bbox 2983 1573 3238 1641; x_wconf 84' lang='lat' dir='ltr'><strong>quoniam</strong></span> <span class='ocrx_word' id='word_1_545' title='bbox 3285 1575 3330 1628; x_wconf 92' lang='lat' dir='ltr'><strong>si</strong></span> <span class='ocrx_word' id='word_1_546' title='bbox 3388 1577 3493 1630; x_wconf 89' lang='lat' dir='ltr'><strong>hoc</strong></span> 
     </span>
    </p>
   </div>
   <div class='ocr_carea' id='block_1_70' title="bbox 1915 1659 3491 1732">
    <p class='ocr_par' dir='ltr' id='par_1_70' title="bbox 1915 1659 3491 1732">
     <span class='ocr_line' id='line_1_71' title="bbox 1915 1659 3491 1732; baseline 0.002 -19"><span class='ocrx_word' id='word_1_547' title='bbox 1915 1668 2077 1725; x_wconf 90' lang='lat' dir='ltr'><strong>esset,</strong></span> <span class='ocrx_word' id='word_1_548' title='bbox 2107 1659 2287 1730; x_wconf 90' lang='lat' dir='ltr'><strong>aliquo</strong></span> <span class='ocrx_word' id='word_1_549' title='bbox 2315 1661 2474 1715; x_wconf 88' lang='lat' dir='ltr'><strong>modo</strong></span> <span class='ocrx_word' id='word_1_550' title='bbox 2503 1669 2646 1716; x_wconf 88' lang='lat' dir='ltr'><strong>esset</strong></span> <span class='ocrx_word' id='word_1_551' title='bbox 2676 1677 2773 1730; x_wconf 89' lang='lat' dir='ltr'><strong>per</strong></span> <span class='ocrx_word' id='word_1_552' title='bbox 2786 1677 2844 1717; x_wconf 90' lang='lat' dir='ltr'><strong>se</strong></span> <span class='ocrx_word' id='word_1_553' title='bbox 2872 1672 2926 1716; x_wconf 90' lang='lat' dir='ltr'><strong>et</strong></span> <span class='ocrx_word' id='word_1_554' title='bbox 2974 1677 3071 1731; x_wconf 86' lang='lat' dir='ltr'><strong>per</strong></span> <span class='ocrx_word' id='word_1_555' title='bbox 3115 1663 3279 1728; x_wconf 88' lang='lat' dir='ltr'><strong>aliud,</strong></span> <span class='ocrx_word' id='word_1_556' title='bbox 3328 1678 3491 1732; x_wconf 87' lang='lat' dir='ltr'><strong>quam</strong></span> 
     </span>
    </p>
   </div>
   <div class='ocr_carea' id='block_1_71' title="bbox 1915 1749 3490 1820">
    <p class='ocr_par' dir='ltr' id='par_1_71' title="bbox 1915 1749 3490 1820">
     <span class='ocr_line' id='line_1_72' title="bbox 1915 1749 3490 1820; baseline 0.002 -17"><span class='ocrx_word' id='word_1_557' title='bbox 1915 1763 2011 1820; x_wconf 86' lang='lat' dir='ltr'><strong>per</strong></span> <span class='ocrx_word' id='word_1_558' title='bbox 2045 1749 2096 1802; x_wconf 88' lang='lat' dir='ltr'><strong>id</strong></span> <span class='ocrx_word' id='word_1_559' title='bbox 2128 1763 2226 1819; x_wconf 89' lang='lat' dir='ltr'><strong>per</strong></span> <span class='ocrx_word' id='word_1_560' title='bbox 2255 1749 2394 1819; x_wconf 87' lang='lat' dir='ltr'><strong>quod</strong></span> <span class='ocrx_word' id='word_1_561' title='bbox 2421 1759 2548 1804; x_wconf 90' lang='lat' dir='ltr'><strong>sunt</strong></span> <span class='ocrx_word' id='word_1_562' title='bbox 2586 1759 2811 1815; x_wconf 89' lang='lat' dir='ltr'><strong>cuncta,</strong></span> <span class='ocrx_word' id='word_1_563' title='bbox 2841 1759 2896 1806; x_wconf 92' lang='lat' dir='ltr'><strong>et</strong></span> <span class='ocrx_word' id='word_1_564' title='bbox 2923 1765 3027 1805; x_wconf 90' lang='lat' dir='ltr'><strong>non</strong></span> <span class='ocrx_word' id='word_1_565' title='bbox 3061 1760 3208 1806; x_wconf 85' lang='lat' dir='ltr'><strong>esset</strong></span> <span class='ocrx_word' id='word_1_566' title='bbox 3238 1752 3412 1805; x_wconf 82' lang='lat' dir='ltr'><strong>solum</strong></span> <span class='ocrx_word' id='word_1_567' title='bbox 3439 1753 3490 1806; x_wconf 87' lang='lat' dir='ltr'><strong>id</strong></span> 
     </span>
    </p>
   </div>
   <div class='ocr_carea' id='block_1_72' title="bbox 1899 1839 3486 1916">
    <p class='ocr_par' dir='ltr' id='par_1_72' title="bbox 1899 1839 3486 1916">
     <span class='ocr_line' id='line_1_73' title="bbox 1899 1839 3486 1916; baseline -0.001 -22"><span class='ocrx_word' id='word_1_568' title='bbox 1899 1854 2008 1916; x_wconf 83' lang='lat' dir='ltr'><strong>per</strong></span> <span class='ocrx_word' id='word_1_569' title='bbox 2029 1839 2171 1908; x_wconf 87' lang='lat' dir='ltr'><strong>quod</strong></span> <span class='ocrx_word' id='word_1_570' title='bbox 2203 1847 2396 1894; x_wconf 90' lang='lat' dir='ltr'><strong>cuncta</strong></span> <span class='ocrx_word' id='word_1_571' title='bbox 2447 1847 2765 1909; x_wconf 71' lang='lat' dir='ltr'><strong>suntzqua:</strong></span> <span class='ocrx_word' id='word_1_572' title='bbox 2813 1840 2994 1894; x_wconf 88' lang='lat' dir='ltr'><strong>omnia</strong></span> <span class='ocrx_word' id='word_1_573' title='bbox 3051 1849 3174 1894; x_wconf 91' lang='lat' dir='ltr'><strong>sunt</strong></span> <span class='ocrx_word' id='word_1_574' title='bbox 3205 1839 3338 1896; x_wconf 89' lang='lat' dir='ltr'><strong>falsa</strong></span> <span class='ocrx_word' id='word_1_575' title='bbox 3397 1841 3486 1892; x_wconf 65' lang='grc' dir='ltr'>ιιι.</span> 
     </span>
    </p>
   </div>
   <div class='ocr_carea' id='block_1_73' title="bbox 1909 1930 3495 2000">
    <p class='ocr_par' dir='ltr' id='par_1_73' title="bbox 1909 1930 3495 2000">
     <span class='ocr_line' id='line_1_74' title="bbox 1909 1930 3495 2000; baseline 0.003 -16"><span class='ocrx_word' id='word_1_576' title='bbox 1909 1930 2064 1992; x_wconf 90' lang='lat' dir='ltr'><strong>Item,</strong></span> <span class='ocrx_word' id='word_1_577' title='bbox 2097 1945 2258 1986; x_wconf 89' lang='lat' dir='ltr'><strong>omne</strong></span> <span class='ocrx_word' id='word_1_578' title='bbox 2281 1931 2424 2000; x_wconf 86' lang='lat' dir='ltr'><strong>quod</strong></span> <span class='ocrx_word' id='word_1_579' title='bbox 2449 1945 2516 1985; x_wconf 83' lang='lat' dir='ltr'><strong>ex</strong></span> <span class='ocrx_word' id='word_1_580' title='bbox 2547 1931 2771 1988; x_wconf 88' lang='lat' dir='ltr'><strong>materia</strong></span> <span class='ocrx_word' id='word_1_581' title='bbox 2799 1940 2904 1998; x_wconf 89' lang='lat' dir='ltr'><strong>est,</strong></span> <span class='ocrx_word' id='word_1_582' title='bbox 2933 1948 3002 1988; x_wconf 80' lang='lat' dir='ltr'><strong>ex</strong></span> <span class='ocrx_word' id='word_1_583' title='bbox 3051 1931 3158 1987; x_wconf 84' lang='lat' dir='ltr'><strong>alio</strong></span> <span class='ocrx_word' id='word_1_584' title='bbox 3207 1941 3292 1988; x_wconf 87' lang='lat' dir='ltr'><strong>est</strong></span> <span class='ocrx_word' id='word_1_585' title='bbox 3324 1932 3412 2000; x_wconf 77' lang='lat'><strong>“&#39;,</strong></span> <span class='ocrx_word' id='word_1_586' title='bbox 3438 1941 3495 1988; x_wconf 89' lang='grc' dir='ltr'><strong>ει</strong></span> 
     </span>
    </p>
   </div>
   <div class='ocr_carea' id='block_1_74' title="bbox 1909 2023 3488 2094">
    <p class='ocr_par' dir='ltr' id='par_1_74' title="bbox 1909 2023 3488 2094">
     <span class='ocr_line' id='line_1_75' title="bbox 1909 2023 3488 2094; baseline 0.002 -17"><span class='ocrx_word' id='word_1_587' title='bbox 1909 2023 2181 2094; x_wconf 87' lang='lat' dir='ltr'><strong>posterius</strong></span> <span class='ocrx_word' id='word_1_588' title='bbox 2207 2032 2408 2090; x_wconf 90' lang='lat' dir='ltr'><strong>esteo;</strong></span> <span class='ocrx_word' id='word_1_589' title='bbox 2449 2025 2716 2092; x_wconf 84' lang='lat' dir='ltr'><strong>quoniam‘</strong></span> <span class='ocrx_word' id='word_1_590' title='bbox 2747 2024 2910 2094; x_wconf 77' lang='lat' dir='ltr'><strong>igitur</strong></span> <span class='ocrx_word' id='word_1_591' title='bbox 2949 2024 3081 2078; x_wconf 85' lang='lat' dir='ltr'><strong>nihil</strong></span> <span class='ocrx_word' id='word_1_592' title='bbox 3134 2033 3220 2080; x_wconf 87' lang='lat' dir='ltr'><strong>est</strong></span> <span class='ocrx_word' id='word_1_593' title='bbox 3267 2025 3408 2080; x_wconf 88' lang='lat' dir='ltr'><strong>aliud</strong></span> <span class='ocrx_word' id='word_1_594' title='bbox 3459 2041 3488 2080; x_wconf 89' lang='lat' dir='ltr'><strong>a</strong></span> 
     </span>
    </p>
   </div>
   <div class='ocr_carea' id='block_1_75' title="bbox 1912 2113 3489 2184">
    <p class='ocr_par' dir='ltr' id='par_1_75' title="bbox 1912 2113 3489 2184">
     <span class='ocr_line' id='line_1_76' title="bbox 1912 2113 3489 2184; baseline 0.001 -15"><span class='ocrx_word' id='word_1_595' title='bbox 1912 2115 2111 2182; x_wconf 88' lang='lat' dir='ltr'><strong>seipso,</strong></span> <span class='ocrx_word' id='word_1_596' title='bbox 2141 2113 2222 2168; x_wconf 87' lang='lat' dir='ltr'><strong>vel</strong></span> <span class='ocrx_word' id='word_1_597' title='bbox 2245 2115 2515 2184; x_wconf 90' lang='lat' dir='ltr'><strong>posterius</strong></span> <span class='ocrx_word' id='word_1_598' title='bbox 2545 2115 2742 2184; x_wconf 89' lang='lat' dir='ltr'><strong>seipso,</strong></span> <span class='ocrx_word' id='word_1_599' title='bbox 2775 2115 3130 2184; x_wconf 85' lang='lat' dir='ltr'><strong>consequitur</strong></span> <span class='ocrx_word' id='word_1_600' title='bbox 3179 2123 3236 2169; x_wconf 91' lang='lat' dir='ltr'><strong>ut</strong></span> <span class='ocrx_word' id='word_1_601' title='bbox 3261 2116 3394 2170; x_wconf 86' lang='lat' dir='ltr'><strong>nihil</strong></span> <span class='ocrx_word' id='word_1_602' title='bbox 3418 2118 3489 2172; x_wconf 88' lang='lat' dir='ltr'><strong>sit</strong></span> 
     </span>
    </p>
   </div>
   <div class='ocr_carea' id='block_1_76' title="bbox 1917 2205 3492 2276">
    <p class='ocr_par' dir='ltr' id='par_1_76' title="bbox 1917 2205 3492 2276">
     <span class='ocr_line' id='line_1_77' title="bbox 1917 2205 3492 2276; baseline 0.001 -15"><span class='ocrx_word' id='word_1_603' title='bbox 1917 2205 2270 2262; x_wconf 85' lang='lat' dir='ltr'><strong>materialiter</strong></span> <span class='ocrx_word' id='word_1_604' title='bbox 2289 2221 2352 2261; x_wconf 84' lang='lat' dir='ltr'><strong>ex</strong></span> <span class='ocrx_word' id='word_1_605' title='bbox 2376 2207 2571 2276; x_wconf 85' lang='lat' dir='ltr'><strong>seipso.</strong></span> <span class='ocrx_word' id='word_1_606' title='bbox 2603 2207 2672 2260; x_wconf 83' lang='lat' dir='ltr'><strong>At</strong></span> <span class='ocrx_word' id='word_1_607' title='bbox 2695 2207 2737 2262; x_wconf 91' lang='lat' dir='ltr'><strong>si</strong></span> <span class='ocrx_word' id='word_1_608' title='bbox 2767 2221 2833 2260; x_wconf 81' lang='lat' dir='ltr'><strong>ex</strong></span> <span class='ocrx_word' id='word_1_609' title='bbox 2887 2207 2954 2238; x_wconf 66' lang='grc'><strong>⁸³³</strong></span> <span class='ocrx_word' id='word_1_610' title='bbox 3002 2222 3228 2262; x_wconf 75' lang='lat' dir='ltr'><strong>summa:</strong></span> <span class='ocrx_word' id='word_1_611' title='bbox 3286 2217 3492 2262; x_wconf 67' lang='lat' dir='ltr'><strong>natura:</strong></span> 
     </span>
    </p>
   </div>
   <div class='ocr_carea' id='block_1_77' title="bbox 1915 2297 3488 2368">
    <p class='ocr_par' dir='ltr' id='par_1_77' title="bbox 1915 2297 3488 2368">
     <span class='ocr_line' id='line_1_78' title="bbox 1915 2297 3488 2368; baseline 0.001 -16"><span class='ocrx_word' id='word_1_612' title='bbox 1915 2297 2140 2352; x_wconf 88' lang='lat' dir='ltr'><strong>materia</strong></span> <span class='ocrx_word' id='word_1_613' title='bbox 2171 2307 2349 2368; x_wconf 80' lang='lat' dir='ltr'><strong>potest</strong></span> <span class='ocrx_word' id='word_1_614' title='bbox 2398 2312 2518 2352; x_wconf 88' lang='lat' dir='ltr'><strong>esse</strong></span> <span class='ocrx_word' id='word_1_615' title='bbox 2567 2297 2766 2366; x_wconf 85' lang='lat' dir='ltr'><strong>aliquid</strong></span> <span class='ocrx_word' id='word_1_616' title='bbox 2801 2297 2978 2353; x_wconf 90' lang='lat' dir='ltr'><strong>minus</strong></span> <span class='ocrx_word' id='word_1_617' title='bbox 3023 2297 3160 2367; x_wconf 88' lang='lat' dir='ltr'><strong>ipsa,</strong></span> <span class='ocrx_word' id='word_1_618' title='bbox 3220 2312 3488 2352; x_wconf 89' lang='lat' dir='ltr'><strong>summum</strong></span> 
     </span>
    </p>
   </div>
   <div class='ocr_carea' id='block_1_78' title="bbox 1911 2387 3489 2459">
    <p class='ocr_par' dir='ltr' id='par_1_78' title="bbox 1911 2387 3489 2459">
     <span class='ocr_line' id='line_1_79' title="bbox 1911 2387 3489 2459; baseline -0.001 -16"><span class='ocrx_word' id='word_1_619' title='bbox 1911 2389 2110 2443; x_wconf 85' lang='lat' dir='ltr'><strong>bonum</strong></span> <span class='ocrx_word' id='word_1_620' title='bbox 2141 2387 2338 2443; x_wconf 88' lang='lat' dir='ltr'><strong>mutari</strong></span> <span class='ocrx_word' id='word_1_621' title='bbox 2366 2399 2420 2443; x_wconf 91' lang='lat' dir='ltr'><strong>et</strong></span> <span class='ocrx_word' id='word_1_622' title='bbox 2447 2388 2716 2458; x_wconf 85' lang='lat' dir='ltr'><strong>corrumpi</strong></span> <span class='ocrx_word' id='word_1_623' title='bbox 2759 2395 2937 2459; x_wconf 90' lang='lat' dir='ltr'><strong>potest</strong></span> <span class='ocrx_word' id='word_1_624' title='bbox 2971 2405 2986 2442; x_wconf 87' lang='lat'><strong>:</strong></span> <span class='ocrx_word' id='word_1_625' title='bbox 3029 2387 3171 2458; x_wconf 88' lang='lat' dir='ltr'><strong>quod</strong></span> <span class='ocrx_word' id='word_1_626' title='bbox 3207 2387 3360 2443; x_wconf 86' lang='lat' dir='ltr'><strong>nefas</strong></span> <span class='ocrx_word' id='word_1_627' title='bbox 3403 2399 3489 2444; x_wconf 86' lang='lat' dir='ltr'><strong>est</strong></span> 
     </span>
    </p>
   </div>
   <div class='ocr_carea' id='block_1_79' title="bbox 1914 2479 3493 2552">
    <p class='ocr_par' dir='ltr' id='par_1_79' title="bbox 1914 2479 3493 2552">
     <span class='ocr_line' id='line_1_80' title="bbox 1914 2479 3493 2552; baseline -0.001 -16"><span class='ocrx_word' id='word_1_628' title='bbox 1914 2481 2117 2537; x_wconf 90' lang='lat' dir='ltr'><strong>dicere.</strong></span> <span class='ocrx_word' id='word_1_629' title='bbox 2153 2481 2513 2552; x_wconf 85' lang='lat' dir='ltr'><strong>Quapropter,</strong></span> <span class='ocrx_word' id='word_1_630' title='bbox 2544 2481 2796 2550; x_wconf 90' lang='lat' dir='ltr'><strong>quoniam</strong></span> <span class='ocrx_word' id='word_1_631' title='bbox 2823 2495 2983 2536; x_wconf 92' lang='lat' dir='ltr'><strong>omne</strong></span> <span class='ocrx_word' id='word_1_632' title='bbox 3010 2481 3152 2550; x_wconf 90' lang='lat' dir='ltr'><strong>quod</strong></span> <span class='ocrx_word' id='word_1_633' title='bbox 3202 2479 3348 2535; x_wconf 89' lang='lat' dir='ltr'><strong>aliud</strong></span> <span class='ocrx_word' id='word_1_634' title='bbox 3406 2491 3493 2536; x_wconf 90' lang='grc' dir='ltr'><strong>εει</strong></span> 
     </span>
    </p>
   </div>
   <div class='ocr_carea' id='block_1_80' title="bbox 1913 2572 3488 2644">
    <p class='ocr_par' dir='ltr' id='par_1_80' title="bbox 1913 2572 3488 2644">
     <span class='ocr_line' id='line_1_81' title="bbox 1913 2572 3488 2644; baseline 0.002 -19"><span class='ocrx_word' id='word_1_635' title='bbox 1913 2589 2074 2644; x_wconf 87' lang='lat' dir='ltr'><strong>quam</strong></span> <span class='ocrx_word' id='word_1_636' title='bbox 2097 2574 2233 2642; x_wconf 85' lang='lat' dir='ltr'><strong>ipsa,</strong></span> <span class='ocrx_word' id='word_1_637' title='bbox 2267 2576 2445 2628; x_wconf 92' lang='lat' dir='ltr'><strong>minus</strong></span> <span class='ocrx_word' id='word_1_638' title='bbox 2471 2582 2554 2629; x_wconf 89' lang='lat' dir='ltr'><strong>est</strong></span> <span class='ocrx_word' id='word_1_639' title='bbox 2604 2573 2746 2644; x_wconf 85' lang='lat' dir='ltr'><strong>ipsa;</strong></span> <span class='ocrx_word' id='word_1_640' title='bbox 2787 2572 3115 2642; x_wconf 89' lang='lat' dir='ltr'><strong>impossibile</strong></span> <span class='ocrx_word' id='word_1_641' title='bbox 3162 2580 3245 2628; x_wconf 84' lang='grc' dir='ltr'><strong>εει</strong></span> <span class='ocrx_word' id='word_1_642' title='bbox 3283 2573 3488 2642; x_wconf 87' lang='lat' dir='ltr'><strong>aliquid</strong></span> 
     </span>
    </p>
   </div>
   <div class='ocr_carea' id='block_1_81' title="bbox 1914 2662 3484 2736">
    <p class='ocr_par' dir='ltr' id='par_1_81' title="bbox 1914 2662 3484 2736">
     <span class='ocr_line' id='line_1_82' title="bbox 1914 2662 3484 2736; baseline -0.001 -18"><span class='ocrx_word' id='word_1_643' title='bbox 1914 2666 2058 2720; x_wconf 89' lang='lat' dir='ltr'><strong>aliud</strong></span> <span class='ocrx_word' id='word_1_644' title='bbox 2090 2666 2190 2720; x_wconf 92' lang='lat' dir='ltr'><strong>hoc</strong></span> <span class='ocrx_word' id='word_1_645' title='bbox 2221 2665 2378 2720; x_wconf 86' lang='lat' dir='ltr'><strong>modo</strong></span> <span class='ocrx_word' id='word_1_646' title='bbox 2406 2681 2527 2720; x_wconf 89' lang='lat' dir='ltr'><strong>esse</strong></span> <span class='ocrx_word' id='word_1_647' title='bbox 2567 2680 2632 2720; x_wconf 80' lang='lat' dir='ltr'><strong>ex</strong></span> <span class='ocrx_word' id='word_1_648' title='bbox 2669 2665 2787 2736; x_wconf 89' lang='lat' dir='ltr'><strong>ipsa</strong></span> <span class='ocrx_word' id='word_1_649' title='bbox 2811 2663 2898 2719; x_wconf 74' lang='lat'><strong>“&quot;.</strong></span> <span class='ocrx_word' id='word_1_650' title='bbox 2930 2663 3175 2733; x_wconf 88' lang='lat' dir='ltr'><strong>Amplius</strong></span> <span class='ocrx_word' id='word_1_651' title='bbox 3205 2680 3219 2716; x_wconf 92' lang='lat'>:</span> <span class='ocrx_word' id='word_1_652' title='bbox 3252 2662 3484 2718; x_wconf 88' lang='lat' dir='ltr'><strong>Dubium</strong></span> 
     </span>
    </p>
   </div>
   <div class='ocr_carea' id='block_1_82' title="bbox 1913 2757 3490 2827">
    <p class='ocr_par' dir='ltr' id='par_1_82' title="bbox 1913 2757 3490 2827">
     <span class='ocr_line' id='line_1_83' title="bbox 1913 2757 3490 2827; baseline -0.002 -16"><span class='ocrx_word' id='word_1_653' title='bbox 1913 2771 2020 2812; x_wconf 89' lang='lat' dir='ltr'><strong>non</strong></span> <span class='ocrx_word' id='word_1_654' title='bbox 2043 2766 2125 2812; x_wconf 90' lang='lat' dir='ltr'><strong>est</strong></span> <span class='ocrx_word' id='word_1_655' title='bbox 2151 2758 2274 2827; x_wconf 86' lang='lat' dir='ltr'><strong>quia</strong></span> <span class='ocrx_word' id='word_1_656' title='bbox 2305 2757 2607 2812; x_wconf 83' lang='lat' dir='ltr'><strong>nullatenus</strong></span> <span class='ocrx_word' id='word_1_657' title='bbox 2635 2765 2718 2812; x_wconf 88' lang='lat' dir='ltr'><strong>est</strong></span> <span class='ocrx_word' id='word_1_658' title='bbox 2739 2757 2963 2820; x_wconf 85' lang='lat' dir='ltr'><strong>bonum,</strong></span> <span class='ocrx_word' id='word_1_659' title='bbox 2993 2770 3089 2825; x_wconf 90' lang='lat' dir='ltr'><strong>per</strong></span> <span class='ocrx_word' id='word_1_660' title='bbox 3116 2757 3258 2824; x_wconf 91' lang='lat' dir='ltr'><strong>quod</strong></span> <span class='ocrx_word' id='word_1_661' title='bbox 3311 2765 3490 2810; x_wconf 88' lang='lat' dir='ltr'><strong>muta—</strong></span> 
     </span>
    </p>
   </div>
   <div class='ocr_carea' id='block_1_83' title="bbox 1916 2833 3484 2918">
    <p class='ocr_par' dir='ltr' id='par_1_83' title="bbox 1916 2833 3484 2918">
     <span class='ocr_line' id='line_1_84' title="bbox 1916 2833 3484 2918; baseline 0.001 -18"><span class='ocrx_word' id='word_1_662' title='bbox 1916 2857 2004 2902; x_wconf 92' lang='lat' dir='ltr'><strong>tur</strong></span> <span class='ocrx_word' id='word_1_663' title='bbox 2033 2848 2116 2902; x_wconf 90' lang='lat' dir='ltr'><strong>vel</strong></span> <span class='ocrx_word' id='word_1_664' title='bbox 2141 2833 2505 2918; x_wconf 86' lang='lat' dir='ltr'><strong>corrumpitur</strong></span> <span class='ocrx_word' id='word_1_665' title='bbox 2533 2864 2802 2903; x_wconf 88' lang='lat' dir='ltr'><strong>summum</strong></span> <span class='ocrx_word' id='word_1_666' title='bbox 2855 2849 3076 2902; x_wconf 90' lang='lat' dir='ltr'><strong>bonum.</strong></span> <span class='ocrx_word' id='word_1_667' title='bbox 3119 2847 3272 2914; x_wconf 88' lang='lat' dir='ltr'><strong>Quod</strong></span> <span class='ocrx_word' id='word_1_668' title='bbox 3303 2849 3346 2902; x_wconf 88' lang='lat' dir='ltr'><strong>si</strong></span> <span class='ocrx_word' id='word_1_669' title='bbox 3377 2863 3484 2916; x_wconf 86' lang='lat' dir='ltr'><strong>qua</strong></span> 
     </span>
    </p>
   </div>
   <div class='ocr_carea' id='block_1_84' title="bbox 1915 2937 3478 3004">
    <p class='ocr_par' dir='ltr' id='par_1_84' title="bbox 1915 2937 3478 3004">
     <span class='ocr_line' id='line_1_85' title="bbox 1915 2937 3478 3004; baseline -0.003 -10"><span class='ocrx_word' id='word_1_670' title='bbox 1915 2939 2092 2994; x_wconf 90' lang='lat' dir='ltr'><strong>minor</strong></span> <span class='ocrx_word' id='word_1_671' title='bbox 2125 2949 2314 2992; x_wconf 89' lang='lat' dir='ltr'><strong>natura</strong></span> <span class='ocrx_word' id='word_1_672' title='bbox 2343 2949 2426 2994; x_wconf 88' lang='lat' dir='ltr'><strong>est</strong></span> <span class='ocrx_word' id='word_1_673' title='bbox 2452 2953 2518 2994; x_wconf 90' lang='lat' dir='ltr'><strong>ex</strong></span> <span class='ocrx_word' id='word_1_674' title='bbox 2543 2939 2736 2994; x_wconf 89' lang='lat' dir='ltr'><strong>summi</strong></span> <span class='ocrx_word' id='word_1_675' title='bbox 2777 2937 2901 2993; x_wconf 89' lang='lat' dir='ltr'><strong>boui</strong></span> <span class='ocrx_word' id='word_1_676' title='bbox 2932 2940 3175 3004; x_wconf 84' lang='lat' dir='ltr'><strong>materia,</strong></span> <span class='ocrx_word' id='word_1_677' title='bbox 3201 2953 3322 2992; x_wconf 90' lang='lat' dir='ltr'><strong>cum</strong></span> <span class='ocrx_word' id='word_1_678' title='bbox 3347 2937 3478 2991; x_wconf 89' lang='lat' dir='ltr'><strong>nihil</strong></span> 
     </span>
    </p>
   </div>
   <div class='ocr_carea' id='block_1_85' title="bbox 1913 3009 3490 3102">
    <p class='ocr_par' dir='ltr' id='par_1_85' title="bbox 1913 3009 3490 3102">
     <span class='ocr_line' id='line_1_86' title="bbox 1913 3009 3490 3102; baseline -0.004 -14"><span class='ocrx_word' id='word_1_679' title='bbox 1913 3033 1984 3088; x_wconf 82' lang='lat' dir='ltr'><strong>sit</strong></span> <span class='ocrx_word' id='word_1_680' title='bbox 2006 3031 2358 3102; x_wconf 87' lang='lat' dir='ltr'><strong>undecunque</strong></span> <span class='ocrx_word' id='word_1_681' title='bbox 2387 3031 2454 3062; x_wconf 59' lang='grc' dir='ltr'><strong>ηδ</strong></span> <span class='ocrx_word' id='word_1_682' title='bbox 2487 3031 2587 3085; x_wconf 89' lang='lat' dir='ltr'><strong>nisi</strong></span> <span class='ocrx_word' id='word_1_683' title='bbox 2614 3046 2712 3100; x_wconf 90' lang='lat' dir='ltr'><strong>per</strong></span> <span class='ocrx_word' id='word_1_684' title='bbox 2742 3046 3005 3086; x_wconf 87' lang='lat' dir='ltr'><strong>summam</strong></span> <span class='ocrx_word' id='word_1_685' title='bbox 3031 3009 3490 3097; x_wconf 51' lang='lat' dir='ltr'><strong>essentiam,inu-</strong></span> 
     </span>
    </p>
   </div>
   <div class='ocr_carea' id='block_1_86' title="bbox 1917 3117 3484 3190">
    <p class='ocr_par' dir='ltr' id='par_1_86' title="bbox 1917 3117 3484 3190">
     <span class='ocr_line' id='line_1_87' title="bbox 1917 3117 3484 3190; baseline -0.004 -13"><span class='ocrx_word' id='word_1_686' title='bbox 1917 3131 2062 3177; x_wconf 89' lang='lat' dir='ltr'><strong>tatur</strong></span> <span class='ocrx_word' id='word_1_687' title='bbox 2086 3131 2140 3176; x_wconf 91' lang='lat' dir='ltr'><strong>et</strong></span> <span class='ocrx_word' id='word_1_688' title='bbox 2167 3122 2530 3190; x_wconf 88' lang='lat' dir='ltr'><strong>corrumpitur</strong></span> <span class='ocrx_word' id='word_1_689' title='bbox 2558 3136 2827 3175; x_wconf 88' lang='lat' dir='ltr'><strong>summum</strong></span> <span class='ocrx_word' id='word_1_690' title='bbox 2859 3121 3056 3174; x_wconf 85' lang='lat' dir='ltr'><strong>bonum</strong></span> <span class='ocrx_word' id='word_1_691' title='bbox 3089 3119 3154 3150; x_wconf 64' lang='grc' dir='ltr'><strong>¹δ⁶</strong></span> <span class='ocrx_word' id='word_1_692' title='bbox 3179 3135 3273 3188; x_wconf 89' lang='lat' dir='ltr'><strong>per</strong></span> <span class='ocrx_word' id='word_1_693' title='bbox 3291 3117 3484 3186; x_wconf 87' lang='lat' dir='ltr'><strong>ipsam:</strong></span> 
     </span>
    </p>
   </div>
   <div class='ocr_carea' id='block_1_87' title="bbox 1915 3209 3485 3280">
    <p class='ocr_par' dir='ltr' id='par_1_87' title="bbox 1915 3209 3485 3280">
     <span class='ocr_line' id='line_1_88' title="bbox 1915 3209 3485 3280; baseline -0.003 -16"><span class='ocrx_word' id='word_1_694' title='bbox 1915 3225 2082 3280; x_wconf 86' lang='lat' dir='ltr'><strong>quare</strong></span> <span class='ocrx_word' id='word_1_695' title='bbox 2111 3225 2318 3264; x_wconf 89' lang='lat' dir='ltr'><strong>summa</strong></span> <span class='ocrx_word' id='word_1_696' title='bbox 2345 3211 2600 3275; x_wconf 87' lang='lat' dir='ltr'><strong>essentia,</strong></span> <span class='ocrx_word' id='word_1_697' title='bbox 2630 3211 2679 3280; x_wconf 82' lang='lat'><strong><em>7</em></strong></span> <span class='ocrx_word' id='word_1_698' title='bbox 2711 3225 2830 3277; x_wconf 72' lang='lat' dir='ltr'><strong>qua:</strong></span> <span class='ocrx_word' id='word_1_699' title='bbox 2859 3219 2938 3262; x_wconf 86' lang='lat' dir='ltr'><strong>est</strong></span> <span class='ocrx_word' id='word_1_700' title='bbox 2982 3209 3152 3280; x_wconf 85' lang='lat' dir='ltr'><strong>ipsum</strong></span> <span class='ocrx_word' id='word_1_701' title='bbox 3211 3221 3485 3261; x_wconf 90' lang='lat' dir='ltr'><strong>summum</strong></span> 
     </span>
    </p>
   </div>
   <div class='ocr_carea' id='block_1_88' title="bbox 1913 3299 3488 3368">
    <p class='ocr_par' dir='ltr' id='par_1_88' title="bbox 1913 3299 3488 3368">
     <span class='ocr_line' id='line_1_89' title="bbox 1913 3299 3488 3368; baseline -0.003 -12"><span class='ocrx_word' id='word_1_702' title='bbox 1913 3301 2135 3366; x_wconf 90' lang='lat' dir='ltr'><strong>bonum,</strong></span> <span class='ocrx_word' id='word_1_703' title='bbox 2192 3299 2498 3356; x_wconf 89' lang='lat' dir='ltr'><strong>nullatenus</strong></span> <span class='ocrx_word' id='word_1_704' title='bbox 2526 3309 2606 3355; x_wconf 84' lang='lat' dir='ltr'><strong>est</strong></span> <span class='ocrx_word' id='word_1_705' title='bbox 2637 3301 2866 3366; x_wconf 91' lang='lat' dir='ltr'><strong>bonum;</strong></span> <span class='ocrx_word' id='word_1_706' title='bbox 2917 3299 3058 3368; x_wconf 91' lang='lat' dir='ltr'><strong>quod</strong></span> <span class='ocrx_word' id='word_1_707' title='bbox 3112 3307 3195 3352; x_wconf 83' lang='lat' dir='ltr'><strong>est</strong></span> <span class='ocrx_word' id='word_1_708' title='bbox 3232 3299 3488 3352; x_wconf 88' lang='lat' dir='ltr'><strong>inconve-</strong></span> 
     </span>
    </p>
   </div>
   <div class='ocr_carea' id='block_1_89' title="bbox 1915 3389 3488 3460">
    <p class='ocr_par' dir='ltr' id='par_1_89' title="bbox 1915 3389 3488 3460">
     <span class='ocr_line' id='line_1_90' title="bbox 1915 3389 3488 3460; baseline -0.003 -14"><span class='ocrx_word' id='word_1_709' title='bbox 1915 3391 2092 3446; x_wconf 87' lang='lat' dir='ltr'><strong>niens.</strong></span> <span class='ocrx_word' id='word_1_710' title='bbox 2117 3391 2268 3446; x_wconf 85' lang='lat' dir='ltr'><strong>Nulla</strong></span> <span class='ocrx_word' id='word_1_711' title='bbox 2302 3391 2462 3460; x_wconf 80' lang='lat' dir='ltr'><strong>igitur</strong></span> <span class='ocrx_word' id='word_1_712' title='bbox 2493 3391 2670 3446; x_wconf 90' lang='lat' dir='ltr'><strong>minor</strong></span> <span class='ocrx_word' id='word_1_713' title='bbox 2690 3399 2881 3446; x_wconf 85' lang='lat' dir='ltr'><strong>natura</strong></span> <span class='ocrx_word' id='word_1_714' title='bbox 2910 3389 3260 3445; x_wconf 87' lang='lat' dir='ltr'><strong>materialiter</strong></span> <span class='ocrx_word' id='word_1_715' title='bbox 3303 3397 3386 3444; x_wconf 88' lang='lat' dir='ltr'><strong>est</strong></span> <span class='ocrx_word' id='word_1_716' title='bbox 3421 3403 3488 3442; x_wconf 78' lang='lat' dir='ltr'><strong>ex</strong></span> 
     </span>
    </p>
   </div>
   <div class='ocr_carea' id='block_1_90' title="bbox 1916 3482 3488 3554">
    <p class='ocr_par' dir='ltr' id='par_1_90' title="bbox 1916 3482 3488 3554">
     <span class='ocr_line' id='line_1_91' title="bbox 1916 3482 3488 3554; baseline -0.003 -17"><span class='ocrx_word' id='word_1_717' title='bbox 1916 3499 2128 3538; x_wconf 87' lang='lat' dir='ltr'><strong>summa</strong></span> <span class='ocrx_word' id='word_1_718' title='bbox 2165 3493 2379 3538; x_wconf 88' lang='lat' dir='ltr'><strong>natura.</strong></span> <span class='ocrx_word' id='word_1_719' title='bbox 2407 3482 2542 3538; x_wconf 90' lang='lat' dir='ltr'><strong>Cum</strong></span> <span class='ocrx_word' id='word_1_720' title='bbox 2573 3483 2738 3554; x_wconf 83' lang='lat' dir='ltr'><strong>igitur</strong></span> <span class='ocrx_word' id='word_1_721' title='bbox 2764 3498 2949 3537; x_wconf 87' lang='lat' dir='ltr'><strong>eorum</strong></span> <span class='ocrx_word' id='word_1_722' title='bbox 3003 3483 3314 3550; x_wconf 87' lang='lat' dir='ltr'><strong>essentiam,</strong></span> <span class='ocrx_word' id='word_1_723' title='bbox 3367 3493 3488 3550; x_wconf 73' lang='lat' dir='ltr'><strong>quae</strong></span> 
     </span>
    </p>
   </div>
   <div class='ocr_carea' id='block_1_91' title="bbox 1915 3574 3487 3652">
    <p class='ocr_par' dir='ltr' id='par_1_91' title="bbox 1915 3574 3487 3652">
     <span class='ocr_line' id='line_1_92' title="bbox 1915 3574 3487 3652; baseline -0.004 -18"><span class='ocrx_word' id='word_1_724' title='bbox 1915 3593 2012 3652; x_wconf 90' lang='lat' dir='ltr'><strong>per</strong></span> <span class='ocrx_word' id='word_1_725' title='bbox 2037 3577 2180 3632; x_wconf 88' lang='lat' dir='ltr'><strong>aliud</strong></span> <span class='ocrx_word' id='word_1_726' title='bbox 2205 3585 2352 3642; x_wconf 90' lang='lat' dir='ltr'><strong>sunt,</strong></span> <span class='ocrx_word' id='word_1_727' title='bbox 2389 3583 2598 3631; x_wconf 90' lang='lat' dir='ltr'><strong>constet</strong></span> <span class='ocrx_word' id='word_1_728' title='bbox 2623 3591 2729 3630; x_wconf 92' lang='lat' dir='ltr'><strong>non</strong></span> <span class='ocrx_word' id='word_1_729' title='bbox 2756 3591 2876 3632; x_wconf 89' lang='lat' dir='ltr'><strong>esse</strong></span> <span class='ocrx_word' id='word_1_730' title='bbox 2917 3574 3063 3630; x_wconf 89' lang='lat' dir='ltr'><strong>velut</strong></span> <span class='ocrx_word' id='word_1_731' title='bbox 3109 3589 3176 3628; x_wconf 85' lang='lat' dir='ltr'><strong>ex</strong></span> <span class='ocrx_word' id='word_1_732' title='bbox 3235 3575 3487 3636; x_wconf 89' lang='lat' dir='ltr'><strong>materia,</strong></span> 
     </span>
    </p>
   </div>
   <div class='ocr_carea' id='block_1_92' title="bbox 1915 3665 3494 3731">
    <p class='ocr_par' dir='ltr' id='par_1_92' title="bbox 1915 3665 3494 3731">
     <span class='ocr_line' id='line_1_93' title="bbox 1915 3665 3494 3731; baseline -0.005 -5"><span class='ocrx_word' id='word_1_733' title='bbox 1915 3685 1983 3726; x_wconf 83' lang='lat' dir='ltr'><strong>ex</strong></span> <span class='ocrx_word' id='word_1_734' title='bbox 2003 3683 2214 3724; x_wconf 87' lang='lat' dir='ltr'><strong>summa</strong></span> <span class='ocrx_word' id='word_1_735' title='bbox 2240 3667 2494 3731; x_wconf 89' lang='lat' dir='ltr'><strong>essentia,</strong></span> <span class='ocrx_word' id='word_1_736' title='bbox 2525 3681 2622 3724; x_wconf 88' lang='lat' dir='ltr'><strong>nec</strong></span> <span class='ocrx_word' id='word_1_737' title='bbox 2645 3681 2712 3721; x_wconf 73' lang='lat' dir='ltr'><strong>ex</strong></span> <span class='ocrx_word' id='word_1_738' title='bbox 2737 3681 2815 3730; x_wconf 88' lang='lat' dir='ltr'><strong>se,</strong></span> <span class='ocrx_word' id='word_1_739' title='bbox 2865 3681 2966 3721; x_wconf 87' lang='lat' dir='ltr'><strong>nec</strong></span> <span class='ocrx_word' id='word_1_740' title='bbox 3010 3681 3074 3720; x_wconf 77' lang='lat' dir='ltr'><strong>ex</strong></span> <span class='ocrx_word' id='word_1_741' title='bbox 3106 3667 3210 3719; x_wconf 89' lang='lat' dir='ltr'><strong>alio</strong></span> <span class='ocrx_word' id='word_1_742' title='bbox 3255 3665 3342 3730; x_wconf 71' lang='lat'><strong>“7,</strong></span> <span class='ocrx_word' id='word_1_743' title='bbox 3378 3679 3494 3718; x_wconf 88' lang='lat' dir='ltr'><strong>ma-</strong></span> 
     </span>
    </p>
   </div>
   <div class='ocr_carea' id='block_1_93' title="bbox 1915 3757 3492 3828">
    <p class='ocr_par' dir='ltr' id='par_1_93' title="bbox 1915 3757 3492 3828">
     <span class='ocr_line' id='line_1_94' title="bbox 1915 3757 3492 3828; baseline -0.003 -12"><span class='ocrx_word' id='word_1_744' title='bbox 1915 3759 2167 3816; x_wconf 88' lang='lat' dir='ltr'><strong>nifestum</strong></span> <span class='ocrx_word' id='word_1_745' title='bbox 2195 3768 2279 3812; x_wconf 88' lang='lat' dir='ltr'><strong>est</strong></span> <span class='ocrx_word' id='word_1_746' title='bbox 2301 3759 2428 3828; x_wconf 89' lang='lat' dir='ltr'><strong>quia</strong></span> <span class='ocrx_word' id='word_1_747' title='bbox 2463 3772 2529 3812; x_wconf 81' lang='lat' dir='ltr'><strong>ex</strong></span> <span class='ocrx_word' id='word_1_748' title='bbox 2553 3759 2694 3812; x_wconf 89' lang='lat' dir='ltr'><strong>nulla</strong></span> <span class='ocrx_word' id='word_1_749' title='bbox 2724 3761 2947 3813; x_wconf 87' lang='lat' dir='ltr'><strong>materia</strong></span> <span class='ocrx_word' id='word_1_750' title='bbox 2981 3768 3081 3816; x_wconf 88' lang='lat' dir='ltr'><strong>est.</strong></span> <span class='ocrx_word' id='word_1_751' title='bbox 3109 3757 3307 3826; x_wconf 88' lang='lat' dir='ltr'><strong>Quare,</strong></span> <span class='ocrx_word' id='word_1_752' title='bbox 3357 3773 3492 3828; x_wconf 85' lang='lat' dir='ltr'><strong>quo-</strong></span> 
     </span>
    </p>
   </div>
   <div class='ocr_carea' id='block_1_94' title="bbox 1917 3849 3488 3924">
    <p class='ocr_par' dir='ltr' id='par_1_94' title="bbox 1917 3849 3488 3924">
     <span class='ocr_line' id='line_1_95' title="bbox 1917 3849 3488 3924; baseline -0.002 -18"><span class='ocrx_word' id='word_1_753' title='bbox 1917 3851 2061 3906; x_wconf 89' lang='lat' dir='ltr'><strong>niam</strong></span> <span class='ocrx_word' id='word_1_754' title='bbox 2089 3849 2348 3920; x_wconf 88' lang='lat' dir='ltr'><strong>quidquid</strong></span> <span class='ocrx_word' id='word_1_755' title='bbox 2383 3859 2466 3904; x_wconf 88' lang='lat' dir='ltr'><strong>est</strong></span> <span class='ocrx_word' id='word_1_756' title='bbox 2493 3865 2590 3918; x_wconf 88' lang='lat' dir='ltr'><strong>per</strong></span> <span class='ocrx_word' id='word_1_757' title='bbox 2608 3866 2874 3904; x_wconf 90' lang='lat' dir='ltr'><strong>summam</strong></span> <span class='ocrx_word' id='word_1_758' title='bbox 2906 3851 3198 3924; x_wconf 83' lang='lat' dir='ltr'><strong>essentiam</strong></span> <span class='ocrx_word' id='word_1_759' title='bbox 3229 3859 3332 3914; x_wconf 87' lang='lat' dir='ltr'><strong>est,</strong></span> <span class='ocrx_word' id='word_1_760' title='bbox 3386 3865 3488 3904; x_wconf 89' lang='lat' dir='ltr'><strong>nec</strong></span> 
     </span>
    </p>
   </div>
   <div class='ocr_carea' id='block_1_95' title="bbox 1917 3939 3488 4013">
    <p class='ocr_par' dir='ltr' id='par_1_95' title="bbox 1917 3939 3488 4013">
     <span class='ocr_line' id='line_1_96' title="bbox 1917 3939 3488 4013; baseline -0.002 -16"><span class='ocrx_word' id='word_1_761' title='bbox 1917 3958 2012 4013; x_wconf 90' lang='lat' dir='ltr'><strong>per</strong></span> <span class='ocrx_word' id='word_1_762' title='bbox 2035 3943 2208 4012; x_wconf 89' lang='lat' dir='ltr'><strong>ipsam</strong></span> <span class='ocrx_word' id='word_1_763' title='bbox 2236 3939 2439 4010; x_wconf 88' lang='lat' dir='ltr'><strong>aliquid</strong></span> <span class='ocrx_word' id='word_1_764' title='bbox 2467 3939 2608 3994; x_wconf 89' lang='lat' dir='ltr'><strong>aliud</strong></span> <span class='ocrx_word' id='word_1_765' title='bbox 2633 3955 2752 3994; x_wconf 90' lang='lat' dir='ltr'><strong>esse</strong></span> <span class='ocrx_word' id='word_1_766' title='bbox 2781 3949 2957 4010; x_wconf 91' lang='lat' dir='ltr'><strong>potest</strong></span> <span class='ocrx_word' id='word_1_767' title='bbox 2983 3941 3085 3994; x_wconf 88' lang='lat' dir='ltr'><strong>nisi</strong></span> <span class='ocrx_word' id='word_1_768' title='bbox 3141 3957 3205 3995; x_wconf 88' lang='lat' dir='ltr'><strong>ea</strong></span> <span class='ocrx_word' id='word_1_769' title='bbox 3259 3951 3351 3994; x_wconf 91' lang='lat' dir='ltr'><strong>aut</strong></span> <span class='ocrx_word' id='word_1_770' title='bbox 3399 3941 3488 3994; x_wconf 86' lang='lat' dir='ltr'><strong>fa-</strong></span> 
     </span>
    </p>
   </div>
   <div class='ocr_carea' id='block_1_96' title="bbox 1917 4029 3490 4100">
    <p class='ocr_par' dir='ltr' id='par_1_96' title="bbox 1917 4029 3490 4100">
     <span class='ocr_line' id='line_1_97' title="bbox 1917 4029 3490 4100; baseline -0.002 -12"><span class='ocrx_word' id='word_1_771' title='bbox 1917 4033 2094 4088; x_wconf 88' lang='lat' dir='ltr'><strong>ciente</strong></span> <span class='ocrx_word' id='word_1_772' title='bbox 2124 4041 2216 4086; x_wconf 90' lang='lat' dir='ltr'><strong>aut</strong></span> <span class='ocrx_word' id='word_1_773' title='bbox 2239 4031 2463 4086; x_wconf 90' lang='lat' dir='ltr'><strong>materia</strong></span> <span class='ocrx_word' id='word_1_774' title='bbox 2491 4029 2780 4097; x_wconf 71' lang='lat' dir='ltr'><strong>existente,</strong></span> <span class='ocrx_word' id='word_1_775' title='bbox 2807 4029 3162 4100; x_wconf 89' lang='lat' dir='ltr'><strong>consequitur</strong></span> <span class='ocrx_word' id='word_1_776' title='bbox 3188 4030 3254 4084; x_wconf 88' lang='lat' dir='ltr'><strong>de</strong></span> <span class='ocrx_word' id='word_1_777' title='bbox 3297 4043 3490 4086; x_wconf 89' lang='lat' dir='ltr'><strong>neces-</strong></span> 
     </span>
    </p>
   </div>
   <div class='ocr_carea' id='block_1_97' title="bbox 1916 4120 3494 4194">
    <p class='ocr_par' dir='ltr' id='par_1_97' title="bbox 1916 4120 3494 4194">
     <span class='ocr_line' id='line_1_98' title="bbox 1916 4120 3494 4194; baseline -0.004 -12"><span class='ocrx_word' id='word_1_778' title='bbox 1916 4126 2098 4190; x_wconf 89' lang='lat' dir='ltr'><strong>sitate,</strong></span> <span class='ocrx_word' id='word_1_779' title='bbox 2126 4132 2402 4194; x_wconf 70' lang='lat' dir='ltr'><strong>utprmter</strong></span> <span class='ocrx_word' id='word_1_780' title='bbox 2424 4138 2542 4177; x_wconf 90' lang='lat' dir='ltr'><strong>eam</strong></span> <span class='ocrx_word' id='word_1_781' title='bbox 2575 4121 2711 4176; x_wconf 90' lang='lat' dir='ltr'><strong>nihil</strong></span> <span class='ocrx_word' id='word_1_782' title='bbox 2737 4121 2830 4186; x_wconf 89' lang='lat' dir='ltr'><strong>sit,</strong></span> <span class='ocrx_word' id='word_1_783' title='bbox 2876 4122 2982 4177; x_wconf 91' lang='lat' dir='ltr'><strong>nisi</strong></span> <span class='ocrx_word' id='word_1_784' title='bbox 3032 4135 3094 4176; x_wconf 91' lang='lat' dir='ltr'><strong>ea</strong></span> <span class='ocrx_word' id='word_1_785' title='bbox 3133 4120 3386 4188; x_wconf 89' lang='lat' dir='ltr'><strong>faciente,</strong></span> <span class='ocrx_word' id='word_1_786' title='bbox 3439 4130 3494 4175; x_wconf 88' lang='lat' dir='ltr'><strong>et</strong></span> 
     </span>
    </p>
   </div>
   <div class='ocr_carea' id='block_1_98' title="bbox 1919 4211 3481 4288">
    <p class='ocr_par' dir='ltr' id='par_1_98' title="bbox 1919 4211 3481 4288">
     <span class='ocr_line' id='line_1_99' title="bbox 1919 4211 3481 4288; baseline -0.003 -18"><span class='ocrx_word' id='word_1_787' title='bbox 1919 4217 2175 4288; x_wconf 89' lang='lat' dir='ltr'><strong>quoniam</strong></span> <span class='ocrx_word' id='word_1_788' title='bbox 2209 4214 2342 4269; x_wconf 91' lang='lat' dir='ltr'><strong>nihil</strong></span> <span class='ocrx_word' id='word_1_789' title='bbox 2364 4213 2506 4268; x_wconf 89' lang='lat' dir='ltr'><strong>aliud</strong></span> <span class='ocrx_word' id='word_1_790' title='bbox 2533 4223 2622 4269; x_wconf 86' lang='lat' dir='ltr'><strong>est</strong></span> <span class='ocrx_word' id='word_1_791' title='bbox 2647 4213 2730 4268; x_wconf 90' lang='lat' dir='ltr'><strong>vel</strong></span> <span class='ocrx_word' id='word_1_792' title='bbox 2757 4213 2876 4278; x_wconf 90' lang='lat' dir='ltr'><strong>fuit,</strong></span> <span class='ocrx_word' id='word_1_793' title='bbox 2904 4213 3008 4268; x_wconf 89' lang='lat' dir='ltr'><strong>nisi</strong></span> <span class='ocrx_word' id='word_1_794' title='bbox 3036 4213 3147 4276; x_wconf 87' lang='lat' dir='ltr'><strong>illa,</strong></span> <span class='ocrx_word' id='word_1_795' title='bbox 3173 4219 3228 4267; x_wconf 89' lang='lat' dir='ltr'><strong>et</strong></span> <span class='ocrx_word' id='word_1_796' title='bbox 3253 4228 3370 4282; x_wconf 79' lang='lat' dir='ltr'><strong>qu:e</strong></span> <span class='ocrx_word' id='word_1_797' title='bbox 3403 4211 3481 4266; x_wconf 86' lang='lat' dir='ltr'><strong>fa-</strong></span> 
     </span>
    </p>
   </div>
   <div class='ocr_carea' id='block_1_99' title="bbox 1919 4302 3491 4374">
    <p class='ocr_par' dir='ltr' id='par_1_99' title="bbox 1919 4302 3491 4374">
     <span class='ocr_line' id='line_1_100' title="bbox 1919 4302 3491 4374; baseline -0.004 -11"><span class='ocrx_word' id='word_1_798' title='bbox 1919 4319 2005 4364; x_wconf 91' lang='lat' dir='ltr'><strong>cta</strong></span> <span class='ocrx_word' id='word_1_799' title='bbox 2029 4315 2154 4363; x_wconf 91' lang='lat' dir='ltr'><strong>sunt</strong></span> <span class='ocrx_word' id='word_1_800' title='bbox 2179 4305 2246 4360; x_wconf 88' lang='lat' dir='ltr'><strong>ab</strong></span> <span class='ocrx_word' id='word_1_801' title='bbox 2275 4305 2380 4371; x_wconf 84' lang='lat' dir='ltr'><strong>illa,</strong></span> <span class='ocrx_word' id='word_1_802' title='bbox 2405 4305 2538 4359; x_wconf 89' lang='lat' dir='ltr'><strong>nihil</strong></span> <span class='ocrx_word' id='word_1_803' title='bbox 2559 4305 2780 4359; x_wconf 87' lang='lat' dir='ltr'><strong>omnino</strong></span> <span class='ocrx_word' id='word_1_804' title='bbox 2814 4302 2989 4360; x_wconf 89' lang='lat' dir='ltr'><strong>facere</strong></span> <span class='ocrx_word' id='word_1_805' title='bbox 3013 4304 3185 4374; x_wconf 90' lang='lat' dir='ltr'><strong>potuit</strong></span> <span class='ocrx_word' id='word_1_806' title='bbox 3208 4319 3305 4372; x_wconf 91' lang='lat' dir='ltr'><strong>per</strong></span> <span class='ocrx_word' id='word_1_807' title='bbox 3322 4302 3491 4366; x_wconf 87' lang='lat' dir='ltr'><strong>aliud,</strong></span> 
     </span>
    </p>
   </div>
   <div class='ocr_carea' id='block_1_100' title="bbox 1919 4393 3494 4462">
    <p class='ocr_par' dir='ltr' id='par_1_100' title="bbox 1919 4393 3494 4462">
     <span class='ocr_line' id='line_1_101' title="bbox 1919 4393 3494 4462; baseline -0.004 -10"><span class='ocrx_word' id='word_1_808' title='bbox 1919 4397 2002 4453; x_wconf 90' lang='lat' dir='ltr'><strong>vel</strong></span> <span class='ocrx_word' id='word_1_809' title='bbox 2029 4399 2469 4461; x_wconf 89' lang='lat' dir='ltr'><strong>instrumentum,</strong></span> <span class='ocrx_word' id='word_1_810' title='bbox 2495 4395 2582 4448; x_wconf 91' lang='lat' dir='ltr'><strong>vel</strong></span> <span class='ocrx_word' id='word_1_811' title='bbox 2610 4393 3013 4462; x_wconf 75' lang='lat' dir='ltr'><strong>adiumentum,</strong></span> <span class='ocrx_word' id='word_1_812' title='bbox 3063 4409 3226 4462; x_wconf 91' lang='lat' dir='ltr'><strong>quam</strong></span> <span class='ocrx_word' id='word_1_813' title='bbox 3275 4408 3371 4462; x_wconf 91' lang='lat' dir='ltr'><strong>per</strong></span> <span class='ocrx_word' id='word_1_814' title='bbox 3406 4407 3494 4446; x_wconf 88' lang='lat' dir='ltr'><strong>sc-</strong></span> 
     </span>
    </p>
   </div>
   <div class='ocr_carea' id='block_1_101' title="bbox 1918 4483 3496 4560">
    <p class='ocr_par' dir='ltr' id='par_1_101' title="bbox 1918 4483 3496 4560">
     <span class='ocr_line' id='line_1_102' title="bbox 1918 4483 3496 4560; baseline -0.006 -16"><span class='ocrx_word' id='word_1_815' title='bbox 1918 4489 2116 4560; x_wconf 87' lang='lat' dir='ltr'><strong>ipsam.</strong></span> <span class='ocrx_word' id='word_1_816' title='bbox 2141 4487 2212 4542; x_wconf 80' lang='lat' dir='ltr'><strong>At</strong></span> <span class='ocrx_word' id='word_1_817' title='bbox 2239 4501 2402 4542; x_wconf 88' lang='lat' dir='ltr'><strong>omne</strong></span> <span class='ocrx_word' id='word_1_818' title='bbox 2426 4485 2494 4517; x_wconf 64' lang='lat'><strong>“3</strong></span> <span class='ocrx_word' id='word_1_819' title='bbox 2521 4485 2664 4556; x_wconf 90' lang='lat' dir='ltr'><strong>quod</strong></span> <span class='ocrx_word' id='word_1_820' title='bbox 2695 4484 2823 4542; x_wconf 81' lang='lat' dir='ltr'><strong>fecit</strong></span> <span class='ocrx_word' id='word_1_821' title='bbox 2845 4525 2861 4552; x_wconf 92' lang='lat'><strong>,</strong></span> <span class='ocrx_word' id='word_1_822' title='bbox 2907 4485 3024 4538; x_wconf 90' lang='lat' dir='ltr'><strong>sine</strong></span> <span class='ocrx_word' id='word_1_823' title='bbox 3054 4484 3218 4540; x_wconf 88' lang='lat' dir='ltr'><strong>dubio</strong></span> <span class='ocrx_word' id='word_1_824' title='bbox 3251 4491 3344 4536; x_wconf 89' lang='lat' dir='ltr'><strong>aut</strong></span> <span class='ocrx_word' id='word_1_825' title='bbox 3367 4483 3496 4538; x_wconf 88' lang='lat' dir='ltr'><strong>fecit</strong></span> 
     </span>
    </p>
   </div>
   <div class='ocr_carea' id='block_1_102' title="bbox 1914 4573 3492 4652">
    <p class='ocr_par' dir='ltr' id='par_1_102' title="bbox 1914 4573 3492 4652">
     <span class='ocr_line' id='line_1_103' title="bbox 1914 4573 3492 4652; baseline -0.007 -14"><span class='ocrx_word' id='word_1_826' title='bbox 1914 4599 1982 4638; x_wconf 81' lang='lat' dir='ltr'><strong>ex</strong></span> <span class='ocrx_word' id='word_1_827' title='bbox 2011 4582 2216 4652; x_wconf 89' lang='lat' dir='ltr'><strong>aliquo,</strong></span> <span class='ocrx_word' id='word_1_828' title='bbox 2236 4578 2384 4634; x_wconf 89' lang='lat' dir='ltr'><strong>velut</strong></span> <span class='ocrx_word' id='word_1_829' title='bbox 2409 4591 2478 4632; x_wconf 80' lang='lat' dir='ltr'><strong>ex</strong></span> <span class='ocrx_word' id='word_1_830' title='bbox 2507 4577 2765 4643; x_wconf 86' lang='lat' dir='ltr'><strong>materia;</strong></span> <span class='ocrx_word' id='word_1_831' title='bbox 2793 4583 2978 4632; x_wconf 72' lang='lat' dir='ltr'><strong>aut&#39;ex</strong></span> <span class='ocrx_word' id='word_1_832' title='bbox 3007 4573 3198 4630; x_wconf 87' lang='lat' dir='ltr'><strong>nihilo.</strong></span> <span class='ocrx_word' id='word_1_833' title='bbox 3225 4573 3492 4641; x_wconf 87' lang='lat' dir='ltr'><strong>Quoniam</strong></span> 
     </span>
    </p>
   </div>
   <div class='ocr_carea' id='block_1_103' title="bbox 1913 4665 3494 4746">
    <p class='ocr_par' dir='ltr' id='par_1_103' title="bbox 1913 4665 3494 4746">
     <span class='ocr_line' id='line_1_104' title="bbox 1913 4665 3494 4746; baseline -0.008 -16"><span class='ocrx_word' id='word_1_834' title='bbox 1913 4675 2080 4746; x_wconf 83' lang='lat' dir='ltr'><strong>igitur</strong></span> <span class='ocrx_word' id='word_1_835' title='bbox 2109 4672 2410 4729; x_wconf 89' lang='lat' dir='ltr'><strong>certissime</strong></span> <span class='ocrx_word' id='word_1_836' title='bbox 2429 4677 2580 4742; x_wconf 89' lang='lat' dir='ltr'><strong>patet</strong></span> <span class='ocrx_word' id='word_1_837' title='bbox 2609 4668 2736 4740; x_wconf 91' lang='lat' dir='ltr'><strong>quia</strong></span> <span class='ocrx_word' id='word_1_838' title='bbox 2781 4667 3020 4724; x_wconf 89' lang='lat' dir='ltr'><strong>essentia</strong></span> <span class='ocrx_word' id='word_1_839' title='bbox 3069 4665 3332 4730; x_wconf 87' lang='lat' dir='ltr'><strong>omnium,</strong></span> <span class='ocrx_word' id='word_1_840' title='bbox 3371 4679 3494 4735; x_wconf 70' lang='lat' dir='ltr'><strong>qua:</strong></span> 
     </span>
    </p>
   </div>
   <div class='ocr_carea' id='block_1_104' title="bbox 1491 4765 2160 4828">
    <p class='ocr_par' dir='ltr' id='par_1_104' title="bbox 1491 4765 2160 4828">
     <span class='ocr_line' id='line_1_105' title="bbox 1491 4765 2160 4828; baseline -0.012 -1"><span class='ocrx_word' id='word_1_841' title='bbox 1491 4769 1726 4828; x_wconf 66' lang='lat' dir='ltr'><strong>VARIIE</strong></span> <span class='ocrx_word' id='word_1_842' title='bbox 1758 4765 2160 4826; x_wconf 81' lang='lat' dir='ltr'><strong>LECTIONES.</strong></span> 
     </span>
    </p>
   </div>
   <div class='ocr_carea' id='block_1_105' title="bbox 312 4841 2006 4900">
    <p class='ocr_par' dir='ltr' id='par_1_105' title="bbox 312 4841 2006 4900">
     <span class='ocr_line' id='line_1_106' title="bbox 312 4841 2006 4900; baseline -0.005 -1"><span class='ocrx_word' id='word_1_843' title='bbox 312 4845 380 4879; x_wconf 69' lang='grc' dir='ltr'><strong><em>η’</em></strong></span> <span class='ocrx_word' id='word_1_844' title='bbox 424 4843 564 4899; x_wconf 88' lang='lat' dir='ltr'><strong>Sunt</strong></span> <span class='ocrx_word' id='word_1_845' title='bbox 605 4845 672 4900; x_wconf 86' lang='lat' dir='ltr'><strong>ad</strong></span> <span class='ocrx_word' id='word_1_846' title='bbox 709 4845 938 4900; x_wconf 75' lang='lat' dir='ltr'><strong>invicem</strong></span> <span class='ocrx_word' id='word_1_847' title='bbox 991 4861 1118 4899; x_wconf 76' lang='lat' dir='ltr'><strong>mss.</strong></span> <span class='ocrx_word' id='word_1_848' title='bbox 1183 4841 1314 4898; x_wconf 82' lang='lat' dir='ltr'><strong>Vict.</strong></span> <span class='ocrx_word' id='word_1_849' title='bbox 1360 4851 1487 4898; x_wconf 91' lang='lat' dir='ltr'><strong>sunt</strong></span> <span class='ocrx_word' id='word_1_850' title='bbox 1547 4843 1614 4898; x_wconf 89' lang='lat' dir='ltr'><strong>ad</strong></span> <span class='ocrx_word' id='word_1_851' title='bbox 1659 4857 1720 4896; x_wconf 91' lang='lat' dir='ltr'><strong>se</strong></span> <span class='ocrx_word' id='word_1_852' title='bbox 1775 4841 2006 4896; x_wconf 89' lang='lat' dir='ltr'><strong>invicem</strong></span> 
     </span>
    </p>
   </div>
   <div class='ocr_carea' id='block_1_106' title="bbox 247 4906 2208 4978">
    <p class='ocr_par' dir='ltr' id='par_1_106' title="bbox 247 4906 2208 4978">
     <span class='ocr_line' id='line_1_107' title="bbox 247 4906 2208 4978; baseline -0.006 -8"><span class='ocrx_word' id='word_1_853' title='bbox 247 4915 377 4970; x_wconf 74' lang='lat' dir='ltr'><strong>Tha.</strong></span> <span class='ocrx_word' id='word_1_854' title='bbox 433 4913 502 4968; x_wconf 84' lang='grc' dir='ltr'><strong>1η</strong></span> <span class='ocrx_word' id='word_1_855' title='bbox 547 4931 647 4978; x_wconf 67' lang='grc' dir='ltr'><strong>πυ.</strong></span> <span class='ocrx_word' id='word_1_856' title='bbox 711 4913 894 4970; x_wconf 81' lang='lat' dir='ltr'><strong>Sancti</strong></span> <span class='ocrx_word' id='word_1_857' title='bbox 963 4913 1128 4969; x_wconf 77' lang='lat' dir='ltr'><strong>Mich.</strong></span> <span class='ocrx_word' id='word_1_858' title='bbox 1190 4913 1581 4968; x_wconf 82' lang='lat' dir='ltr'><strong>distribuuntur</strong></span> <span class='ocrx_word' id='word_1_859' title='bbox 1631 4913 1802 4978; x_wconf 82' lang='lat' dir='ltr'><strong>capita</strong></span> <span class='ocrx_word' id='word_1_860' title='bbox 1852 4920 1908 4964; x_wconf 85' lang='lat' dir='ltr'><strong>ut</strong></span> <span class='ocrx_word' id='word_1_861' title='bbox 1957 4909 2013 4962; x_wconf 87' lang='lat' dir='ltr'><strong>in</strong></span> <span class='ocrx_word' id='word_1_862' title='bbox 2056 4906 2208 4960; x_wconf 83' lang='lat' dir='ltr'><strong>editis</strong></span> 
     </span>
    </p>
   </div>
   <div class='ocr_carea' id='block_1_107' title="bbox 2129 4826 3490 4902">
    <p class='ocr_par' dir='ltr' id='par_1_107' title="bbox 2129 4826 3490 4902">
     <span class='ocr_line' id='line_1_108' title="bbox 2129 4826 3490 4902; baseline -0.003 -19"><span class='ocrx_word' id='word_1_863' title='bbox 2129 4835 2198 4866; x_wconf 75' lang='grc' dir='ltr'><strong>ι³⁰</strong></span> <span class='ocrx_word' id='word_1_864' title='bbox 2254 4833 2384 4902; x_wconf 79' lang='lat' dir='ltr'><strong>Cap.</strong></span> <span class='ocrx_word' id='word_1_865' title='bbox 2427 4832 2462 4887; x_wconf 87' lang='lat'><strong>6</strong></span> <span class='ocrx_word' id='word_1_866' title='bbox 2491 4838 2592 4902; x_wconf 18' lang='lat' dir='ltr'><strong>fect</strong></span> <span class='ocrx_word' id='word_1_867' title='bbox 2625 4829 2668 4902; x_wconf 11' lang='lat'><strong>,7</strong></span> <span class='ocrx_word' id='word_1_868' title='bbox 2711 4831 2769 4885; x_wconf 83' lang='lat' dir='ltr'><strong>in</strong></span> <span class='ocrx_word' id='word_1_869' title='bbox 2821 4847 2979 4902; x_wconf 35' lang='lat' dir='ltr'><strong>mssa</strong></span> <span class='ocrx_word' id='word_1_870' title='bbox 3014 4827 3162 4884; x_wconf 81' lang='lat' dir='ltr'><strong>Gem.</strong></span> <span class='ocrx_word' id='word_1_871' title='bbox 3223 4826 3380 4902; x_wconf 57' lang='lat' dir='ltr'><strong>Coro:</strong></span> <span class='ocrx_word' id='word_1_872' title='bbox 3443 4841 3490 4880; x_wconf 80' lang='lat' dir='ltr'><strong>er</strong></span> 
     </span>
    </p>
   </div>
   <div class='ocr_carea' id='block_1_108' title="bbox 2331 4897 3490 4970">
    <p class='ocr_par' dir='ltr' id='par_1_108' title="bbox 2331 4897 3490 4970">
     <span class='ocr_line' id='line_1_109' title="bbox 2331 4897 3490 4970; baseline -0.003 -16"><span class='ocrx_word' id='word_1_873' title='bbox 2331 4897 2397 4934; x_wconf 52' lang='lat'><strong>1“</strong></span> <span class='ocrx_word' id='word_1_874' title='bbox 2451 4901 2554 4956; x_wconf 82' lang='lat' dir='ltr'><strong>Ms.</strong></span> <span class='ocrx_word' id='word_1_875' title='bbox 2608 4901 2762 4956; x_wconf 66' lang='grc' dir='ltr'><strong>(ἔοι-ὁ.</strong></span> <span class='ocrx_word' id='word_1_876' title='bbox 2828 4899 2980 4968; x_wconf 89' lang='lat' dir='ltr'><strong>Quod</strong></span> <span class='ocrx_word' id='word_1_877' title='bbox 3039 4915 3103 4970; x_wconf 74' lang='lat' dir='ltr'><strong>ea</strong></span> <span class='ocrx_word' id='word_1_878' title='bbox 3169 4913 3291 4970; x_wconf 74' lang='lat' dir='ltr'><strong>qua:</strong></span> <span class='ocrx_word' id='word_1_879' title='bbox 3336 4897 3490 4970; x_wconf 78' lang='lat' dir='ltr'><strong>facta</strong></span> 
     </span>
    </p>
   </div>
   <div class='ocr_carea' id='block_1_109' title="bbox 247 4965 3491 5051">
    <p class='ocr_par' dir='ltr' id='par_1_109' title="bbox 247 4965 3491 5051">
     <span class='ocr_line' id='line_1_110' title="bbox 247 4965 3491 5051; baseline -0.007 -12"><span class='ocrx_word' id='word_1_880' title='bbox 247 4965 376 5040; x_wconf 55' lang='lat' dir='ltr'><strong>inihi</strong></span> <span class='ocrx_word' id='word_1_881' title='bbox 415 4965 497 5039; x_wconf 73' lang='lat' dir='ltr'><strong>de</strong></span> <span class='ocrx_word' id='word_1_882' title='bbox 526 4965 890 5048; x_wconf 62' lang='grc' dir='ltr'><strong>ήιῦιιοζῖίόιῖ</strong></span> <span class='ocrx_word' id='word_1_883' title='bbox 928 4965 1622 5051; x_wconf 13' lang='lat' dir='ltr'><strong>nihili-erant”antequam</strong></span> <span class='ocrx_word' id='word_1_884' title='bbox 1666 4965 1915 5051; x_wconf 13' lang='lat' dir='ltr'><strong>rr&#39;lierent,</strong></span> <span class='ocrx_word' id='word_1_885' title='bbox 1975 4985 2261 5051; x_wconf 38' lang='lat' dir='ltr'><strong>quantum-</strong></span> <span class='ocrx_word' id='word_1_886' title='bbox 2299 4973 2364 5051; x_wconf 62' lang='lat' dir='ltr'><strong>ad</strong></span> <span class='ocrx_word' id='word_1_887' title='bbox 2421 4973 2682 5051; x_wconf 70' lang='lat' dir='ltr'><strong>rationem</strong></span> <span class='ocrx_word' id='word_1_888' title='bbox 2749 4965 2986 5051; x_wconf 79' lang='lat' dir='ltr'><strong>faciens.</strong></span> <span class='ocrx_word' id='word_1_889' title='bbox 3057 4967 3144 5051; x_wconf 61' lang='lat' dir='ltr'><strong>Et</strong></span> <span class='ocrx_word' id='word_1_890' title='bbox 3185 4965 3491 5051; x_wconf 54' lang='lat' dir='ltr'><strong>esi&quot;an</strong></span> 
     </span>
    </p>
   </div>
   <div class='ocr_carea' id='block_1_110' title="bbox 247 5039 3494 5124">
    <p class='ocr_par' dir='ltr' id='par_1_110' title="bbox 247 5039 3494 5124">
     <span class='ocr_line' id='line_1_111' title="bbox 247 5039 3494 5124; baseline -0.005 -16"><span class='ocrx_word' id='word_1_891' title='bbox 247 5039 424 5124; x_wconf 79' lang='lat' dir='ltr'><strong>capitis</strong></span> <span class='ocrx_word' id='word_1_892' title='bbox 449 5053 482 5107; x_wconf 89' lang='lat'><strong>8</strong></span> <span class='ocrx_word' id='word_1_893' title='bbox 507 5056 564 5109; x_wconf 83' lang='lat' dir='ltr'><strong>in</strong></span> <span class='ocrx_word' id='word_1_894' title='bbox 597 5039 774 5110; x_wconf 10' lang='lat' dir='ltr'><strong>editis?</strong></span> <span class='ocrx_word' id='word_1_895' title='bbox 814 5039 893 5086; x_wconf 17' lang='grc' dir='ltr'><strong>ν¹³²</strong></span> <span class='ocrx_word' id='word_1_896' title='bbox 934 5039 1184 5111; x_wconf 66' lang='grc' dir='ltr'>ΰιτιιιιιε</span> <span class='ocrx_word' id='word_1_897' title='bbox 1215 5055 1326 5108; x_wconf 86' lang='grc' dir='ltr'><strong>1)εο</strong></span> <span class='ocrx_word' id='word_1_898' title='bbox 1352 5039 1838 5124; x_wconf 30' lang='grc' dir='ltr'>εἰηιῖηεεἎιιιιιιιηι</span> <span class='ocrx_word' id='word_1_899' title='bbox 1865 5039 2121 5104; x_wconf 47' lang='lat' dir='ltr'><strong>ideo-siut</strong></span> <span class='ocrx_word' id='word_1_900' title='bbox 2195 5045 2264 5076; x_wconf 85' lang='grc'><strong>¹³⁸</strong></span> <span class='ocrx_word' id='word_1_901' title='bbox 2302 5041 2494 5098; x_wconf 84' lang='lat' dir='ltr'><strong>Essent</strong></span> <span class='ocrx_word' id='word_1_902' title='bbox 2545 5042 2761 5124; x_wconf 55' lang='lat' dir='ltr'><strong>adjuvat</strong></span> <span class='ocrx_word' id='word_1_903' title='bbox 2786 5057 2923 5124; x_wconf 74' lang='lat' dir='ltr'><strong>_mss.</strong></span> <span class='ocrx_word' id='word_1_904' title='bbox 2971 5039 3494 5124; x_wconf 46' lang='lat' dir='ltr'><strong>essent-,nadjuv‘efit</strong></span> 
     </span>
    </p>
   </div>
   <div class='ocr_carea' id='block_1_111' title="bbox 250 5105 3488 5188">
    <p class='ocr_par' dir='ltr' id='par_1_111' title="bbox 250 5105 3488 5188">
     <span class='ocr_line' id='line_1_112' title="bbox 250 5105 3488 5188; baseline 0.004 -11"><span class='ocrx_word' id='word_1_905' title='bbox 250 5105 563 5180; x_wconf 50' lang='lat' dir='ltr'><strong>animi;</strong></span> <span class='ocrx_word' id='word_1_906' title='bbox 589 5105 882 5180; x_wconf 54' lang='lat' dir='ltr'><strong>iniam...</strong></span> <span class='ocrx_word' id='word_1_907' title='bbox 913 5105 1333 5182; x_wconf 61' lang='grc' dir='ltr'><strong>αῖιιίεῑῑοῑηιῑέιίι</strong></span> <span class='ocrx_word' id='word_1_908' title='bbox 1354 5105 1504 5178; x_wconf 61' lang='lat' dir='ltr'><strong>me</strong></span> <span class='ocrx_word' id='word_1_909' title='bbox 1689 5105 1818 5188; x_wconf 56' lang='lat' dir='ltr'><strong>aus</strong></span> <span class='ocrx_word' id='word_1_910' title='bbox 1862 5129 1988 5174; x_wconf 69' lang='lat' dir='ltr'><strong>sunt</strong></span> <span class='ocrx_word' id='word_1_911' title='bbox 2016 5125 2248 5188; x_wconf 66' lang='lat' dir='ltr'><strong>quatuor</strong></span> <span class='ocrx_word' id='word_1_912' title='bbox 2276 5129 2400 5168; x_wconf 73' lang='lat' dir='ltr'><strong>mss.</strong></span> <span class='ocrx_word' id='word_1_913' title='bbox 2427 5105 2825 5188; x_wconf 56' lang='lat' dir='ltr'><strong>emanet.</strong></span> <span class='ocrx_word' id='word_1_914' title='bbox 2857 5121 3089 5188; x_wconf 67' lang='grc' dir='ltr'>(ιιιτιιυειῑ</span> <span class='ocrx_word' id='word_1_915' title='bbox 3164 5105 3488 5188; x_wconf 68' lang='grc' dir='ltr'>,ιηιθίιίιιὲ</span> 
     </span>
    </p>
   </div>
   <div class='ocr_carea' id='block_1_112' title="bbox 247 5195 1082 5265">
    <p class='ocr_par' dir='ltr' id='par_1_112' title="bbox 247 5195 1082 5265">
     <span class='ocr_line' id='line_1_113' title="bbox 247 5195 1082 5265; baseline 0 -17"><span class='ocrx_word' id='word_1_916' title='bbox 247 5209 398 5262; x_wconf 82' lang='lat' dir='ltr'><strong>posse</strong></span> <span class='ocrx_word' id='word_1_917' title='bbox 429 5211 556 5249; x_wconf 78' lang='lat' dir='ltr'><strong>mss.</strong></span> <span class='ocrx_word' id='word_1_918' title='bbox 604 5195 826 5264; x_wconf 77' lang='lat' dir='ltr'><strong>intelligi</strong></span> <span class='ocrx_word' id='word_1_919' title='bbox 856 5204 1082 5265; x_wconf 88' lang='lat' dir='ltr'><strong>possunt</strong></span> 
     </span>
    </p>
   </div>
   <div class='ocr_carea' id='block_1_113' title="bbox 1177 5187 2320 5262">
    <p class='ocr_par' dir='ltr' id='par_1_113' title="bbox 1177 5187 2320 5262">
     <span class='ocr_line' id='line_1_114' title="bbox 1177 5187 2320 5262; baseline -0.012 -11"><span class='ocrx_word' id='word_1_920' title='bbox 1177 5195 1242 5226; x_wconf 67' lang='grc'><strong>’³⁷</strong></span> <span class='ocrx_word' id='word_1_921' title='bbox 1283 5193 1436 5262; x_wconf 89' lang='lat' dir='ltr'><strong>Unde</strong></span> <span class='ocrx_word' id='word_1_922' title='bbox 1461 5193 1548 5262; x_wconf 85' lang='lat' dir='ltr'><strong>hic</strong></span> <span class='ocrx_word' id='word_1_923' title='bbox 1583 5194 1699 5262; x_wconf 88' lang='lat' dir='ltr'><strong>ipsa</strong></span> <span class='ocrx_word' id='word_1_924' title='bbox 1714 5187 1851 5246; x_wconf 26' lang='lat' dir='ltr'><strong>’mss.</strong></span> <span class='ocrx_word' id='word_1_925' title='bbox 1879 5187 2164 5244; x_wconf 81' lang='lat' dir='ltr'><strong>undeth</strong></span> <span class='ocrx_word' id='word_1_926' title='bbox 2192 5187 2320 5262; x_wconf 66' lang='lat' dir='ltr'><strong>ipsa</strong></span> 
     </span>
    </p>
   </div>
   <div class='ocr_carea' id='block_1_114' title="bbox 246 5255 2260 5332">
    <p class='ocr_par' dir='ltr' id='par_1_114' title="bbox 246 5255 2260 5332">
     <span class='ocr_line' id='line_1_115' title="bbox 246 5255 2260 5332; baseline -0.006 -12"><span class='ocrx_word' id='word_1_927' title='bbox 246 5255 424 5320; x_wconf 75' lang='lat' dir='ltr'><strong>Potest</strong></span> <span class='ocrx_word' id='word_1_928' title='bbox 465 5279 536 5318; x_wconf 81' lang='lat' dir='ltr'><strong>ex</strong></span> <span class='ocrx_word' id='word_1_929' title='bbox 571 5266 674 5319; x_wconf 86' lang='lat' dir='ltr'><strong>alia</strong></span> <span class='ocrx_word' id='word_1_930' title='bbox 705 5255 828 5320; x_wconf 69' lang='lat' dir='ltr'><strong>mss.</strong></span> <span class='ocrx_word' id='word_1_931' title='bbox 859 5255 1008 5320; x_wconf 68' lang='lat' dir='ltr'><strong>&#39;Gem.</strong></span> <span class='ocrx_word' id='word_1_932' title='bbox 1033 5265 1189 5320; x_wconf 88' lang='lat' dir='ltr'><strong>Carb.</strong></span> <span class='ocrx_word' id='word_1_933' title='bbox 1221 5263 1352 5318; x_wconf 83' lang='lat' dir='ltr'><strong>Vict.</strong></span> <span class='ocrx_word' id='word_1_934' title='bbox 1389 5261 1447 5318; x_wconf 90' lang='lat' dir='ltr'><strong>S.</strong></span> <span class='ocrx_word' id='word_1_935' title='bbox 1497 5255 1660 5318; x_wconf 72' lang='lat' dir='ltr'><strong>Miclr.</strong></span> <span class='ocrx_word' id='word_1_936' title='bbox 1699 5270 1878 5332; x_wconf 91' lang='lat' dir='ltr'><strong>potest</strong></span> <span class='ocrx_word' id='word_1_937' title='bbox 1907 5274 2026 5316; x_wconf 91' lang='lat' dir='ltr'><strong>esse</strong></span> <span class='ocrx_word' id='word_1_938' title='bbox 2065 5273 2130 5332; x_wconf 78' lang='lat' dir='ltr'><strong>ex</strong></span> <span class='ocrx_word' id='word_1_939' title='bbox 2158 5255 2260 5332; x_wconf 79' lang='lat' dir='ltr'><strong>alia</strong></span> 
     </span>
    </p>
   </div>
   <div class='ocr_carea' id='block_1_115' title="bbox 2425 5175 3490 5238">
    <p class='ocr_par' dir='ltr' id='par_1_115' title="bbox 2425 5175 3490 5238">
     <span class='ocr_line' id='line_1_116' title="bbox 2425 5175 3490 5238; baseline -0.01 1"><span class='ocrx_word' id='word_1_940' title='bbox 2425 5175 2492 5215; x_wconf 76' lang='grc'><strong>’⁵⁸</strong></span> <span class='ocrx_word' id='word_1_941' title='bbox 2524 5175 2639 5238; x_wconf 81' lang='lat' dir='ltr'><strong>Alia</strong></span> <span class='ocrx_word' id='word_1_942' title='bbox 2671 5175 2851 5236; x_wconf 88' lang='lat' dir='ltr'><strong>verius</strong></span> <span class='ocrx_word' id='word_1_943' title='bbox 2876 5175 3004 5235; x_wconf 70' lang='lat' dir='ltr'><strong>mss.</strong></span> <span class='ocrx_word' id='word_1_944' title='bbox 3031 5179 3118 5234; x_wconf 87' lang='lat' dir='ltr'><strong>illa</strong></span> <span class='ocrx_word' id='word_1_945' title='bbox 3151 5177 3332 5231; x_wconf 89' lang='lat' dir='ltr'><strong>verius</strong></span> <span class='ocrx_word' id='word_1_946' title='bbox 3423 5175 3490 5207; x_wconf 85' lang='grc'><strong>¹³⁹</strong></span> 
     </span>
    </p>
   </div>
   <div class='ocr_carea' id='block_1_116' title="bbox 2365 5244 3490 5321">
    <p class='ocr_par' dir='ltr' id='par_1_116' title="bbox 2365 5244 3490 5321">
     <span class='ocr_line' id='line_1_117' title="bbox 2365 5244 3490 5321; baseline -0.011 -11"><span class='ocrx_word' id='word_1_947' title='bbox 2365 5251 2432 5286; x_wconf 66' lang='grc'><strong>⁸⁸⁸</strong></span> <span class='ocrx_word' id='word_1_948' title='bbox 2469 5253 2546 5308; x_wconf 80' lang='lat' dir='ltr'><strong>Ex</strong></span> <span class='ocrx_word' id='word_1_949' title='bbox 2579 5253 2755 5321; x_wconf 88' lang='lat' dir='ltr'><strong>aliqua</strong></span> <span class='ocrx_word' id='word_1_950' title='bbox 2785 5251 2940 5306; x_wconf 86' lang='lat' dir='ltr'><strong>tertia</strong></span> <span class='ocrx_word' id='word_1_951' title='bbox 2967 5267 3091 5304; x_wconf 79' lang='lat' dir='ltr'><strong>mss.</strong></span> <span class='ocrx_word' id='word_1_952' title='bbox 3125 5248 3258 5302; x_wconf 82' lang='lat' dir='ltr'><strong>&#39;I&#39;Im.</strong></span> <span class='ocrx_word' id='word_1_953' title='bbox 3287 5261 3354 5300; x_wconf 76' lang='lat' dir='ltr'><strong>ex</strong></span> <span class='ocrx_word' id='word_1_954' title='bbox 3386 5244 3490 5321; x_wconf 82' lang='lat' dir='ltr'><strong>alia</strong></span> 
     </span>
    </p>
   </div>
   <div class='ocr_carea' id='block_1_117' title="bbox 249 5317 3487 5406">
    <p class='ocr_par' dir='ltr' id='par_1_117' title="bbox 249 5317 3487 5406">
     <span class='ocr_line' id='line_1_118' title="bbox 249 5317 3487 5406; baseline -0.006 -16"><span class='ocrx_word' id='word_1_955' title='bbox 249 5317 419 5406; x_wconf 15' lang='lat' dir='ltr'><strong>le&#39;rtiai</strong></span> <span class='ocrx_word' id='word_1_956' title='bbox 476 5317 548 5366; x_wconf 59' lang='grc' dir='ltr'><strong>ίίί</strong></span> <span class='ocrx_word' id='word_1_957' title='bbox 576 5317 847 5406; x_wconf 50' lang='grc' dir='ltr'>ῇιιοιιίξιιιι</span> <span class='ocrx_word' id='word_1_958' title='bbox 868 5317 1057 5406; x_wconf 58' lang='lat' dir='ltr'><strong>periti</strong></span> <span class='ocrx_word' id='word_1_959' title='bbox 1077 5317 1174 5404; x_wconf 81' lang='lat' dir='ltr'><strong>per</strong></span> <span class='ocrx_word' id='word_1_960' title='bbox 1201 5317 1349 5404; x_wconf 83' lang='lat' dir='ltr'><strong>quod</strong></span> <span class='ocrx_word' id='word_1_961' title='bbox 1367 5317 1491 5406; x_wconf 84' lang='lat' dir='ltr'><strong>sunt</strong></span> <span class='ocrx_word' id='word_1_962' title='bbox 1520 5317 1716 5388; x_wconf 72' lang='lat' dir='ltr'><strong>cuncta</strong></span> <span class='ocrx_word' id='word_1_963' title='bbox 1739 5350 1750 5386; x_wconf 94' lang='lat'><strong>:</strong></span> <span class='ocrx_word' id='word_1_964' title='bbox 1777 5343 1826 5386; x_wconf 89' lang='lat' dir='ltr'><strong>et</strong></span> <span class='ocrx_word' id='word_1_965' title='bbox 1860 5347 1964 5386; x_wconf 90' lang='lat' dir='ltr'><strong>non</strong></span> <span class='ocrx_word' id='word_1_966' title='bbox 2012 5328 2180 5384; x_wconf 88' lang='lat' dir='ltr'><strong>solum</strong></span> <span class='ocrx_word' id='word_1_967' title='bbox 2219 5325 2270 5378; x_wconf 89' lang='lat' dir='ltr'><strong>id</strong></span> <span class='ocrx_word' id='word_1_968' title='bbox 2301 5341 2398 5406; x_wconf 74' lang='lat' dir='ltr'><strong>per</strong></span> <span class='ocrx_word' id='word_1_969' title='bbox 2421 5326 2562 5406; x_wconf 64' lang='lat' dir='ltr'><strong>quod</strong></span> <span class='ocrx_word' id='word_1_970' title='bbox 2591 5317 2782 5406; x_wconf 81' lang='lat' dir='ltr'><strong>cuneta</strong></span> <span class='ocrx_word' id='word_1_971' title='bbox 2816 5331 2960 5382; x_wconf 89' lang='lat' dir='ltr'><strong>sunt,</strong></span> <span class='ocrx_word' id='word_1_972' title='bbox 2993 5327 3286 5406; x_wconf 34' lang='lat' dir='ltr'><strong>quatsant</strong></span> <span class='ocrx_word' id='word_1_973' title='bbox 3308 5317 3487 5406; x_wconf 64' lang='lat' dir='ltr'><strong>smnia</strong></span> 
     </span>
    </p>
   </div>
   <div class='ocr_carea' id='block_1_118' title="bbox 245 5389 3492 5475">
    <p class='ocr_par' dir='ltr' id='par_1_118' title="bbox 245 5389 3492 5475">
     <span class='ocr_line' id='line_1_119' title="bbox 245 5389 3492 5475; baseline -0.006 -17"><span class='ocrx_word' id='word_1_974' title='bbox 245 5405 396 5460; x_wconf 87' lang='lat' dir='ltr'><strong>falsa.</strong></span> <span class='ocrx_word' id='word_1_975' title='bbox 431 5421 531 5458; x_wconf 82' lang='lat' dir='ltr'><strong>ms.</strong></span> <span class='ocrx_word' id='word_1_976' title='bbox 563 5389 720 5460; x_wconf 64' lang='lat' dir='ltr'><strong>cini.</strong></span> <span class='ocrx_word' id='word_1_977' title='bbox 744 5389 934 5475; x_wconf 18' lang='lat' dir='ltr'><strong>iquarru</strong></span> <span class='ocrx_word' id='word_1_978' title='bbox 956 5389 1051 5474; x_wconf 87' lang='lat' dir='ltr'><strong>per</strong></span> <span class='ocrx_word' id='word_1_979' title='bbox 1079 5389 1146 5458; x_wconf 53' lang='lat' dir='ltr'><strong>rid</strong></span> <span class='ocrx_word' id='word_1_980' title='bbox 1187 5389 1282 5468; x_wconf 70' lang='lat' dir='ltr'><strong>per</strong></span> <span class='ocrx_word' id='word_1_981' title='bbox 1309 5405 1608 5475; x_wconf 80' lang='lat' dir='ltr'><strong>quodsunt</strong></span> <span class='ocrx_word' id='word_1_982' title='bbox 1655 5415 1850 5457; x_wconf 88' lang='lat' dir='ltr'><strong>cuncta</strong></span> <span class='ocrx_word' id='word_1_983' title='bbox 1897 5408 2056 5464; x_wconf 89' lang='lat' dir='ltr'><strong>sunt;</strong></span> <span class='ocrx_word' id='word_1_984' title='bbox 2095 5413 2213 5466; x_wconf 66' lang='lat' dir='ltr'><strong>quae</strong></span> <span class='ocrx_word' id='word_1_985' title='bbox 2255 5389 2452 5449; x_wconf 46' lang='lat' dir='ltr'><strong>omnia&quot;</strong></span> <span class='ocrx_word' id='word_1_986' title='bbox 2483 5396 2616 5475; x_wconf 43' lang='lat' dir='ltr'><strong>fiilsa</strong></span> <span class='ocrx_word' id='word_1_987' title='bbox 2649 5401 2804 5475; x_wconf 85' lang='lat' dir='ltr'><strong>_sunt.</strong></span> <span class='ocrx_word' id='word_1_988' title='bbox 2845 5403 3159 5475; x_wconf 29' lang='lat' dir='ltr'><strong>muniti-uani</strong></span> <span class='ocrx_word' id='word_1_989' title='bbox 3191 5389 3370 5475; x_wconf 55' lang='lat' dir='ltr'><strong>per</strong></span> <span class='ocrx_word' id='word_1_990' title='bbox 3395 5399 3492 5475; x_wconf 73' lang='lat' dir='ltr'><strong>per</strong></span> 
     </span>
    </p>
   </div>
   <div class='ocr_carea' id='block_1_119' title="bbox 247 5464 2892 5544">
    <p class='ocr_par' dir='ltr' id='par_1_119' title="bbox 247 5464 2892 5544">
     <span class='ocr_line' id='line_1_120' title="bbox 247 5464 2892 5544; baseline -0.006 -15"><span class='ocrx_word' id='word_1_991' title='bbox 247 5477 384 5544; x_wconf 87' lang='lat' dir='ltr'><strong>quod</strong></span> <span class='ocrx_word' id='word_1_992' title='bbox 406 5484 536 5529; x_wconf 90' lang='lat' dir='ltr'><strong>sunt</strong></span> <span class='ocrx_word' id='word_1_993' title='bbox 561 5464 795 5541; x_wconf 67' lang='lat' dir='ltr'><strong>cuncta;</strong></span> <span class='ocrx_word' id='word_1_994' title='bbox 816 5485 872 5530; x_wconf 91' lang='lat' dir='ltr'><strong>et</strong></span> <span class='ocrx_word' id='word_1_995' title='bbox 901 5464 1008 5530; x_wconf 74' lang='lat' dir='ltr'><strong>non</strong></span> <span class='ocrx_word' id='word_1_996' title='bbox 1036 5464 1386 5530; x_wconf 48' lang='lat' dir='ltr'><strong>esset&#39;solu&#39;m</strong></span> <span class='ocrx_word' id='word_1_997' title='bbox 1419 5473 1470 5527; x_wconf 92' lang='lat' dir='ltr'><strong>id</strong></span> <span class='ocrx_word' id='word_1_998' title='bbox 1518 5489 1615 5541; x_wconf 91' lang='lat' dir='ltr'><strong>per</strong></span> <span class='ocrx_word' id='word_1_999' title='bbox 1653 5475 1796 5544; x_wconf 63' lang='lat' dir='ltr'><strong>quod</strong></span> <span class='ocrx_word' id='word_1_1000' title='bbox 1824 5479 2020 5544; x_wconf 87' lang='lat' dir='ltr'><strong>cuncta</strong></span> <span class='ocrx_word' id='word_1_1001' title='bbox 2049 5464 2204 5544; x_wconf 72' lang='lat' dir='ltr'><strong>sunt;</strong></span> <span class='ocrx_word' id='word_1_1002' title='bbox 2235 5481 2353 5536; x_wconf 78' lang='lat' dir='ltr'><strong>qua:</strong></span> <span class='ocrx_word' id='word_1_1003' title='bbox 2378 5464 2558 5520; x_wconf 89' lang='lat' dir='ltr'><strong>omnia</strong></span> <span class='ocrx_word' id='word_1_1004' title='bbox 2592 5464 2722 5544; x_wconf 75' lang='lat' dir='ltr'><strong>falsa</strong></span> <span class='ocrx_word' id='word_1_1005' title='bbox 2748 5469 2892 5544; x_wconf 73' lang='lat' dir='ltr'><strong>sunt.</strong></span> 
     </span>
    </p>
   </div>
   <div class='ocr_carea' id='block_1_120' title="bbox 1652 5539 2792 5610">
    <p class='ocr_par' dir='ltr' id='par_1_120' title="bbox 1652 5539 2792 5610">
     <span class='ocr_line' id='line_1_121' title="bbox 1652 5539 2792 5610; baseline -0.011 -13"><span class='ocrx_word' id='word_1_1006' title='bbox 1652 5539 1718 5575; x_wconf 60' lang='grc'><strong>¹⁵⁸</strong></span> <span class='ocrx_word' id='word_1_1007' title='bbox 1758 5541 1890 5596; x_wconf 87' lang='grc' dir='ltr'>Εεεε</span> <span class='ocrx_word' id='word_1_1008' title='bbox 1918 5540 2089 5609; x_wconf 78' lang='lat' dir='ltr'><strong>majus</strong></span> <span class='ocrx_word' id='word_1_1009' title='bbox 2115 5539 2252 5610; x_wconf 89' lang='lat' dir='ltr'><strong>ipsa.</strong></span> <span class='ocrx_word' id='word_1_1010' title='bbox 2286 5553 2413 5610; x_wconf 71' lang='lat' dir='ltr'><strong>mss.</strong></span> <span class='ocrx_word' id='word_1_1011' title='bbox 2435 5549 2555 5590; x_wconf 87' lang='lat' dir='ltr'><strong>esse</strong></span> <span class='ocrx_word' id='word_1_1012' title='bbox 2584 5549 2648 5588; x_wconf 82' lang='lat' dir='ltr'><strong>ex</strong></span> <span class='ocrx_word' id='word_1_1013' title='bbox 2679 5539 2792 5610; x_wconf 80' lang='lat' dir='ltr'><strong>ipsa</strong></span> 
     </span>
    </p>
   </div>
   <div class='ocr_carea' id='block_1_121' title="bbox 249 5602 2898 5685">
    <p class='ocr_par' dir='ltr' id='par_1_121' title="bbox 249 5602 2898 5685">
     <span class='ocr_line' id='line_1_122' title="bbox 249 5602 2898 5685; baseline -0.003 -17"><span class='ocrx_word' id='word_1_1014' title='bbox 249 5631 372 5670; x_wconf 78' lang='lat' dir='ltr'><strong>mu.</strong></span> <span class='ocrx_word' id='word_1_1015' title='bbox 399 5615 472 5670; x_wconf 87' lang='lat' dir='ltr'><strong>sit</strong></span> <span class='ocrx_word' id='word_1_1016' title='bbox 501 5616 860 5685; x_wconf 87' lang='lat' dir='ltr'><strong>undecunque</strong></span> <span class='ocrx_word' id='word_1_1017' title='bbox 933 5616 1001 5648; x_wconf 74' lang='grc'><strong>¹⁶⁰</strong></span> <span class='ocrx_word' id='word_1_1018' title='bbox 1040 5615 1320 5670; x_wconf 89' lang='lat' dir='ltr'><strong>Summum</strong></span> <span class='ocrx_word' id='word_1_1019' title='bbox 1363 5628 1459 5682; x_wconf 85' lang='lat' dir='ltr'><strong>per</strong></span> <span class='ocrx_word' id='word_1_1020' title='bbox 1481 5614 1654 5685; x_wconf 90' lang='lat' dir='ltr'><strong>ipsum</strong></span> <span class='ocrx_word' id='word_1_1021' title='bbox 1687 5612 1882 5672; x_wconf 80' lang='lat' dir='ltr'><strong>bonum</strong></span> <span class='ocrx_word' id='word_1_1022' title='bbox 1916 5602 2039 5668; x_wconf 66' lang='lat' dir='ltr'><strong>nisi.</strong></span> <span class='ocrx_word' id='word_1_1023' title='bbox 2066 5602 2338 5666; x_wconf 87' lang='lat' dir='ltr'><strong>suinmum</strong></span> <span class='ocrx_word' id='word_1_1024' title='bbox 2368 5605 2566 5662; x_wconf 86' lang='lat' dir='ltr'><strong>bonum</strong></span> <span class='ocrx_word' id='word_1_1025' title='bbox 2597 5619 2693 5676; x_wconf 86' lang='lat' dir='ltr'><strong>per</strong></span> <span class='ocrx_word' id='word_1_1026' title='bbox 2727 5602 2898 5674; x_wconf 89' lang='lat' dir='ltr'><strong>ipsam</strong></span> 
     </span>
    </p>
   </div>
   <div class='ocr_carea' id='block_1_122' title="bbox 249 5544 1550 5602">
    <p class='ocr_par' dir='ltr' id='par_1_122' title="bbox 249 5544 1550 5602">
     <span class='ocr_line' id='line_1_123' title="bbox 249 5544 1550 5602; baseline -0.002 -4"><span class='ocrx_word' id='word_1_1027' title='bbox 249 5561 372 5600; x_wconf 80' lang='lat' dir='ltr'><strong>nm.</strong></span> <span class='ocrx_word' id='word_1_1028' title='bbox 399 5559 468 5600; x_wconf 80' lang='lat' dir='ltr'><strong>ex</strong></span> <span class='ocrx_word' id='word_1_1029' title='bbox 491 5545 600 5600; x_wconf 89' lang='lat' dir='ltr'><strong>alio</strong></span> <span class='ocrx_word' id='word_1_1030' title='bbox 627 5556 712 5602; x_wconf 88' lang='lat' dir='ltr'><strong>est</strong></span> <span class='ocrx_word' id='word_1_1031' title='bbox 813 5547 878 5578; x_wconf 69' lang='grc' dir='ltr'><strong>¹δ³</strong></span> <span class='ocrx_word' id='word_1_1032' title='bbox 915 5547 996 5602; x_wconf 83' lang='grc' dir='ltr'>Αε</span> <span class='ocrx_word' id='word_1_1033' title='bbox 1023 5547 1066 5600; x_wconf 90' lang='lat' dir='ltr'><strong>si</strong></span> <span class='ocrx_word' id='word_1_1034' title='bbox 1091 5562 1156 5600; x_wconf 81' lang='lat' dir='ltr'><strong>ex</strong></span> <span class='ocrx_word' id='word_1_1035' title='bbox 1180 5562 1304 5600; x_wconf 79' lang='lat' dir='ltr'><strong>mss.</strong></span> <span class='ocrx_word' id='word_1_1036' title='bbox 1334 5554 1389 5598; x_wconf 89' lang='lat' dir='ltr'><strong>at</strong></span> <span class='ocrx_word' id='word_1_1037' title='bbox 1417 5544 1459 5598; x_wconf 90' lang='lat' dir='ltr'><strong>si</strong></span> <span class='ocrx_word' id='word_1_1038' title='bbox 1485 5559 1550 5597; x_wconf 81' lang='lat' dir='ltr'><strong>ex</strong></span> 
     </span>
    </p>
   </div>
   <div class='ocr_carea' id='block_1_123' title="bbox 253 5685 1446 5768">
    <p class='ocr_par' dir='ltr' id='par_1_123' title="bbox 253 5685 1446 5768">
     <span class='ocr_line' id='line_1_124' title="bbox 253 5685 1446 5768; baseline -0.004 -25"><span class='ocrx_word' id='word_1_1039' title='bbox 253 5701 345 5743; x_wconf 88' lang='lat' dir='ltr'><strong>nec</strong></span> <span class='ocrx_word' id='word_1_1040' title='bbox 367 5701 434 5740; x_wconf 77' lang='lat' dir='ltr'><strong>ex</strong></span> <span class='ocrx_word' id='word_1_1041' title='bbox 465 5685 572 5742; x_wconf 89' lang='lat' dir='ltr'><strong>alio</strong></span> <span class='ocrx_word' id='word_1_1042' title='bbox 649 5687 716 5720; x_wconf 66' lang='grc'><strong>⁸³⁸</strong></span> <span class='ocrx_word' id='word_1_1043' title='bbox 757 5689 1011 5768; x_wconf 47' lang='grc' dir='ltr'><strong>Αςοωηε</strong></span> <span class='ocrx_word' id='word_1_1044' title='bbox 1035 5703 1162 5741; x_wconf 78' lang='lat' dir='ltr'><strong>mss.</strong></span> <span class='ocrx_word' id='word_1_1045' title='bbox 1192 5697 1245 5742; x_wconf 88' lang='lat' dir='ltr'><strong>at</strong></span> <span class='ocrx_word' id='word_1_1046' title='bbox 1287 5699 1446 5742; x_wconf 87' lang='grc' dir='ltr'>οιιιιιε</span> 
     </span>
    </p>
   </div>
   <div class='ocr_carea' id='block_1_124' title="bbox 2973 5457 3491 5527">
    <p class='ocr_par' dir='ltr' id='par_1_124' title="bbox 2973 5457 3491 5527">
     <span class='ocr_line' id='line_1_125' title="bbox 2973 5457 3491 5527; baseline -0.01 -15"><span class='ocrx_word' id='word_1_1047' title='bbox 2973 5460 3040 5492; x_wconf 70' lang='grc'><strong>⁸⁸⁸</strong></span> <span class='ocrx_word' id='word_1_1048' title='bbox 3081 5459 3156 5512; x_wconf 82' lang='lat' dir='ltr'><strong>Ex</strong></span> <span class='ocrx_word' id='word_1_1049' title='bbox 3197 5457 3379 5527; x_wconf 88' lang='lat' dir='ltr'><strong>aliquo</strong></span> <span class='ocrx_word' id='word_1_1050' title='bbox 3407 5464 3491 5510; x_wconf 85' lang='lat' dir='ltr'><strong>est</strong></span> 
     </span>
    </p>
   </div>
   <div class='ocr_carea' id='block_1_125' title="bbox 2889 5530 3492 5596">
    <p class='ocr_par' dir='ltr' id='par_1_125' title="bbox 2889 5530 3492 5596">
     <span class='ocr_line' id='line_1_126' title="bbox 2889 5530 3492 5596; baseline -0.005 -13"><span class='ocrx_word' id='word_1_1051' title='bbox 2889 5531 2958 5564; x_wconf 66' lang='grc'>³⁸³</span> <span class='ocrx_word' id='word_1_1052' title='bbox 2997 5530 3082 5584; x_wconf 90' lang='lat' dir='ltr'><strong>Sit</strong></span> <span class='ocrx_word' id='word_1_1053' title='bbox 3107 5541 3492 5596; x_wconf 88' lang='lat' dir='ltr'><strong>unumcunque</strong></span> 
     </span>
    </p>
   </div>
   <div class='ocr_carea' id='block_1_126' title="bbox 2999 5597 3489 5662">
    <p class='ocr_par' dir='ltr' id='par_1_126' title="bbox 2999 5597 3489 5662">
     <span class='ocr_line' id='line_1_127' title="bbox 2999 5597 3489 5662; baseline -0.008 -6"><span class='ocrx_word' id='word_1_1054' title='bbox 2999 5601 3064 5636; x_wconf 73' lang='grc'><strong>⁸⁵⁷</strong></span> <span class='ocrx_word' id='word_1_1055' title='bbox 3099 5600 3210 5657; x_wconf 83' lang='grc' dir='ltr'>Νεε</span> <span class='ocrx_word' id='word_1_1056' title='bbox 3231 5597 3334 5657; x_wconf 89' lang='lat' dir='ltr'><strong>alio</strong></span> <span class='ocrx_word' id='word_1_1057' title='bbox 3363 5611 3489 5662; x_wconf 70' lang='lat' dir='ltr'><strong>mss,</strong></span> 
     </span>
    </p>
   </div>
  </div>
