3882 6050
155 284 250 339 157

154 488 466 559 pugnantia,
491 501 554 542 ea
578 501 698 556 qua:
719 486 866 541 facta
894 495 1021 542 sunt
1047 503 1079 542 a
1103 488 1371 544 creatrice
1396 490 1466 522 "9
1489 489 1740 544 substan-

155 580 220 636 tia
242 580 354 636 dici
377 579 593 649 possint
615 591 738 638 esse
759 592 826 633 ex
857 578 1030 634 nihilo
1055 579 1123 611 ³⁸⁰
1145 579 1320 648 facta;
1350 595 1416 636 eo
1445 581 1607 637 modo
1632 597 1740 652 quo

153 673 252 728 dici
287 671 428 727 solet
459 672 614 727 dives
640 669 821 726 factus
847 687 916 726 ex
954 686 1211 743 paupere,
1241 681 1298 727 et
1322 673 1596 744 recepisse
1619 674 1740 744 quis

154 763 440 818 sanitatem
477 775 541 816 ex
589 762 910 830 aegritudine
938 778 952 815 :
979 763 1031 817 id
1062 771 1166 830 est,
1215 765 1305 832 qui
1346 764 1500 834 prius
1536 777 1742 835 pauper

156 862 286 917 erat,
317 869 465 908 nunc
496 861 580 908 est
615 854 798 918 dives,
833 855 978 924 quod
1019 863 1180 910 antea
1227 870 1333 910 non
1376 866 1526 922 erat;
1566 865 1622 912 et
1648 857 1741 926 qui

157 947 302 1015 prius
332 947 569 1001 habebat
613 945 1013 1016 aegritudinem,
1055 945 1200 1002 nunc
1243 943 1408 1003 habet
1453 949 1740 1004 sanitatem

159 1051 313 1108 quam
351 1047 512 1093 antea
545 1053 652 1093 non
685 1037 939 1093 habebat.
979 1038 1094 1094 Hoc
1125 1039 1287 1110 igitur
1317 1039 1476 1096 modo
1509 1056 1615 1096 non
1654 1041 1742 1096 in-

160 1129 543 1184 convenienter
570 1127 798 1197 intelligi
842 1137 1042 1198 potest,
1071 1130 1116 1184 si
1146 1129 1358 1184 dicatur
1385 1132 1622 1187 creatrix
1650 1147 1743 1188 es-

160 1219 326 1272 sentia
351 1218 609 1272 universa
641 1217 838 1273 fecisse
868 1219 936 1274 de
962 1217 1152 1284 nihilo,
1181 1219 1296 1274 sive
1327 1220 1468 1290 quod
1490 1223 1744 1277 universa

161 1324 251 1378 per
277 1307 426 1362 illam
465 1308 608 1362 facta
639 1309 747 1363 sint
785 1309 850 1340 ¹⁸¹
880 1309 947 1363 de
977 1309 1145 1364 nihilo
1184 1326 1199 1363 :
1235 1310 1288 1365 id
1315 1320 1418 1376 est,
1447 1327 1566 1382 qua:
1593 1313 1746 1383 prius

162 1397 291 1452 nihil
319 1407 485 1453 erant
515 1413 655 1453 nunc
693 1407 820 1452 sunt
853 1397 1076 1468 aliquid.
1107 1398 1220 1454 Hac
1251 1399 1364 1470 ipsa
1395 1401 1594 1471 quippe
1617 1417 1746 1458 voce

161 1506 258 1560 qua
288 1490 516 1553 dicitur,
551 1491 678 1558 quia
720 1491 812 1544 illa
853 1490 1000 1559 fecit,
1033 1492 1168 1559 sive,
1215 1493 1344 1562 quia
1384 1493 1490 1548 ista
1514 1495 1581 1526 ¹⁸²
1603 1495 1744 1550 facta

160 1589 310 1646 sunt;
345 1580 668 1651 intelligitur
691 1581 815 1649 quia
843 1596 964 1635 cum
990 1581 1078 1636 illa
1101 1580 1255 1649 fecit,
1277 1582 1479 1652 aliquid
1503 1583 1743 1652 fecit‘”;

160 1683 208 1726 et
234 1689 358 1728 ctam
389 1673 490 1727 ista
514 1673 654 1726 facta
683 1681 831 1736 sunt,
853 1688 961 1728 non
988 1673 1092 1754 nisi
1119 1673 1320 1743 aliquid
1343 1675 1484 1730 facta
1506 1686 1632 1731 sunt
1652 1678 1739 1731 ηδ.

163 1763 248 1819 Sic
285 1763 435 1818 enim
470 1763 538 1795 ³⁸⁵
576 1764 903 1833 aspicientes
949 1744 1184 1835 aliquem
1233 1765 1303 1820 de
1346 1767 1500 1820 valde
1551 1768 1740 1824 humili
1779 1744 1820 1798 Β

161 1856 399 1920 fortuna,
450 1855 636 1909 multis
671 1855 882 1924 opibus,
933 1856 1299 1912 honoribusve
1345 1856 1412 1889 “‘
1449 1857 1516 1913 ab
1564 1859 1746 1928 aliquo

162 1949 478 2012 exaltatum,
518 1948 783 2004 dicimus:
813 1947 950 2003 Ecce
988 1947 1077 2003 ille
1103 1948 1233 2005 fecit
1261 1949 1424 2004 istum
1455 1951 1520 2006 dc
1553 1952 1745 2018 nihilo,

165 2053 249 2095 aut
274 2040 454 2096 factus
483 2040 691 2096 est‘ille
719 2041 788 2094 ab
812 2041 916 2095 isto
947 2041 1015 2096 de
1049 2040 1219 2096 nihilo
1245 2057 1260 2095 :
1291 2042 1345 2097 id
1365 2051 1470 2106 est,
1507 2044 1625 2112 ipe
1653 2046 1744 2113 qui

166 2134 473 2203 priusquasi
501 2132 723 2186 nihilum
747 2132 1098 2203 reputabatur
1123 2133 1213 2199 ιε’,
1236 2147 1380 2189 nunc
1399 2133 1493 2192 illo
1514 2135 1748 2193 faciente

170 2238 286 2280 vere
306 2224 513 2294 aliquid
539 2224 870 2280 testimatur.

693 2314 922 2371 CAPUT
968 2314 1041 2371 Ix
1077 2317 1215 2389 (50).

173 2423 315 2489 Quod
340 2442 405 2479 ea
435 2441 554 2495 qua:
580 2425 722 2494 facta
752 2439 874 2479 sunt
908 2425 976 2457 ³⁸⁸
1001 2442 1066 2480 ea:
1094 2426 1279 2493 nihilo,
1326 2429 1564 2484 nonnihil
1597 2440 1748 2487 erant

233 2507 514 2566 antequam
537 2496 739 2564 ﬁerent,
763 2505 1016 2562 quantum
1040 2497 1110 2550 ad
1132 2498 1384 2553 rationem
1407 2499 1670 2569 facientis.

169 2586 506 2662 Conspectus
529 2603 769 2662 Δ(ιιηξιτιε.
786 2617 857 2627 -
879 2587 1024 2662 Nihil
1061 2588 1452 2662 rationabiliter
1476 2590 1544 2646 ab
1565 2592 1748 2662 aliquo

235 2657 321 2722 lit,
370 2658 475 2712 nisi
527 2658 581 2711 in
630 2659 745 2727 ipso
786 2659 1057 2726 praecedat
1108 2659 1182 2713 rei
1236 2658 1497 2718 facienda:
1550 2657 1744 2719 forma.

235 2728 372 2801 Erat
404 2728 571 2800 igitur
610 2729 664 2783 in
700 2727 909 2783 ratione
955 2744 1165 2801 summa
1206 2739 1412 2786 natura:
1451 2733 1610 2801 quid’,
1653 2745 1748 2788 aut

233 2794 451 2868 qualia,
509 2808 616 2870 aut
663 2801 937 2870 quomodo
993 2794 1177 2854 futura
1231 2811 1413 2856 essent
1469 2794 1744 2870 universa,

233 2872 562 2940 priusquam
589 2867 804 2923 fierent.
854 2870 997 2939 Ergo
1029 2879 1336 2940 antequam
1389 2881 1591 2938 essent,
1637 2867 1744 2928 non

231 2950 387 2993 erant
432 2938 601 3012 nihil;
647 2955 746 3012 nec
794 2955 861 2994 ex
906 2938 1078 3012 nihilo
1129 2938 1288 3012 sunt,
1320 2942 1537 3012 quando
1587 2953 1739 3010 sunt,

234 3019 498 3077 quantum
530 3010 599 3064 ad
635 3010 902 3066 rationem
937 3009 1207 3066 facientis.

1542 281 2026 342 MONOLOGIUM.

155 408 266 460 tur;
307 393 565 465 quamvis
597 408 706 450 non
740 392 1186 452 inconvenienter
1217 403 1274 451 et
1303 396 1421 451 sine
1453 398 1602 453 omni
1643 413 1735 454 re-
1762 398 1811 456 A

3318 288 3420 346 158

2221 350 2481 458 ἀΑΡυτ
2525 401 2570 456 x
2621 401 2745 475 [al.,
2777 402 2869 474 IX]
2908 405 2995 457 ποι.
3036 441 3048 452 .

1843 486 2289 562 Quodillaratio
2318 491 2385 562 ⁸9⁵
2406 492 2472 546 sit
2513 494 2756 562 quaedam
2797 509 2970 546 rerum
3020 492 3247 559 locutio,
3289 497 3425 550 sicut

1946 558 2096 628 faber
2118 559 2247 614 dicit
2271 561 2416 630 prius
2447 558 2590 632 apud
2615 580 2669 616 se
2692 564 2831 634 quod
2857 563 2923 594 "6
2954 562 3192 632 facturus
3221 558 3319 618 est.

1841 645 2186 705 Coasrncrus
2221 666 2451 706 capms.
2480 653 2756 708 —Forma
2797 669 2976 708 rerum
3009 653 3073 707 ‘in
3107 665 3288 710 mente
3348 657 3428 710 di—

1912 720 2039 793 vina
2075 729 2163 793 est
2192 735 2378 776 earum
2415 723 2645 793 quadam
2693 727 2745 777 in
2789 724 2900 793 ipsa
2949 724 3162 780 ratione
3203 725 3424 781 locutio.

1911 788 2075 914 θεαῖς
2095 789 2251 845 faber
2270 788 2596 861 opus.’quod
2625 788 2866 847 facturus
2889 801 2990 854 est.
3021 795 3157 848 intra
3186 810 3248 850 se
3272 797 3424 850 dicit.

1963 874 2047 913 em
2102 875 2266 914 unam
2322 871 2503 914 autem
2554 863 2840 914 trinliciter
2890 864 3032 914 lonui
3095 879 3380 914 nossumns
3411 884 3424 914 :

1963 874 2047 933 em
2102 875 2266 933 unam
2322 871 2503 916 autem
2554 863 2840 933 tripliciter
2890 864 3032 933 loqui
3095 879 3424 933 possumus:

1915 932 1969 985 1.
2003 930 2364 1004 Sensihiliter,
2405 930 2752 1004 sensibilibus
2790 930 3216 1004 signis'utendo;
3250 936 3306 990 2.
3345 938 3428 991 in-

1915 1001 2292 1073 sensibiliter,
2331 1003 2446 1058 haec
2496 1003 2645 1073 signa
2700 1001 3092 1059 insen‘sibiliter
3137 1005 3278 1059 intra
3329 1023 3426 1062 nos

1913 1071 2234 1141 cogitando;
2281 1072 2335 1126 5.
2369 1088 2469 1128 nec
2504 1071 2837 1128 sensibiliter
2880 1089 2980 1129 nec
3020 1074 3424 1140 insensibiliter,

1916 1155 2024 1213 non
2053 1143 2204 1213 signa
2231 1144 2328 1197 sed
2352 1143 2614 1213 resipsas
2642 1152 2821 1199 mente
2844 1143 3094 1198 dicendo.
3129 1145 3226 1201 His
3255 1147 3428 1202 tribus

1916 1209 2205 1283 l_ocutionis
2258 1209 2546 1282 generibus
2604 1213 2812 1283 singula
2862 1215 3022 1269 verba
3072 1216 3424 1273 coavcniunt.

1918 1279 2100 1354 Tertia
2135 1279 2422 1354 locutionis
2447 1283 2610 1354 verba
2640 1279 2767 1338 sunt
2801 1283 3087 1346 naturalia,
3117 1295 3170 1338 et
3199 1286 3425 1354 proinde

1917 1352 2106 1406 eadem
2144 1353 2283 1422 apud
2321 1369 2528 1408 omnes.
2563 1353 2690 1408 Haec
2723 1354 2812 1409 ubi
2857 1363 3003 1421 sunt,
3041 1352 3242 1408 nullum
3282 1355 3424 1410 aliud

1917 1423 2143 1494 verbum
2183 1433 2267 1477 est
2300 1426 2669 1479 necessarimu
2710 1427 2775 1478 ad
2810 1440 2920 1479 rem
2964 1427 3424 1494 cognoscendam:

1916 1501 1973 1547 et
2006 1493 2094 1546 ubi
2126 1494 2239 1564 haec
2265 1507 2385 1550 esse
2415 1509 2521 1548 non
2552 1504 2798 1564 possunt,
2834 1511 2993 1548 omne
3027 1493 3172 1564 aliud
3203 1497 3428 1551 verbum

1917 1571 2002 1616 est
2038 1562 2228 1618 inutile
2261 1563 2327 1617 ad
2365 1579 2476 1619 rem
2517 1562 3020 1619 demonstrandam.
3061 1563 3237 1620 Verba
3269 1575 3426 1619 natu-

1918 1632 2049 1704 ralia
2081 1642 2214 1704 sunt?
2237 1633 2466 1698 veriora,
2500 1635 2625 1704 quia
2661 1636 2821 1689 rebus
2852 1643 2976 1688 sunt.
3008 1636 3174 1704 magis
3203 1635 3424 1699 similia.

1919 1701 2086 1774 unde,
2105 1703 2329 1774 verbum
2381 1701 2628 1758 naturale
2667 1714 2750 1758 est
2791 1705 3022 1760 maxime
3064 1701 3340 1774 proprium
3375 1716 3432 1760 et

1917 1773 2218 1843 principale
2249 1774 2325 1828 rei
2351 1775 2598 1845 verbum.
2633 1774 2757 1830 llzec
2783 1789 2914 1845 ergo
2943 1774 3144 1829 locutio
3169 1773 3296 1840 fuit,
3323 1791 3428 1844 qua

1916 1859 2128 1916 summa
2161 1843 2397 1916 essentia
2427 1845 2563 1900 dixit
2593 1846 2796 1912 omnia,
2825 1843 3114 1916 antequam
3145 1843 3354 1912 essent,
3375 1855 3432 1900 ut

1917 1927 2014 1984 per
2041 1912 2186 1968 illam
2217 1913 2430 1969 flerent.

1917 2007 2009 2062 llla
2048 2015 2228 2062 autem
2267 2006 2444 2062 forma
2483 2022 2684 2068 rerum,
2715 2022 2834 2076 qute
2867 2007 2919 2060 in
2950 2004 3066 2075 ejus
3110 2007 3318 2060 ratione
3347 2022 3432 2060 rus

1847 2100 2112 2157 creandas
2154 2098 2526 2170 praecedebat,
2563 2099 2689 2168 quid
2730 2099 2876 2152 aliud
2914 2107 2998 2153 est
3037 2113 3197 2167 quam
3247 2113 3427 2151 rerum

1847 2192 2092 2264 quaedam
2135 2190 2189 2245 in
2228 2190 2343 2259 ipsa
2383 2189 2594 2242 ratione
2639 2189 2873 2253 locutio;
2915 2188 3080 2242 veluti
3113 2204 3234 2243 cum
3281 2189 3434 2242 fuhcr

1848 2278 2089 2335 facturus
2121 2276 2339 2347 aliquod
2369 2292 2479 2332 suae
2508 2276 2644 2332 artis
2674 2292 2829 2346 Opus,
2853 2278 3004 2347 prius
3040 2275 3170 2330 illud
3204 2277 3342 2330 intra
3375 2290 3435 2330 se

1847 2371 1980 2426 dicit
2017 2368 2214 2424 mentis
2242 2368 2634 2437 conceptione?
2675 2367 2870 2424 Mentis
2901 2376 3081 2422 autem
3109 2368 3174 2399 ¹⁹⁷
3205 2368 3318 2423 sive
3345 2384 3434 2422 ra-

1849 2463 2070 2519 tionalis
2118 2463 2447 2518 locutionem
2479 2462 2548 2494 ¹⁹⁸
2575 2462 2664 2517 hic
2693 2462 2958 2538 intelligo,
2991 2455 3249 2519 nou‘cum
3276 2478 3436 2518 voces

1848 2568 2030 2609 rerum
2066 2553 2476 2623 siugnilicativae
2505 2553 2843 2624 cogitantur;
2877 2554 2970 2609 sed
2999 2569 3121 2609 cum
3152 2571 3238 2610 res
3279 2555 3430 2624 ipsa3,

1846 2645 1933 2700 vel
1973 2644 2187 2708 futurae,
2217 2644 2302 2700 vel
2322 2643 2434 2713 jam
2486 2645 2788 2700 existentes
2833 2645 2949 2700 acie
2999 2645 3338 2716 c0gitationis
3383 2645 3434 2699 in

1848 2749 2033 2794 mente
2062 2739 2476 2806 conspiciuntur
2502 2739 2590 2792 ²⁹⁹.
2629 2738 2921 2807 Frequenti
2954 2755 3187 2809 namque
3215 2756 3312 2795 usu
3343 2757 3436 2795 co-

1847 2827 2128 2898 gnoscitur
2154 2828 2279 2898 quia
2307 2841 2420 2882 rem
2451 2843 2611 2882 unam
2642 2828 2922 2899 tripliciter
2953 2829 3095 2899 loqui
3123 2833 3436 2898 possumus.

1846 2917 1956 2971 Aut
1991 2916 2137 2972 enim
2178 2931 2263 2971 res
2303 2916 2578 2986 loquimur
2608 2917 2779 2989 signis
2817 2917 3190 2983 sensibilibus,
3239 2918 3291 2972 id
3328 2929 3433 2984 est,

1849 3025 1973 3080 qua:
2004 3009 2254 3065 sensibus
2294 3009 2574 3080 corporeis
2612 3009 2800 3065 sentiri
2832 3020 3077 3079 possunt,
3110 3009 3438 3065 sensibiliter

236 3100 436 3156 Verum
466 3101 650 3156 videor
683 3102 811 3158 mihi
839 3102 1025 3158 videre
1053 3101 1306 3172 quiddam
1338 3103 1480 3173 quod
1512 3119 1617 3158 non
1639 3120 1740 3161 ne-
1771 3093 1820 3156 C
1851 3100 2079 3164 utendo;
2117 3111 2211 3154 aut
2231 3099 2419 3155 eadem
2449 3100 2626 3170 signa,
2657 3115 2778 3170 quae
2811 3098 2946 3154 foris
2975 3099 3253 3155 sensibilia
3281 3108 3432 3166 sunt,

172 3190 432 3262 gligenter
453 3192 520 3223 ⁸⁸⁸
541 3192 850 3249 discernere
874 3193 1037 3264 cOgit,
1065 3193 1361 3249 secundum
1382 3193 1513 3264 quid
1543 3208 1608 3252 ea
1630 3209 1750 3265 qua:

173 3284 304 3338 facta
341 3292 502 3349 sunt,
534 3294 820 3355 antequam
851 3285 1070 3352 tierent,
1109 3284 1214 3339 dici
1247 3283 1454 3354 possint
1487 3283 1554 3316 ¹⁹⁰
1585 3283 1750 3340 fuisse

173 3374 317 3428 nihil.
359 3373 520 3430 Nullo
555 3391 788 3446 namque
826 3384 985 3446 pacto
1024 3375 1140 3430 fieri
1186 3383 1365 3446 potest
1412 3375 1614 3446 aliquid
1659 3390 1749 3430 ra-

177 3466 501 3521 tionabiliter
534 3468 599 3498 ¹⁹¹
639 3468 708 3524 ab
733 3467 936 3540 aliquo,
981 3467 1088 3524 nisi
1136 3468 1191 3522 in
1241 3465 1491 3522 facientis
1541 3467 1752 3523 ratione

173 3559 437 3627 praecedat
494 3560 712 3631 aliquod
768 3561 846 3616 rei
889 3561 1151 3618 facienda:
1201 3561 1354 3631 quasi
1422 3559 1749 3629 exemplum,

174 3649 279 3704 sive
306 3652 391 3721 (ut
414 3651 594 3720 aptius
623 3651 690 3687 ³⁸³
720 3650 938 3720 dicitur)
968 3650 1164 3717 forma,
1193 3651 1278 3705 vel
1309 3649 1624 3714 similitudo,
1659 3657 1753 3703 aut

177 3741 369 3811 regula.
435 3742 591 3798 Patet
644 3744 828 3814 itaque
883 3743 1142 3814 quoniam
1195 3741 1513 3812 priusquam
1560 3739 1753 3794 fierent

126 3842 137 3852 °
176 3833 445 3900 universa,
491 3845 610 3889 erat
655 3835 709 3890 in
758 3835 970 3891 ratione
1003 3834 1072 3866 ⁸⁸³
1097 3848 1324 3890 summie
1365 3841 1592 3898 naturae,
1625 3827 1752 3900 quid

175 3924 463 3994 autqualia
489 3935 582 3979 aut
609 3925 880 3995 quomodo
931 3924 1113 3979 futura
1143 3931 1326 3978 essent
1359 3935 1373 3974 :
1412 3933 1580 3990 quare
1629 3931 1753 3972 eum

179 4030 237 4067 ea
260 4031 380 4085 qua:
405 4014 558 4071 Tacta
595 4026 742 4092 sunt,
770 4017 976 4072 clarum
1002 4017 1074 4071 sit
1105 4013 1240 4070 nihil
1269 4012 1436 4070 fuisse
1464 4018 1752 4080 antequam

178 4105 385 4173 ﬁerent,
415 4119 676 4176 quantum
705 4111 774 4164 ad
800 4109 924 4176 hoc,
952 4109 1080 4179 quia
1111 4122 1218 4163 non
1251 4114 1410 4161 erant
1436 4102 1581 4174 quod
1610 4114 1756 4156 nunc

176 4207 333 4262 sunt,
381 4213 488 4254 nec
531 4198 765 4257 erat'ex
812 4214 921 4269 quo
966 4199 1188 4264 tierent;
1241 4210 1348 4251 non
1397 4202 1576 4249 tamen
1621 4189 1756 4246 nihil

177 4300 346 4356 erant,
375 4303 636 4361 quantum
679 4295 747 4349 ad
782 4295 1048 4350 rationem
1090 4289 1357 4356 facientis,
1385 4303 1482 4360 per
1509 4299 1672 4358 quam
1701 4290 1756 4338 et

178 4383 468 4438 secundum
496 4400 659 4455 quam
697 4385 908 4441 fierent.

1851 3192 1992 3247 intra
2023 3207 2121 3246 nos
2147 3191 2534 3246 iuseusibiliter
2557 3191 2844 3263 cogitando
2869 3190 2972 3256 ‘°°;
2995 3199 3092 3245 ‘aut
3131 3205 3232 3246 nec
3257 3191 3438 3246 sensi-

1850 3281 2058 3349 biliter,
2092 3297 2192 3336 nec
2233 3281 2620 3338 insensibiliter
2650 3281 2734 3338 his
2761 3282 2828 3314 ¹⁰¹
2858 3283 3031 3353 signis
3065 3281 3297 3346 utendo,
3343 3281 3437 3336 sed

1853 3388 1941 3429 res
1971 3373 2139 3443 ipsas,
2171 3371 2254 3428 vel
2295 3387 2584 3442 corporum
2635 3373 3043 3444 imaginatione,
3079 3371 3167 3426 vel
3211 3371 3439 3427 rationis

1853 3463 2149 3532 intellectu,
2181 3478 2278 3533 pro
2312 3477 2491 3518 rerum
2531 3463 2771 3532 ipsarum
2811 3461 3154 3528 diversitate,
3200 3461 3345 3515 intus
3385 3461 3438 3514 in

1853 3569 2036 3612 nostra
2091 3565 2268 3612 mente
2327 3557 2577 3612 dicendo.
2632 3555 2805 3612 Aliter
2867 3569 3103 3625 namque
3158 3555 3434 3609 hominem

1853 3649 2000 3713 dico,
2028 3665 2150 3704 cum
2181 3663 2304 3702 eum
2328 3648 2432 3702 hoc
2462 3647 2700 3714 nomine,
2731 3646 2873 3716 quod
2904 3654 3009 3711 est,
3040 3644 3220 3710 homo,
3273 3643 3443 3714 signi-

1856 3739 1988 3807 fico;
2030 3739 2188 3795 aliter
2215 3754 2339 3793 cum
2378 3739 2520 3794 idem
2559 3753 2755 3794 nomen
2797 3747 2987 3793 tacens
3027 3736 3244 3807 cogito;
3283 3733 3441 3789 aliter

1854 3848 1976 3888 cum
2025 3846 2148 3886 eum
2191 3832 2362 3900 ipsmn
2412 3830 2687 3886 hominem
2735 3844 2908 3896 mens,
2940 3837 3033 3882 aut
3074 3842 3168 3898 per
3197 3824 3442 3895 corporis

1856 3923 2171 3994 imaginem,
2224 3931 2317 3976 aut
2340 3937 2440 3992 per
2469 3921 2735 3977 rationem
2764 3921 3040 3982 intuetur;
3070 3934 3168 3988 per
3194 3916 3442 3986 corporis

1855 4015 2073 4088 quidem
2103 4013 2418 4086 imaginem,
2458 4022 2518 4067 ut
2545 4023 2669 4068 cum
2712 4011 2828 4082 ejus
2861 4010 2931 4041 ’θ’
2959 4008 3268 4064 sensibilem
3300 4006 3436 4076 figu-

1855 4123 1973 4162 ram
2010 4106 2337 4177 imaginatur
2366 4122 2380 4158 :
2407 4119 2504 4174 per
2545 4103 2811 4158 rationem
2857 4115 3007 4166 vero,
3054 4108 3112 4153 ut
3150 4112 3274 4152 cum
3314 4095 3440 4152 uni-

1856 4198 2121 4256 versalem
2155 4198 2270 4269 ejus
2300 4197 2617 4263 essentiam,
2647 4211 2766 4266 qua:
2793 4202 2898 4260 est,
2930 4190 3131 4247 animal
3179 4186 3444 4244 rationale

1857 4291 2106 4357 mortale,
2148 4290 2372 4362 cogitat.
2415 4288 2508 4344 Ha)
2544 4303 2671 4343 vero
2711 4295 2823 4342 tres
2865 4284 3115 4356 loquendi
3147 4282 3440 4337 varietates

1858 4379 2082 4451 singulae
2127 4379 2309 4438 verbis
2361 4379 2446 4435 sui
2500 4377 2716 4450 generis
2762 4383 3054 4440 constant;
3112 4373 3209 4427 sed
3274 4371 3446 4438 illius,

1444 4489 1680 4546 VARUE
1706 4488 2113 4547 LECTlONES.

246 4587 312 4620 ”’
365 4587 535 4660 Facta
585 4604 616 4644 a
666 4590 932 4646 creatrice
972 4605 1099 4645 mss.
1161 4587 1305 4660 facta
1351 4592 1479 4660 sunt
1526 4599 1559 4638 a
1612 4582 1903 4660 creatrice‘
1981 4584 2049 4616 ¹⁸⁰
2079 4583 2314 4660 Possunt
2341 4597 2406 4660 εξ
2441 4580 2767 4660 nihildum.
2791 4578 3000 4648 possint
3021 4590 3148 4660 esse
3174 4589 3244 4656 ex_
3272 4573 3443 4660 nihilo

183 4656 315 4711 facta
391 4660 460 4691 ²⁸¹
502 4659 607 4714 Per
636 4660 727 4716 illa
756 4661 900 4716 facta
930 4669 1056 4716 sunt
1079 4675 1207 4714 mu.
1246 4657 1380 4711 Vict.
1410 4653 1538 4736 Sag.
1566 4667 1664 4777 per
1690 4652 1837 4708 illam
1877 4653 2021 4710 facta
2050 4654 2161 4710 sint
2234 4652 2464 4736 “ﬁSIive
2481 4651 2630 4735 quod
2663 4651 2764 4706 ista
2795 4665 2921 4704 mss.
2988 4651 3104 4703 sive
3149 4651 3276 4732 quia
3336 4651 3444 4727 ista

185 4727 248 4759 ¹⁸³
283 4729 475 4778 Aliaua
508 4731 636 4778 fecit
675 4749 800 4778 mas.
831 4731 1033 4778 aliauid
1066 4730 1192 4778 fecit
1267 4726 1336 4759 ηδ
1373 4724 1485 4778 Nisi
1537 4740 1567 4778 a
1593 4738 1715 4778 mua
1750 4723 1892 4778 facta
1945 4733 2072 4778 sunt
2105 4741 2232 4778 mss.
2270 4739 2377 4778 ms:
2427 4723 2629 4778 aliquid
2668 4721 2809 4776 facta
2842 4727 2968 4775 sunt
3061 4717 3129 4749 ⁸⁸⁸
3171 4724 3263 4776 διε
3291 4730 3442 4776 enim

185 4727 248 4759 ¹⁸³
283 4729 476 4800 Aliqua
507 4731 636 4786 fecit
675 4749 800 4786 mss.
831 4731 1033 4800 aliquid
1065 4730 1192 4800 fecit
1267 4726 1336 4800 ’ξι
1373 4724 1485 4780 Nisi

1593 4723 1897 4794 iquafaeta
1945 4733 2072 4780 sunt
2105 4741 2232 4781 mss.
2270 4724 2377 4779 nisi
2427 4715 2629 4794 aliquid
2668 4721 2809 4794 facta
2842 4727 2968 4775 sunt
3061 4716 3263 4794 “°__S_ic
3291 4715 3442 4794 enim

183 4815 274 4877 ign.
325 4784 458 4877 vi'ct.
488 4784 584 4856 13.—
597 4784 698 4877 V_s.i_e
723 4784 1058 4877 autem-viii
1093 4798 1508 4877 Honorihu‘sque
1533 4784 1660 4877 ipsi:
1693 4791 1828 4877 Vict.
1865 4793 2394 4877 Sgg.gho‘noribusve
2466 4784 2958 4877 “illieput‘abatur
2979 4784 3435 4877 mamnVictLSJagu.

181 4855 543 4936 deputabatur
609 4855 691 4904 ¹⁸⁸ί
723 4855 922 4927 verum
967 4871 1159 4926 videor
1192 4885 1318 4924 mss.
1343 4855 1493 4922 Cain.
1528 4862 1685 4936 Cori).
1727 4862 1864 4918 Thu.
1901 4855 2034 4920 Vict.
2067 4863 2194 4936 Sag.
2223 4865 2288 4920 ab
2332 4865 2415 4936 Itis
2453 4864 2617 4918 verbis
2656 4855 2903 4936 inchoant
2935 4868 3088 4926 caput
3121 4858 3179 4924 9,
3213 4855 3352 4926 quod
3381 4857 3438 4936 in

181 4932 459 5012 tus—(Corb.
485 4942 692 4996 nullum
728 4943 942 5012 prafert
969 4941 1183 4996 titulum
1212 4956 1237 5012 ε
1262 4956 1394 5012 mss.
1419 4950 1536 4991 vero
1568 4933 1676 5012 alia
1713 4936 1851 5012 hunc
1879 4932 2222 5003 prwmittuitt.
2253 4935 2406 5012 Quod
2433 4949 2496 4990 ea
2537 4949 2657 5012 qua:
2686 4932 2827 4987 facta
2853 4939 3000 5012 sunt,
3029 4939 3128 5012 etc.
3170 4941 3287 5012 qm!
3315 4933 3438 5012 ξίιξξ

182 5009 355 5064 titulus
389 5013 578 5080 capitis
605 5014 658 5068 8.
689 5009 748 5066 in
773 5009 999 5067 excusis.

181 5091 400 5153 possunt
425 5098 553 5153 mss.
599 5083 705 5138 dici
733 5083 947 5153 possint
1021 5083 1086 5114 ¹⁹²
1126 5081 1286 5153 Al_i_ud
1315 5079 1488 5153 ra_tion

1098 4993 1175 5043 ἷθέν
1207 4993 1487 5078 Quoddaut
1515 5004 1659 5078 quod
1685 4993 2014 5078 negligenter
2041 5022 2168 5078 mss.
2210 4993 2466 5078 quiddam
2497 4993 2778 5078 quoting!)
2804 4999 3134 5078 ηεειίεθηὲθτ
3183 4993 3276 5027 ’Μ
3317 4993 3434 5074 Dia

1554 5021 1659 5059 uou
1685 5021 2014 5075 negugenter
2041 5022 2168 5061 mss.
2210 5021 2466 5077 quianam
2497 5021 2640 5075 quoa
2673 5021 2778 5057 non
2804 5021 3134 5068 negligenter
3317 5021 3434 5074 uic-

1495 5021 1710 5158 53mm:
1740 5091 1864 5158 nias.
1893 5075 2098 5158 aliquid
2129 5076 2527 5158 rationabiliter
2603 5071 2838 5158 ’ξεῖνε
2869 5081 2929 5158 ut
2948 5069 3290 5158 aptitisnmsi;
3317 5078 3444 5158 3110

426 5130 987 5208 iiiiirzﬁii
1014 5130 1636 5233 ηιεεῘ-Ῠῖἆίᾷῤῥψλωςι.
1665 5130 2653 5233 ϐονθκθῐθξιῖηιδθιιεὶοῇἱέ-ξ’χὶϐαρζοξ)
2681 5144 2882 5233 ἰζιμιιδξ.
2907 5130 3060 5233 caput

182 5203 752 5303 Lfo?:.Quod—_tamen_,
779 5203 1228 5303 eic.vu‘t:iaiitulo
1252 5203 1444 5290 capitis
1478 5216 1564 5270 10.
1580 5214 1640 5303 iii
1661 5214 1890 5303 excusis.
1920 5215 2055 5303 diss.
2080 5219 2188 5303 alia
2213 5217 2368 5303 Quod
2392 5216 2482 5303 illa
2514 5203 2662 5303 ratio
2679 5212 2846 5303 sit,_et
2866 5227 2925 5303 cl

183 5271 752 5364 iggaﬁizmiiﬁ
782 5271 1469 5364 EabavfaEtumves—Cmss.
1495 5285 1641 5364 quod
1669 5283 1914 5341 facturus
1939 5271 2049 5364 est.
2085 5271 2187 5321 7“”
2223 5271 2474 5364 Montani
2490 5295 2682 5364 autem.
2716 5271 2844 5364 mss.
2876 5279 3075 5364 mentis
3105 5271 3438 5364 animai?

182 5341 1312 5434 tt;(alii;éauégpuoné‘ni'EifiJéJiiméiii
1337 5341 1462 5434 5.55.
1494 5341 1769 5434 emittunt
1799 5341 2305 5434 conceptionem,—
2331 5341 2397 5434 ‘1‘
2435 5354 2971 5434 Conspicinnturms.
3008 5345 3142 5434 Vict:
3158 5341 3444 5434 A3:_(§9Alﬁlfj—

217 5414 418 5486 iuntur‘
455 5414 1412 5508 ξιδδ’ὲξξίέίίιὶῖἱίἰρῖΕόέῖιᾶρἆωη.
1445 5424 1841 5508 insensibiliter
1860 5414 2148 5508 cogitando
2219 5414 2288 5462 'm
2332 5427 2439 5485 Nec
2466 5414 2793 5485 sensibiliter
2823 5420 3052 5478 hismss.
3083 5429 3182 5472 nec
3207 5414 3441 5477 sensibi-

203 5498 301 5556 iter
327 5517 431 5559 nec
455 5503 842 5561 insensibiliter
862 5505 950 5561 his
1024 5498 1096 5537 ’δ’
1133 5503 1268 5561 Cum
1298 5500 1414 5570 ejus
1453 5513 1582 5554 mss.
1610 5503 1670 5552 ut
1713 5511 1836 5551 cum
1867 5498 1950 5566 eju

1677 5578 1908 5644 ΝΟΤᾸΞ.

252 5695 363 5768 (50)
393 5697 544 5754 Alias
572 5706 655 5755 est
683 5713 809 5770 pars
836 5698 1034 5771 capitis
1062 5699 1114 5754 8.
