3882 6054
422 282 526 338 159

920 278 980 337 S.
1018 279 1320 336 ANSELMI
1359 279 1704 336 CANTUAR.
1759 275 2078 334 ARCHIEP.
2119 274 2270 332 OPP.
2309 273 2490 330 PARS
2528 274 2567 329 Ι.
2598 305 2665 314 -
2698 271 3116 331 DOGMATICA.

3564 274 3669 330 160

409 411 574 465 quam
622 395 840 452 tertiam
875 403 930 450 et
963 394 1205 450 ultimam
1251 394 1426 462 posui,
1473 393 1758 449 locutionis
1789 393 1974 456 verba,
2007 394 2053 449 Α
2078 391 2365 460 concipere
2416 390 2781 460 imaginando,
2829 390 2933 444 nisi
2972 390 3024 444 id
3063 389 3208 459 quod
3249 401 3342 446 aut
3385 398 3554 447 totum
3593 393 3669 446 si-

409 502 536 542 cum
587 488 654 542 de
698 489 862 543 rebus
905 503 1012 543 non
1056 487 1316 556 ignoratis
1373 487 1442 518 ²⁰³
1513 497 1667 552 sunt,
1716 489 1985 542 naturalia

412 585 560 640 sunt,
591 584 645 632 et
673 577 810 646 apud
845 591 1034 630 omnes
1065 584 1255 646 gentes
1307 584 1437 629 sunt
1482 577 1694 631 eadem.
1743 576 1808 630 Et
1853 593 1987 647 quo-

412 665 558 719 niam
601 666 778 720 omnia
825 665 929 717 alia
976 665 1140 719 verba
1185 672 1408 734 propter
1434 665 1549 719 haec
1578 675 1703 720 sunt
1733 666 1982 732 inventa;

411 756 502 810 ubi
541 757 642 810 ista
679 765 824 821 sunt,
859 756 1064 810 nullum
1089 755 1232 810 aliud
1261 757 1482 811 verbum
1505 766 1590 813 est
1619 759 1986 814 necessarium

411 847 478 901 ad
509 861 622 900 rem
651 848 1107 916 cognoscendam;
1139 856 1193 903 et
1215 848 1304 902 ubi
1334 849 1437 902 ista
1461 863 1582 903 esse
1607 864 1712 903 non
1743 859 1984 918 possunt,

411 938 614 992 nullum
645 939 788 993 aliud
811 948 896 994 est
925 939 1055 993 utile
1084 941 1150 994 ad
1177 956 1289 995 rem
1318 940 1732 995 ostendendam.
1755 941 1989 996 Possunt

411 1035 576 1086 etiam
609 1049 712 1087 non
744 1033 976 1088 absurde
999 1033 1105 1088 dici
1140 1043 1291 1087 tanto
1322 1033 1556 1099 veriora,
1585 1042 1787 1102 quanto
1818 1035 1988 1103 magis

413 1125 596 1189 rebus,
647 1140 877 1194 quarum
934 1133 1062 1178 sunt
1109 1125 1297 1191 verba,
1351 1125 1552 1179 similia
1597 1133 1746 1189 sunt,
1793 1133 1850 1180 et
1894 1139 1988 1180 eas

407 1215 719 1285 expressius
765 1213 1076 1284 signiﬁcant
1112 1213 1201 1279 ²⁰δ,
1245 1213 1486 1283 exceptis
1540 1228 1772 1282 namque
1825 1213 1989 1269 rebus

412 1306 538 1370 illis,
589 1307 787 1375 quibus
837 1306 968 1376 ipsis
1019 1307 1223 1360 utimur
1267 1321 1365 1374 pro
1415 1305 1722 1360 nominibus
1767 1305 1879 1360 suis
1919 1306 1986 1359 ad

409 1396 625 1451 easdem
656 1396 1060 1466 signiﬁcandas,
1095 1403 1155 1450 ut
1185 1405 1311 1451 sunt
1338 1395 1582 1464 quaedam
1611 1409 1789 1460 voces,
1841 1395 1986 1451 velut

407 1488 453 1540 A
478 1487 681 1542 vocalis
706 1503 720 1542 :
745 1488 1006 1557 exceptis,
1040 1488 1284 1557 inquam,
1314 1488 1418 1554 bis,
1448 1486 1649 1540 nullum
1687 1485 1831 1541 aliud
1860 1503 1986 1542 ver-

409 1576 537 1629 bum
582 1578 660 1632 sic
701 1577 914 1632 Videtur
961 1578 1037 1631 rei
1071 1578 1141 1609 ²⁰¹⁵
1186 1577 1382 1640 simile,
1427 1577 1581 1646 cujus
1621 1587 1707 1632 ρει
1743 1578 1986 1644 verbum,

408 1675 504 1722 aut
534 1668 612 1723 sic
640 1683 760 1722 eam
798 1670 1072 1740 exprimit,
1111 1668 1384 1739 quomodo
1415 1668 1506 1723 illa
1539 1669 1838 1724 similitudo
1867 1685 1988 1740 qua:

2087 481 2218 548 mul,
2251 490 2344 534 aut
2369 496 2467 550 per
2487 490 2688 551 partes,
2716 495 2779 536 ex
2812 480 3081 550 aliquibus
3109 481 3272 536 rebus
3301 481 3480 551 aliquo
3509 485 3670 537 modo

2081 571 2193 641 jam
2221 572 2433 636 didicit;
2464 587 2564 629 nec
2586 587 2722 642 Opus
2749 582 2931 626 mente
2956 581 3280 641 conceptum
3312 575 3597 643 perﬁcere,
3623 577 3668 631 si

2087 663 2225 717 desit
2273 672 2365 716 aut
2414 663 2659 726 materia,
2703 671 2795 716 aut
2836 663 3038 732 aliquid
3062 663 3154 730 ²¹³,
3176 665 3294 721 sine
3315 681 3422 735 quo
3441 667 3509 698 “’*
3529 683 3667 736 npus

2087 754 2492 823 praecogitatum
2519 753 2633 808 ﬁeri
2659 769 2762 808 non
2785 755 2986 822 possit:
3009 771 3314 825 quanquam
3339 759 3484 813 enim
3506 759 3671 814 homo

2090 841 2198 896 tale
2242 843 2454 911 aliquod
2507 841 2709 897 animal
2752 843 2922 912 possit
2963 844 3248 914 cogitando
3270 846 3668 916 velpingendo,

2087 932 2247 1002 quale
2273 948 2536 1002 nusquam
2585 933 2674 996 sit,
2718 933 3058 1004 conﬁngere;
3099 951 3440 1006 nequaquam
3487 947 3671 994 tamen

2090 1025 2192 1080 hoc
2238 1024 2417 1079 facere
2457 1024 2616 1090 valet,
2666 1025 2770 1080 nisi
2825 1028 3202 1096 componendo
3250 1029 3305 1083 in
3353 1045 3419 1086 eo
3461 1041 3668 1100 partes,

2089 1129 2226 1185 quas
2262 1116 2332 1146 ¹¹⁸
2368 1130 2436 1170 ex
2487 1115 2648 1170 rebus
2685 1115 2819 1170 alias
2866 1117 3100 1185 cognitis
3135 1117 3204 1149 ²¹⁶
3247 1118 3302 1172 in
3348 1121 3672 1175 memoriam

2089 1206 2332 1260 attraxit.
2363 1206 2542 1273 Quare
2570 1206 2622 1260 in
2653 1206 2756 1262 hoc
2795 1205 3049 1262 differunt
3094 1209 3164 1265 ab
3194 1210 3426 1266 invicem
3460 1211 3569 1266 illa!
3613 1214 3670 1267 in

2088 1300 2356 1354 creatrice
2377 1299 2698 1364 substantia,
2725 1306 2781 1354 et
2809 1299 2862 1354 in
2893 1299 3047 1355 fabro
3075 1315 3294 1357 suorum
3324 1318 3550 1374 Operum
3591 1305 3673 1359 fa-

2088 1393 2403 1449 eiendorum
2434 1393 2638 1447 intimae
2679 1393 3007 1458 locutiones,
3034 1394 3179 1464 quod
3211 1394 3300 1450 illa
3329 1411 3430 1452 nec
3459 1411 3674 1473 assum-

2088 1493 2202 1555 pta,
2251 1499 2352 1540 nec
2399 1484 2582 1556 adjuta
2627 1485 2867 1552 aliunde,
2916 1485 3009 1540 sed
3039 1485 3234 1554 prima,
3264 1496 3320 1543 et
3347 1488 3459 1543 sola
3503 1504 3672 1546 causa

2090 1575 2333 1632 sufﬁcere
2368 1577 2558 1646 ‘potuit
2601 1577 2671 1610 ¹¹⁷
2723 1592 2822 1633 suo
2872 1577 3066 1632 artiﬁci
3111 1577 3181 1610 ³⁸⁸
3226 1579 3296 1632 ad
3330 1594 3486 1634 suum
3534 1597 3674 1650 opus

2090 1669 2508 1740 perliciendum;
2560 1670 2662 1724 ista
2705 1684 2838 1726 vero
2879 1684 2980 1725 nec
3009 1670 3208 1740 prima,
3244 1685 3346 1726 nec
3383 1671 3521 1737 sola,
3570 1689 3674 1728 nec

411 1759 466 1813 in
494 1761 612 1815 acie
638 1761 834 1817 mentis
861 1777 974 1816 rem
1013 1763 1186 1832 ipsam
1228 1761 1516 1833 cogitantis
1545 1762 1870 1830 exprimitur
1895 1763 1986 1818 m.
2020 1757 2066 1812 Β
2089 1757 2361 1814 sufﬁciens
2387 1767 2471 1812 est
2499 1759 2567 1812 ad
2596 1773 2752 1812 suum
2783 1757 3171 1828 incipiendum.
3222 1759 3563 1831 Quapmpter
3605 1778 3671 1817 ea

409 1851 542 1905 Illud
574 1852 738 1922 igitur
767 1853 891 1921 jure
931 1854 1214 1910 dicendum
1245 1863 1330 1910 est
1366 1857 1604 1911 maxime
1629 1855 1904 1926 proprium
1933 1864 1989 1910 et

408 1945 707 2016 principale
737 1946 812 2001 rei
842 1947 1083 2002 verbum.
1111 1948 1450 2018 Quapropter
1476 1952 1519 2006 si
1550 1949 1693 2004 nulla
1721 1949 1787 2004 de
1817 1947 1988 2018 quali-

410 2036 501 2092 bet
529 2052 588 2092 re
622 2037 824 2093 locutio
861 2047 1066 2098 tantum
1103 2044 1427 2111 propinquat
1466 2043 1565 2106 rei,
1593 2033 1855 2112 quantum
1898 2042 1987 2097 illa

410 2143 531 2197 qua:
575 2129 882 2200 lmjusmodi
929 2133 1110 2188 verbis
1160 2144 1401 2199 constat;
1447 2150 1545 2190 nec
1591 2135 1793 2205 aliquid
1842 2133 1987 2191 aliud

413 2227 520 2272 tam
565 2220 740 2276 simile
782 2223 860 2276 rei
899 2224 981 2278 vel
1021 2223 1213 2302 futurae
1243 2226 1334 2289 ¹⁰⁷,
1363 2226 1446 2281 vel
1477 2225 1591 2293 jam
1637 2227 1890 2282 existcnti
1932 2228 1988 2283 in

413 2311 622 2365 ratione
651 2311 879 2383 alicujus
921 2323 1100 2384 potest
1142 2331 1264 2371 esse
1298 2334 1311 2371 :
1341 2334 1445 2372 non
1499 2319 1772 2374 immerito
1814 2320 1986 2375 videri

408 2406 586 2465 potest
614 2400 756 2468 apud
793 2417 1060 2457 summam
1087 2405 1155 2436 '°'
1178 2405 1564 2472 substantiam,
1595 2409 1752 2463 talem
1802 2405 1987 2464 rerum

410 2484 736 2542 locutionem
763 2491 1030 2556 etfuisse,
1080 2501 1371 2563 antequam
1421 2503 1622 2559 essent,
1657 2504 1713 2551 ut
1744 2510 1841 2566 per
1865 2512 1986 2553 eam

412 2573 638 2641 ﬁerent;
695 2587 752 2632 et
805 2593 964 2646 esse,
1028 2596 1150 2636 cum
1205 2584 1344 2639 facta
1399 2596 1564 2654 sunt,
1615 2595 1674 2642 ut
1718 2582 1815 2658 per
1863 2604 1985 2648 eam

409 2664 674 2718 sciantur.

839 2758 1066 2817 CAPUT
1101 2762 1174 2818 x1
1212 2762 1333 2834 [al.,
1360 2763 1429 2838 Χ]
1467 2767 1558 2821 εοο.

448 2847 602 2913 Quod
630 2849 700 2880 ¹¹⁰
728 2860 901 2906 tamen
927 2853 1094 2930 multa
1123 2856 1275 2930 sitin
1296 2857 1394 2930 hac
1419 2858 1761 2915 similitudine
1805 2860 1947 2930 fabri

1004 2924 1396 2979 dissimilitudo.

408 3007 755 3068 Cousrscrus
793 3028 1095 3070 CAPITIS.—
1109 3015 1554 3072 Summiartiﬁcis
1577 3027 1630 3074 et
1658 3018 1794 3075 fabri
1823 3023 1986 3078 dissi-

478 3081 726 3154 militudo
745 3085 923 3138 est:l.
951 3084 1002 3139 in
1027 3100 1092 3140 eo
1117 3087 1258 3154 quod
1282 3102 1522 3144 summus
1544 3090 1735 3144 artifex
1758 3090 1984 3148 formam

481 3166 608 3228 ιιοῃ⁸
636 3151 851 3228 aliunde
897 3151 1236 3228 compingat;
1282 3157 1417 3228 2.7m
1449 3173 1514 3212 eo
1549 3160 1691 3228 quod
1737 3177 1985 3218 summus

479 3221 676 3277 artifex
712 3223 912 3278 nullam
947 3221 1139 3300 exigat
1172 3227 1451 3300 materiam
1498 3221 1702 3299 ex'qua
1743 3246 1986 3300 praecon-

479 3302 691 3367 ceptum
737 3308 878 3367 opus
923 3295 1197 3362 perficiat;
1246 3295 1300 3350 5.
1333 3299 1384 3350 in
1416 3313 1480 3351 eo
1509 3295 1651 3367 quod
1701 3295 1986 3358 creatricis

479 3361 799 3439 substantiae
825 3361 988 3432 opera
1023 3381 1127 3419 non
1163 3375 1292 3439 sunt
1325 3361 1539 3439 aliquid"
1556 3370 1656 3422 nisi
1688 3371 1829 3439 qno’d
1860 3382 1986 3427 sunt

479 3444 577 3498 per
609 3431 960 3508 illam_:_quar
984 3449 1184 3508 vero__a
1226 3436 1379 3508 fabro
1411 3431 1576 3504 ﬁunt,
1619 3431 1832 3508 penitus
1881 3457 1983 3496 non

480 3509 664 3580 essent
715 3503 814 3557 nisi
862 3503 1043 3559 essent
1096 3505 1296 3574 aliquid
1340 3509 1482 3576 quod
1536 3503 1643 3563 non
1707 3521 1834 3565 sunt
1887 3527 1987 3582 per

481 3583 678 3636 Ipsum.

483 3656 592 3713 Sed
618 3661 866 3728 quamvis
893 3676 1158 3718 summam
1196 3665 1552 3722 substantiam
1597 3677 1808 3724 constet
1832 3685 1985 3740 prius

409 3749 464 3804 in
495 3766 554 3807 se
582 3751 736 3824 quasi
767 3753 967 3808 dixisse
999 3765 1248 3810 cunctam
1280 3767 1610 3826 creaturam,
1655 3776 1817 3830 quam
1863 3778 1982 3817 eam

412 3844 707 3897 secundum
740 3845 1012 3913 eamdem,
1040 3854 1097 3901 et
1123 3863 1219 3917 per
1247 3848 1491 3904 eamdem
1539 3865 1692 3906 suam
1742 3851 1984 3906 intimam

409 3931 737 3990 locutionem
787 3937 1076 4004 conderet;
1132 3942 1587 4010 quemadmodum
1639 3943 1792 3997 faber
1835 3944 1986 4013 prius

413 4033 594 4078 mente
621 4026 878 4096 concipit,
902 4028 1044 4098 quod
1074 4038 1260 4097 postea
1293 4032 1587 4085 secundum
1621 4032 1821 4087 mentis
1855 4047 1984 4088 con-

411 4115 715 4184 ceptionem
751 4133 914 4188 Opere
944 4120 1177 4187 perlicit.
1228 4120 1449 4176 Multam
1484 4130 1660 4180 tamen
1696 4125 1749 4180 in
1783 4125 1884 4181 hac
1913 4127 1987 4182 si-

415 4203 720 4262 militudine
772 4208 988 4264 intueor
1048 4210 1560 4276 dissimilitudinem.
1614 4215 1706 4271 Illa
1756 4233 1988 4288 namque

328 4287 332 4290 ’
412 4294 546 4350 nihil
595 4299 817 4354 omnino
865 4299 1084 4358 aliunde
1130 4305 1445 4375 assumpsit,
1496 4307 1636 4361 unde
1666 4308 1750 4361 vel
1797 4287 1983 4365 eorum

413 4402 535 4457 quae
581 4389 784 4445 factura
833 4401 952 4448 erat
979 4394 1071 4460 ’“,
1100 4392 1326 4451 formam
1360 4396 1412 4450 in
1444 4412 1503 4453 se
1532 4399 1646 4468 ipsa
1675 4401 1985 4472 compinge-

2090 1864 2210 1920 quae
2235 1864 2331 1920 per
2354 1849 2504 1905 illam
2522 1859 2711 1905 creata
2729 1858 2875 1914 sunt,
2900 1851 3083 1905 omnia
3114 1866 3221 1906 non
3241 1859 3368 1907 sunt
3392 1853 3536 1922 quod
3561 1869 3674 1908 non

2090 1948 2217 1998 sunt
2258 1955 2359 2011 per
2383 1941 2530 1996 illam
2556 1942 2647 1996 “’.
2679 1941 2811 2009 ρυω
2831 1956 2962 1997 vero
2987 1957 3084 2013 per
3111 1943 3269 1997 istam
3302 1941 3438 1997 ﬁunt
3460 1945 3553 2010 “°,
3581 1959 3675 2012 pe-

2089 2033 2236 2088 nitus
2260 2047 2368 2088 non
2407 2041 2609 2096 essent,
2661 2032 2767 2088 nisi
2809 2041 2997 2088 essent
3040 2033 3242 2104 aliquid
3274 2034 3342 2064 ἰι
3372 2035 3514 2102 quod
3561 2051 3676 2090 non

2089 2131 2218 2177 sunt
2262 2136 2360 2191 per
2396 2121 2568 2192 ipsam
2592 2123 2683 2175 m.

2503 2209 2732 2268 CAPUT
2771 2210 2861 2266 xu
2900 2211 3023 2284 [al.,
3050 2210 3259 2282 X11”.

2197 2303 2352 2370 Quod
2387 2305 2498 2359 lucc
2528 2319 2747 2359 summm
2773 2304 3018 2427 essentia:
3039 2303 3230 2358 locutio
3265 2305 3332 2359 sit
3357 2321 3566 2361 mmma

2709 2391 2851 2427 essen
2877 2391 2928 2426 ia
3000 2395 3037 2426 ν.

2709 2391 2928 2429 essentia
2950 2391 2991 2404 "
3000 2391 3037 2426 ὀ

2088 2464 2430 2522 Coasracrus
2466 2481 2788 2522 CAPITIS.—
2819 2465 3039 2536 Summa
3090 2465 3393 2521 substantia
3443 2482 3542 2536 per
3585 2485 3672 2524 se-

2158 2537 2444 2605 metipsam
2489 2537 2666 2590 omnia
2714 2536 2860 2590 fecit.
2912 2535 3016 2590 Per
3059 2537 3358 2592 naturalem
3409 2535 3588 2592 autem
3617 2550 3671 2594 et

2159 2607 2406 2677 intimam
2439 2606 2767 2661 locutionem
2797 2607 2976 2660 munia
3025 2606 3170 2661 fecit.
3221 2607 3363 2677 Ergo
3408 2610 3673 2665 naturalis

2158 2677 2274 2744 haec
2298 2676 2500 2731 locutio
2529 2685 2613 2732 est
2639 2677 2750 2745 ipsa
2779 2691 2989 2730 summa
3023 2676 3347 2731 substantia.

2159 2766 2268 2822 Sed
2295 2782 2419 2822 cum
2451 2767 2654 2837 pariter
2691 2767 2903 2822 ratione
2937 2769 3162 2823 docente
3197 2769 3267 2823 sit
3298 2777 3505 2823 certum
3544 2770 3672 2838 quia

2087 2857 2350 2927 quidquid
2396 2872 2607 2913 summa
2672 2857 2976 2912 substantia
3031 2856 3192 2922 fecit,
3243 2873 3348 2912 non
3395 2859 3525 2913 fecit
3575 2873 3671 2928 per

2087 2950 2232 3006 aliud
2254 2951 2324 2984 ’³³
2349 2966 2511 3021 quam
2549 2964 2646 3020 per
2682 2950 3065 3021 semetipsam;
3115 2959 3171 3005 et
3206 2951 3469 3021 quidquid
3507 2953 3668 3015 fecit,

2088 3057 2186 3114 per
2214 3058 2369 3098 suam
2394 3042 2639 3098 intimam
2665 3041 2736 3074 m
2758 3042 3082 3097 locutionem
3122 3041 3280 3109 fecit,
3315 3044 3428 3098 sive
3457 3043 3671 3115 singula

2013 3121 2058 3182 (ἶ
2090 3135 2316 3205 singulis
2343 3134 2544 3200 verbis,
2574 3135 2689 3190 sive
2715 3135 2895 3204 potius
2931 3148 3038 3188 uno
3066 3135 3234 3190 verbo
3278 3134 3439 3190 simul
3486 3137 3671 3192 omnia

2090 3225 2351 3291 dicendo;
2391 3224 2522 3294 quid
2568 3224 2743 3296 magis
2805 3224 3174 3279 necessarium
3241 3225 3408 3280 videri
3469 3235 3671 3296 potest,

2088 3331 2250 3384 quam
2283 3316 2424 3370 hanc
2452 3331 2675 3370 summae
2721 3317 2973 3372 essentia:
3016 3315 3344 3372 locutionem
3395 3333 3501 3373 non
3551 3335 3674 3374 esse

2087 3407 2229 3462 aliud
2258 3423 2417 3477 quam
2449 3423 2717 3462 summam
2756 3408 3096 3464 essentiam?
3149 3408 3265 3462 Non
3299 3409 3466 3478 igitur
3495 3411 3671 3481 negli-

2087 3508 2278 3569 genter
2316 3499 2740 3568 praztereundam
2775 3499 2934 3570 hujus
2962 3499 3250 3555 locutionis
3278 3501 3672 3558 consideratio-

2089 3603 2213 3643 nem
2242 3597 2417 3658 puto:
2449 3588 2543 3642 sed
2580 3588 2899 3658 priusquam
2942 3588 3010 3644 de
3053 3588 3141 3643 illa
3189 3589 3361 3659 possit
3421 3591 3667 3656 tractari,

2087 3679 2378 3749 diligenter
2430 3677 2671 3748 ejusdem
2727 3695 2952 3735 summa:
3001 3681 3316 3735 substantiae
3362 3682 3669 3751 ωορκ-ἰδίεις

2089 3781 2172 3828 tes
2195 3773 2262 3805 ’³⁷
2285 3771 2494 3843 aliquas
2530 3772 2771 3827 studiose
2810 3772 3213 3841 investigandas
3241 3773 3523 3827 existimo.

2477 3885 2704 3941 CAPUT
2742 3885 2853 3940 Xlll
2894 3884 3017 3959 [al.,
3052 3884 3167 3957 XII]
3193 3885 3284 3940 ²²⁸.

2089 3980 2242 4046 Quod
2272 3980 2407 4035 sicut
2439 3978 2615 4033 omnia
2643 3994 2736 4045 per
2759 3993 3013 4031 summam
3040 3977 3316 4030 essentiam
3350 3975 3495 4046 facta
3525 3988 3670 4043 sunt,

2506 4049 2582 4102 ita
2615 4048 2815 4118 vigeant
2842 4063 2934 4115 per
2962 4048 3129 4116 ipsant
3155 4046 3246 4100 "’.

2086 4139 2429 4197 CONSPECTUS
2464 4151 2693 4192 CAPITIS.
2717 4168 2785 4178 -—-
2810 4136 2963 4191 Sicut
3006 4137 3188 4191 omnia
3226 4151 3349 4206 quae
3391 4145 3541 4199 sunt.
3574 4153 3674 4207 per

2157 4225 2324 4264 unum
2357 4208 2558 4278 aliquid
2596 4215 2744 4272 sunt,
2773 4207 2914 4278 quod
2946 4207 3123 4278 solum
3152 4215 3237 4261 est
3265 4221 3363 4276 per
3395 4208 3671 4278 seipsum;

2155 4280 2230 4334 ita
2276 4277 2458 4336 omnia
2500 4292 2595 4346 per
2635 4293 2798 4332 unum
2841 4277 3045 4346 aliquid
3079 4277 3284 4346 vigent,
3318 4278 3459 4344 quod
3495 4277 3671 4333 solum

2157 4351 2299 4420 viget
2323 4364 2422 4419 per
2445 4345 2704 4420 seipsum.
2735 4348 2876 4420 Ergo
2901 4345 3039 4420 sicut
3067 4345 3425 4420 uili_iI__faetuni
3451 4357 3544 4420 est
3569 4349 3673 4401 nisi

2156 4417 2254 4491 per
2285 4417 2600 4474 cicatricem
2635 4417 2955 4491 essentiam.
2997 4417 3068 4491 ita
3100 4417 3233 4471 nihil
3263 4417 3406 4488 viget
3443 4418 3548 4472 nisi
3577 4433 3676 4487 per

412 4485 518 4540 ret.
547 4477 630 4532 vel
664 4495 726 4536 ea
761 4481 896 4551 ipsa,
951 4483 1002 4538 id
1030 4484 1174 4554 quod
1208 4495 1335 4540 sunt
1366 4489 1456 4555 ²¹²,
1485 4488 1801 4558 perﬁceret;
1836 4471 1988 4546 faber
2015 4471 2067 4532 θ
2158 4471 2781 4544 eamdemservatricem
2813 4471 3172 4557 praesentiam.

411 4579 543 4624 vero
571 4571 784 4640 penitus
826 4589 924 4629 nec
968 4586 1149 4632 mente
1189 4586 1368 4650 potest
1405 4579 1611 4650 aliquid
1664 4596 1985 4651 corporeum

2163 4581 2390 4636 Constat
2415 4593 2544 4649 ergo
2567 4593 2664 4649 per
2695 4593 2964 4634 summam
3005 4585 3252 4634 naturam
3289 4592 3408 4634 esse
3444 4575 3672 4644 factum,

1702 4693 1934 4748 VARUE
1971 4689 2376 4747 LECTlONES.

485 4793 558 4825 ³⁸⁸
595 4794 710 4874 Non
738 4795 1040 4874 ignoratur,
1069 4817 1193 4874 mss.
1220 4817 1323 4874 non
1355 4803 1612 4874 ignoratis
1637 4812 1780 4866 sunt,
1857 4803 1930 4835 ὀδ
1950 4803 2273 4874 Expressius
2299 4805 2513 4874 signant
2531 4820 2639 4874 ms.
2658 4801 2967 4874 erpressius
2996 4801 3303 4874 significant
3331 4871 3345 4874 _
3374 4801 3446 4834 ’°'
3469 4802 3564 4858 Sic
3594 4804 3674 4858 di-

411 4863 651 4944 citurrei
672 4863 783 4920 ms:
803 4869 1016 4944 videtur
1043 4870 1119 4925 rei
1192 4863 1575 4944 '"Cogvitantis
1614 4863 1868 4944 exprimit
1905 4863 2676 4944 mss.’Vict._Sag.vcogitantis
2695 4863 3158 4944 eitprimiturf'f'
3198 4872 3292 4944 Rei
3323 4871 3518 4927 futura.-
3539 4891 3666 4929 mss.

414 4935 492 4989 rei
520 4935 602 4990 vel
627 4935 822 5013 futura
892 4939 961 4972 ’⁸⁸
987 4941 1172 5013 ipsam
1201 4935 1462 5013 summam
1487 4961 1611 4999 mss.
1633 4935 1801 4998 omitt.
1829 4945 1996 5012 ipsam
2072 4945 2140 4975 ¹⁰⁹
2177 4935 2316 5013 Cap."
2333 4943 2399 4999 l0
2422 4935 2483 4997 iii
2497 4960 2622 4998 mss.
2654 4935 2807 5011 caput
2840 4942 2923 4995 11.
2999 4943 3070 4974 ¹¹⁰
3087 4943 3241 5013 Quod
3278 4943 3394 4997 haec
3423 4959 3674 5009 summm,

407 5015 520 5096 etc:
539 5017 594 5059 ut
620 5007 675 5060 in
704 5009 855 5064 titulo
879 5007 1062 5096 capitis
1086 5012 1171 5066 11.
1198 5012 1490 5096 inﬂemrusis.
1516 5013 1651 5067 Mss.
1675 5014 1789 5096 alia
1815 5007 2049 5096 eumdem
2077 5007 2265 5068 hebeni
2313 5015 2543 5096 titulum,
2565 5031 2628 5096 ac
2649 5007 2811 5096 edita.
2909 5013 2986 5096 Μ.
3017 5007 3280 5096 [iacienda
3325 5023 3510 5096 erant.
3543 5007 3672 5067 mss.

413 5073 623 5153 factura
643 5087 884 5153 erat_ms.
910 5073 1215 5153 Corbsquaa
1246 5082 1421 5137 futura
1462 5095 1647 5147 erant,
1721 5085 1789 5114 ²¹¹
1827 5085 1883 5138 ld
1911 5085 2050 5151 quod
2090 5093 2215 5137 sunt
2237 5101 2359 5138 mss.
2399 5073 2540 5136 Vict.
2558 5081 2684 5151 Sag.
2714 5085 2816 5137 hoc
2846 5084 2986 5153 quod
3011 5092 3138 5138 sunt
3209 5083 3281 5153 Ψ
3322 5081 3545 5140 Materia
3579 5093 3685 5136 aut.

411 5146 555 5200 aliud
582 5164 704 5202 mss.
735 5148 875 5222 Tim:
900 5146 1145 5218 materia,
1177 5162 1269 5206 aut
1293 5154 1732 5214 instrumentum,
1771 5165 1863 5208 aut
1889 5146 2089 5222 aliquid
2161 5154 2232 5185 ²¹⁸
2252 5153 2428 5217 Aliud,
2461 5153 2577 5207 sine
2604 5146 2710 5222 quo
2750 5146 2880 5206 mss:
2915 5153 3139 5220 aliquid,
3173 5152 3290 5208 sine
3317 5167 3424 5220 quo
3455 5153 3526 5183 ’³⁸
3553 5168 3678 5222 par-

413 5227 496 5271 tes
521 5232 656 5286 quas
682 5236 806 5292 mss.
835 5220 966 5276 Tha.
1001 5231 1183 5292 partes
1211 5223 1362 5286 alias,
1402 5241 1535 5292 quas
1608 5224 1676 5256 ¹¹⁶
1699 5223 1881 5278 Rebus
1914 5220 2032 5277 aliis
2061 5223 2292 5290 cognitis
2326 5241 2452 5277 mss.
2486 5220 2645 5276 rebus
2674 5223 2806 5276 alias
2833 5225 3065 5292 cognitis
3128 5225 3194 5261 ’⁸⁷
3213 5222 3337 5277 Sola
3362 5237 3482 5276 eam
3521 5220 3669 5276 Stim-

411 5300 536 5341 eere
568 5291 743 5364 potuit
765 5307 863 5364 suo
890 5309 987 5344 ms.
1015 5291 1126 5346 sola
1156 5307 1317 5364 causa
1351 5293 1595 5349 sufﬁcere
1636 5295 1810 5364 potuit
1831 5308 1929 5348 suo
2021 5293 2090 5364 ’ξε
2137 5293 2246 5348 Suo
2271 5293 2462 5364 artiﬁci
2493 5309 2590 5346 ms.
2622 5292 2856 5348 VictJB.
2882 5291 3092 5364 summo
3135 5292 3328 5346 artiﬁci
3352 5293 3493 5364 ___’l‘-‘
3517 5294 3675 5359 Quod

416 5371 518 5434 non
550 5359 727 5434 sitpcr
766 5361 928 5434 illam
964 5378 1088 5415 mss.
1115 5363 1398 5434 quodnon;
1422 5373 1548 5418 sunt
1601 5359 1692 5434 per
1721 5364 1864 5417 illam
1957 5364 2025 5395 ”°
2046 5363 2150 5417 Per
2181 5365 2350 5432 ipsam
2384 5363 2515 5418 fiunt
2545 5379 2672 5418 mss.
2705 5379 2799 5434 per
2845 5365 3005 5418 istam
3040 5363 3173 5417 ﬁunt
3243 5363 3311 5394 ³²¹
3352 5360 3472 5434 Nisi
3524 5374 3678 5417 esset

416 5381 518 5410 llUll
550 5381 727 5429 super
766 5381 910 5415 utam
964 5381 1088 5415 mss.
1115 5381 1256 5429 quoa
1287 5381 1390 5417 non
1422 5381 1548 5418 Slllll
1635 5381 1692 5418 er
1721 5381 1864 5417 tuam
1959 5381 2025 5395 "'"
2046 5381 2150 5417 rer
2181 5381 2350 5432 ipsam
2384 5381 2515 5418 lllllll
2545 5381 2672 5418 mss.
2705 5381 2799 5434 per
2845 5381 3005 5418 ISlam
3040 5381 3173 5417 1111οι
3244 5381 3311 5394 ⁸⁸⁵
3353 5381 3466 5415 ωει
3524 5381 3669 5417 εδευι

415 5425 614 5494 aliquid
663 5445 794 5504 mss.
832 5431 932 5485 nisi
977 5441 1157 5504 essent
1197 5431 1402 5504 aliquid
1475 5435 1545 5504 9'
1584 5381 1735 5501 ὅυυα
1768 5448 1874 5488 non
1904 5434 1974 5488 sit
2011 5448 2108 5503 per
2140 5434 2310 5504 ipsam
2360 5451 2483 5488 mss.
2515 5435 2655 5503 quod
2677 5450 2783 5489 non
2815 5443 2942 5504 sunt
2966 5449 3063 5502 per
3088 5434 3265 5504 ipsam
3291 5502 3305 5504 _
3338 5433 3406 5464 ”³
3434 5431 3568 5504 Cap_.
3607 5435 3669 5504 11

411 5505 627 5572 estcap.
655 5499 747 5572 12.
776 5501 830 5553 in
860 5518 998 5572 mss.
1079 5501 1148 5572 Ψ
1187 5499 1474 5557 Μεζϐονὸ.
1509 5499 1660 5569 Quod
1702 5504 1842 5558 sicut
1864 5499 2046 5558 omnia
2078 5499 2174 5572 per
2219 5519 2504 5571 summam,
2531 5499 2649 5560 ἐισ.
2700 5513 2776 5558 est
2805 5499 2987 5558 titulus
3030 5499 3215 5571 capitis
3252 5502 3336 5557 l2.
3414 5503 3484 5534 ²²⁸
3528 5502 3675 5557 Sub-

414 5567 796 5644 stantia‘igcit,
829 5585 929 5644 per
953 5571 1096 5626 aliud
1137 5587 1263 5625 mss.
1293 5567 1616 5644 substantia
1661 5573 1789 5628 fecit
1811 5615 1828 5639 ,
1863 5590 1968 5628 non
2017 5567 2146 5628 fecit
2173 5589 2270 5644 per
2292 5575 2435 5644 aliud
2491 5567 2498 5571 ⁷
2532 5573 2602 5604 ¹²⁶
2639 5574 2740 5628 Per
2769 5573 3014 5628 intimam
3051 5567 3176 5628 mss.
3216 5587 3315 5640 per
3345 5573 3674 5644 suaminti-

415 5648 569 5716 tuam
602 5637 700 5716 ut"
739 5637 1108 5716 Proprietat‘es
1129 5658 1253 5716 mss.
1293 5640 1594 5716 VictaSag.
1627 5660 1723 5716 per
1750 5637 2122 5716 proprietates
2175 5637 2265 5676 ’³³⁸
2293 5643 2424 5714 Cap.
2451 5644 2516 5699 12
2547 5653 2621 5698 est
2651 5653 2804 5714 caput
2839 5644 2904 5700 15
2936 5644 2990 5698 in
3013 5660 3138 5698 mss.
3219 5637 3296 5675 “9
3339 5642 3470 5698 Mss.
3503 5642 3669 5697 Coro.

417 5706 569 5770 Quod
597 5706 684 5762 illa
708 5707 801 5778 sit,
827 5706 928 5764 etc.
954 5720 1007 5764 ut
1038 5712 1092 5764 in
1123 5712 1272 5768 titulo
1295 5715 1478 5782 capitis
1509 5706 1590 5769 l3.
1619 5706 1669 5768 in
1694 5706 1879 5769 editis:
2371 5706 2379 5714 ’
2715 5706 2724 5714 ’
3440 5719 3442 5721 ’
