3882 6050
217 200 308 255 lGl

207 407 460 464 rationali
494 407 658 459 menti
693 421 814 459 esse
843 414 1038 474 potest,
1067 405 1210 474 quod
1241 414 1454 469 cuncta,
1497 420 1618 474 qua:
1649 405 1790 460 facta

204 508 354 564 sunt,
385 496 575 552 eodem
627 497 743 565 ipso
787 499 1090 550 sustinente
1121 497 1300 567 vigent
1345 505 1400 551 et
1445 503 1793 564 perseverant

203 609 326 650 esse
367 593 606 663 quandiu
655 602 807 654 sunt,
856 608 963 658 quo
1010 591 1241 648 faciente
1282 593 1349 648 de
1388 593 1554 648 nihilo
1592 593 1790 648 habent

204 701 324 742 esse
359 687 504 755 quod
546 695 692 739 sunt.
735 683 906 738 Simili
953 699 1187 753 namque
1214 700 1311 754 per
1337 686 1519 740 omnia
1555 686 1785 754 ratione,

202 797 306 849 qua
346 781 632 834 collectum
667 788 747 833 est
778 779 982 841 omnia,
1010 794 1130 848 qua:
1159 788 1308 844 sunt,
1336 794 1458 835 esse
1487 794 1584 848 per
1621 795 1784 833 unum

201 869 435 939 aliquid,
470 869 613 922 unde
643 868 817 936 ipsum
850 868 1022 922 solum
1054 878 1136 923 est
1165 885 1262 938 per
1299 869 1535 938 seipsnm
1555 910 1569 933 ,
1600 877 1654 924 et
1681 869 1787 924 alia

202 974 296 1032 per
336 960 515 1027 aliud;
568 961 751 1026 simili,
802 961 1042 1031 inquam,
1089 963 1300 1017 ratione
1339 971 1515 1032 potest
1565 963 1787 1033 probari

203 1051 324 1121 quia
401 1065 738 1120 quaecunque
804 1052 991 1120 vigent
1047 1066 1146 1121 per
1206 1069 1372 1106 unum
1440 1053 1641 1123 aliquid
1703 1054 1787 1108 vi-

201 1142 446 1215 geantm
469 1147 639 1197 :unde
664 1143 793 1197 illud
822 1143 993 1198 solum
1012 1145 1154 1213 viget
1181 1159 1278 1214 per
1305 1144 1566 1214 seipsum,
1595 1152 1652 1199 et
1679 1145 1782 1199 alia

199 1248 294 1302 per
323 1232 492 1287 aliud.
541 1232 692 1300 Quod
744 1234 1002 1302 quoniam
1048 1235 1207 1289 aliter
1254 1250 1376 1291 esse
1423 1251 1528 1290 non
1579 1245 1780 1307 potest,

200 1324 298 1379 nisi
338 1334 399 1378 ut
429 1341 516 1391 ea,
547 1341 666 1395 qua:
699 1336 825 1380 sunt
854 1326 1013 1391 laeta,
1045 1343 1143 1398 per
1167 1328 1313 1383 aliud
1346 1329 1599 1401 vigeant,
1635 1341 1690 1386 et
1728 1331 1780 1386 id

199 1431 227 1470 a
252 1430 360 1484 quo
393 1415 533 1469 facta
563 1423 708 1480 sunt,
736 1416 913 1488 vigeat
943 1433 1040 1486 per
1065 1418 1324 1488 seipsum,
1356 1432 1580 1474 necesse
1607 1428 1690 1473 est
1721 1428 1778 1474 ut

195 1511 331 1564 sicut
356 1509 495 1564 nihil
518 1509 719 1565 factum
743 1511 952 1564 estnisi
983 1525 1079 1581 per
1104 1511 1424 1566 creatricem
1455 1520 1777 1580 prmsentem

195 1599 516 1664 essentiam,
551 1599 623 1653 ita
657 1598 790 1652 nihil
822 1600 1017 1670 vigeat,
1047 1600 1149 1656 nisi
1182 1617 1279 1671 per
1308 1602 1548 1672 ejusdem
1584 1617 1775 1659 serva-

197 1695 382 1749 tricem
407 1694 748 1764 pmentiam
778 1694 868 1747 ¹³¹.

524 1807 580 1876 9
616 1806 844 1862 CAPUT
882 1806 997 1860 XIV
1024 1805 1141 1879 [al.,
1174 1805 1309 1880 XIII]
1345 1809 1435 1862 ω.

197 1918 343 1985 Quod
367 1919 439 1951 "3
469 1919 562 1972 illa
587 1921 654 1972 sit
679 1921 730 1972 in
754 1919 994 1973 omnibus
1010 1962 1024 1984 ,
1051 1929 1100 1973 et
1125 1937 1216 1988 per
1237 1921 1410 1988 omnia
1437 1931 1482 1973 et
1505 1921 1680 1973 omnia
1702 1919 1775 1952 ’³³

473 1991 574 2044 sint
598 2007 662 2044 ex
692 1990 810 2054 illa,
839 2001 885 2043 et
915 2005 1007 2059 per
1028 1990 1196 2053 illam,
1224 2001 1270 2044 et
1293 1992 1347 2044 in
1376 1989 1489 2043 illa.

196 2104 534 2160 Cossrecrns
561 2121 787 2161 carms.
834 2135 904 2144 —
935 2105 1013 2158 Ex
1059 2119 1166 2174 quo
1211 2105 1566 2173 consequitur
1599 2113 1657 2156 ut
1699 2103 1770 2157 ibi

258 2178 375 2245 ipsa
410 2195 514 2232 non
551 2187 664 2242 est,
698 2174 827 2229 nihil
861 2175 948 2229 sit.
984 2175 1193 2243 Ubique
1221 2175 1414 2243 igitur,
1443 2184 1494 2227 et
1532 2189 1629 2242 per
1651 2190 1770 2245 om-

258 2244 369 2312 nia,
405 2258 459 2300 et
491 2247 541 2299 in
569 2245 818 2300 omnibus
847 2256 948 2299 est.
983 2245 1116 2298 Cum
1149 2245 1292 2298 enim
1330 2254 1567 2298 creatum
1601 2244 1775 2297 nulla-

260 2326 421 2371 tenus
449 2317 626 2370 valeat
655 2317 806 2371 exire
835 2316 1071 2369 creantis
1119 2326 1174 2368 et
1215 2313 1445 2368 foventis
1495 2315 1774 2368 immensi-

259 2397 426 2440 tatem
447 2428 462 2452 ,
487 2403 681 2441 creans
698 2401 827 2439 vero
848 2395 900 2438 et
930 2384 1113 2439 fovens
1136 2385 1396 2440 excedere
1422 2385 1588 2452 possit
1612 2398 1771 2437 omne

255 2458 400 2525 quod
427 2465 671 2511 creatum
709 2465 811 2519 est,
864 2455 1032 2524 liquet
1085 2457 1226 2524 quod
1275 2467 1484 2508 suunna
1534 2454 1770 2525 essentia

257 2523 372 2597 ipsa
400 2537 484 2580 est
513 2541 631 2596 quae
671 2535 864 2597 cuncta
887 2523 1002 2597 alia
1033 2533 1247 2597 portat,
1279 2532 1534 2592 superat,
1567 2523 1770 2597 claudit

256 2593 308 2649 et
335 2593 619 2666 penetrat;
653 2605 706 2651 et
736 2596 849 2663 ipsa
883 2596 936 2649 in
957 2593 1207 2648 ouiuibus
1237 2602 1321 2648 est
1349 2603 1402 2646 et
1437 2608 1535 2666 per
1554 2593 1766 2659 omnia;

257 2677 311 2721 et
337 2665 483 2736 ipsa,
517 2675 571 2722 et
593 2682 690 2736 per
717 2667 906 2735 ipsam,
941 2674 994 2720 et
1023 2665 1073 2718 in
1104 2667 1214 2734 ipsa
1245 2671 1372 2717 sunt
1395 2665 1597 2717 omnia.

256 2760 413 2827 Quod
435 2760 482 2813 si
507 2758 580 2813 ita
607 2757 677 2789 ’⁸⁵
709 2766 812 2824 εει,
839 2758 945 2811 imo
966 2756 1090 2827 quia
1115 2771 1182 2810 ex
1210 2756 1533 2810 necessitate
1557 2755 1636 2809 sic
1661 2763 1765 2818 est,

196 2850 546 2919 consequitur
574 2858 634 2903 ut
661 2849 749 2903 ubi
777 2849 891 2918 ipsa
928 2863 1035 2903 non
1091 2857 1211 2912 est,
1248 2847 1381 2902 nihil
1425 2848 1514 2902 sit.
1561 2847 1770 2917 Ubique

194 2943 349 3013 igitur
380 2950 486 3005 est,
523 2951 578 2995 et
611 2956 708 3011 per
755 2941 969 3006 omnia,
1017 2951 1068 2994 et
1114 2941 1166 2993 in
1209 2939 1482 2994 omnibus.
1534 2939 1602 2992 At
1631 2955 1768 3008 quo-

196 3034 328 3086 niam
358 3031 432 3062 ⁸³⁸
463 3030 758 3085 absurdum
783 3039 888 3097 est,
921 3040 999 3094 ut,
1037 3029 1280 3094 scilicet,
1314 3030 1766 3098 quemadmodum

195 3121 499 3176 nullatenus
535 3119 736 3190 aliquid
778 3128 1019 3174 creatum
1059 3128 1236 3189 potest
1261 3121 1412 3172 exire
1438 3122 1678 3174 creantis
1712 3128 1769 3173 et

195 3212 422 3268 foventis
450 3211 910 3275 immensitatem;
944 3210 1024 3264 sic
1063 3225 1254 3264 creans
1279 3219 1333 3265 et
1355 3211 1542 3266 fovens
1567 3227 1771 3282 nequa-

193 3320 348 3375 quam
403 3304 585 3359 valeat
641 3304 821 3373 aliquo
861 3303 929 3333 ’³⁷
971 3301 1131 3358 modo
1189 3304 1454 3358 excedere
1485 3301 1767 3379 “factorum

195 3400 629 3462 universitatem;
675 3396 845 3466 liquet
904 3396 1158 3464 quoniam
1208 3393 1278 3426 ’³⁸
1334 3395 1448 3464 ipsa
1513 3403 1599 3450 est
1649 3410 1770 3465 quae

195 3501 382 3545 cuncta
405 3490 512 3543 alia
543 3497 726 3559 portat
748 3497 803 3542 et
824 3496 1068 3557 superat,
1093 3486 1294 3542 claudit
1323 3487 1390 3518 ³³⁸
1417 3499 1472 3542 ει
1499 3497 1766 3558 penetrat.

196 3580 249 3635 Si
273 3581 440 3652 igitur
465 3580 578 3634 haec
609 3579 743 3644 illis,
775 3593 896 3648 quae
927 3579 1178 3648 superius
1207 3586 1332 3633 sunt
1361 3580 1601 3645 inventa,
1635 3581 1768 3650 jun-

195 3681 385 3741 gantur
406 3711 423 3734 ,
449 3670 641 3726 eadem
675 3678 759 3724 est
781 3684 901 3740 qua:
942 3669 993 3724 in
1022 3669 1271 3724 omnibus
1301 3678 1412 3737 est,
1440 3678 1494 3724 et
1523 3685 1621 3740 per
1648 3685 1767 3725 om-

198 3763 299 3828 nia,
322 3773 379 3817 et
410 3776 478 3817 ex
504 3775 631 3830 qua,
660 3768 715 3814 et
737 3774 831 3828 per
861 3775 1044 3829 quam,
1071 3767 1126 3813 et
1154 3760 1205 3813 in
1234 3773 1362 3828 qua.

583 3849 810 3906 CAPUT
851 3850 943 3906 xv
981 3849 1100 3922 [al.,
1131 3847 1270 3922 xw]
1297 3850 1389 3904 κιο.

199 3946 259 3976 ²⁵¹
295 3945 441 4012 Quid
464 3945 626 4015 possit
654 3942 726 3974 ²⁸¹
748 3953 838 3997 aut
871 3943 1154 4067 11.07:)08831
1184 3941 1246 3995 de
1273 3940 1366 3995 illa
1392 3941 1499 3996 dici
1525 3941 1771 3997 substan-

897 4030 946 4065 τα
974 4030 986 4066 ι
1014 4029 1086 4066 er.

897 4029 1086 4066 ιαιιιεν.

199 4106 537 4162 (Σοκενεετυε
565 4121 794 4161 camus.
821 4137 892 4146 —
924 4103 1137 4159 Nullum
1167 4104 1217 4158 in
1254 4104 1451 4159 creatis
1484 4104 1768 4159 relativum

263 4189 342 4232 est
369 4177 724 4232 substantiale
760 4175 833 4229 illi
879 4176 944 4231 de
977 4191 1083 4245 quo
1127 4175 1346 4228 relative
1378 4175 1594 4230 dicitur.
1629 4175 1772 4244 Ergo

264 4249 402 4316 quod
427 4249 494 4301 de
521 4263 729 4300 summa
761 4255 954 4300 natura
977 4245 1198 4316 relative
1219 4246 1434 4316 dicitur,
1459 4260 1513 4298 v.
1542 4261 1595 4315 g.
1626 4245 1771 4316 quod

267 4314 437 4386 major
459 4317 530 4371 sit
559 4317 830 4380 omnibus,
865 4331 968 4370 non
1011 4314 1280 4386 signiﬁcat
1310 4315 1427 4385 ejus
1453 4314 1766 4386 essentiam.

263 4384 374 4457 Ipsa
399 4388 543 4440 enim
567 4401 662 4455 per
686 4401 743 4457 se
765 4395 820 4440 et
841 4401 946 4439 non
973 4401 1068 4457 per
1103 4384 1246 4457 aliud
1293 4384 1385 4457 aut
1415 4385 1486 4457 ad,
1513 4385 1657 4439 aliud
1684 4396 1770 4440 est

264 4453 523 4526 quidquid
563 4453 666 4511 est.
718 4456 924 4510 Prmter
961 4453 1183 4526 relativa
1231 4453 1490 4524 quidquid
1530 4463 1641 4521 est,
1673 4465 1766 4511 aut

266 4524 438 4598 ipsum
462 4526 654 4581 melius
679 4536 946 4595 estquam
971 4540 1076 4580 non
1106 4524 1312 4595 ipsum;
1343 4533 1435 4578 aut
1461 4539 1566 4580 non
1592 4526 1765 4594 ipsum

1589 197 2062 255 MONOLOGIUM.

207 313 475 385 quidquid
505 330 611 367 non
638 321 722 368 est
747 313 888 368 idem
929 314 1024 368 illi.
1072 313 1300 368 Dubium
1346 320 1526 370 autem
1574 317 1787 370 nonniSi
1823 321 1868 378 Α

1801 1667 1849 1726 Β

3356 211 3460 268 162

1967 315 2019 368 in
2048 312 2228 399 aliqua
2259 314 2449 399 melius
2493 325 2576 371 est
2604 331 2766 386 quam
2811 319 3005 388 ipsum.
3040 321 3217 392 Ipsum
3249 342 3353 384 non
3383 332 3463 399 ip-

1970 401 2088 439 sum
2153 386 2509 455 intelligitur,
2559 398 2616 459 ut
2668 386 2849 459 verum
2904 406 3008 444 non
3063 386 3291 459 verum,
3343 386 3467 454 co'r-

1965 471 2063 532 pus
2094 470 2195 508 non
2220 471 2414 532 corpus
2440 465 2533 532 ,“ct
2555 457 2655 509 alia
2692 457 3018 532 hujusmodi.
3044 462 3217 531 Ipsum
3243 508 3257 532 ,
3280 457 3349 521 nt
3377 486 3462 524 sa-

1965 525 2148 593 piens,
2175 535 2257 578 est
2301 526 2840 607 simpliciter_melius
2887 525 3200 598 qnam—non
3245 525 3461 607 ipsum,

1962 610 2056 672 seu
2077 611 2192 672 non
2220 598 2456 672 sapiens.
2493 595 2607 649 Non
2634 598 2836 672 ipsum,
2878 595 2934 653 ιιί
2955 641 2969 663 ,
3004 617 3108 654 non
3141 595 3356 672 aurn'm,
3384 595 3468 666 «ιεὶ

1966 664 2017 718 in
2041 666 2221 732 aliquo
2245 666 2435 719 melius
2463 681 2620 734 quam
2651 664 2856 736 ipsum,
2903 673 3018 724 sive
3062 689 3275 728 aurum.
3302 664 3464 735 Sina-—

1962 751 2106 788 mum
2141 751 2242 788 non
2273 746 2354 789 est
2379 739 2597 816 omnino
2634 747 2684 816 e_t
2725 738 3271 816 siinplieiter_melius
3299 764 3463 816 quam

1960 820 2064 858 non
2105 821 2408 870 snmnnnn;
2442 809 2563 874 quia
2603 807 2880 861 relativum
2910 819 3011 864 est.
3045 811 3158 866 Non
3189 807 3459 873 summum

1960 891 2065 946 non
2095 887 2177 928 est
2203 877 2253 928 in
2281 876 2462 945 aliquo
2479 877 2666 931 melius
2691 894 2850 946 quam
2873 896 3164 936 summum.
3198 883 3460 943 Neutrum

1958 945 2202 1014 designat
2223 960 2445 999 summa:
2469 959 2534 1001 na
2563 961 2674 1000 urac
2702 945 3012 1004 essentiam.
3030 951 3251 1008 Summa
3273 965 3466 1012 natura

1956 1024 2042 1094 est
2069 1015 2326 1094 quidquid
2348 1017 2572 1094 omnino
2595 1017 2892 1094 ineli_us_'_est
2917 1035 3080 1094 quam
3107 1037 3211 1076 non
3239 1025 3414 1094 ipsum
3446 1048 3458 1082 :

1957 1085 2072 1162 ipsa
2104 1085 2245 1138 enim
2283 1085 2391 1162 sola
2417 1095 2630 1162 est_qua
2673 1087 2804 1162 nihil
2841 1085 3033 1145 melius
3057 1132 3070 1153 ,
3107 1103 3162 1147 et
3197 1085 3316 1162 qua:
3344 1114 3460 1152 om-

1956 1155 2116 1231 nibus
2145 1165 2228 1231 est
2251 1155 2460 1210 melior.
2497 1155 2636 1225 Ergo
2677 1157 2791 1227 ipsa
2839 1173 2942 1231 non
2981 1171 3065 1215 est
3093 1155 3290 1231 corpus
3317 1207 3332 1231 ,
3363 1182 3462 1223 nec

1954 1225 2154 1300 aliquid
2182 1240 2538 1300 corporeum;
2575 1225 2713 1300 nam
2739 1235 2824 1300 est
2860 1228 3059 1300 aliquid
3090 1225 3461 1300 corpore'miu

1953 1293 2088 1361 lius,
2119 1293 2328 1371 scilicet
2380 1311 2531 1350 mens
2576 1298 2875 1371 rationalis.
2918 1293 3056 1371 Ergo
3090 1293 3203 1370 ipsa
3251 1315 3335 1360 est
3371 1310 3458 1361 vi-

1952 1365 2370 1440 vens,_s_api_e_us,
2401 1380 2612 1440 potens,
2645 1383 2791 1440 vera,
2818 1365 3201 1436 justafbeata,
3230 1385 3457 1440 aeterna,

1951 1443 2004 1488 et
2029 1435 2287 1504 quidquid
2323 1436 2566 1489 absolute
2595 1437 2785 1492 melius
2810 1449 2892 1493 est
2922 1455 3084 1509 quam
3112 1435 3217 1497 non
3255 1435 3454 1514 ipsum.

1949 1523 2066 1579 Jam
2098 1541 2203 1580 non
2245 1526 2518 1582 immerito
2557 1527 2714 1583 valde
2757 1544 2978 1584 moveor
3009 1546 3168 1602 quam
3215 1535 3456 1592 studiose

1884 1633 2098 1687 possum
2126 1618 2400 1690 inquirere
2429 1620 2554 1688 quid
2583 1621 2822 1675 omnium
2850 1663 2865 1687 ,
2900 1636 3018 1690 qua:
3045 1622 3110 1676 de
3140 1623 3320 1693 aliquo
3351 1626 3458 1682 dici

1876 1719 2132 1778 possunt,
2174 1709 2298 1764 huic
2328 1701 2434 1763 taIn
2481 1710 2787 1764 admirabili
2827 1721 3035 1765 natura?
3064 1722 3227 1782 queat
3256 1729 3455 1770 convc-

1875 1799 1993 1854 nire
2019 1800 2469 1856 substantialiter.
2499 1799 2817 1869 Quanquam
2856 1801 2997 1855 enim
3029 1803 3195 1858 mirer
3215 1805 3259 1857 si
3282 1807 3454 1874 possit

1875 1889 1928 1943 in
1956 1890 2262 1945 nominibus
2291 1890 2375 1944 vel
2408 1889 2620 1957 verbis,
2663 1906 2783 1960 quae
2811 1899 3060 1962 aptamus
3104 1894 3266 1950 rebus
3294 1894 3458 1952 factis

1874 1979 1943 2033 de
1964 1979 2162 2047 nihilo,
2201 1980 2424 2049 reperiri
2457 1979 2528 2012 ³⁸³
2560 1982 2702 2050 quod
2743 1981 2902 2052 digne
2950 1983 3161 2037 dicatur
3203 1984 3269 2039 de
3301 2000 3453 2040 crea-

1878 2069 2011 2124 trice
2040 2071 2417 2125 universorum
2446 2071 2776 2135 substantia;
2812 2074 3124 2127 tentandum
3161 2083 3338 2131 tamen
3369 2087 3456 2132 est

1872 2163 1938 2215 ad
1963 2162 2089 2230 quid
2115 2163 2253 2216 hanc
2277 2163 2676 2234 indagatiouem
2709 2164 2847 2218 ratio
2871 2167 3128 2234 perducet
3154 2167 3242 2221 ’“.
3265 2169 3454 2239 Itaque

1872 2249 1939 2305 de
1968 2251 2206 2305 relativis
2231 2251 2446 2320 quidem
2481 2251 2609 2305 nulli
2633 2251 2852 2305 dubium
2877 2253 3003 2323 quia
3035 2253 3238 2310 nullum
3260 2270 3450 2312 eorum

1872 2341 2232 2397 substantiale
2253 2351 2336 2396 est
2366 2342 2462 2409 illi,
2486 2342 2552 2397 de
2580 2358 2686 2412 quo
2706 2343 2931 2398 relative
2952 2345 3169 2400 dicitur.
3196 2344 3376 2414 Quare
3400 2351 3447 2405 si

1871 2430 2000 2499 quid
2031 2431 2097 2484 de
2127 2445 2336 2484 summa
2368 2441 2558 2485 natura
2581 2431 2780 2486 dicitur
2806 2433 3033 2488 relative
3059 2475 3072 2499 ,
3099 2449 3203 2489 non
3233 2448 3313 2492 est
3337 2437 3454 2506 ejus

1871 2520 2286 2591 signiﬁcativum
2313 2521 2631 2576 substantia:
2659 2522 2748 2575 Μ.
2775 2521 2927 2577 Unde
2963 2524 3066 2577 hoc
3094 2525 3269 2593 ipsum
3307 2529 3450 2596 quod

1871 2633 2080 2673 summa
2109 2618 2176 2649 ’⁸³
2206 2618 2446 2673 omnium
2477 2619 2545 2650 ’"
2587 2619 2702 2674 sive
2747 2616 2919 2687 major
2946 2620 3197 2676 omnibus
3227 2636 3347 2692 quae
3383 2625 3454 2678 ab

1870 2707 1960 2762 illa
1989 2707 2128 2763 facta
2158 2717 2303 2776 sunt,
2335 2709 2415 2762 vel
2440 2709 2585 2763 aliud
2610 2709 2812 2779 aliquid
2842 2709 3094 2765 similiter
3122 2711 3192 2742 ³⁸⁸
3223 2713 3449 2769 relative

1870 2795 1973 2850 dici
1997 2807 2212 2866 potest,
2238 2796 2584 2852 manifestum
2610 2806 2693 2852 est
2727 2799 2982 2868 quoniam
3015 2816 3120 2854 non
3151 2800 3268 2870 ejus
3296 2813 3456 2858 natu-

1871 2885 2038 2940 ralem
2061 2888 2308 2960 designat
2333 2889 2643 2944 essentiam.
2674 2888 2732 2943 Si
2775 2889 2920 2944 enim
2964 2890 3108 2944 nulla
3146 2906 3333 2946 earnm
3366 2909 3456 2949 re-

1795 3017 1838 3078 c
1870 3001 1991 3041 rum
2019 2996 2254 3051 unquam
2279 2989 2443 3046 εεεει,
2478 2995 2706 3050 quarum
2733 2979 2994 3035 relatione
3020 2996 3233 3036 summa
3263 2991 3321 3038 et
3344 2999 3458 3038 ma-

1865 3075 1955 3144 jor
1979 3073 2205 3138 dicitur;
2231 3073 2345 3141 ipsa
2376 3085 2476 3126 nec
2500 3085 2711 3125 summa
2739 3112 2754 3138 ,
2784 3084 2884 3125 nec
2920 3069 3092 3138 major
3118 3072 3450 3144 intelligere-

1873 3177 1961 3222 tur
1985 3184 1999 3220 :
2025 3180 2124 3220 nec
2152 3175 2330 3218 tamen
2363 3161 2565 3218 idcirco
2589 3163 2768 3218 minus
2789 3163 2927 3218 bona
2955 3172 3121 3228 esset,
3147 3173 3242 3217 aut
3263 3180 3450 3220 esseu-

1873 3256 2015 3310 tialis
2045 3269 2156 3309 suae
2189 3251 2578 3323 magnitudinis
2619 3251 2674 3305 in
2712 3251 2892 3321 aliquo
2930 3251 3314 3306 detrimentum
3358 3268 3452 3323 pa-

1873 3351 2092 3398 teretur.
2125 3341 2279 3408 Quod
2305 3355 2372 3394 ει
2399 3353 2464 3395 eo
2487 3338 2774 3394 manifeste
2804 3341 3168 3411 cognoscitur,
3191 3342 3447 3411 quoniam

1871 3435 1985 3506 ipsa
2015 3433 2274 3504 quidquid
2292 3431 2418 3487 boni
2441 3429 2526 3485 vel
2561 3431 2742 3498 magni
2771 3439 2884 3498 est,
2915 3447 3020 3486 non
3052 3444 3138 3486 est
3177 3446 3275 3500 per
3302 3432 3451 3488 aliud

1870 3541 2032 3598 quam
2072 3539 2170 3595 per
2191 3523 2448 3594 seipsam.
2480 3521 2537 3578 Si
2583 3523 2748 3592 igitur
2778 3537 2986 3577 summa
3018 3530 3211 3575 natura
3247 3522 3326 3576 sic
3357 3537 3453 3591 po-

1872 3627 1977 3674 test
2007 3616 2231 3686 intelligi
2259 3615 2328 3647 ’δ’
2367 3629 2473 3670 non
2516 3628 2727 3669 summa
2754 3654 2769 3679 ,
2816 3623 2875 3668 ut
2900 3621 3082 3668 tamen
3113 3627 3452 3683 nequaquam

1870 3709 1942 3764 sit
1971 3707 2142 3776 major
2162 3714 2258 3760 aut
2281 3705 2489 3772 minor,
2525 3719 2689 3776 quam
2720 3719 2844 3760 cum
2891 3703 3213 3775 intelligitur
3239 3718 3452 3758 summa

1869 3798 2148 3852 omnium:
2179 3794 2276 3867 [αι.
2298 3797 2442 3849 omit.
2464 3811 2538 3849 m.
2561 3807 2677 3864 e.q.
2705 3793 2777 3864 5.]
2802 3793 3149 3849 manifestum
3189 3803 3275 3848 est
3321 3809 3455 3862 quo-

1869 3888 2015 3942 niam
2057 3901 2326 3942 summum
2367 3886 2436 3943 ’9ο
2482 3899 2590 3939 non
2635 3884 2953 3953 simpliciter
2997 3883 3267 3954 significat
3303 3884 3449 3938 illam

1869 3980 2161 4036 essentiam
2183 3978 2276 4044 ¹⁸¹,
2301 3992 2422 4047 qua:
2441 3975 2663 4031 omnino
2682 3975 2858 4044 major
2879 3983 2936 4029 et
2957 3974 3150 4029 melior
3167 3982 3272 4038 est,
3287 3989 3452 4044 quam

1870 4071 2132 4144 quidquid
2163 4085 2269 4126 non
2300 4077 2385 4125 est
2412 4067 2557 4138 quod
2589 4067 2706 4138 ipsa
2733 4066 2802 4098 ¹⁸¹
2831 4073 2935 4122 εει.
2967 4064 3118 4132 Quod
3150 4072 3333 4120 autem
3367 4079 3452 4119 ra-
3519 4114 3524 4118 .

1871 4164 1949 4219 tio
1975 4164 2135 4219 docet
2179 4162 2246 4216 de
2290 4173 2533 4224 summo,
2579 4171 2686 4212 non
2730 4157 3066 4212 dissimiliter
3099 4155 3373 4211 invenitur
3396 4155 3451 4209 in

1871 4255 2123 4311 similiter
2146 4251 2410 4306 relativis.
2457 4248 2566 4305 Illis
2598 4250 2782 4318 itaque
2806 4291 2822 4315 ,
2853 4263 2974 4319 qua:
3014 4247 3238 4304 relative
3265 4247 3455 4302 dicun-

1799 4381 1846 4440 υ
1873 4352 1963 4400 tur
1981 4371 2000 4411 -,
2031 4341 2287 4406 omissis,
2332 4339 2458 4409 quia
2502 4338 2705 4393 nullum
2763 4351 2952 4392 eorum
3002 4335 3321 4407 simpliciter
3359 4337 3456 4389 de-

1873 4444 2138 4491 monstrat
2160 4433 2387 4504 alicujus
2415 4431 2707 4487 essentiam
2733 4467 2749 4493 ,
2799 4429 2865 4484 ad
2903 4428 3004 4482 alia
3029 4427 3368 4483 discutienda
3397 4441 3456 4482 se

1874 4533 2154 4581 convertat
2200 4523 2448 4578 intentio.
2487 4521 2556 4575 Et
2576 4519 2792 4589 quidem
2834 4519 2880 4574 si
2927 4519 3052 4587 quis
3098 4517 3309 4588 singula
3333 4517 3451 4572 dili-

1474 4683 1708 4741 VABIAE
1747 4684 2156 4743 LECTIONES.

264 4796 331 4827 ἰθ
356 4794 575 4864 Aliquid
598 4793 775 4866 vigent
800 4793 1074 4866 niss.Yict.
1095 4793 1220 4864 Sag.
1241 4795 1441 4866 aliquid
1466 4797 1682 4866 vigeant
1755 4799 1822 4829 ²³¹
1841 4796 2142 4854 Potentiam
2160 4811 2284 4851 mss.
2308 4794 2649 4866 prasentiam
2725 4793 2794 4866 'ff
2814 4791 2946 4866 _Cap.
2971 4791 3122 4866 Ides!
3145 4805 3300 4864 caput
3324 4793 3458 4866 Min

199 4866 537 4931 manuscript.

207 5022 322 5058 πω.

613 4865 682 4895 ’³³
699 4864 799 4918 Ms.
831 4863 984 4918 Corb.
1025 4863 1357 4934 Quidpossi't
1381 4875 1474 4921 aut
1494 4863 1622 4930 non,
1642 4877 1740 4922 etc.
1759 4868 1884 4922 utin
1904 4868 2054 4922 titulo
2076 4867 2259 4936 capitis
2281 4863 2368 4936 ιι.
2399 4866 2454 4920 in
2479 4865 2651 4919 editis.

201 4952 318 4988 mss.
344 4937 396 5006 in
423 4934 696 5006 omnibus,
725 4943 780 4988 et
797 4950 899 5006 per
919 4938 1122 5000 omnia,
1152 4933 1207 5006 et
1229 4937 1409 4991 omnia
1433 4954 1557 4991 mss.
1593 4936 1798 4991 Tliuan.
1830 4938 1972 5006 quod
2001 4938 2072 5006 sit
2101 4933 2155 4990 in
2186 4934 2458 5002 omnibus,
2485 4948 2582 5006 etc.
2607 4944 2660 4988 ut
2684 4933 2939 5006 inpeditis.

355 5004 511 5075 Quod
540 5004 584 5057 si
619 5007 696 5075 ita
767 5005 837 5075 ξπ
877 5005 954 5059 Ac
1000 5005 1254 5074 quoniam
1304 5023 1428 5060 mss.
1471 5007 1606 5061 Tha.
1644 5006 1800 5062 Corb.
1835 5003 1984 5060 Gem.
2017 5005 2072 5061 S.
2105 5006 2270 5060 Mich.
2299 5007 2371 5060 At
2415 5005 2669 5075 quoniam
2743 5004 2812 5034 ’⁸⁷
2855 5003 3079 5058 Valeant
3115 5006 3296 5075 aliquo
3325 5020 3451 5075 mss.

2729 4863 2868 4916 mIn
2892 4863 3160 4925 omnibus,
3182 4874 3234 4917 et
3271 4865 3452 4918 omnia

3017 4934 3086 4965 ηε
3108 4935 3260 5000 Quod
3284 4935 3354 4988 sit
3383 4935 3452 4987 ita

203 5075 372 5129 valeat
401 5074 604 5146 aliquo
657 5074 727 5105 ³³³
767 5073 962 5146 Liquet
987 5071 1259 5146 quomodo
1291 5093 1413 5146 mss.
1461 5075 1652 5146 Liquet
1696 5077 1950 5146 quoniam
2026 5076 2095 5107 '"
2136 5078 2202 5132 Et
2221 5071 2580 5133 claudit'mss.
2624 5072 2759 5146 Vict.
2793 5076 2960 5146 omit}.
2991 5083 3052 5146 et
3117 5071 3356 5146 “Cap.
3385 5073 3449 5126 14

204 5155 271 5214 est
302 5153 456 5214 caput
485 5143 570 5214 ‘15;
588 5144 642 5196 in
666 5160 803 5214 mss.

881 5143 948 5178 ⁸⁸¹
991 5142 1122 5199 Mss.
1167 5143 1324 5199 Corb.
1369 5145 1521 5213 Quod
1544 5142 1814 5203 idem—sit
1856 5147 1954 5208 illi,
1985 5159 2082 5201 etc.
2116 5157 2170 5200 ut
2213 5148 2268 5201 in
2291 5148 2373 5200 tit.
2417 5146 2604 5215 capitis
2633 5145 2719 5199 15.
2768 5145 2864 5215 _’"
2903 5142 3056 5208 Quod
3106 5145 3280 5215 possit
3326 5159 3452 5215 mss.

214 5211 590 5287 [ξειζδαςηε.
625 5213 798 5287 Mica.
831 5212 966 5287 Ilia.
1014 5217 1139 5284 quid
1172 5217 1342 5284 possit
1396 5211 1483 5248 ’³⁵³
1520 5216 1798 5286 Reperire,
1822 5218 1964 5287 quod
1995 5233 2120 5271 mss.
2153 5216 2403 5286 reperiri,
2444 5211 2587 5284 quod
2647 5214 2730 5287 -Μ
2766 5213 3036 5287 Perducat
3055 5211 3180 5287 mss.
3217 5212 3353 5266 Tim.
3387 5212 3445 5267 S.

204 5282 359 5338 Mich.
395 5282 682 5367 perducet.
730 5285 799 5316 M
843 5282 1380 5367 Ejussignilicatuni
1411 5282 1769 5367 substantiale
1816 5282 1942 5340 mss.
1986 5288 2102 5356 ejus
2131 5282 3209 5367 sig—nimlicativum.substantiie"f"_Qu{e
3241 5297 3451 5367 summa

199 5368 322 5408 mss.
354 5351 580 5420 eiceptis
618 5353 823 5407 Thuan.
853 5351 997 5423 quod
1030 5351 1239 5410 summa
1313 5357 1380 5388 “7
1421 5357 1517 5410 Est
1545 5357 1783 5410 omnium
1825 5373 1952 5410 mss.
1999 5351 2224 5423 exceptis
2258 5354 2426 5410 Thua.
2459 5355 2605 5407 omit.
2639 5364 2722 5409 est
2797 5353 2867 5384 "‘3
2894 5351 3110 5423 Aliquid
3138 5351 3280 5423 aliud
3309 5353 3452 5422 quod

200 5423 450 5495 similiter
478 5439 608 5477 mss.
650 5426 875 5494 exceptis
908 5423 1112 5479 Tltuan.
1162 5425 1306 5480 aliud
1337 5425 1538 5495 aliquid
1580 5426 1828 5481 similiter
1857 5444 1955 5480 ms.
1987 5425 2045 5481 S.

2141 5426 2241 5479 icit.
2264 5493 2267 5494 ν
2288 5425 2492 5494 aliquid
2539 5424 2682 5494 aliud
2712 5423 2971 5494 similiter
3002 5421 3102 5452 7’“
3142 5421 3246 5485 Sit,
3275 5421 3453 5494 petest

201 5491 418 5566 intelligi
455 5509 582 5566 mss.
608 5495 686 5548 sic
719 5491 895 5562 potest
932 5495 1154 5566 intelligi
1231 5496 1300 5529 ²⁵⁰
1341 5491 1682 5566 Manifestum
1731 5505 1817 5551 est
1855 5497 2108 5565 quoniam
2155 5491 2421 5550 summum
2456 5511 2556 5548 ms.
2593 5493 2920 5566 Tlman._§0.
2953 5492 3063 5566 [nec
3092 5491 3306 5546 omittit.
3335 5563 3347 5566 _
3381 5493 3451 5524 "“

203 5562 488 5636 §ignilicat
518 5564 959 5636 illamgsummam
986 5562 1280 5636 essentiam
1315 5582 1414 5620 ms.
1441 5565 1596 5619 Corb.
1624 5562 1894 5636 signiﬁcat
1922 5581 2188 5624 summam
2215 5567 2505 5621 essentiam
2529 5579 2654 5619 mss.
2682 5562 2952 5633 signiﬁcat
2978 5562 3124 5618 illam
3148 5563 3442 5620 essentiam

204 5632 284 5664 ω’
306 5635 462 5702 Quod
493 5636 628 5705 ipsa.
661 5634 960 5710 Quodam.
997 5635 1128 5690 Tha.
1157 5638 1297 5707 quod
1330 5637 1441 5707 ipsa
1471 5645 1572 5692 est.
1603 5632 1756 5694 Quod
