3882 6050
441 187 544 243 465

914 181 974 238 S.
1006 179 1309 238 ANSELMI
1361 173 1712 235 CANTUAR.
1751 173 2070 231 ARCHIEP.
2110 171 2261 230 OPP.
2301 170 2484 230 PARS
2519 173 2562 228 l.
2600 203 2668 214 ——
2703 172 3125 232 DOGMATICA.

3592 175 3700 231 164

437 306 630 374 genter
652 296 928 351 intueatur
950 333 967 360 ,
993 291 1255 364 quidquid
1279 297 1364 346 est
1392 297 1588 360 praeter
1615 286 1842 343 relativa
1869 327 1886 355 ,
1916 295 2011 344 aut
2038 297 2086 346 Α
2104 283 2288 354 iacent
2309 325 2326 354 ,
2357 292 2508 342 tanto
2533 283 2707 356 major
2726 297 2807 343 est
2837 328 2853 352 ,
2888 301 3051 357 quam
3075 287 3147 319 ’δ’
3173 285 3453 358 quodlibet
3479 302 3696 345 eorum.

427 392 536 448 tale
561 397 673 454 est,
721 398 784 444 ut
827 387 1002 458 ipsum
1056 384 1277 441 omnino
1325 381 1520 436 melius
1561 378 1856 450 sit,quam
1900 393 2009 434 non

429 485 639 556 ipsum;
681 489 775 535 aut
799 478 905 534 tale
930 519 946 544 ,
969 485 1029 532 ut
1059 490 1164 530 non
1191 474 1366 545 ipsum
1391 472 1447 527 in
1469 470 1648 540 aliquo
1671 469 1864 526 melius
1897 468 2008 533 sit,

425 589 592 644 quam
616 573 811 641 ipsum.
842 567 1020 639 Ipsum
1049 572 1231 620 autem
1255 571 1312 619 et
1343 577 1453 618 non
1485 561 1659 631 ipsum
1685 600 1701 627 ,
1727 574 1836 615 non
1865 556 2010 614 aliud

429 664 521 720 hic
545 661 813 732 intelligo,
851 671 1015 728 qnam
1055 668 1246 710 verum
1284 667 1390 708 non
1425 666 1646 718 verum,
1677 665 1874 722 corpus
1902 663 2009 706 non

427 769 627 826 corpus
654 793 669 817 ,
712 761 768 805 et
809 750 894 804 his
940 746 1157 803 similia.
1191 744 1382 801 Melius
1418 742 1636 815 quidem
1667 753 1753 799 est
1788 742 2012 800 omnino

426 844 632 914 aliquid
681 857 844 912 quam
891 854 1002 894 non
1051 839 1270 908 ipsum:
1299 845 1388 902 ut,
1436 835 1654 906 sapiens
1687 849 1850 905 quam
1901 849 2009 890 non

428 934 604 1003 ipsum
633 929 881 1000 sapiens,
912 929 962 982 id
990 936 1108 994 est,
1132 926 1323 982 melius
1356 935 1439 981 est
1465 926 1684 996 sapiens
1711 939 1872 994 quam
1902 939 2011 981 non

430 1024 649 1094 sapiens
674 1021 766 1074 ³⁸³.
798 1020 1056 1087 Quamvis
1078 1019 1222 1075 enim
1240 1017 1423 1088 justus
1443 1032 1554 1072 non
1575 1017 1792 1087 sapiens
1821 1014 2014 1071 melior

327 1139 340 1150 ο
424 1113 700 1177 videatur,
726 1127 886 1181 quam
915 1125 1020 1165 non
1039 1108 1218 1178 justus
1258 1109 1474 1179 sapiens
1493 1147 1509 1173 ,
1556 1121 1665 1162 non
1695 1114 1872 1161 tamen
1900 1118 2013 1160 me-

425 1204 532 1258 lius
581 1202 903 1272 simpliciter
956 1210 1078 1265 est,
1127 1215 1234 1255 non
1283 1201 1501 1270 sapiens
1546 1213 1711 1270 quam
1741 1198 2009 1268 sapiens:

425 1295 762 1350 omne-cnim
787 1309 894 1355 non
924 1292 1140 1361 sapiens
1171 1331 1186 1358 ,
1211 1291 1534 1362 simpliciter
1556 1290 1876 1358 inquantum
1905 1302 2014 1342 non

427 1387 666 1457 sapiens,
692 1394 774 1440 est
799 1385 978 1439 minus
999 1399 1163 1453 quam
1187 1382 1437 1452 sapiens;
1461 1379 1588 1451 quia
1609 1393 1772 1435 omne
1793 1393 1898 1434 non
1929 1392 2016 1433 sa-

426 1478 584 1548 piens
607 1476 798 1530 melius
827 1483 992 1540 esset,
1013 1475 1057 1529 si
1081 1481 1227 1529 esset
1251 1471 1491 1541 sapiens.
1511 1469 1777 1526 Similiter
1793 1467 2018 1524 omnino

429 1566 625 1621 melius
647 1574 730 1620 est
755 1579 939 1618 verum
962 1579 1126 1633 quam
1148 1577 1255 1619 non
1281 1561 1481 1633 ipsum,
1505 1560 1559 1616 id
1579 1567 1696 1627 est,
1721 1573 1882 1630 quam
1909 1572 2016 1614 non

2109 375 2334 432 Penitus
2358 375 2504 432 enim
2535 377 2650 448 ipsa
2677 391 2888 432 summa
2933 378 3168 433 essentia
3215 378 3444 434 tacenda
3468 386 3554 433 est
3575 392 3700 436 esse

2111 467 2313 538 aliquid
2359 483 2548 525 eorum
2573 509 2590 537 ,
2634 469 2830 540 quibus
2870 478 2954 527 est
2991 470 3192 541 aliquid
3220 513 3234 536 ,
3267 471 3412 541 quod
3459 485 3570 526 non
3616 482 3704 528 est

2111 559 2256 631 quod
2287 561 2403 632 ipsa
2429 570 2586 628 sunt,
2617 562 2867 634 superius
2903 579 2916 617 :
2947 573 3003 618 et
3032 572 3115 618 est
3147 563 3401 630 omnino,
3432 564 3579 620 sicut
3610 580 3701 619 ra-

2113 651 2188 708 tio
2226 652 2297 686 ³⁶⁰
2334 653 2530 722 docet,
2552 653 2785 710 dicenda
2831 654 3110 724 quodlibet
3136 669 3323 710 eorum
3347 695 3364 720 ,
3392 656 3593 726 quibus
3618 665 3703 712 est

2111 755 2296 810 omne,
2323 744 2468 814 quod
2495 759 2602 800 non
2627 753 2712 800 est
2735 745 2880 814 quod
2903 744 3016 814 ipsa
3049 752 3213 810 sunt,
3247 742 3492 801 inferius.
3520 746 3702 813 Quare

2113 847 2336 890 necesse
2359 842 2444 890 est
2469 848 2589 890 eam
2610 848 2730 891 esse
2757 835 3047 898 viventem,
3073 835 3396 903 sapientem,
3421 845 3702 906 potentem

2113 933 2170 980 et
2192 926 2641 996 omnipotentem,
2665 941 2875 994 veram,
2895 925 3122 996 justam,
3149 929 3391 994 beatam,
3414 939 3703 991 aeternam,

2113 1025 2169 1072 et
2195 1018 2455 1088 quidquid
2491 1018 2742 1074 similiter
2764 1018 2835 1051 ὀί
2864 1019 3112 1075 absolute
3156 1019 3350 1076 melius
3389 1036 3553 1092 quam
3593 1037 3702 1078 non

2115 1107 2312 1178 ipsum.
2343 1108 2484 1177 Quid
2540 1123 2672 1183 ergo
2717 1120 2993 1180 quaeratur
3044 1111 3277 1182 amplius
3320 1112 3450 1184 quid
3487 1128 3703 1169 summa

2117 1203 2209 1260 illa
2237 1205 2309 1260 sit
2336 1214 2554 1273 natura,
2586 1206 2633 1261 si
2664 1203 3014 1261 manifestum
3043 1216 3126 1261 est
3167 1207 3296 1276 quid
3332 1207 3576 1262 omnium
3608 1209 3705 1272 sit,

2117 1303 2211 1351 aut
2233 1295 2361 1366 quid
2383 1296 2625 1352 omnium
2652 1311 2760 1353 non
2789 1297 2860 1352 sit
2883 1297 2989 1351 "'2

2497 1407 2724 1465 CAPUT
2763 1408 2882 1465 xvr
2922 1409 3044 1482 [al.,
3080 1409 3201 1483 XV]
3239 1409 3330 1464 ιιι.

2119 1498 2375 1574 ’θεριιοᾴ
2407 1501 2546 1556 idem
2579 1503 2648 1557 sit
2685 1502 2765 1574 illi
2805 1519 2933 1574 esse,
2955 1503 3160 1572 justam
3183 1545 3198 1570 ,
3226 1503 3365 1574 quod
3390 1503 3461 1536 ’⁸⁸
3490 1513 3567 1559 est
3597 1521 3709 1560 esse

2181 1571 2488 1642 justitiam:
2517 1582 2565 1626 et
2597 1573 2779 1627 eodem
2813 1571 2968 1627 modo
3001 1574 3065 1627 de
3097 1574 3179 1628 his
3221 1571 3339 1642 quae
3366 1575 3611 1630 similiter
3642 1576 3709 1629 de

429 1674 619 1714 verum
647 1674 661 1722 ;
695 1667 749 1711 et
771 1657 979 1727 justum
1006 1671 1170 1726 quam
1199 1669 1306 1710 non
1330 1653 1569 1724 justum;
1600 1660 1658 1707 et
1694 1651 1828 1706 vivit
1855 1664 2018 1720 quam
2048 1663 2095 1723 Β
2186 1641 2449 1727 ίίίαέίίςξ,
2483 1651 2699 1727 iunium
2719 1660 2740 1709 ἶ
2777 1653 2829 1727 ἐι
2867 1644 3006 1727 thd
3042 1641 3410 1727 ,ηίιιὶῌιρῖιεηι
3455 1655 3709 1701 manum

431 1764 540 1804 non
573 1749 724 1802 vivit.
775 1747 1185 1802 Melius‘autem
1226 1753 1310 1800 est
1351 1745 1407 1798 in
1455 1743 1638 1813 aliquo
1683 1757 1792 1798 non
1837 1741 2016 1812 ipsum

431 1856 596 1913 quam
618 1842 816 1910 ipsum,
840 1850 898 1895 ut
923 1856 1033 1896 non
1073 1855 1266 1894 aurum
1295 1853 1458 1910 quam
1487 1852 1700 1892 aurum.
1743 1835 1880 1892 Nam
1908 1850 2022 1892 me-

429 1934 537 1989 lius
557 1943 643 1988 est
667 1933 869 1987 liomiui
897 1947 1016 1987 esse
1040 1946 1146 1986 non
1170 1945 1364 1985 aurum
1385 1943 1550 1998 quam
1575 1943 1798 1995 aurum;
1829 1942 2022 1998 quam—

432 2025 517 2080 vis
561 2023 792 2079 forsitan
843 2022 1035 2078 melius
1083 2028 1226 2077 esset
1266 2009 1429 2074 alicui
1478 2033 1671 2073 aurum
1698 2032 1820 2074 esse
1853 2032 2019 2088 quam

429 2129 537 2171 non
562 2128 754 2167 aurum
777 2111 847 2144 '“
869 2125 1010 2175 esse,
1036 2118 1096 2164 ut
1116 2109 1354 2180 plumbo.
1376 2104 1511 2163 Cum
1534 2106 1680 2162 enim
1703 2113 2016 2177 utrumque,

429 2203 655 2267 scilicet,
704 2203 864 2258 homo
899 2211 955 2256 et
993 2200 1272 2271 plumbum
1316 2199 1391 2254 sit
1448 2212 1556 2254 non
1605 2212 1829 2263 aurum,
1869 2205 2020 2254 tanto

437 2295 631 2349 melius
656 2294 857 2364 aliquid
884 2301 966 2347 est
1009 2293 1171 2348 homo
1197 2304 1360 2361 quam
1392 2304 1584 2344 aurum
1609 2328 1625 2357 ,
1654 2295 1856 2359 quanto
1877 2287 2016 2346 infe-

429 2382 593 2438 rioris
633 2391 840 2436 naturae
881 2389 1066 2447 esset,
1113 2380 1160 2436 si
1205 2386 1352 2435 esset
1393 2391 1624 2432 aurum:
1658 2386 1712 2433 et
1737 2377 2018 2449 plumbum

430 2485 581 2532 tanto
608 2476 765 2530 vilius
799 2484 882 2531 est
924 2482 1129 2544 quanto
1171 2471 1464 2542 pretiosius
1506 2479 1690 2538 esset,
1734 2471 1780 2526 si
1824 2487 2020 2527 aurum

429 2576 591 2623 esset.
635 2566 794 2621 Patet
841 2575 1024 2620 autem
1071 2578 1138 2618 ex
1170 2576 1237 2618 eo
1262 2561 1407 2632 quod
1447 2576 1660 2617 summa
1707 2569 1904 2617 natura
1938 2562 2018 2618 sic

431 2657 657 2727 intelligi
680 2664 858 2725 potest
888 2671 993 2711 non
1016 2668 1249 2720 summa,
1284 2663 1345 2708 ut
1371 2667 1474 2708 nec
1497 2667 1769 2708 summum
1798 2651 2020 2709 omnino

434 2747 629 2804 melius
679 2747 750 2802 sit
780 2762 942 2816 quam
984 2762 1088 2802 non
1131 2760 1434 2812 summum;
1474 2760 1574 2802 nec
1603 2760 1709 2802 non
1745 2761 2017 2802 summum

434 2838 596 2894 alicui
621 2837 814 2892 melius
835 2852 997 2907 quam
1036 2852 1310 2893 summum
1349 2855 1364 2890 :
1412 2835 1577 2891 multa
1603 2836 1827 2893 relativa
1855 2851 1977 2893 esse
1999 2877 2016 2904 ,

432 2946 556 3000 quae
597 2943 937 3000 nequaquam
965 2929 1068 2984 bac
1101 2928 1484 2984 contineantur
1505 2927 1788 2984 divisione.
1822 2926 2016 2983 Utrum

431 3031 612 3078 autem
659 3021 840 3092 aliqua
889 3021 1278 3077 contineantur
1302 3061 1319 3087 ,
1359 3021 2017 3105 inquirere\supersedeo,
2045 3014 2092 3078 C

429 3126 555 3167 cum
604 3113 672 3168 ad
718 3112 1055 3183 propositum
1082 3110 1154 3143 ³⁵⁸
1179 3110 1411 3167 suﬂiciat
1436 3113 1579 3182 quod
1606 3112 1673 3168 de
1701 3111 1807 3168 illis
1828 3123 2018 3169 notum

430 3215 536 3268 est,
569 3203 1058 3271 nullum,.scilicet,
1102 3219 1294 3260 eorum
1336 3203 1638 3273 simplicem
1676 3220 1900 3260 summa:
1922 3215 2020 3260 na-

431 3302 568 3349 tura:
606 3294 966 3349 substantiam
1011 3295 1318 3367 designare.
1361 3294 1498 3351 Cum
1542 3293 1707 3363 igitur
1754 3294 2019 3364 quidquid

432 3387 580 3442 aliud
606 3395 712 3453 est,
736 3387 781 3442 si
810 3387 1020 3459 singula
1048 3388 1426 3458 dispiciantur,
1463 3396 1558 3441 aut
1603 3387 1779 3458 ipsum
1805 3387 1876 3441 sit
1901 3402 2017 3444 me-

431 3477 536 3532 lius
565 3476 635 3509 ¹⁸⁶
669 3492 830 3547 quam
872 3492 980 3534 non
1026 3478 1238 3550 ipsum,
1274 3486 1369 3534 aut
1409 3492 1516 3533 non
1555 3477 1726 3547 ipsum
1753 3477 1808 3532 in
1838 3476 2019 3548 aliquo

433 3569 503 3623 sit
529 3568 722 3625 melius
743 3584 904 3640 quam
931 3571 1144 3641 ipsum;
1181 3571 1324 3626 sicut
1364 3570 1518 3626 nefas
1545 3565 1851 3641 est'putare
1876 3573 2020 3641 quod

431 3659 735 3714 substantia
767 3674 992 3716 summa:
1017 3645 1226 3716 naturae
1253 3661 1323 3693 "7
1347 3660 1419 3716 sit
1445 3660 1670 3731 aliquid,
1695 3675 1804 3732 quo
1828 3660 2030 3719 melius

433 3750 506 3804 sit
531 3750 714 3820 aliquo
748 3751 910 3808 modo
955 3766 1061 3807 non
1104 3753 1320 3822 ipsum;
1350 3753 1431 3809 sic
1456 3765 1680 3810 necesse
1717 3763 1801 3810 est
1842 3763 1904 3810 ut
1947 3755 2020 3811 sit

434 3842 698 3913 quidquid
726 3845 950 3899 omnino
997 3843 1190 3902 melius
1224 3855 1308 3902 est
1341 3860 1505 3916 quam
1546 3862 1654 3904 non
1701 3847 1897 3918 ipsum.
1924 3846 2018 3905 llla

433 3933 580 3988 enim
608 3932 722 3988 sola
750 3943 868 3999 est,
892 3949 1000 4004 qua
1029 3937 1244 4008 penitus
1273 3937 1407 3994 nihil
1445 3947 1531 3995 est
1565 3939 1789 4004 melius;
1816 3946 1871 3994 et
1898 3953 2018 4009 qua:

433 4024 626 4080 melior
651 4033 736 4080 est
773 4026 1028 4084 omnibus
1051 4069 1066 4095 ,
1115 4043 1237 4098 quae
1266 4043 1374 4085 non
1419 4037 1547 4085 sunt
1581 4030 1726 4098 quod
1753 4039 1838 4086 est
1875 4030 2015 4101 ipsa.

431 4115 551 4171 Non
578 4117 853 4188 estigitur
883 4135 1112 4190 corpus,
1139 4120 1226 4176 vel
1257 4120 1460 4190 aliquid
1502 4134 1692 4177 eorum
1729 4135 1849 4192 quae
1894 4138 2018 4178 cor-

433 4207 585 4276 porei
616 4222 811 4264 sensus
838 4211 1172 4266 discernunt.
1201 4209 1411 4282 Quippe
1441 4210 1528 4266 his
1551 4209 1804 4268 omnibus
1825 4212 2017 4268 melius

2193 1710 2364 1782 qualis
2390 1710 2505 1778 illa,
2528 1712 2604 1767 vel
2625 1723 2823 1783 quanta
2846 1715 2935 1779 sit,
2962 1715 3052 1769 sed
3080 1715 3206 1784 quid
3236 1714 3328 1770 sit.

2122 1821 2463 1896 Cousrsc'rus
2482 1838 2716 1896 CAPITIS.
2742 1855 2815 1896 τ-
2837 1824 3060 1879 Summa
3088 1835 3276 1881 natura
3301 1841 3408 1881 non
3434 1840 3532 1896 per
3549 1826 3699 1882 aliud

2193 1895 2286 1976 sed
2314 1908 2409 1976 per
2431 1909 2490 1950 se
2518 1903 2602 1976 est
2628 1895 2886 1976 quidquid
2917 1905 3001 1976 est
3029 1912 3043 1960 ;
3095 1898 3208 1976 ipsa
3231 1905 3412 1955 autem
3436 1895 3520 1952 est
3535 1897 3704 1967 justa,

2191 1963 2492 2044 etquidem
2524 1975 2623 2044 per
2643 1963 2932 2044 justitiam.
2958 1963 3235 2037 Ergoipsa
3257 1982 3476 2044 summa
3505 1963 3702 2044 natura

2192 2035 2420 2107 estipsa
2448 2050 2545 2089 sua
2578 2035 2819 2107 justitia;
2862 2045 2918 2107 et
2961 2053 3084 2107 cum
3116 2035 3213 2107 per
3247 2037 3516 2104 justitiam
3557 2038 3706 2106 justa

2193 2104 2392 2160 dicitur
2417 2119 2566 2180 ,_pet'_
2601 2120 2660 2160 se
2681 2105 2827 2174 justa
2859 2104 3204 2180 intelligitur.
3230 2107 3436 2180 Deinde
3485 2108 3530 2164 si
3559 2104 3707 2180 quae-

2191 2183 2346 2250 ratur
2369 2173 2500 2244 quid
2523 2173 2595 2250 sit
2622 2173 2832 2250 summa
2839 2173 3058 2250 _naturt_i
3078 2221 3091 2242 ,
3119 2178 3248 2246 quid
3270 2179 3451 2234 verius
3481 2173 3706 2250 respon-

2195 2245 2538 2316 deturgquam
2574 2245 2979 2316 justitia?Ergo
3011 2247 3077 2303 de
3120 2245 3331 2304 summa
3372 2245 3700 2305 natura—non

2191 2314 2632 2388 propriedicitur
2676 2318 2820 2386 quod
2861 2314 3024 2372 habet
3064 2317 3366 2388 justitiam,
3414 2319 3507 2374 sed
3551 2322 3700 2387 quod

2192 2383 2381 2460 existit
2397 2383 2609 2460 justitia
2639 2383 2741 2460 aet
2768 2401 2891 2460 cum
2937 2383 3138 2460 dicitur
3181 2383 3420 2460 existens
3447 2383 3660 2460 justitia
3683 2430 3703 2459 ,

2193 2469 2301 2529 non
2329 2455 2730 2529 diciturqualis
2752 2457 3001 2529 sedquid
3037 2467 3140 2512 est.
3182 2457 3325 2529 Ergo
3354 2455 3478 2529 cum
3507 2455 3709 2516 dicitur

2186 2523 2356 2599 justa,
2383 2539 2490 2581 non
2519 2523 2719 2599 dicitur
2737 2523 2915 2597 qualis
2937 2528 3036 2599 sit,
3069 2529 3165 2584 sed
3193 2523 3338 2599 quid
3365 2528 3480 2599 ipsa
3505 2531 3576 2585 sit
3605 2549 3620 2585 :
3651 2539 3708 2584 et

2192 2595 2440 2668 idem‘est
2460 2611 2533 2668 ac
2558 2597 2607 2654 si
2625 2595 2918 2665 diceretur,
2939 2598 3054 2668 ipsa
3087 2607 3172 2654 est
3185 2595 3415 2667 justitia.
3439 2600 3530 2654 Sic
3553 2600 3710 2656 intel-

2196 2663 2303 2739 lige
2339 2675 2394 2721 et
2437 2667 2750 2739 deemteris
2781 2663 2995 2739 qure'd'e
3023 2671 3130 2724 Deo
3155 2663 3405 2724 similiter
3427 2669 3703 2724 dicuntur.

2192 2735 2364 2806 Porro
2385 2737 2668 2806 quodlibet
2684 2735 2882 2793 bonum
2916 2752 3130 2794 summa
3161 2746 3350 2794 natura
3377 2741 3467 2804 sit,
3495 2755 3707 2796 sunnne

2194 2805 2326 2878 illud
2368 2805 2475 2862 est.
2515 2807 2609 2862 llla
2658 2809 2824 2878 igitur
2849 2820 2934 2864 est
2961 2822 3173 2864 summa
3199 2812 3461 2874 essentia,
3493 2825 3705 2865 summa

2190 2877 2324 2942 vita,
2341 2891 2557 2951 summa
2588 2877 2744 2944 ratio,
2769 2893 2980 2934 summa
2996 2879 3205 2949 justitia
3223 2919 3240 2944 ,
3272 2889 3402 2946 etc.,
3423 2884 3568 2951 quod
3598 2896 3706 2936 non

2192 2947 2450 3018 estaliud
2477 2962 2638 3018 quam
2663 2963 2871 3004 summe
2891 2947 3012 3014 ens,
3031 2963 3240 3005 summe
3260 2947 3468 3016 vivens',
3495 2967 3707 3007 summe

2194 3017 2481 3082 rationale,
2500 3017 2725 3074 summe
2745 3019 2969 3090 justum,
2996 3030 3100 3075 etc.

2195 3108 2300 3180 ιο
2338 3107 2444 3164 Sed
2473 3108 2708 3165 fortasse
2749 3125 2870 3166 cum
2911 3110 3108 3167 dicitur
3131 3111 3276 3181 justa
3304 3153 3320 3178 ,
3351 3112 3433 3169 vel
3463 3127 3657 3185 magna
3684 3155 3702 3179 ,

2118 3200 2206 3255 vel
2252 3200 2456 3272 aliquid
2505 3201 2762 3257 similium
2796 3201 2888 3266 η’,
2934 3217 3040 3258 non
3083 3204 3390 3259 ostenditur
3428 3205 3555 3275 quid
3598 3207 3702 3273 sit,

2119 3292 2214 3347 sed
2241 3292 2422 3362 potius
2441 3293 2509 3325 ’⁸⁷
2536 3293 2733 3364 qualis,
2763 3292 2848 3349 vel
2888 3305 3090 3365 quanta
3120 3295 3211 3350 sit.
3241 3295 3346 3351 Per
3386 3295 3703 3366 qualitatem

2119 3378 2348 3449 quippe,
2380 3380 2466 3435 vel
2507 3382 2865 3452 quantitatem
2893 3421 2909 3448 ,
2956 3381 3232 3452 quodlibet
3274 3384 3468 3440 borum
3495 3384 3566 3417 ’⁸⁸
3595 3385 3705 3440 dici

2120 3468 2351 3524 videtur.
2385 3467 2558 3526 Omne
2596 3486 2834 3542 namque
2872 3473 3016 3543 quod
3057 3470 3263 3541 justum
3293 3481 3398 3536 est,
3425 3474 3701 3545 pcrjusti-

2120 3559 2252 3614 tiam
2290 3557 2496 3628 justum
2544 3569 2656 3627 est;
2697 3570 2752 3617 et
2793 3562 2898 3617 alia
2955 3563 3261 3635 hujusmodi
3314 3564 3385 3598 “'
3427 3565 3700 3621 similiter.

2119 3650 2299 3719 Quare
2323 3653 2438 3723 ipsa
2463 3668 2673 3710 summa
2715 3666 2912 3710 natura
2957 3674 3063 3713 non
3108 3668 3193 3713 est
3231 3657 3420 3728 justa,
3458 3659 3562 3714 nisi
3608 3674 3702 3730 pcr

2115 3742 2403 3814 justitiam.
2431 3745 2659 3802 Videtur
2697 3747 2863 3818 igitur
2913 3749 3326 3818 participatione
3375 3749 3658 3819 qualitatis
3681 3792 3698 3815 ,

2113 3833 2340 3905 justitia:
2383 3836 2614 3905 scilicet,
2632 3837 2776 3907 justa
2815 3839 2920 3894 dici
2947 3854 3159 3894 summe
3189 3840 3325 3895 bona
3355 3842 3655 3896 substantia
3684 3863 3696 3895 :

2117 3928 2262 3998 quod
2288 3927 2334 3982 si
2369 3927 2444 3983 ita
2466 3938 2583 3995 est,
2627 3943 2723 3998 per
2743 3927 2888 3984 aliud
2917 3939 3002 3986 est
3016 3929 3162 4001 justa
3181 3971 3196 3997 ,
3242 3945 3350 3986 non
3382 3946 3480 4002 per
3506 3947 3588 3987 se.
3627 3933 3697 3986 At

2117 4019 2223 4074 hoc
2263 4019 2599 4074 contrarium
2644 4027 2730 4075 est
2764 4021 2979 4076 veritati
3022 4021 3304 4092 perfectae;
3354 4022 3481 4092 quia
3528 4023 3698 4087 bona,

2116 4111 2202 4167 vel
2245 4126 2463 4182 magna,
2493 4110 2579 4167 vel
2627 4111 2964 4181 subsistens,
3009 4115 3150 4184 quod
3191 4125 3276 4171 est
3303 4115 3525 4171 omnino
3551 4156 3569 4182 ,
3604 4131 3701 4186 per

2115 4213 2176 4257 se
2203 4207 2318 4266 est,
2353 4215 2458 4255 non
2488 4214 2586 4270 per
2614 4200 2780 4256 aliud.
2823 4201 2880 4256 Si
2925 4202 3092 4273 igitur
3131 4218 3235 4258 non
3270 4213 3356 4259 est
3383 4203 3564 4272 justa,
3595 4204 3699 4259 nisi

430 4306 516 4352 est
543 4298 746 4369 aliquid
773 4301 916 4372 quod
945 4316 1054 4357 non
1075 4310 1160 4358 est
1179 4302 1324 4373 quod
1353 4303 1470 4373 ipsa
1505 4312 1657 4359 sunt.
1689 4302 1838 4359 Mens
1867 4306 2012 4360 enim
2040 4355 2089 4373 λ
2115 4309 2214 4367 ρει·
2236 4294 2523 4366 inSlitiam.
2557 4311 2658 4352 nec
2684 4296 2830 4366 iusta
2867 4311 2986 4352 esse
3027 4305 3201 4367 potest
3229 4299 3298 4330 ’ὀ
3328 4297 3431 4353 nisi
3463 4314 3562 4368 per
3597 4314 3657 4355 se
3683 4317 3697 4353 :

434 4391 742 4460 rationalis,
765 4408 885 4464 qua:
923 4393 1072 4450 nullo
1093 4409 1354 4466 corporeo
1383 4410 1545 4452 sensu
1573 4395 1702 4468 quid
1727 4438 1743 4464 ,
1775 4396 1858 4452 vel
1878 4412 2014 4467 qua-

2147 4387 2249 4455 luid
2286 4387 2458 4459 magis
2485 4387 2834 4458 conspicuum
2861 4429 2876 4453 ,
2923 4388 3051 4458 quid
3087 4388 3258 4459 magis
3297 4389 3700 4456 necessarium,

432 4480 524 4549 lis,
547 4483 636 4539 vel
655 4495 858 4555 quanta
881 4486 952 4542 sit
981 4486 1310 4558 percipitur;
1341 4497 1544 4558 quanto
1568 4487 1750 4544 minor
1778 4499 1942 4554 esset,
1967 4488 2014 4544 si

431 4581 576 4628 esset
599 4574 803 4646 aliquid
832 4575 904 4608 ³⁸⁸
925 4589 1114 4632 eorum
1156 4592 1276 4647 qua:
1298 4577 1575 4649 corporeis
1609 4578 1859 4634 sensibus
1891 4580 2018 4634 sub-

2123 4491 2287 4547 quam
2313 4479 2454 4548 quod
2494 4479 2684 4535 eadem
2711 4489 2924 4544 natura,
2957 4487 3043 4534 cst
3083 4478 3195 4548 ipsa
3219 4478 3426 4547 justitia
3453 4495 3468 4534 :
3499 4489 3553 4536 et
3576 4496 3702 4536 cum

2127 4570 2325 4624 dicitur
2350 4585 2471 4627 esse
2502 4572 2647 4642 justa
2687 4587 2784 4643 per
2817 4571 3085 4642 justitiam
3109 4572 3210 4638 ³⁷⁸,
3258 4572 3400 4629 idem
3438 4583 3524 4629 est
3559 4573 3704 4644 quoi

1739 4693 1970 4749 VARIZE
2013 4691 2416 4750 LECTIONES.

503 4804 576 4878 Ἦ
615 4804 786 4878 Quam
823 4821 933 4878 non
977 4808 1195 4876 sapiens
1223 4823 1348 4861 mss.
1380 4822 1540 4878 quam
1566 4821 1674 4862 non
1705 4806 1891 4878 ipsum
1906 4806 2125 4878 sapiens
2169 4875 2179 4878 _
2215 4803 2288 4835 '“

2325 4802 2498 4870 Quam
2529 4817 2634 4857 non
2665 4815 2857 4855 aurum
2886 4815 3007 4856 esse
3043 4817 3166 4855 mss.
3204 4799 3339 4854 Vict.
3376 4802 3703 4870 omitt.icsse

434 4875 505 4947 ’ξ’
537 4875 604 4930 Et
625 4869 689 4947 a_d
721 4869 1194 4947 propositummss.
1223 4892 1344 4947 cum
1375 4869 1441 4933 a'd
1470 4869 1804 4947 propositum
1879 4876 1951 4907 ⁸⁸⁸
1973 4869 2100 4930 ’Λιιι
2135 4875 2181 4930 si
2208 4869 2401 4929 melius
2425 4888 2551 4927 mss.
2587 4870 2722 4924 Tha.
2755 4879 2859 4947 aut
2873 4871 3042 4947 ipsum
3068 4871 3137 4923 sit
3168 4871 3359 4947 melius
3391 4887 3514 4947 mss.
3561 4869 3698 4924 Vict.

435 4945 582 5002 Gem.
627 4938 781 5001 σοντι).
823 4938 954 5017 Sag.
987 4957 1080 5001 aut
1114 4947 1186 5002 sit
1215 4945 1408 5003 melius
1471 4938 1548 4980 ³⁸⁷
1573 4938 1850 5017 'Humanae
1881 4953 2089 5000 naturas
2111 4962 2234 5017 mss.
2265 4957 2488 5000 summae
2510 4950 2717 4996 natum
2738 4938 2955 5017 __f'°_;Si
2987 4951 3130 5017 esset
3158 4941 3300 4994 aliud
3325 4957 3447 5017 mas.
3472 4940 3516 4994 si
3557 4952 3704 5017 esset

435 5018 636 5087 aliquid

741 5017 809 5048 ⁸⁸³
850 5010 1019 5085 major
1067 5028 1340 5086 estquam
1389 5033 1516 5071 mss.
1559 5018 1715 5072 Corb.
1757 5015 1888 5072 Vict.
1941 5017 2031 5071 l5.
2063 5016 2253 5072 melior
2308 5021 2454 5069 esset
2500 5026 2661 5086 quam
2737 5011 2807 5043 ²⁶⁰
2849 5011 2977 5086 δίᾳ-
3003 5010 3143 5063 ratio
3186 5011 3503 5086 t1tss.__sicq_t
3558 5013 3702 5066 ratio

437 5079 818 5158 “"Quicquid
874 5079 1321 5158 simpliciter-ms.
1353 5088 1608 5157 quicquid
1650 5087 1904 5144 similiter
1977 5087 2046 5119 ³⁸⁸
2075 5086 2140 5158 Et
2164 5087 2318 5158 quod
2338 5100 2443 5158 non
2475 5079 2546 5158 sit
2569 5098 2695 5158 mss.
2716 5090 2824 5158 aut
2851 5080 2978 5158 quid
3014 5096 3118 5134 non
3156 5079 3411 5158 sit_edit_io
3433 5079 3569 5158 _Got.
3601 5091 3704 5158 a_u_t

433 5161 674 5213 omnium
702 5172 806 5212 non
837 5158 908 5212 sit
979 5158 1049 5188 ’⁸³
1073 5157 1204 5227 Cap.
1238 5159 1305 5213 15
1328 5158 1383 5211 in
1409 5167 1625 5213 mss.est
1655 5167 1810 5226 caput
1835 5159 1920 5227 l6.

2003 5157 2130 5227 quid
2155 5151 2226 5188 ’“
2261 5151 2547 5227 Μρ-ηρῳορ.

2577 5151 2728 5219 Quod
2772 5153 2844 5206 ita
2870 5149 2970 5214 'sit,
2999 5161 3096 5206 etc.
3130 5160 3186 5204 ut
3228 5149 3282 5204 in
3324 5149 3476 5204 titulo
3511 5153 3702 5219 capitis

435 5230 522 5300 16.
551 5229 605 5282 in
631 5227 829 5300 editis;
865 5227 951 5300 _’“
991 5227 1068 5300 llli
1104 5219 1250 5299 justa
1283 5229 1426 5300 quod
1454 5244 1578 5300 mss.
1611 5227 1686 5283 illi
1714 5219 1835 5300 esse
1858 5219 2070 5300 justam
2098 5227 2241 5297 quod
2315 5224 2385 5256 ’⁸⁸
2422 5221 2520 5278 Vel
2555 5222 3153 5300 aliud__similiumIn”.
3183 5219 3267 5300 vel
3293 5219 3705 5300 aliquidnsimi-

436 5298 570 5352 lium

675 5298 744 5330 “7
789 5297 882 5352 lVel
917 5289 1268 5369 potius'mss.
1300 5289 1419 5369 'sed
1458 5299 1640 5369 potius
1739 5297 1808 5328 ³⁸⁸
1846 5289 2134 5364 Quodlibei
2172 5311 2352 5351 rerum
2404 5311 2504 5349 ms.
2553 5292 2611 5369 _S.
2668 5292 2832 5348 Mich.
2884 5291 3394 5369 quodlibet_liorurn
3427 5359 3440 5369 _
3468 5289 3540 5321 ’⁸³
3578 5290 3702 5345 Alia

438 5369 758 5441 hujusmu.
813 5359 933 5422 alia'
967 5367 1272 5441 hujusmodi
1324 5359 1565 5441 __'7°_Nec
1602 5383 1814 5423 summa
1857 5359 2048 5441 potest
2088 5381 2210 5422 esse
2239 5382 2366 5441 mss.
2416 5363 2700 5441 nee-justa
2744 5379 2866 5441 esse
2901 5359 3079 5441 potest
3149 5361 3217 5392 ’⁷⁸
3254 5359 3574 5441 Cum_jttstt{
3603 5376 3704 5428 νον

438 5451 496 5512 se.
509 5432 717 5492 dicitur
746 5453 890 5512 esse,
913 5454 1018 5495 non
1035 5432 1189 5512 aliud
1210 5437 1529 5508 intelligitur
1566 5452 1852 5512 quamper
1868 5432 2145 5506 justitiam
2177 5455 2291 5512 ηιςἈ
2311 5435 2468 5512 Cora.
2495 5432 2568 5491 Et
2597 5450 2719 5491 cum
2742 5432 2944 5512 dicitur
2962 5433 3109 5512 justa
3135 5445 3376 5512 essenper
3394 5432 3696 5512 justitiam,

443 5507 691 5584 idem_est
712 5509 857 5578 quod
871 5499 1062 5584 :perse
1089 5509 1288 5584 dicitur
1314 5499 1457 5574 esse,
1487 5499 1600 5584 non:
1619 5499 1938 5577 intelligitur
1965 5523 2128 5584 quam
2161 5507 2540 5584 perjustitiatn
2576 5523 2704 5584 mss.
2745 5503 2878 5558 Vict.
2907 5499 3217 5584 saepem.
3248 5499 3468 5584 Etncum
3494 5501 3702 5556 dicitur

441 5592 566 5651 esse.
584 5572 1325 5653 jus_ta'perj'usti_ti_am,idem
1336 5572 1600 5653 estquod
1627 5594 1727 5653 per
1749 5572 1841 5644 se;
1875 5586 1930 5634 et
1960 5572 2250 5653 c'umju'sta
2273 5572 2369 5650 per
2393 5593 2452 5635 se
2486 5575 2683 5653 dicitur
2710 5589 2849 5653 esse,
2876 5572 2999 5653 non
3015 5572 3160 5628 aliud
3183 5572 3498 5652 intelligitur
3524 5587 3699 5653 quam

401 5669 410 5673 ·
442 5645 818 5719 pet‘justitiam
838 5663 964 5703 mss.
983 5647 1188 5706 Thuatt.
1212 5647 1270 5705 S.
1297 5648 1460 5705 Miclt.
1479 5645 1546 5705 Et
1568 5645 1691 5706 cu'm
1708 5648 1852 5718 iusta
1879 5663 1976 5718 per
1989 5664 2048 5706 se
2069 5645 2429 5716 dicituresse,
2457 5663 2562 5703 non
2589 5648 2732 5701 aliud
2763 5645 3097 5714 intelligitur,
3111 5658 3274 5714 quam
3287 5658 3382 5713 per
3403 5645 3698 5712 justitiam.
