3882 6050
219 201 327 258 165

1610 196 2086 277 MONOLOGIUM.

3373 204 3475 262 166

213 330 316 386 per
344 329 442 379 se;
472 323 528 370 et
558 329 679 369 cum
721 312 866 383 iusta
903 330 1000 386 per
1029 331 1089 370 se
1117 316 1316 372 dicitur
1338 331 1479 384 esse,
1524 332 1630 373 non
1656 317 1800 372 aliud
1828 315 1875 373 A
1972 313 2243 386 dicuntur,
2269 326 2492 386 necesse
2511 313 2569 369 (lt
2596 322 2654 369 ut
2673 313 2789 370 iure
2813 313 2995 386 omnia
3021 313 3300 386 bonanon
3321 316 3479 385 plura

214 407 543 478 intelligitur
566 423 729 477 quam
758 423 856 478 per
874 407 1166 477 justitiam.
1204 409 1562 481 Quapropter,
1584 412 1634 466 ἐἰ
1662 426 1807 481 qua:-

211 507 375 554 ratur
419 498 548 569 quid
581 499 654 553 sit
699 499 820 569 ipsa
856 515 1068 555 summa
1116 509 1306 556 natura
1335 501 1404 557 de
1439 516 1544 571 qua
1589 501 1804 572 agitur;

214 589 350 658 quid
385 589 569 644 verius
610 591 971 659 respondetur
1004 606 1164 661 quam
1207 589 1458 659 justitia?
1503 592 1806 648 Videndum

212 679 389 750 igitur
411 680 686 750 quomodo
714 680 1122 751 intelligendum
1144 682 1216 738 sit
1238 683 1454 752 quando
1475 681 1562 738 illa
1587 692 1805 747 natura,

211 787 338 840 quae
360 779 444 826 est
471 771 587 841 ipsa
609 768 821 837 justitia
845 772 939 836 ω,
961 772 1159 826 dicitur
1172 771 1342 842 justa.
1369 771 1634 839 Quoniam
1661 773 1807 828 enim

215 863 382 916 homo
411 877 518 916 non
546 870 738 930 potest
777 877 898 916 esse
922 861 1162 932 justitia,
1199 861 1465 931 justitiam
1503 872 1681 918 autem
1714 865 1808 918 ha-

212 955 345 1009 bere
387 961 600 1024 potest;
642 968 750 1008 non
788 953 1108 1025 intelligitur
1143 953 1324 1023 justus
1365 955 1526 1010 homo
1568 956 1808 1010 existens

210 1047 424 1116 justitia
452 1085 468 1110 ,
519 1044 612 1100 sed
658 1045 866 1099 habens
899 1045 1189 1112 justitiam.
1231 1045 1498 1112 Quoniam
1544 1045 1708 1117 igitur
1740 1047 1806 1100 de

213 1151 430 1191 summa
467 1145 660 1190 natura
701 1151 809 1189 non
859 1136 1075 1205 proprie
1121 1135 1324 1190 dicitur
1369 1137 1441 1168 ⁸⁷³
1483 1137 1608 1206 quia
1646 1138 1808 1191 habet

209 1229 477 1297 justitiam
500 1270 515 1294 ,
564 1229 657 1283 sed
705 1228 894 1283 existit
923 1227 1133 1296 justitia
1168 1245 1182 1280 :
1215 1243 1340 1283 cum
1384 1228 1584 1284 dicitur
1616 1227 1761 1296 justa
1789 1269 1805 1295 ,

215 1317 437 1388 proprie
464 1317 536 1348 ’τι
563 1316 883 1388 intelligitur
917 1317 1158 1372 existens
1193 1317 1402 1385 justitia
1429 1358 1444 1382 ,
1491 1333 1596 1372 non
1625 1329 1806 1373 autem

217 1405 429 1461 habens
457 1405 752 1475 justitiam.
803 1404 982 1473 Quare
1025 1408 1108 1471 si,
1156 1423 1280 1462 cum
1325 1409 1521 1464 dicitur
1567 1410 1807 1465 existens

211 1496 447 1563 iustitia,
482 1513 587 1551 non
627 1497 824 1552 dicitur
852 1497 1028 1567 qualis
1055 1507 1140 1553 est
1177 1499 1270 1554 sed
1299 1500 1427 1568 quid
1463 1509 1582 1566 est;
1616 1516 1807 1556 conse-
1843 1541 1854 1552 .

213 1589 407 1657 quitur
433 1597 514 1654 ut,
545 1604 667 1644 cum
700 1588 902 1645 dicitur
923 1589 1094 1660 justa,
1127 1605 1234 1644 non
1265 1591 1479 1645 dicatur
1502 1592 1678 1661 qualis
1712 1595 1804 1660 sit,

213 1680 318 1735 sed
337 1682 467 1750 quid
491 1681 583 1736 sit.
614 1680 840 1747 Deinde,
863 1683 1118 1750 quoniam
1147 1682 1214 1737 de
1239 1682 1328 1736 illa
1350 1697 1599 1753 suprema
1622 1699 1808 1740 cssen-
1836 1686 1882 1746 Β

218 1771 296 1825 tia
334 1773 476 1827 idem
515 1773 808 1830 estdicere
841 1775 969 1844 quia
1005 1783 1090 1829 est
1118 1773 1296 1843 justa,
1339 1784 1394 1830 et
1425 1776 1550 1846 quia
1579 1785 1664 1831 est
1690 1779 1807 1831 exi-

213 1875 373 1919 stens
394 1863 608 1933 justitia
639 1883 654 1920 :
685 1874 740 1920 et
768 1880 892 1921 cum
919 1866 1139 1933 dicitur,
1170 1875 1253 1922 est
1289 1867 1531 1922 existens
1559 1868 1628 1900 ³⁷⁸
1647 1869 1808 1939 justi-

217 1957 297 2010 tia
320 1997 335 2021 ,
366 1973 473 2011 non
499 1967 584 2012 est
613 1957 756 2012 aliud
787 1971 949 2028 quam
980 1968 1063 2014 est
1084 1958 1294 2027 justitia
1328 1977 1341 2015 :
1374 1961 1507 2015 nihil
1547 1959 1728 2018 diﬂ'ert
1751 1962 1806 2017 in

221 2048 342 2111 illa,
369 2051 484 2105 sive
513 2051 742 2118 dicatur,
767 2061 849 2106 est
868 2049 1098 2119 justitia.
1131 2054 1244 2108 sive
1270 2063 1352 2108 est
1370 2053 1516 2122 justa
1543 2055 1632 2109 ’7‘.
1663 2055 1808 2122 Qua-

220 2150 449 2209 propter
484 2155 608 2194 cum
647 2141 908 2210 quaeritur
935 2142 1002 2195 de
1038 2141 1126 2196 illa
1160 2141 1290 2211 quid
1321 2150 1437 2206 est,
1483 2158 1588 2197 non
1630 2143 1808 2199 minus

215 2246 463 2302 congrue
487 2231 844 2300 respondetur
857 2230 1026 2299 justa,
1050 2246 1211 2302 quam
1232 2232 1441 2302 justitia
1474 2251 1486 2285 :
1513 2233 1810 2303 quod-vero

215 2324 273 2378 in
310 2322 559 2393 exemplo
591 2321 814 2390 justitia:
857 2331 1034 2377 ratum
1064 2337 1187 2378 esse
1214 2324 1564 2393 conspicitur,
1600 2326 1704 2380 hoc
1743 2327 1810 2380 de

213 2417 509 2481 omnibus,
545 2430 665 2486 quae
693 2415 948 2471 similiter
983 2415 1049 2471 de
1092 2416 1207 2486 ipsa
1237 2432 1445 2472 summa
1485 2427 1678 2472 natura
1722 2417 1807 2473 di-

212 2517 441 2568 cuntur,
483 2507 792 2563 intellectus
826 2509 1030 2563 sentire
1069 2521 1166 2578 per
1196 2509 1460 2564 rationem
1491 2510 1810 2584 constringi-

216 2609 332 2653 tur.
382 2597 652 2669 Quidquid
702 2599 868 2670 igitur
913 2614 1102 2656 eorum
1152 2600 1218 2655 de
1259 2601 1345 2656 illa
1398 2601 1652 2669 dicatur,
1700 2617 1810 2658 non

213 2691 434 2761 qualis,
468 2690 550 2744 vel
579 2698 812 2760 quanta;
847 2691 942 2746 sed
978 2691 1154 2763 magis
1193 2692 1322 2762 quid
1358 2693 1431 2748 sit
1455 2703 1808 2750 monstratur.

215 2777 332 2832 Sed
360 2778 536 2848 palam
561 2788 645 2834 est
670 2779 794 2848 quia
825 2780 1104 2850 quodlibet
1132 2781 1332 2837 bonum
1364 2797 1574 2846 summa
1607 2792 1806 2839 natura

212 2871 316 2935 sit,
344 2885 558 2925 summe
585 2870 716 2925 illud
747 2879 850 2926 est.
882 2871 974 2926 llla
1005 2872 1170 2942 igitur
1197 2882 1281 2928 est
1304 2888 1513 2929 summa
1542 2876 1807 2940 essentia,
1857 2917 1876 2934 ρ

216 2975 437 3016 summa
466 2964 578 3015 vita
605 3002 622 3028 ,
668 2978 879 3017 summa
921 2964 1088 3031 ratio,
1133 2979 1345 3019 summa
1386 2964 1553 3031 salus,
1599 2981 1809 3021 summa

212 3048 465 3118 justitia,
499 3065 712 3106 summa
747 3053 1037 3123 sapientia,
1067 3068 1290 3130 summa
1326 3055 1558 3122 veritas,
1599 3073 1808 3112 summa

216 3140 478 3205 bonitas,
519 3157 730 3196 summa
770 3129 1125 3213 magnitudo,
1169 3157 1380 3198 summa
1428 3143 1807 3215 pulchritudo,

219 3247 438 3287 summa
507 3234 936 3300 immortalitas,
999 3249 1209 3290 summa
1278 3235 1808 3307 incorruptibilitas,

219 3338 442 3378 summa
490 3323 899 3380 immutabilitas
925 3365 942 3389 ,
985 3339 1198 3380 summa
1240 3325 1520 3382 beatitudo
1545 3367 1561 3393 ,
1601 3343 1810 3384 summa

150 3398 168 3414 ’
220 3416 502 3470 aeternitas
527 3456 544 3481 ,
591 3431 800 3472 summa
838 3425 1076 3487 potestas
1101 3457 1116 3483 ,
1159 3431 1367 3472 summa
1410 3418 1627 3484 unitas;
1669 3420 1812 3490 quod

220 3521 334 3561 non
363 3517 450 3561 est
478 3507 625 3563 aliud
657 3523 816 3578 quam
847 3524 1060 3566 summe
1087 3523 1218 3577 ens,
1257 3524 1468 3567 summe
1501 3511 1686 3568 vivens
1716 3530 1729 3566 :
1759 3521 1815 3568 et

225 3599 331 3652 alia
360 3599 610 3656 similiter
638 3601 729 3654 ¹⁷⁷.

587 3692 817 3750 CAPUT
856 3692 996 3748 XVII
1037 3692 1158 3766 [al.,
1195 3691 1336 3764 XVI]
1372 3694 1465 3750 ⁸⁷⁸.

229 3782 386 3857 Quod
409 3785 484 3857 ita
501 3786 575 3857 sit
602 3787 673 3818 ²¹¹⁹
697 3786 936 3857 simplex,
968 3796 1023 3839 ut
1053 3788 1250 3853 omnia,
1271 3804 1392 3857 qua:
1415 3789 1478 3842 de
1498 3786 1612 3856 ejus
1635 3804 1812 3842 essen-

300 3856 375 3928 tia
401 3855 510 3908 dici
533 3867 771 3925 possunt,
795 3855 957 3910 unum
981 3855 1347 3928 idemque‘sint
1374 3859 1428 3911 in
1453 3855 1580 3922 illa;
1609 3869 1658 3912 et
1683 3857 1814 3928 nihil

295 3923 363 3978 de
377 3995 388 4006 .
389 3941 470 4048 dea
505 3923 611 3980 dici
652 3929 818 3998 possit
857 3923 1292 3993 substantialiter,
1335 3928 1437 3983 nisi
1483 3929 1540 3982 in
1571 3943 1632 3983 eo
1674 3927 1814 3998 quod

296 4011 386 4064 qm
455 4007 555 4050 est.

229 4082 581 4159 censeas-rus
617 4103 846 4144 CAPITIS.
887 4116 959 4128 ——
991 4087 1164 4144 Omne
1200 4087 1560 4159 compositum
1612 4087 1816 4159 indiget

298 4155 388 4210 bis
425 4172 489 4211 ex
525 4159 722 4228 quibus
762 4159 1125 4227 componitur,
1160 4159 1267 4214 illis
1311 4155 1472 4214 debet
1515 4159 1657 4228 quod
1689 4155 1772 4212 est
1796 4197 1813 4224 ,

299 4234 357 4280 ct
381 4241 480 4299 per
504 4228 593 4282 illa
622 4237 706 4283 est
732 4230 990 4298 quidquid
1017 4237 1133 4294 est;
1164 4229 1306 4299 quod
1335 4238 1515 4283 autem
1545 4229 1638 4283 illa
1663 4236 1812 4293 sunt,

300 4309 401 4368 per
431 4297 559 4352 illud
588 4313 694 4352 non
722 4297 848 4353 sunt
880 4297 894 4352 ἐ
924 4308 979 4354 et
1005 4297 1231 4368 proinde
1270 4314 1538 4355 summum
1569 4314 1675 4353 non
1706 4307 1807 4353 est.

1977 385 2071 439 sed
2101 399 2266 456 unum
2293 385 2420 439 sint.
2457 385 2596 456 Ergo
2625 401 2789 456 unum
2819 385 3030 456 illorum
3055 394 3139 440 est
3168 385 3309 439 idem
3336 391 3480 456 quod

1974 455 2176 519 omnia,
2214 454 2330 509 sive
2363 453 2554 537 simul,
2585 457 2700 537 sive
2736 455 2966 537 singula.
2991 455 3065 537 Et
3103 471 3227 537 cum
3267 453 3480 537 summa

1976 533 2170 579 natura
2211 539 2316 596 una
2346 526 2779 596 consideratione
2805 525 2874 580 sit
2913 525 3173 594 quidquid
3201 533 3316 591 est,
3354 529 3482 596 quia

1976 593 2340 678 essentialiter
2361 603 2447 650 cst
2474 595 2577 650 hoc
2599 604 2766 678 totum
2794 593 2942 678 quod
2961 593 3074 678 ipsa
3101 604 3184 678 est
3212 614 3225 650 :
3252 593 3388 678 nihil
3417 599 3486 678 de

1977 665 2066 720 illa
2096 665 2294 720 dicitur
2325 665 2378 719 in
2411 679 2477 720 eo
2512 667 2654 736 quod
2685 665 2863 736 qualis
2893 665 2977 721 vel
3017 673 3256 735 quanta;
3289 668 3385 722 sed
3427 667 3485 723 in

1975 749 2041 790 eo
2070 737 2213 804 quod
2242 736 2370 806 quid
2396 737 2484 790 sit.

1976 826 2116 893 Quid
2145 841 2305 898 ergo,
2342 826 2388 882 si
2429 826 2518 881 illa
2561 841 2769 882 summa
2809 837 3002 882 natura
3052 836 3130 883 tot
3166 829 3308 884 bona
3354 837 3437 885 est
3464 871 3481 893 ,

1906 917 2084 970 eritne
2115 916 2412 986 composita
2456 926 2562 970 tam
2593 916 2838 986 pluribus
2866 916 2936 948 ³⁸⁸
2977 918 3170 983 bonis;
3205 934 3272 972 an
3303 920 3487 989 potius

1907 1023 2015 1062 non
2045 1017 2170 1063 sunt
2196 1008 2348 1078 plura
2375 1009 2536 1076 bona,
2565 1012 2659 1063 sed
2684 1024 2851 1063 unum
2877 1010 3075 1064 bonum
3109 1019 3214 1064 tam
3241 1010 3488 1081 pluribus

1907 1098 2215 1154 nominibus
2264 1098 2663 1168 significatum?
2704 1095 2878 1154 Omne
2927 1099 3072 1154 enim
3104 1101 3482 1170 compositum,

1907 1201 1967 1246 ut
2005 1189 2290 1255 subsistat,
2336 1191 2538 1262 indiget
2579 1191 2668 1246 his
2695 1207 2762 1246 ex
2791 1192 2986 1261 quibus
3014 1194 3390 1263 componitur;
3428 1205 3485 1249 et

1908 1281 2013 1338 illis
2043 1283 2204 1338 debet
2239 1283 2453 1352 quidem
2491 1283 2634 1354 quod
2665 1284 2734 1315 ³⁸³
2764 1295 2872 1347 est,
2911 1285 3038 1354 quia
3079 1286 3338 1355 quidquid
3365 1294 3478 1344 est.

1908 1387 2005 1442 per
2049 1372 2132 1426 illa
2168 1382 2277 1439 est;
2311 1382 2367 1429 et
2402 1373 2490 1428 illa
2521 1375 2662 1444 quod
2694 1384 2841 1442 sunt,
2881 1391 2978 1444 per
3010 1376 3139 1431 illud
3178 1393 3282 1430 non
3315 1388 3484 1432 sunt:

1907 1473 1964 1521 et
2005 1465 2208 1522 idcirco
2240 1467 2454 1536 penitus
2484 1482 2753 1522 summum
2798 1483 2904 1523 non
2943 1477 3046 1523 est.
3098 1470 3155 1523 Si
3190 1470 3354 1539 igitur
3385 1485 3483 1524 na-

1909 1565 2028 1611 tura
2065 1557 2136 1590 m
2166 1557 2258 1612 illa
2288 1557 2580 1627 composita
2622 1567 2708 1613 est
2744 1573 2809 1613 ex
2851 1558 3093 1627 pluribus
3138 1559 3293 1613 bonis
3320 1598 3335 1623 ,
3372 1560 3486 1614 haec

1908 1650 2124 1715 omnia,
2155 1667 2274 1721 qum
2312 1651 2458 1706 omni
2486 1652 2787 1721 composito
2832 1652 3046 1717 insunt,
3079 1651 3132 1705 in
3172 1651 3316 1708 illam
3353 1651 3486 1706 inci-

1909 1740 2038 1796 dere
2074 1754 2297 1795 necesse
2335 1751 2463 1795 est:
2505 1741 2649 1810 quod
2685 1740 2840 1796 nefas
2881 1740 3136 1795 falsitatis
3176 1747 3361 1808 aperta
3400 1755 3485 1794 ra-

1907 1833 2056 1889 tione
2083 1831 2154 1863 ’⁸³
2184 1832 2417 1886 destruit
2446 1838 2500 1886 et
2544 1831 2726 1886 obruit
2753 1839 2887 1896 tota,
2918 1845 3038 1899 quae
3079 1843 3241 1899 supra
3273 1829 3486 1899 patuit,

1908 1925 2204 1981 necessitas
2253 1924 2519 1980 veritatis.
2569 1924 2705 1979 Cum
2752 1923 2917 1993 igitur
2965 1922 3052 1976 illa
3103 1931 3293 1976 natura
3344 1920 3516 1975 nullo.

1907 2016 2068 2071 modo
2095 2015 2393 2084 composita
2421 2015 2492 2069 sit
2518 2022 2574 2069 et
2597 2023 2775 2068 tamen
2799 2013 3108 2068 omnimodo
3137 2022 3214 2066 tot
3238 2011 3324 2066 illa
3348 2012 3486 2067 bona

1907 2102 2021 2168 sit,
2069 2117 2290 2158 necesse
2334 2112 2418 2158 est
2457 2111 2518 2156 ut
2552 2102 2624 2134 ’⁸⁸
2662 2101 2750 2156 illa
2796 2101 2976 2156 omnia
3013 2116 3120 2156 non
3168 2099 3316 2170 plura
3342 2142 3356 2164 ,
3395 2103 3486 2155 sed

1909 2213 2075 2252 unum
2105 2197 2233 2252 sint.
2266 2196 2409 2252 Idem
2441 2195 2605 2266 igitur
2633 2204 2716 2250 est
2753 2193 3028 2263 quodlibet
3055 2209 3218 2248 unum
3251 2193 3485 2255 illorum,

1909 2287 2051 2359 quod
2083 2287 2297 2352 omnia,
2336 2286 2450 2342 sive
2491 2286 2650 2340 simul
2686 2284 2777 2350 ³⁸⁵,
2823 2284 2937 2340 sive
2981 2283 3231 2354 singula;
3274 2291 3334 2337 ut
3364 2297 3486 2338 cum

1910 2380 2108 2436 dicitur
2147 2377 2354 2446 justitia
2382 2417 2398 2438 ,
2442 2376 2528 2431 vel
2580 2376 2814 2431 essentia
2842 2415 2857 2440 ,
2905 2374 3045 2428 idem
3089 2373 3356 2442 signiﬁcat
3395 2371 3487 2435 ³⁸⁸,

1910 2472 2053 2543 quod
2083 2471 2210 2534 alia,
2235 2469 2317 2524 vel
2341 2468 2522 2524 omnia
2549 2467 2734 2533 simul,
2761 2467 2846 2522 vel
2871 2464 3102 2536 singula.
3129 2463 3490 2532 Quemadmo-

1911 2565 2038 2619 dum
2090 2563 2272 2633 itaque
2319 2575 2488 2615 unum
2536 2568 2623 2614 est
2651 2601 2668 2627 ,
2717 2557 2975 2629 quidquid
3015 2556 3380 2612 essentialiter
3425 2557 3538 2634 del

1910 2670 2120 2712 summa
2156 2653 2460 2710 substantia
2502 2651 2736 2715 dicitur;
2775 2649 2849 2705 ita
2890 2650 3005 2720 ipsa
3045 2664 3152 2702 uno
3183 2647 3342 2702 modo
3384 2663 3493 2703 una

1911 2747 2341 2803 consideratione
2366 2754 2451 2800 est
2475 2784 2490 2810 ,
2522 2741 2785 2813 quidquid
2815 2752 2900 2797 est
2929 2739 3315 2797 essentialiter.
3356 2739 3490 2794 Cum

1911 2840 2055 2895 enim
2084 2837 2280 2908 aliquis
2305 2837 2469 2892 homo
2496 2836 2697 2891 dicitur
2726 2843 2783 2890 et
2812 2849 3006 2904 corpus
3035 2833 3127 2898 ³⁸⁷,
3165 2844 3219 2888 et
3250 2832 3491 2887 rationa-

1913 2931 1999 2996 lis,
2025 2940 2080 2986 et
2106 2930 2306 2996 homo;
2340 2943 2446 2983 non
2472 2941 2580 2982 uno
2611 2925 2771 2981 modo
2796 2924 2879 2979 vel
2907 2924 3343 2980 consideratione
3377 2923 3494 2978 haec

1837 3039 1882 3100 ρ
1915 3023 2016 3078 tria
2047 3023 2266 3078 dicitur.
2310 3019 2619 3075 Secundum
2662 3016 2808 3071 aliud
2853 3026 2938 3071 est
2972 3016 3116 3070 enim
3159 3029 3391 3083 corpus,
3439 3025 3494 3068 et

1911 3113 2205 3169 secundum
2250 3110 2393 3166 aliud
2433 3107 2717 3165 rationalis
2761 3107 2849 3172 ²⁸⁸,
2900 3115 2954 3162 et
2983 3105 3249 3176 singulum
3299 3105 3490 3159 horum

1911 3221 2021 3261 non
2071 3213 2156 3260 est
2215 3211 2386 3258 totum
2435 3201 2487 3257 id
2531 3200 2601 3233 ’⁸⁸
2661 3199 2802 3270 quod
2870 3207 2952 3253 est
2993 3198 3172 3252 homo.
3224 3195 3314 3249 Illa
3363 3209 3497 3250 vero

1913 3312 2124 3355 summa
2162 3295 2401 3352 essentia
2437 3293 2582 3348 nullo
2615 3292 2776 3348 modo
2805 3291 2885 3347 sic
2909 3298 2992 3346 est
3018 3288 3241 3358 aliquid,
3274 3297 3332 3342 ut
3362 3286 3492 3341 illud

1914 3390 2055 3446 idem
2087 3387 2378 3444 secundum
2412 3385 2576 3440 alium
2604 3383 2856 3447 modum,
2886 3391 2976 3435 aut
3004 3381 3298 3436 secundum
3329 3378 3492 3432 aliam

1913 3477 2400 3535 considerationem
2426 3489 2531 3530 non
2558 3473 2659 3539 sit;
2687 3473 2813 3543 quia
2845 3470 3104 3542 quidquid
3131 3469 3310 3539 aliquo
3334 3471 3498 3522 modo

1912 3568 2281 3628 essentialiter
2304 3575 2409 3634 est,
2448 3568 2552 3622 hoc
2588 3573 2672 3622 est
2700 3573 2874 3620 totum
2903 3562 3045 3632 quod
3075 3562 3188 3632 ipsa
3218 3570 3318 3616 est.
3350 3558 3491 3614 Nihil

1913 3660 2078 3732 igitur
2103 3659 2176 3692 "°
2200 3659 2344 3725 quod
2380 3658 2448 3712 de
2490 3657 2608 3727 ejus
2640 3655 2875 3711 essentia
2917 3667 3044 3708 vere
3074 3651 3296 3717 dicitur,
3334 3651 3386 3704 in
3427 3663 3492 3703 eo

1913 3751 2055 3820 quod
2092 3749 2306 3819 qualis,
2334 3747 2418 3802 vel
2444 3755 2680 3816 quanta;
2725 3744 2818 3800 sed
2851 3744 2902 3798 in
2944 3756 3008 3799 eo
3038 3741 3178 3811 quod
3207 3741 3335 3810 quid
3379 3741 3490 3805 sit,

1915 3841 2197 3910 accipitur.
2233 3839 2506 3908 Quidquid
2535 3839 2678 3892 enim
2705 3844 2816 3902 est,
2846 3835 2932 3890 vel
2961 3834 3119 3904 quale
3143 3875 3158 3900 ,
3203 3833 3290 3888 vel
3320 3848 3492 3902 quan-

1915 3942 2062 3999 tum,
2092 3942 2176 3988 est
2206 3931 2368 3987 etiam
2414 3929 2558 3985 aliud
2582 3929 2652 3961 ²⁹¹
2693 3928 2747 3982 in
2777 3941 2843 3982 eo
2873 3929 3015 3997 quod
3045 3926 3172 3998 quid
3201 3935 3320 3993 est,
3349 3928 3492 3980 un-le

1914 4039 2023 4080 non
2049 4021 2278 4092 simplex
2304 4021 2397 4087 m,
2424 4019 2516 4076 sed
2543 4017 2900 4089 compositum
2925 4023 3029 4071 est.

2244 4132 2474 4192 CAPUT
2513 4131 2676 4190 xvut
2715 4131 2838 4204 [αι.,
2868 4127 3032 4201 xvn]
3070 4127 3162 4182 πε.

2117 4249 2271 4317 Quod
2301 4248 2368 4303 sit
2394 4247 2507 4302 sine
2534 4245 2812 4318 principio,
2841 4252 2890 4300 et
2918 4243 3032 4299 sine
3064 4242 3169 4310 ﬁne
3198 4241 3288 4294 ³³⁸.

306 4353 434 4447 Haec
474 4377 656 4447 _a_utem
703 4371 768 4425 de
814 4353 1024 4425 summa
1058 4353 1248 4447 natura
1281 4353 1469 4447 dicere
1511 4369 1684 4447 nefas
1705 4376 1809 4423 est.
1843 4385 1892 4447 ι)
1915 4367 2258 4447 Conspsc'rUs
2291 4378 2519 4447 caetris.
2543 4391 2614 4402 --
2637 4360 2696 4447 Si
2725 4375 2936 4447 summa
2965 4357 3275 4447 subsfaﬂliﬁ
3291 4353 3496 4447 Ρξξξξξξς

299 4436 446 4506 Ergo
473 4439 562 4492 illa
593 4453 698 4493 non
728 4448 810 4494 est
827 4424 1153 4509 composita.
1185 4439 1393 4494 Etcum
1426 4439 1540 4508 ipsa
1571 4445 1649 4492 tot
1673 4440 1811 4492 bona
1845 4424 1891 4447 ν
1933 4424 1936 4425 ⁷
1986 4439 2134 4562 pium
2164 4436 2344 4501 habet,
2381 4442 2567 4514 autex
2597 4446 2682 4495 se,
2714 4441 2807 4484 aut
2829 4445 2907 4511 ex
2939 4429 3062 4488 alio.
3096 4436 3190 4480 aut
3213 4424 3498 4481 ex’nihilo

301 4508 394 4562 sit.
417 4515 560 4562 vita.
592 4511 755 4562 ratio.
777 4511 1010 4562 bonitas.
1039 4509 1266 4562 iustitia.
1294 4519 1426 4562 etc..
1447 4523 1568 4562 aute
1607 4508 1674 4562 de
1701 4508 1814 4562 Deo
2027 4508 2169 4562 abet.
2194 4503 2310 4559 Non
2335 4520 2400 4560 ex
2431 4503 2558 4562 alto.
2583 4508 2677 4555 aut
2695 4515 2761 4556 ex
2791 4499 2959 4553 mltth
2989 4497 3151 4552 habet
3179 4513 3194 4550 :
3223 4511 3346 4550 cum
3369 4508 3494 4562 pro-

301 4497 560 4575 sitIvita,
592 4511 755 4576 ratio,
777 4497 1010 4578 bonitas,
1033 4509 1266 4580 justitia,
1294 4519 1426 4575 etc.,
1445 4497 1568 4579 qua:
1607 4508 1674 4563 de
1701 4508 1814 4562 Deo
1990 4497 2169 4563 habet.
2194 4503 2310 4559 Non
2331 4497 2400 4560 ex
2431 4503 2558 4568 alio,
2583 4508 2677 4555 aut
2695 4515 2761 4556 ex
2791 4497 2959 4553 nihilo
2989 4497 3151 4552 habet
3179 4513 3194 4550 :
3223 4511 3346 4550 cum
3369 4508 3494 4562 pro-

1490 4705 1726 4762 VARUE
1759 4699 2166 4763 LECTIONES.

307 4841 380 4874 ’⁷³
407 4838 540 4912 Quae
565 4848 649 4912 est
675 4837 884 4912 justitia
907 4854 1034 4912 mss.
1069 4851 1190 4905 qua!
1216 4837 1446 4912 estipsa
1477 4835 1683 4912 jus_ti_tia
1761 4835 1835 4868 ⁸⁷³
1873 4832 2240 4912 Non__p_ropr_ie
2271 4829 2476 4912 dicitur
2495 4827 2643 4912 iusta
2675 4845 2798 4912 mss:
2834 4826 2969 4912 Eiet.
3003 4827 3134 4912 S_ag_._
3157 4827 3492 4912 Thuaomit].

231 4912 376 4981 justa
417 4897 523 4941 ’³⁷⁵
551 4897 694 4982 (Ζρηῖ
728 4909 928 4964 dieitur
957 4897 1122 4982 iusta,
1150 4897 1367 4982 proprie
1393 4897 1518 4961 mss.
1545 4906 1754 4982 Iliun}.
1787 4922 1916 4982 cum
1949 4897 2156 4982 dicitur
2173 4900 2405 4982 justitia,
2438 4897 2653 4982 preprie
2702 4897 2966 4982 ﬂicu‘m
3009 4897 3210 4982 dicitur
3235 4907 3321 4982 est
3373 4900 3492 4980 exi—

237 4967 387 5036 stens
407 4997 535 5034 mss.
585 4979 791 5032 Thuan.
844 4967 972 5033 cuni
1010 4967 1208 5046 dicitur
1251 4967 1490 5032 existens
1563 4977 1632 5008 ’⁷⁸
1674 4977 1766 5032 Est
1789 4967 2189 5046 justitia,_s_ive
2224 4979 2308 5026 est
2336 4967 2490 5046 _justa
2538 4967 2667 5024 mss.
2702 4968 2838 5023 Vict.
2878 4967 3003 5038 Sag.
3027 4979 3130 5046 est_
3153 4967 3336 5046 iusta“;
3377 4971 3491 5046 s_i_vc

238 5061 322 5106 est
379 5050 606 5121 justitia
696 5049 766 5080 ³⁷⁷
806 5048 924 5121 Alia
971 5043 1294 5121 simpliciter
1336 5064 1477 5121 mss._
1513 5046 1618 5101 alia
1664 5037 1933 5121 similiter
2009 5037 2103 5074 "7'
2140 5041 2272 5121 Cap.
2328 5037 2419 5121 ἱ-(ξΔ
2449 5041 2509 5121 i_t_t_
2556 5056 2681 5121 mss.
2737 5050 2810 5121 _e_st
2867 5037 3020 5108 caput
3067 5041 3153 5121 l7,
3249 5038 3334 5121 λζ’

239 5106 398 5175 ϐοιὸἶ
457 5120 610 5186 Quod
664 5121 737 5172 sit
796 5119 945 5181 sine,
995 5106 1103 5172 etc..
1151 5118 1308 5189 at_in
1359 5117 1510 5171 titulo
1559 5117 1744 5189 capitis
1786 5106 2250 5189 18.Ain_‘e:_ccasis.
2345 5112 2420 5162 .²³⁰
2467 5110 2568 5165 Τοι
2616 5111 2858 5189 pluribus
2909 5106 3034 5189 mss.
3090 5118 3204 5189 tam
3254 5106 3494 5189 pluribus

236 5192 304 5224 ⁸⁸⁸
347 5176 518 5245 Βριιᾶ
570 5190 785 5257 quidem
840 5176 984 5258 quod
1029 5204 1152 5241 mss.
1192 5185 1234 5241 Τ
1236 5188 1327 5258 Ita.
1368 5189 1536 5258 σηιξη.
1569 5176 1786 5258 quidem
1820 5257 1827 5258 ί
1859 5185 1930 5217 ²⁸²
1970 5185 2028 5240 Si
2058 5184 2224 5258 igitur
2267 5176 2652 5258 sumnj_a_mss.
2716 5179 2863 5234 Gem.
2901 5176 3040 5231 'Vict.
3084 5177 3211 5248 Sag.
3252 5176 3491 5258 omittunt

237 5277 452 5316 summa
527 5250 603 5292 ’δέ
635 5261 774 5329 Apta
823 5250 1032 5313 ratione
1081 5274 1205 5312 mss.
1257 5256 1391 5311 Vict.
1441 5255 1567 5328 Sag.
1587 5250 1660 5329 'S_.
1698 5250 2320 5329 dii_clt_._aperta'ratione
2391 5251 2462 5282 ’⁸⁸
2495 5250 2732 5329 _l‘lecesse
2774 5259 2840 5329 ut
2871 5262 3266 5329 mss._nec'esse_
3295 5253 3379 5301 est
3435 5257 3496 5300 ut

235 5332 307 5364 ’⁸⁸
346 5331 542 5387 Omnia
570 5317 701 5385 suni
731 5329 892 5385 simul
920 5344 1046 5382 mss.
1075 5329 1442 5402 omn_ia,_sive
1481 5317 1643 5402 simul
1667 5395 1679 5402 Δ
1715 5326 1785 5358 ’⁸⁸
1826 5317 2001 5402 Unum
2028 5321 2642 5402 εἰειιὶβρειηιηεεελιιειιι
2666 5319 2938 5402 significat
3009 5319 3076 5402 ’ξτ
3101 5317 3483 5402 ΔΒιθιιιιιιεοιζ

275 5418 337 5455 us
364 5417 494 5455 mss.
543 5400 742 5454 dicitur
790 5410 845 5454 et
875 5413 1073 5467 corpus
1145 5398 1216 5429 “3
1251 5387 1408 5469 Aliud
1453 5395 1716 5469 rationale
1757 5412 1884 5451 mss.
1910 5396 2062 5469 _a_l_iud
2078 5387 2366 5469 rationalis
2413 5393 2507 5469 _“9
2549 5387 2741 5469 Totum
2873 5404 3006 5469 mss.
3041 5395 3210 5469 totum
3245 5387 3347 5469 hoc
3422 5388 3493 5469 ’νς

287 5472 381 5526 ihil
411 5471 615 5525 dicitur
642 5485 767 5523 mss.
803 5469 934 5524 nihil
968 5456 1164 5540 igitur_
1197 5469 1267 5501 ὀί
1307 5468 1414 5540 Εει
1448 5476 1505 5524 et
1539 5466 1682 5521 aliud
1726 5481 1852 5522 mss.
1910 5463 2043 5540 Vict.
2079 5462 2210 5540 Sgg.
2240 5463 2518 5540 _ltgstetiam
2549 5461 2692 5540 aliud
2765 5460 2833 5540 ’ξ’
2872 5456 3364 5540 Nomsintpliciter,
3397 5460 3492 5540 sed

237 5559 362 5594 mss.
425 5555 531 5594 non
573 5540 820 5611 simplex,
851 5541 954 5611 sed
986 5526 1089 5570 "9°
1127 5538 1256 5611 Cap.
1297 5540 1358 5593 l7
1400 5539 1455 5593 in
1487 5553 1614 5592 mss.
1655 5544 1732 5591 est
1770 5545 1926 5607 caput
1955 5536 2043 5590 18.
2119 5526 2190 5566 ’θῖ
2233 5532 2335 5588 Ms.
2370 5531 2524 5587 Corb.
2563 5529 2843 5599 Quomodo
2881 5526 3016 5584 nihil
3058 5526 3180 5595 fuit,
3223 5538 3322 5584 etc.
3353 5530 3487 5582 utin

236 5611 389 5665 titulo
419 5610 608 5680 capitis
635 5609 698 5664 18
741 5611 793 5663 in
833 5610 1002 5663 editis.
