3882 6050
395 157 499 215 167

961 151 1019 206 S.
1061 151 1364 208 ANSELMI
1405 145 1754 206 CANTUAR.
1787 143 1981 199 ARCH]

2095 183 2103 196 .
2140 141 2294 198 ουρ.
2335 138 2513 195 rans
2541 138 2584 195 ι.
2623 167 2692 180 --
2721 111 3143 194 nocturnes.

3552 135 3659 192 l68

462 270 647 326 batum
690 268 762 322 sit
787 281 906 322 eam
945 281 1051 319 non
1087 281 1208 319 esse
1251 281 1314 318 rx
1347 264 1486 326 alio,
1524 273 1616 316 aut
1663 277 1730 315 ex
1777 260 1967 314 nihilo.
1995 262 2045 320 A
2074 257 2216 313 nitas
2249 274 2262 310 ε
2295 256 2436 327 quod
2463 271 2582 310 esse
2607 269 2771 325 supra
2823 250 3318 324 inexpugnabiliter
3373 250 3659 308 inventum

468 340 584 394 Non
633 337 795 392 etiam
834 352 898 390 ex
941 351 999 390 se
1040 336 1120 388 vel
1168 350 1261 404 per
1295 350 1354 388 se
1396 334 1606 404 initium
1650 331 1858 404 habet:
1893 332 1973 404 sic

468 412 612 466 enim
638 417 722 463 est
749 423 813 461 ex
840 422 900 460 se
930 406 1014 460 vel
1043 421 1137 473 per
1165 402 1243 466 εε,
1276 413 1335 456 ut
1363 418 1468 456 non
1497 402 1600 455 alia
1633 403 1704 454 sit
1733 403 1970 456 essentia

465 495 588 550 qua:
612 487 696 534 est
729 492 827 550 per
861 491 920 530 se
945 486 1000 550 et
1028 489 1093 550 ex
1127 490 1209 537 se,
1242 483 1298 528 et
1339 474 1442 527 alia
1491 488 1588 542 per
1617 487 1777 541 quam
1823 481 1877 550 et
1905 488 1971 526 ex

465 543 569 621 q'ua
599 543 1003 621 est_:'alioqu_in_
1025 543 1136 611 jam
1179 561 1284 597 non
1325 551 1470 598 esset
1494 558 1590 621 p_er
1616 558 1710 621 se,
1753 544 1845 597 sed
1879 557 1974 611 per

467 614 634 675 aliud.
678 614 901 674 Summa
937 615 1098 684 igitur
1132 623 1339 684 natura
1364 630 1468 684 non
1519 614 1741 684 incmpit
1779 627 1874 684 per
1915 628 1974 667 se

467 691 551 743 vel
583 703 646 742 ex
687 703 762 742 se.
796 685 901 740 Sed
933 680 1032 740 nec
1071 684 1229 738 linem
1261 683 1494 738 habebit.
1542 681 1599 736 Si
1629 680 1790 737 enim
1813 680 1972 735 ﬁnem

469 759 716 814 habitura
746 765 828 812 est
860 774 873 809 :
903 755 955 809 1.
983 754 1097 809 Non
1124 764 1206 808 est
1232 769 1440 810 summe
1465 753 1592 817 vita,
1628 768 1719 807 seu
1752 755 1972 805 immor—

467 830 590 884 talis
623 838 676 881 et
713 825 1166 894 incorruptibilis;
1212 823 1264 878 2.
1310 834 1402 877 aut
1434 823 1614 877 volens
1653 832 1755 894 aut
1786 822 1973 877 nolens

467 899 720 954 deﬁciet:
753 913 856 952 non
911 893 1120 961 volens,
1171 894 1296 965 quia
1343 909 1448 948 non
1483 903 1564 948 est
1605 893 1830 962 simplex
1875 893 1972 965 bo-_-

471 985 597 1024 num
647 967 799 1036 cujus
837 966 1117 1021 voluntate
1151 963 1290 1035 perit
1334 964 1881 1036 summumﬁbomun;
1928 963 1974 1017 si

468 1054 597 1095 vero
622 1035 830 1104 nolens,
886 1052 992 1092 non
1017 1049 1099 1092 est
1125 1049 1333 1090 summe
1358 1044 1590 1104 potens;
1615 1035 1668 1088 5.
1701 1048 1805 1087 ιιοη
1832 1041 1976 1087 εεεει

466 1120 708 1175 aeterna;
741 1103 1045 1162 L'veritas
1079 1104 1400 1175 principium
1449 1103 1530 1158 vel
1565 1103 1725 1157 ﬁnem
1775 1103 1976 1175 habere

466 1181 654 1250 nequit
692 1173 937 1248 cogitari.
987 1173 1271 1250 Nunquam
1311 1175 1455 1228 enim
1498 1189 1606 1227 non
1654 1187 1839 1228 verum
1879 1173 1977 1226 luit

467 1246 594 1322 quia
621 1246 858 1322 futurum
882 1255 999 1322 erat
1023 1246 1223 1316 aliquid
1241 1255 1334 1322 ;_et
1357 1259 1630 1322 nunquam
1656 1259 1762 1298 non
1791 1259 1975 1298 verum

465 1315 571 1378 erit
591 1321 714 1389 quia
748 1317 1078 1389 praeteritum
1105 1315 1190 1371 est
1217 1315 1442 1384 aliquid.

468 1414 548 1470 Ex
579 1426 686 1483 quo
713 1410 873 1482 igitur
897 1409 1012 1463 haec
1041 1416 1149 1462 tam
1180 1406 1407 1476 simplex
1439 1416 1632 1460 natura
1661 1409 1894 1462 creatrix
1924 1415 1980 1460 et

2074 350 2140 381 θοι
2171 356 2272 405 est.
2299 348 2501 403 Deinde
2528 346 2868 434 cogitetnqui
2893 352 3088 416 potest.
3146 341 3362 411 quando
3412 342 3665 434 incorp“.

2074 451 2167 496 aut
2199 440 2414 510 quando
2443 455 2551 495 non
2591 438 2692 494 fuit
2721 433 2825 493 hec
2851 451 3068 501 verum;
3093 434 3321 500 scilicet,
3364 435 3490 503 quia
3514 433 3666 490 futu-

2075 547 2194 587 rum
2219 539 2340 587 erat
2361 531 2562 601 aliquid
2591 548 2603 584 :
2636 541 2732 584 aut
2759 528 2974 599 quando
3020 526 3251 592 desinet,
3299 535 3356 580 et
3401 540 3509 580 non
3558 528 3670 582 erit

2076 624 2179 678 hoc
2203 638 2418 688 verum;
2451 622 2681 686 scilicet,
2711 621 2839 691 quia
2885 619 3218 689 praeteritum
3274 617 3380 674 erit
3431 617 3662 688 aliquid.

2075 715 2228 782 Quod
2251 715 2294 770 si
2317 722 2570 769 neutrum
2595 714 2786 767 horum
2815 711 3039 781 cogitari
3070 715 3270 779 potest,
3292 716 3346 764 et
3372 719 3668 780 utrumque

2075 802 2178 858 hoc
2199 816 2386 857 verum
2417 801 2537 857 sine
2567 802 2798 856 veritate
2824 815 2946 854 esse
2993 814 3098 853 non
3152 808 3364 868 potest;
3408 800 3667 870 impossi-

2073 893 2182 951 bile
2205 904 2289 949 est
2313 893 2396 948 vel
2422 892 2664 964 cogitare
2686 891 2828 962 quod
2856 891 3059 946 veritas
3108 890 3433 959 principium
3481 888 3568 946 vel
3596 890 3668 946 ﬁ-

2075 1001 2200 1041 nem
2224 986 2438 1040 habeat.
2467 983 2708 1053 Denique
2741 984 2786 1038 si
2842 983 3044 1037 verilas
3072 982 3261 1036 habuit
3312 982 3660 1052 principium,

2076 1079 2162 1133 vel
2189 1076 2410 1132 habebit
2436 1076 2598 1130 ﬁnem
2629 1092 2644 1142 ;
2675 1084 2967 1144 antequam
2997 1075 3112 1144 ipsa
3144 1074 3440 1144 inciperet,
3472 1089 3664 1130 verum

2077 1179 2194 1224 erat
2224 1179 2350 1225 tunc
2383 1171 2507 1240 quia
2541 1169 2612 1202 ³⁰²
2639 1184 2745 1224 non
2767 1170 3138 1235 eratveritas;
3172 1179 3228 1224 et
3275 1180 3563 1241 postquam
3600 1177 3666 1225 ﬁ-

2079 1258 2189 1323 nita
2213 1259 2317 1314 erit
2337 1258 2463 1328 quia
2493 1258 2564 1291 ³⁰³
2583 1273 2691 1314 non
2718 1260 2844 1314 erit.
2869 1259 3032 1328 Atqui
3055 1259 3328 1316 ao"verum
3355 1276 3461 1316 non
3484 1274 3671 1332 potest

2077 1363 2200 1406 esse
2227 1349 2345 1404 sine
2394 1350 2626 1405 veritate
2657 1358 2816 1405 :erat
2853 1349 3020 1421 igitur
3062 1349 3272 1407 veritas
3297 1391 3314 1414 .
3375 1361 3666 1424 antequam

2078 1445 2226 1491 esset
2251 1437 2484 1504 veritas;
2517 1447 2572 1493 et
2592 1439 2698 1494 erit
2738 1439 2943 1494 veritas
2970 1478 2985 1504 ,
3022 1447 3308 1509 postquam
3360 1440 3516 1496 ﬁnita
3561 1445 3670 1498 erit

396 1509 549 1580 vigor
591 1507 834 1562 omnium
878 1505 1000 1570 fuit,
1051 1503 1133 1559 vel
1179 1519 1462 1575 usquequo
1506 1503 1685 1558 futura
1727 1502 1852 1558 est?
1892 1501 1976 1556 An

2095 1530 2317 1595 veritas;
2342 1529 2487 1599 quod
2517 1529 3152 1585 inconvenientissimum
3197 1538 3303 1587 est.
3337 1529 3465 1586 Sive
3506 1533 3674 1603 igitur

397 1602 578 1671 petius
606 1614 706 1654 nec
729 1611 794 1652 ex
823 1613 956 1668 quo,
983 1611 1084 1652 nec
1109 1611 1391 1666 usquequo
1419 1604 1540 1662 est;
1574 1595 1668 1651 sed
1694 1596 1810 1652 sine
1831 1595 1981 1666 prin-

2095 1619 2294 1675 ]icatur
2320 1621 2524 1676 veritas
2559 1621 2780 1689 habere,
2801 1626 2915 1676 sive
2951 1622 3283 1692 intelligatur
3316 1637 3422 1678 non
3457 1622 3668 1678 habere

395 1692 539 1762 cipio
563 1701 619 1746 et
643 1690 760 1745 sine
785 1690 891 1744 line
917 1688 988 1720 ’⁸⁵
1017 1687 1142 1743 εειῖ
1172 1686 1228 1742 Si
1255 1687 1399 1744 enim
1427 1686 1750 1757 principium
1775 1685 1976 1748 habet,

400 1794 496 1838 aut
523 1799 591 1838 ex
625 1795 684 1836 se
717 1781 803 1836 vel
835 1797 932 1851 per
962 1795 1022 1835 se
1049 1780 1152 1834 hoc
1191 1779 1390 1842 habet;
1423 1789 1518 1854 aut
1543 1793 1610 1832 ex
1639 1777 1745 1832 alio
1773 1775 1853 1832 vel
1885 1791 1984 1846 per

399 1875 580 1939 aliud;
606 1883 700 1928 aut
721 1890 790 1930 ex
819 1872 989 1927 nihilo
1012 1872 1096 1927 vel
1122 1887 1216 1942 per
1240 1871 1375 1926 nihil
1399 1871 1490 1925 ηδ.
1517 1870 1622 1926 Sed
1645 1876 1860 1924 constat
1884 1883 1984 1937 per

399 1967 682 2020 veritatem
708 1964 820 2033 jam
859 1973 1199 2034 perspectam
1227 1963 1354 2033 quia
1403 1961 1548 2016 nullo
1577 1961 1736 2018 modo
1760 1975 1823 2016 ex
1853 1960 1980 2025 alio,

398 2055 483 2111 vel
509 2070 576 2109 ει
605 2053 806 2119 nihilo,
844 2053 931 2109 vel
958 2068 1055 2123 per
1093 2053 1263 2118 aliud,
1291 2051 1376 2107 vel
1412 2066 1508 2123 per
1533 2049 1667 2104 nihil
1696 2058 1795 2105 εει.
1828 2048 1985 2104 Nullo

397 2144 566 2214 igitur
596 2143 757 2199 modo
784 2157 880 2213 per
905 2141 1082 2209 aliud,
1113 2141 1196 2196 vel
1223 2157 1290 2196 ex
1315 2140 1442 2206 alio,
1471 2148 1566 2195 aut
1589 2154 1686 2210 per
1715 2137 1876 2202 nihil,
1903 2136 1983 2193 vel

397 2250 466 2290 ex
497 2234 665 2288 nihilo
689 2235 901 2289 initium
929 2233 1120 2288 sortita
1144 2241 1249 2288 est.
1283 2232 1359 2286 Ex
1387 2231 1562 2300 seipsa
1602 2245 1752 2294 vero,
1779 2227 1862 2283 vel
1890 2242 1987 2298 per

403 2339 463 2379 se
498 2324 710 2378 initium
745 2325 948 2378 habere
976 2339 1084 2378 non
1114 2331 1313 2393 potest,
1359 2335 1666 2391 quanquam
1691 2335 1758 2376 ex
1784 2318 1982 2388 seipsa,

399 2421 457 2468 et
484 2426 581 2484 per
606 2413 840 2483 seipsam
870 2413 958 2466 sit.
993 2411 1085 2467 Sic
1108 2412 1253 2467 enim
1281 2421 1365 2465 est
1391 2427 1457 2465 ex
1499 2424 1558 2464 se
1586 2419 1640 2463 et
1662 2422 1758 2479 per
1785 2422 1843 2463 se
1871 2407 1941 2438 ""
1969 2448 1985 2473 ,

401 2513 462 2561 ut
486 2505 633 2560 nullo
662 2506 822 2560 modo
848 2504 920 2558 sit
954 2503 1058 2556 alia
1085 2502 1346 2566 essentia,
1375 2515 1494 2570 qua:
1518 2507 1603 2556 est
1633 2513 1729 2570 per
1752 2513 1811 2554 se
1838 2507 1894 2554 et
1919 2494 1989 2554 ex"

401 2611 485 2661 se,
512 2603 564 2650 et
591 2594 696 2648 alia
736 2609 833 2662 per
858 2608 1020 2662 quam
1047 2600 1102 2646 et
1127 2606 1194 2646 ex
1239 2605 1344 2661 qua
1376 2598 1477 2646 est.
1511 2589 1779 2660 Quidquid
1806 2597 1984 2645 autem

403 2701 471 2740 ex
500 2684 680 2753 aliquo
717 2683 802 2737 vel
845 2697 942 2753 per
968 2681 1172 2751 aliquid
1203 2681 1393 2751 incipit
1433 2694 1576 2747 esse,
1611 2695 1717 2735 non
1746 2687 1831 2736 est
1869 2695 1988 2736 om~

407 2776 537 2831 nino
582 2775 722 2830 idem
759 2772 833 2827 illi
878 2787 946 2828 ex
988 2786 1130 2842 quo,
1168 2771 1252 2826 vel
1292 2785 1388 2842 per
1423 2771 1566 2841 quod
1613 2770 1801 2840 incipit
1841 2785 1981 2826 esse.

405 2869 628 2924 Summa
660 2868 824 2937 igitur
854 2874 1049 2920 natura
1078 2880 1186 2920 non
1215 2865 1439 2934 incmpit
1464 2880 1562 2934 per
1586 2879 1666 2930 se,
1697 2863 1782 2919 vel
1809 2878 1877 2919 ex
1901 2878 1983 2919 se.

2081 1712 2406 1781 principium
2435 1712 2521 1766 vel
2568 1711 2753 1782 ﬁnem,
2811 1712 2960 1768 nullo
3013 1712 3193 1769 claudi
3245 1721 3426 1783 potest
3467 1714 3674 1769 veritas

2080 1803 2349 1875 principio
2374 1803 2459 1859 vel
2489 1803 2630 1858 ﬁne:
2653 1820 2826 1875 quare
2856 1804 2999 1860 idem
3053 1805 3302 1875 sequitur
3358 1807 3428 1863 de
3455 1821 3672 1862 summa

2083 1905 2298 1960 natura,
2325 1893 2452 1964 quia
2488 1892 2602 1964 ipsa
2639 1909 2848 1949 summa
2877 1895 3082 1950 veritas
3101 1904 3206 1951 est.

2641 2003 2872 2063 CAPUT
2894 2005 3017 2060 XIX
3041 2007 3131 2061 ³⁰⁸.

2229 2097 2503 2163 Quomoao
2529 2099 2658 2152 nihil
2686 2099 2784 2169 fuit
2811 2110 2951 2163 ante,
2977 2109 3068 2153 aut
3090 2098 3187 2153 erit
3213 2108 3324 2168 post
3349 2094 3520 2154 illam.

2085 2206 2429 2264 Consrecrus
2450 2223 2677 2263 CAPITIS.
2708 2239 2773 2249 —
2803 2207 3007 2278 Duplex
3029 2216 3112 2263 cst
3132 2223 3321 2264 sensus
3349 2207 3506 2273 hujus
3536 2224 3670 2278 pro-

2158 2279 2517 2333 nuntiationis
2551 2296 2565 2332 :
2598 2279 2738 2334 Nihil
2775 2279 2876 2333 fuit
2900 2289 3027 2333 ante
3054 2295 3322 2333 summam
3351 2281 3667 2334 essentiam.

2166 2351 2220 2404 1.
2269 2349 2410 2414 Est,
2465 2350 2778 2419 priusquam
2808 2364 3017 2404 summa
3041 2350 3274 2406 essentia
3327 2359 3490 2412 esset,
3547 2351 3670 2415 fuit,

2156 2434 2278 2474 cum
2315 2419 2626 2485 eratnihil;
2659 2420 2712 2472 2.
2744 2419 2864 2486 Est,
2914 2429 3040 2474 ante
3076 2435 3341 2474 summam
3370 2422 3662 2476 essentiam

2170 2504 2276 2543 non
2305 2488 2406 2542 fuit
2444 2490 2668 2560 aliquid.
2712 2489 2895 2544 Primo
2935 2504 3096 2545 sensu
3135 2489 3264 2543 falsa
3292 2499 3406 2557 est;
3437 2491 3674 2544 secundo

2139 2565 2320 2615 “sensu
2354 2568 2438 2630 est
2467 2575 2615 2614 vera.
2651 2560 2853 2628 Duplex
2882 2575 3075 2614 sensus
3101 2561 3302 2630 pariter
3327 2573 3409 2615 est
3440 2576 3560 2615 cum
3589 2562 3674 2613 di-

2161 2630 2351 2686 citur:
2388 2629 2519 2686 Post
2563 2645 2830 2694 summam
2877 2629 3172 2686 essentiam
3227 2631 3363 2686 nihil
3398 2640 3480 2687 est
3528 2631 3673 2685 tutu-

2157 2715 2300 2755 rum.

2161 2791 2267 2848 Sed
2298 2807 2426 2848 ecce
2458 2792 2652 2850 iterum
2681 2793 3082 2864 insurgitnihil,
3103 2802 3159 2848 et
3182 2808 3517 2865 quaecunque
3542 2794 3674 2850 hae-

2091 2890 2248 2938 teuus
2282 2883 2424 2938 ratio
2467 2883 2696 2938 veritate
2747 2883 2818 2915 ³⁰⁶
2861 2893 2918 2939 ει
2974 2884 3297 2941 necessitate
3334 2885 3675 2941 concorditer

404 2961 670 3030 Quoniam
699 2960 859 3030 ἱείιυι·
889 2974 988 3014 nec
1012 2971 1108 3027 Per
1133 2973 1214 3024 se,
1245 2973 1343 3014 nec
1364 2974 1427 3013 οἱ
1453 2973 1531 3024 δε,
1566 2972 1670 3014 “ec
1693 2972 1788 3027 Ρθΐ
1817 2958 1985 3024 alim],
2013 2943 2059 3006 Ο
2087 2977 2495 3042 attestantibus,
2537 2976 2813 3043 dis$eruit,
2858 2977 3054 3032 asserit
3076 2989 3221 3034 esset
3246 2977 3401 3032 nihil.
3435 2978 3492 3033 Si
3521 2978 3670 3034 enim

404 3069 505 3108 nec
528 3069 594 3108 ex
622 3052 751 3118 alio,
779 3065 880 3106 nec
905 3065 1002 3120 per
1026 3049 1179 3116 nihil,
1214 3064 1312 3104 nec
1351 3064 1418 3104 ex
1442 3047 1610 3103 nihilo
1640 3047 1803 3102 habet
1839 3048 1988 3118 prin-

404 3145 628 3216 cipium,
660 3143 806 3197 nullo
831 3141 992 3197 modo
1024 3140 1186 3196 habet
1219 3139 1560 3211 principium.
1597 3137 1704 3194 Sed
1729 3153 1904 3210 neque
1926 3137 1991 3192 ﬁ-

408 3253 531 3293 nem
561 3236 802 3291 habebit.
835 3234 890 3289 Si
940 3233 1083 3290 enim
1115 3235 1276 3289 linem
1312 3231 1564 3287 habitura
1604 3241 1718 3297 est,
1768 3247 1876 3287 non
1904 3239 1986 3286 est

405 3341 618 3384 sumine
664 3325 987 3381 immortalis
1031 3333 1088 3380 et
1130 3339 1344 3380 summe
1392 3323 1850 3393 incorruptibilis;
1894 3321 1990 3377 sed

405 3429 622 3478 constat
661 3421 788 3490 quia
822 3428 906 3474 est
947 3433 1160 3474 summe
1203 3416 1524 3472 immortalis
1566 3426 1620 3472 et
1666 3416 1989 3485 incorrupti-

406 3512 531 3569 bilis
561 3526 576 3565 :
605 3526 713 3567 non
758 3509 979 3564 habebit
1005 3509 1169 3578 igitur
1205 3507 1392 3563 ﬁnem.
1416 3507 1702 3576 Amplius:
1736 3506 1791 3561 Si
1826 3506 1986 3562 ﬁnem

407 3604 657 3660 habitura
700 3611 785 3658 est
807 3642 822 3670 ,
871 3608 966 3654 aut
998 3599 1186 3656 volens
1207 3640 1223 3666 ,
1254 3608 1350 3654 aut
1390 3599 1580 3655 nolens
1607 3597 1838 3654 deﬁciet.
1880 3599 1988 3656 Sed

411 3714 511 3768 pro
539 3705 690 3754 certo
725 3711 832 3752 non
863 3703 947 3751 est
977 3693 1203 3766 simplex
1244 3694 1442 3749 bonum
1470 3733 1484 3759 ,
1531 3693 1688 3764 cujus
1712 3692 1989 3749 voluntate

406 3789 550 3860 perit
587 3801 858 3843 summum
893 3785 1095 3840 bonum
1125 3801 1139 3839 :
1171 3793 1230 3839 at
1262 3783 1376 3853 ipsa
1419 3791 1504 3838 cst
1544 3797 1730 3838 verum
1761 3791 1818 3839 et
1853 3782 1984 3838 sim-

405 3879 531 3950 plex
571 3879 772 3934 bonum
799 3893 815 3944 ;
843 3891 1015 3946 quare
1052 3889 1150 3930 sua
1195 3884 1387 3946 sponte
1428 3889 1536 3930 non
1573 3874 1790 3930 deficiet
1827 3874 1944 3944 ipsa
1969 3914 1986 3940 ,

403 3984 567 4040 quam
595 3977 806 4024 certum
835 3975 918 4022 est
947 3980 1068 4022 esse
1096 3981 1366 4021 summum
1395 3965 1619 4020 bonum.
1647 3965 1704 4020 Si
1730 3979 1860 4019 vero
1893 3979 1989 4019 no-

403 4059 522 4116 lens
545 4060 616 4092 ¹⁰⁸
642 4059 887 4129 peritura
904 4066 1011 4122 est,
1034 4071 1141 4112 non
1165 4065 1250 4112 est
1278 4071 1488 4111 summe
1515 4065 1724 4125 potens,
1750 4070 1848 4111 nec
1870 4071 1988 4111 om-

403 4153 682 4220 nipotens;
707 4150 800 4204 sed
821 4148 1044 4202 rationis
1065 4147 1364 4202 necessitas
1383 4147 1617 4201 asseruit
1637 4161 1758 4202 eam
1779 4162 1989 4203 summe

403 4250 682 4312 potentem
705 4252 827 4294 esse
849 4246 904 4292 et
925 4236 1376 4306 omnipotentem.
1402 4236 1519 4293 Non
1542 4252 1671 4307 ergo
1695 4236 1881 4293 nolens
1902 4237 1988 4292 de-

407 4333 568 4388 liciet.
598 4331 780 4398 Quare
833 4329 879 4386 si
906 4342 1008 4386 nec
1033 4328 1241 4396 volens,
1271 4343 1449 4400 neque
1471 4329 1658 4386 nolens
1680 4329 1775 4403 [αι.
1809 4331 1981 4406 σηπίη

403 4437 613 4479 summa
655 4431 850 4476 natura
885 4420 1048 4476 ﬁnem
1091 4417 1356 4488 habebit,
1386 4419 1532 4477 nullo
1569 4421 1639 4452 ³⁸⁸
1673 4421 1832 4478 modo
1880 4422 1978 4492 ιι

405 4512 567 4567 ﬁnem
615 4511 857 4569 habebit.
912 4511 1160 4582 Amplius
1211 4529 1225 4567 :
1281 4510 1338 4567 Si
1393 4510 1482 4567 illa
1532 4527 1740 4567 summa
1792 4521 1983 4569 natura

406 4603 568 4660 ﬁnem
595 4604 757 4660 habet
785 4605 878 4671 ³⁰⁶,
904 4605 988 4660 vel
1016 4603 1362 4675 principium,
1412 4619 1519 4660 non
1549 4612 1634 4660 est
1661 4619 1788 4659 vera
1829 4615 1988 4660 aeter-

2087 3082 2173 3135 ea,
2201 3083 2322 3138 quae
2356 3083 2520 3138 supra
2574 3069 2784 3138 digesta
2839 3075 2983 3132 sunt,
3053 3069 3376 3125 necessaria:
3427 3071 3673 3126 veritatis

2091 3158 2390 3213 munimine
2419 3157 2632 3213 ﬁrmata
2683 3167 2831 3224 sunt,
2866 3175 2974 3214 non
3020 3159 3122 3214 fuit
3171 3161 3238 3192 ³⁰⁷
3287 3159 3488 3230 aliquid
3541 3169 3672 3216 ante

2088 3259 2354 3300 summam
2378 3245 2692 3312 essentiam,
2732 3259 2834 3301 nec
2869 3246 2973 3300 erit
3003 3245 3208 3316 aliquid
3247 3240 3370 3319 post
3401 3247 3472 3280 ³⁰⁷
3500 3263 3620 3303 eam
3657 3267 3670 3302 :

2087 3351 2259 3405 quare
2294 3335 2427 3390 nihil
2469 3335 2570 3391 fuit
2601 3347 2728 3393 ante
2762 3349 2906 3404 eam,
2957 3346 3012 3392 et
3042 3337 3177 3394 nihil
3212 3339 3318 3394 erit
3359 3348 3479 3408 [εει
3523 3355 3668 3396 eam.

2088 3427 2221 3482 Nam
2251 3436 2345 3482 aut
2370 3427 2572 3498 aliquid
2613 3429 2704 3492 ³⁰⁸,
2731 3437 2825 3483 aut
2849 3428 2984 3485 nihil
3027 3443 3249 3486 necesse
3309 3441 3394 3488 est
3438 3445 3678 3502 prteces-

2087 3521 2244 3585 sisse,
2269 3519 2353 3575 vel
2378 3520 2798 3578 subsecutnrum
2828 3538 2972 3580 esse.
2995 3523 3098 3592 Qui
3128 3535 3308 3581 autem
3360 3527 3490 3583 dicit
3545 3528 3672 3597 quia

2088 3611 2220 3666 nihil
2250 3609 2352 3666 fuit
2380 3620 2505 3668 ante
2533 3613 2729 3683 ipsam,
2782 3623 2839 3670 et
2872 3616 3008 3672 nihil
3049 3619 3156 3672 erit
3205 3626 3329 3688 post
3384 3619 3579 3687 ipsam.
3615 3619 3670 3674 id

2086 3705 2441 3774 pronuntiare
2468 3707 2702 3763 videtur.
2745 3707 2883 3776 Quia
2913 3708 3018 3764 fuit
3038 3720 3167 3766 ante
3201 3712 3398 3781 ipsam,
3456 3712 3674 3782 quando

2089 3794 2224 3850 nihil
2263 3805 2411 3863 erat;
2460 3799 2662 3864 eterit
2708 3809 2832 3871 post
2874 3801 3068 3871 ipsam,
3099 3802 3316 3872 quando
3359 3801 3495 3859 nihil
3543 3804 3671 3859 erit.

2087 3887 2316 3954 Quando
2343 3903 2474 3958 ergo
2507 3888 2642 3946 nihil
2687 3899 2827 3960 erat,
2859 3892 2946 3948 illa
2985 3909 3091 3950 non
3137 3903 3289 3961 erat;
3341 3901 3396 3952 et
3453 3895 3675 3965 quando

2087 3977 2219 4032 nihil
2249 3980 2374 4045 erit,
2408 3979 2497 4034 illa
2526 3997 2633 4036 non
2665 3983 2791 4036 erit.
2815 3981 3097 4050 Quomodo
3123 4001 3253 4057 ergo
3285 4003 3390 4042 non
3445 3987 3675 4057 incmpit

2087 4083 2153 4125 ex
2183 4070 2367 4136 nihilo,
2395 4080 2488 4126 aut
2509 4076 2777 4144 quomodo
2803 4093 2908 4132 non
2935 4080 3182 4135 deveniet
3201 4081 3272 4112 ³⁰⁹
3295 4082 3360 4135 ad
3389 4081 3619 4144 nihilum
3654 4099 3668 4135 :

2088 4159 2134 4215 si
2159 4159 2248 4214 illa
2311 4163 2548 4218 nondum
2598 4175 2738 4233 erat,
2782 4183 2906 4224 cum
2949 4168 3062 4237 jam
3098 4179 3218 4226 erat
3261 4171 3392 4226 nihil
3429 4171 3535 4237 m;
3573 4171 3666 4244 [aL

2089 4249 2261 4324 omit.]
2286 4261 2340 4307 et
2361 4255 2552 4309 eadem
2571 4255 2684 4326 jam
2734 4271 2839 4313 non
2863 4261 2988 4326 erit,
3021 4276 3146 4316 cum
3171 4262 3347 4319 adhuc
3374 4264 3476 4318 erit
3502 4263 3673 4318 nihil?

2091 4340 2230 4409 Quid
2259 4347 2473 4416 ergom
2499 4347 2685 4403 molita
2703 4359 2786 4405 est
2818 4360 2967 4406 tanta
3002 4353 3171 4409 moles
3198 4363 3671 4426 argumentorum,

2091 4432 2137 4487 si
2185 4442 2293 4489 tam
2331 4435 2489 4491 facile
2524 4438 2812 4494 demolitur
2849 4441 3078 4496 nihilum
3129 4442 3406 4499 molimina
3451 4443 3674 4499 eorum?

2095 4521 2152 4578 Si
2179 4539 2412 4596 namque
2450 4527 2517 4558 ³¹¹
2542 4530 2888 4585 constituitur
2935 4542 2996 4586 ut
3038 4549 3307 4588 summum
3355 4550 3476 4590 esse
3501 4535 3674 4590 nihilo

2093 4623 2147 4669 et
2168 4617 2491 4686 praecedenti
2523 4621 2799 4698 succedat,
2830 4629 2885 4676 et
2913 4625 3261 4694 subsequenti
3313 4624 3539 4680 decedat
3568 4627 3667 4657 ἠ’

1698 4738 1928 4795 VARUE
1964 4740 2369 4802 LECTIONES.

481 4851 552 4882 ’⁸⁸
593 4848 724 4905 Sine
755 4849 894 4904 ﬁne?
940 4849 998 4905 Si
1027 4867 1154 4906 mss.
1201 4852 1316 4906 sine
1351 4851 1459 4909 ﬁne
1529 4855 1665 4909 est?
1739 4852 1794 4909 Si

410 5063 469 5118 S.
535 5061 696 5116 Hich.
749 5061 909 5116 ﬁnem
938 5062 1141 5126 ,habet,
1191 5062 1278 5118 vel

1795 4925 1808 4937 O
1907 4854 1978 4887 ²⁹⁶
2021 4857 2109 4937 Vel
2146 4875 2246 4928 pro
2272 4859 2464 4937 nihilo.
2529 4860 2802 4937 Sedeat”.
2840 4864 2924 4937 vel
2946 4880 3042 4935 per
3075 4865 3228 4937 nihil,
3259 4864 3363 4921 Sed

407 4939 474 4978 es
507 4937 566 4976 se
599 4935 697 4992 per
720 4936 778 4975 se
816 4937 942 4975 mss.
981 4929 1066 4976 est
1091 4937 1245 4993 exse
1284 4932 1340 4977 et
1370 4939 1466 4993 per
1489 4939 1552 4980 se
1647 4925 1716 4957 ³⁸⁸
1752 4925 1809 4980 Si
1855 4941 1982 4983 vero
2019 4925 2207 4984 nolens
2259 4947 2359 4986 ms.
2406 4930 2468 4985 S.

412 5007 622 5062 summa
663 5002 853 5062 natura
896 4993 1058 5046 linem
1088 4992 1331 5059 habebit,
1357 4992 1507 5048 nullo
1533 5011 1657 5050 mss.
1688 4995 1821 5050 Cist.
1853 4999 2074 5062 uolens;
2136 4999 2283 5055 nullo

2529 4867 2634 4914 Sed
2664 4879 2788 4917 mss.
2840 4867 2922 4919 vel
2946 4880 3042 4935 per
3075 4867 3228 4920 nihil.
3259 4867 3363 4921 Sed
3471 4868 3538 4899 ²⁹⁷
3577 4867 3676 4924 Est

2527 4930 2690 5005 ριὶειι.
2729 4932 2810 5005 Si
2858 4935 3022 5005 igitur
3068 4935 3256 4993 nolens
3364 4937 3432 4969 ⁸³⁸
3471 4935 3674 4995 Nolens

2390 5001 2460 5033 ³⁰⁰
2506 5000 2694 5078 Finem
2727 5000 2966 5070 habebit,
3008 5006 3106 5078 _vel
3155 5023 3282 5061 mss.
3323 5005 3483 5078 Vict.
3537 5009 3672 5078 Sag.

1383 5063 1451 5094 ³⁰¹
1487 5062 1640 5145 Quod
1676 5077 1759 5145 est
1783 5084 1948 5140 supra
1996 5068 2278 5145 inventum
2355 5088 2481 5145 mss.
2508 5073 2652 5145 quod
2675 5087 2794 5128 esse
2823 5062 2983 5145 supra
3007 5076 3282 5132 inventum
3313 5087 3396 5131 est
3468 5077 3539 5108 ³⁰¹
3567 5062 3674 5133 va;

412 5149 528 5215 iuni
563 5140 681 5187 erat
713 5141 838 5218 tunc
875 5132 998 5213 quia
1022 5131 1264 5218 113:6st
1298 5148 1485 5218 verum
1513 5143 1633 5189 erat
1666 5138 1791 5205 quia
1821 5131 1947 5196 tunc
1965 5213 1980 5218 _
2000 5141 2091 5218 f”
2112 5139 2311 5218 Y‘eru‘m
2339 5143 2444 5218 erit
2474 5159 2487 5195 :
2519 5131 2645 5218 quia
2667 5160 2790 5198 mss.
2816 5131 3003 5218 verum
3026 5131 3132 5218 erit
3153 5155 3282 5218 tunc
3304 5147 3430 5218 quia
3504 5147 3576 5218 Ψ
3598 5131 3676 5204 At

413 5203 540 5285 quia
601 5219 731 5285 mss.
788 5203 964 5285 atqui
1041 5203 1264 5285 ’ξριτιξ

412 5272 572 5326 Corb.
606 5273 747 5328 ratio
777 5272 1003 5327 veritate
1077 5272 1147 5305 “7
1187 5272 1342 5327 Aliud
1389 5283 1516 5329 ante
1556 5313 1572 5330 .

1041 5200 1287 5288 '°_'"Cgp.
1314 5203 1380 5288 ιε
1406 5205 1476 5288 ἱηΔ
1500 5221 1627 5260 mss.
1662 5200 1736 5261 est
1761 5223 1920 5288 caput
1958 5213 2046 5268 l9.
2123 5211 2194 5242 ³⁰⁶
2233 5211 2465 5288 Eatipin
2495 5200 2722 5269 veritate
2742 5231 2866 5288 mss.
2905 5200 3454 5288 νξριξϐεηιίέαῇηδ.
3497 5200 3669 5273 Mich.

1615 5314 1630 5329 .
1673 5316 1688 5331 .
1725 5278 1868 5333 aliud
1896 5293 2016 5350 post
2045 5297 2170 5335 mss.
2210 5283 2414 5351 aliquid
2462 5292 2588 5338 ante
2629 5323 2644 5337 .
2685 5323 2700 5339 .

2743 5324 2757 5338 .
2801 5285 3000 5355 aliquid
3045 5296 3165 5356 post
3238 5285 3326 5318 ³⁰⁸’
3349 5286 3484 5342 Nam
3519 5287 3672 5344 aliud

413 5357 542 5428 ipse.
576 5358 698 5428 nam
724 5354 816 5428 aut
837 5343 1036 5428 aliquid
1113 5343 1183 5375 ³⁰⁹
1223 5342 1339 5428 gon
1387 5345 1753 5428 devenietuad
1799 5342 1927 5428 mss'.
1969 5353 2104 5428 Th_u.
2157 5367 2265 5406 non
2305 5342 2563 5428 "deveniet
2597 5355 2662 5409 ad
2695 5355 2809 5428 η⁸¹⁰
2837 5342 2968 5410 Erat
3008 5342 3142 5412 nihil
3174 5375 3187 5409 :
3218 5357 3356 5424 Quid
3380 5374 3507 5428 ergo
3528 5342 3668 5428 imas:

415 5410 772 5499 ﬁerihunc}.
805 5410 1033 5499 ςίεεεῂιὶε
1066 5431 1190 5499 mss.
1227 5413 1361 5497 Τζιιι.
1393 5425 1510 5469 erat
1539 5418 1692 5499 nihil,
1724 5429 1780 5473 et
1805 5422 2144 5499 eadem__jam
2185 5426 2443 5499 nouerit,
2465 5441 2611 5499 _cum
2641 5410 3123 5499 adhuc‘eritniliil.
3155 5410 3293 5494 Quid
3326 5410 3667 5499 igittfr'Edii.

418 5484 906 5568 tioiioo‘erat‘pih‘il
940 5485 1374 5568 :Iet‘eademjam
1399 5501 1509 5568 pou
1534 5489 1640 5543 erit
1666 5484 1684 5543 :7
1713 5500 1890 5549 tamen
1933 5484 2113 5550 adhuc
2139 5495 2242 5548 erit
2269 5484 2590 5561 nihil.'Quid
2618 5509 2748 5568 ergo
2821 5496 2888 5528 ³¹¹
2920 5496 2976 5552 Si
3007 5484 3241 5566 namque
3269 5484 3393 5552 ms}.
3423 5496 3557 5551 Tim.
3584 5500 3671 5555 sie

422 5562 657 5617 namque
728 5551 796 5584 ⁸¹²
833 5551 1055 5610 Dicebat
1094 5572 1217 5611 mss.
1247 5551 1471 5611 decedat
