3882 6050
175 200 273 260 169

1561 191 1963 252 MONOLOGlU
1977 197 2039 250 ιι.

3334 205 3435 261 iiii

175 311 434 384 quidquid
469 325 634 382 supra
681 311 874 366 statuit
921 324 1129 373 verum,
1187 321 1408 364 necesse
1450 307 1766 364 destituitur
1793 309 1842 366 Α
1940 312 2203 369 ureatrice
2251 317 2650 392 essentia,_sitte
2701 334 2806 387 qua
2862 334 3132 392 nusquam
3174 322 3262 376 vel
3303 337 3445 392 putt-

175 404 243 438 ⁸⁸⁸
271 420 368 475 per
399 404 564 459 inane
591 402 842 458 nihilum.
876 402 961 456 An
990 400 1170 472 potius
1226 401 1632 472 repugnandum
1684 410 1770 456 est

176 497 364 560 nihilo,
390 510 458 552 ne
485 503 560 550 tot
581 504 874 551 structura:
898 493 1223 549 necessaria:
1271 493 1500 548 rationis
1523 508 1552 547 a
1598 493 1768 548 nihilo

175 595 588 658 expugnentur;
627 593 683 640 et
725 599 997 640 summum
1057 583 1281 648 bonum,
1338 582 1483 652 quod
1550 583 1770 640 lucerna

177 679 423 734 veritatis
450 679 738 749 quaesitum
768 685 824 732 et
853 676 1132 733 inventum
1184 685 1291 742 est,
1345 677 1630 731 amittatur
1671 689 1771 744 pro

177 769 367 824 nihilo.
400 768 589 824 Potius
611 769 776 839 igitur
800 773 1102 833 asset-alar,
1139 765 1183 820 si
1213 764 1330 820 ﬁeri
1389 773 1586 836 potest,
1635 764 1764 834 quia

175 861 311 916 nihil
347 875 459 916 non
523 860 623 914 fuit
682 867 810 914 ante
860 872 1128 914 summam
1174 856 1490 924 essentiam,
1530 871 1631 912 nec
1667 855 1773 910 erit

176 961 304 1022 post
339 950 526 1017 illam;
558 966 745 1021 quam,
775 965 900 1006 cum
929 949 1084 1005 locus
1137 947 1300 1003 datur
1349 955 1478 1003 ante
1531 947 1616 1004 vel
1649 956 1773 1017 post

177 1043 328 1098 illam
354 1043 548 1109 nihilo,
575 1058 674 1113 per
702 1041 931 1098 nihilum
966 1041 1258 1097 reducatur
1284 1041 1353 1097 ad
1381 1030 1610 1096 nihilum
1640 1040 1771 1095 illud

177 1151 324 1202 esse,
348 1136 494 1204 quod
523 1149 620 1204 per
656 1133 896 1206 seipsum
925 1131 1186 1188 conduxit
1215 1131 1267 1187 id
1301 1133 1442 1202 quod
1471 1141 1591 1187 erat
1613 1131 1768 1196 nihil,

176 1243 304 1283 esse
321 1227 412 1280 ³⁸⁸.
441 1226 721 1296 Duplicem
778 1238 1013 1294 namque
1068 1239 1176 1278 una
1221 1223 1594 1294 pronuntiatio
1629 1224 1773 1295 gerit

179 1317 537 1381 sententiam,
573 1331 700 1372 eum
729 1315 932 1372 dicitur
961 1315 1088 1384 quia
1121 1313 1259 1368 nihil
1303 1313 1406 1368 fuit
1455 1323 1584 1370 ante
1620 1330 1771 1369 sum-

181 1426 328 1464 mam
357 1410 673 1470 essentiam.
729 1408 881 1465 Unus
929 1408 1074 1463 enim
1113 1415 1196 1461 est
1223 1406 1345 1476 ejus
1381 1421 1592 1472 sensus,
1621 1407 1770 1477 quia,

179 1503 507 1572 priusquam
531 1517 743 1558 summa
769 1501 1006 1557 essentia
1052 1509 1199 1558 esset
1232 1541 1248 1566 ,
1304 1499 1438 1567 fuit,
1477 1515 1600 1556 cum
1655 1509 1774 1555 erat

177 1596 342 1651 nihil.
368 1595 523 1652 Alter
544 1610 673 1650 vero
692 1593 809 1664 ejus
835 1604 921 1650 est
955 1593 1284 1659 intellectus,
1311 1594 1439 1664 quia
1469 1603 1597 1648 ante
1625 1609 1772 1648 sum-

179 1701 330 1740 mam
358 1687 652 1741 essentiam
681 1701 788 1740 non
820 1684 921 1741 fuit
951 1685 1160 1754 aliquid
1190 1685 1284 1751 ³¹⁵,
1308 1685 1474 1740 veluti
1497 1685 1542 1738 si
1572 1685 1769 1750 dicam,

178 1776 322 1832 nihil
350 1777 533 1832 docuit
560 1791 646 1833 me
671 1777 852 1833 volare
892 1792 909 1833 :
956 1787 1050 1833 aut
1097 1779 1200 1833 hoc
1247 1777 1326 1833 sic
1381 1777 1452 1810 δια
1484 1792 1771 1846 exponam,

179 1870 314 1938 quia
348 1869 524 1939 ipsum
581 1870 740 1935 nihil,
777 1871 922 1940 quod
979 1869 1250 1940 signiﬁcat
1288 1885 1392 1924 non
1441 1870 1508 1902 ³⁸⁷
1549 1869 1773 1940 aliquid,

179 1959 370 2014 docuit
403 1975 490 2015 me
517 1961 732 2026 volare;
765 1971 819 2016 et
844 1961 952 2016 erit
978 1960 1172 2016 falsum
1201 1978 1215 2014 :
1250 1970 1345 2015 aut
1371 1961 1496 2031 quia
1529 1975 1636 2015 non
1688 1975 1777 2014 me

175 2052 588 2123 dowitaliquid
631 2053 813 2110 volare
836 2055 929 2123 ³⁸⁸,
960 2056 1104 2126 quod
1135 2063 1217 2110 est
1250 2069 1456 2109 verum.
1480 2053 1639 2107 Prior
1669 2053 1774 2107 ita-

175 2157 289 2213 que
329 2159 520 2199 sensus
552 2155 654 2210 est,
684 2159 846 2216 quem
908 2146 1154 2217 sequitur
1205 2159 1370 2215 supra
1404 2151 1631 2198 tractata
1689 2144 1776 2198 in-

175 2237 586 2299 convenientia,
620 2246 674 2292 et
702 2238 1012 2293 omnimoda
1047 2238 1259 2292 ratione
1279 2251 1376 2306 pro
1405 2235 1540 2291 falso
1597 2235 1777 2307 repel-

178 2325 342 2380 litur.
370 2326 526 2381 Alter
555 2342 682 2381 vero
705 2335 807 2392 est,
839 2328 931 2397 qui
961 2327 1333 2398 superioribus
1388 2325 1626 2394 perfecta
1686 2339 1780 2380 co-

178 2417 362 2471 haeret
385 2417 455 2449 ³⁸⁸
487 2419 868 2474 convenientia
919 2427 974 2473 et
1022 2427 1134 2473 tota
1185 2419 1400 2474 illorum
1453 2417 1778 2472 contexione

175 2524 351 2562 verus
374 2523 496 2566 csse
522 2509 886 2580 compellitur.
915 2509 1094 2578 Quare
1151 2524 1272 2564 cum
1313 2511 1514 2566 dicitur
1541 2511 1666 2583 quia
1695 2510 1776 2565 iti-

178 2601 256 2654 hil
298 2600 375 2631 ³²⁰
405 2599 505 2655 l‘uit
541 2611 669 2656 ante
715 2601 888 2666 illam,
928 2601 1222 2656 secundum
1248 2600 1776 2671 posterioremintel-

177 2691 387 2746 lectum
416 2692 788 2763 accipiendum
818 2700 932 2758 est;
968 2706 1070 2746 nec
1099 2691 1180 2746 sic
1232 2699 1318 2745 est
1373 2691 1774 2762 exponendum,

179 2792 238 2837 ut
289 2783 630 2854 intelligatur
671 2783 962 2853 aliquando
1016 2780 1206 2847 fuisse,
1257 2781 1475 2851 quando
1525 2780 1612 2835 illa
1667 2795 1777 2836 non

178 2882 328 2942 erat,
367 2883 422 2929 et
455 2874 591 2929 nihil
624 2881 776 2939 erat;
823 2873 916 2928 sed
947 2873 1022 2927 ita
1052 2881 1113 2926 ut
1142 2869 1473 2941 intelligatur
1499 2870 1624 2942 quia
1653 2880 1778 2926 ante

180 2964 336 3019 illam
384 2979 491 3020 non
543 2964 644 3019 fuit
699 2963 923 3033 aliquid.
979 2963 1177 3018 Eadem
1220 2962 1360 3017 ratio
1411 2973 1496 3017 est
1547 2961 1777 3034 duplicns

179 3053 497 3110 intellectus
526 3054 571 3110 si
597 3054 730 3108 nihil
757 3054 972 3110 dicatur
1008 3062 1133 3124 post
1177 3052 1324 3107 illan.
1356 3065 1477 3108 esse
1508 3051 1772 3107 futurum.

184 3144 241 3199 Si
267 3159 404 3215 ergo
435 3145 552 3200 haec
579 3145 976 3215 interpretatio,
1004 3158 1124 3214 quae
1154 3143 1295 3198 facta
1342 3149 1428 3197 est
1465 3141 1532 3197 de
1582 3141 1776 3206 nihilo,

182 3237 481 3305 diligenter
510 3236 870 3301 discernitur,
925 3235 1213 3291 verissime
1264 3248 1369 3288 nec
1422 3232 1624 3303 aliquid
1679 3247 1780 3288 nec

185 3325 324 3379 nihil
350 3339 621 3379 summam
645 3325 939 3380 essentiam
970 3333 1063 3378 aut
1093 3323 1436 3394 pra-cessisse
1467 3331 1562 3376 aut
1589 3323 1779 3378 subse-

183 3423 442 3471 c‘utarum
463 3429 607 3481 esse,
635 3424 692 3471 et
718 3415 854 3470 nihil
881 3413 1049 3471 fuisse
1073 3421 1200 3470 ante
1225 3413 1309 3468 vel
1339 3421 1459 3483 post
1488 3412 1636 3467 illam
1659 3427 1779 3468 esse

182 3518 508 3564 secuturum
533 3508 601 3540 ³²¹
627 3508 993 3573 concluditur,
1025 3515 1082 3562 et
1111 3517 1292 3569 tamen
1333 3506 1476 3562 nulla
1507 3505 1619 3576 jam
1651 3521 1782 3561 con-

185 3601 513 3656 stitutorum
540 3600 788 3657 soliditas
809 3585 970 3654 nihili
995 3599 1257 3654 inanitate
1287 3598 1617 3654 concutitur.

597 3690 826 3747 CAPUT
857 3691 955 3746 xx
981 3689 1081 3763 [αΙ.
1135 3689 1280 3762 XIX]
1311 3690 1400 3742 m.

428 3781 588 3848 Quod
613 3781 709 3836 illa
737 3783 804 3836 sit
833 3782 889 3836 in
918 3781 1061 3834 omni
1088 3781 1202 3835 loco
1226 3789 1274 3835 et
1302 3790 1550 3850 tempore.

181 3875 546 3932 Cossaeorus
572 3891 804 3932 CAPITIS.
833 3906 904 3917 -—
929 3875 1182 3931 Creatrix
1235 3875 1472 3930 essentia
1500 3874 1700 3943 ubique
1729 3883 1784 3929 et

258 3963 480 4017 semper
502 3956 605 4008 est.
638 3949 689 4000 ι.
719 3947 847 4016 quia
871 3960 1150 4016 nunquam
1189 3945 1414 4017 inempit
1436 3954 1530 3999 aut
1567 3943 1778 4000 desinet

259 4016 412 4083 esse;
438 4018 495 4070 Ξ.
520 4017 647 4086 quia
683 4032 894 4071 summa
934 4025 1126 4070 natura
1157 4024 1250 4070 aut
1274 4016 1474 4086 ubique
1526 4023 1581 4070 et
1633 4029 1779 4070 sem-

261 4104 359 4158 per
388 4097 497 4150 est,
526 4085 619 4140 aut
649 4097 858 4141 tantum
886 4086 1081 4142 alicubi
1106 4098 1160 4141 et
1183 4085 1497 4158 aliquando,
1525 4094 1617 4139 aut
1636 4099 1776 4158 nus-

264 4156 437 4226 quam
496 4166 549 4211 et
582 4171 876 4226 nunquam.
904 4160 972 4211 At
995 4164 1278 4226 repugnat,
1332 4156 1356 4209 1
1415 4156 1648 4225 utquod
1696 4171 1784 4209 ve-

264 4229 486 4282 rissime
534 4237 590 4281 et
619 4241 831 4281 summe
857 4237 962 4290 est,
993 4226 1046 4280 id
1099 4241 1368 4296 nusquam
1400 4234 1455 4280 et
1502 4241 1779 4295 nunquam

265 4299 366 4364 sit;
396 4297 455 4351 2.
493 4306 552 4352 ut
575 4296 740 4352 ullum
772 4298 970 4353 bonum
994 4296 1078 4352 vel
1113 4297 1315 4368 aliquid
1365 4297 1438 4352 sit
1493 4297 1613 4352 sine
1664 4297 1779 4366 ipsa

1945 396 2113 465 quam
2122 385 2474 465 estaliquid.
2507 385 2748 465 Denique
2773 390 2908 465 quia
2938 385 3065 465 néc_
3092 389 3446 448 determinate

1944 461 2029 534 est
2066 453 2263 534 alicubi
2289 453 2694 534 et‘aliquando';
2734 453 2825 534 ubi
2872 459 3018 534 enim
3052 460 3165 529 ipsa
3204 470 3441 534 nonest,

1944 522 2186 598 ibinulla
2214 535 2298 581 est
2318 522 2557 582 essentia
2591 546 2605 582 :
2657 543 2758 584 nec
2780 522 3141 584 determinate
3169 545 3266 598 per
3305 545 3364 586 se
3389 522 3444 586 itt

1945 607 2054 648 uno
2083 595 2200 671 loco
2229 606 2283 652 et
2306 605 2584 666 tempore;
2623 599 2676 671 in
2717 599 2930 671 caneris
2964 615 3095 671 vero
3142 595 3240 671 per
3291 616 3446 655 suam

1943 665 2271 787 Eotentiam;
2299 665 2429 721 nam
2462 670 2700 737 potentia
2723 669 2841 740 ejus
2863 677 2948 724 est
2972 665 3160 740 ipsius'
3186 673 3444 726 essentia.

1994 749 2087 787 ι·αο
2115 736 2317 787 ubiaue
2341 747 2396 787 et
2415 753 2631 787 semper
2651 748 2752 787 est-

1994 749 2087 804 rgo
2115 736 2317 806 ubique
2341 747 2396 791 et
2415 736 2631 808 semper
2651 748 2752 794 est.

1943 887 2262 958 Quanquam
2292 899 2473 945 autem
2501 905 2663 962 supra
2693 891 3008 947 conclusum
3033 893 3121 957 sit,
3151 895 3277 964 quia
3295 910 3454 951 crea-

1872 977 1981 1032 trix
2013 979 2128 1033 haec
2157 987 2356 1034 natura
2380 979 2599 1051 ubique,
2627 989 2681 1036 et
2711 984 2764 1035 in
2795 980 3066 1049 omnibus,
3104 991 3158 1039 et
3194 999 3292 1054 per
3342 1001 3454 1041 ont-

1872 1071 1962 1126 nia
1988 1071 2061 1126 sit
2094 1091 2107 1126 :
2138 1081 2193 1128 et
2221 1087 2286 1128 ex
2320 1088 2407 1141 eo,
2439 1074 2565 1143 quia
2625 1090 2724 1130 nec
2777 1074 3022 1145 inempit,
3091 1091 3191 1132 nec
3241 1077 3456 1134 desinet

1870 1177 1994 1219 esse
2021 1163 2092 1196 ³³³
2128 1174 2499 1235 consequatur
2527 1167 2654 1235 quia
2686 1181 2906 1237 semper
2928 1167 3050 1236 fuit,
3090 1176 3144 1224 et
3173 1179 3256 1225 est
3279 1170 3370 1237 m,
3399 1181 3456 1225 et

1873 1256 1999 1320 erit,
2031 1257 2207 1312 sentio
2235 1264 2412 1313 tamen
2448 1258 2705 1328 quiddam
2730 1260 2801 1292 ⁸³⁸
2831 1261 3282 1318 contradictiouis
3332 1264 3455 1318 sult-

1874 1363 2217 1404 murmurare
2254 1349 2352 1416 m;
2388 1351 2532 1421 quod
2581 1367 2668 1408 me
2707 1354 2851 1424 cogit
2893 1354 3227 1422 diligentius,
3264 1357 3355 1411 ubi
3400 1369 3458 1411 et

1873 1445 2093 1509 quando
2135 1444 2224 1500 illa
2273 1447 2366 1512 sit,
2408 1447 2685 1519 indagare.
2738 1447 2925 1518 Itaque
2953 1465 3162 1504 summa
3193 1452 3455 1514 essentia,

1875 1539 1968 1587 aut
2000 1533 2200 1604 ubique
2227 1543 2281 1590 et
2305 1550 2520 1606 semper
2542 1546 2646 1602 est,
2685 1545 2778 1591 aut
2807 1546 3014 1592 tantum
3046 1538 3242 1593 alicubi
3279 1548 3334 1596 et
3361 1540 3460 1594 ali-

1800 1663 1848 1722 B
1877 1626 2117 1694 quando,
2148 1635 2241 1680 aut
2264 1642 2535 1696 nusquam
2561 1637 2617 1682 et
2647 1643 2922 1698 nunquam
2960 1647 2973 1683 :
3010 1629 3154 1698 quod
3189 1630 3331 1693 dico,
3365 1640 3460 1685 aut

1878 1718 1932 1772 in
1957 1719 2102 1773 omni
2130 1718 2250 1774 loco
2279 1729 2334 1774 et
2357 1728 2600 1790 tempore
2626 1721 2730 1786 ³¹⁷;
2765 1730 2860 1776 aut
2887 1721 3248 1778 determinate
3295 1722 3366 1754 ³¹⁸
3402 1722 3460 1777 in

1876 1810 2079 1879 aliquo,
2111 1811 2194 1866 vel
2229 1811 2284 1865 in
2319 1811 2480 1866 nullo.
2510 1811 2618 1866 Sed
2644 1813 2774 1883 quid
2800 1813 3016 1868 videtur
3043 1814 3460 1886 rcpugnantius,

1877 1918 2038 1973 quam
2063 1913 2123 1960 ut
2145 1904 2287 1975 quod
2323 1906 2607 1961 verissime
2637 1916 2692 1962 et
2721 1923 2930 1962 suntme
2969 1917 3072 1973 est,
3098 1906 3154 1962 id
3188 1923 3460 1978 nusquam

1877 2005 1933 2053 et
1957 2013 2232 2066 nunquam
2264 1998 2336 2053 sit
2359 1999 2449 2051 3'9.
2474 1998 2696 2053 Falsum
2743 2009 2828 2054 est
2865 1999 3029 2069 igitur
3075 2013 3342 2070 nusquam
3373 2001 3463 2054 vel

1876 2102 2153 2156 nunquam
2196 2087 2342 2142 illam
2379 2103 2499 2143 esse
2543 2089 2635 2141 ³³⁰.
2669 2089 2895 2151 Deinde,
2949 2091 3204 2158 quoniam
3253 2089 3462 2146 nullum

1878 2178 1944 2224 ³³¹
1977 2179 2205 2243 bonum,
2229 2195 2328 2235 nec
2349 2181 2568 2250 penitus
2613 2179 2819 2250 aliquid
2842 2189 2927 2236 est
2956 2182 3073 2236 sine
3107 2196 3170 2236 ea
3203 2199 3218 2236 :
3262 2183 3305 2238 si
3342 2183 3462 2254 ipsa

1878 2283 2146 2339 nusquam
2168 2269 2252 2325 vel
2275 2286 2555 2342 nunquam
2603 2280 2708 2335 est,
2747 2287 3016 2342 nusquam
3065 2272 3150 2328 vel
3183 2289 3462 2343 nunquam

1879 2362 2096 2432 aliquod
2121 2364 2325 2418 bonum
2351 2371 2454 2429 est,
2476 2372 2533 2418 et
2553 2379 2816 2433 nusquam
2838 2364 2922 2419 vel
2946 2381 3220 2436 nunquam
3241 2367 3464 2422 omnino

1879 2452 2079 2522 aliquid
2118 2461 2222 2508 est.
2257 2451 2410 2518 Quod
2441 2467 2602 2522 quam
2647 2452 2839 2508 falsum
2885 2453 2955 2486 ³³³
3006 2457 3095 2522 sit,
3132 2471 3232 2511 nec
3285 2457 3466 2512 dicere

1877 2559 2013 2614 opus
2033 2551 2118 2600 est
2145 2563 2156 2597 :
2179 2544 2372 2599 falsum
2400 2545 2565 2616 igitur
2581 2555 2732 2601 estet
2754 2545 2904 2613 illud,
2919 2549 3060 2616 quod
3087 2547 3175 2602 illa
3197 2564 3466 2618 nusquam

1879 2650 1975 2696 aut
2001 2656 2280 2710 nunquam
2313 2641 2387 2673 ³³³
2417 2641 2510 2696 sit.
2550 2641 2761 2696 Autest
2793 2657 2923 2712 ergo
2957 2642 3317 2698 determinate
3365 2643 3468 2698 ali-

1877 2733 2005 2790 cubi
2028 2741 2083 2787 et
2107 2733 2432 2802 aliquando;
2464 2740 2559 2786 aut
2586 2732 2784 2802 ubique
2813 2741 2868 2787 et
2910 2746 3143 2802 semper.
3177 2734 3250 2788 At
3287 2733 3330 2789 si
3375 2733 3470 2788 de-

1879 2824 2175 2880 terminate
2199 2823 2268 2856 ³³⁸
2290 2823 2461 2879 estin
2496 2821 2678 2892 aliquo
2716 2821 2834 2877 loco
2878 2822 2964 2877 vel
2982 2831 3270 2893 .tetupore;
3319 2823 3391 2890 ibi
3414 2835 3470 2878 et

1882 2923 2010 2970 tunc
2035 2923 2270 2979 tantum,
2297 2912 2388 2969 ubi
2411 2921 2469 2968 et
2495 2911 2713 2983 quando
2757 2911 2869 2982 ipsa
2893 2921 2996 2979 est,
3028 2921 3210 2982 potest
3265 2913 3468 2983 aliquid

1803 3013 1846 3072 C
1879 3021 2021 3062 esse.
2053 3005 2159 3062 Ubi
2207 3019 2338 3060 vero
2366 3013 2422 3060 et
2449 3004 2669 3074 quando
2691 3004 2803 3072 ipsa
2833 3018 2938 3058 non
2971 3012 3075 3067 est,
3126 3004 3197 3059 ibi
3249 3015 3304 3060 et
3341 3015 3470 3060 tunc

1885 3097 2102 3168 penitus
2133 3096 2275 3152 nulla
2310 3105 2395 3151 est
2413 3096 2679 3161 essentia,
2738 3095 2864 3165 quia
2900 3095 3018 3151 sine
3045 3108 3109 3149 ea
3157 3095 3286 3150 nihil
3337 3104 3422 3151 est
3453 3113 3468 3150 :

1885 3189 2030 3245 unde
2051 3195 2414 3258 consequetur
2436 3187 2508 3219 ³³⁸
2543 3195 2602 3241 ιιι
2630 3188 2701 3242 sit
2738 3186 2938 3256 aliquis
2984 3187 3135 3241 locus
3170 3195 3225 3242 et
3250 3186 3470 3257 aliquod

1891 3290 2129 3351 tempus,
2174 3280 2265 3336 ubi
2312 3288 2366 3335 et
2422 3280 2640 3349 quando
2699 3280 2920 3334 omnino
2983 3279 3120 3334 nihil
3173 3289 3274 3334 est.
3316 3278 3472 3346 Quod

1887 3373 2142 3444 quoniam
2167 3381 2251 3429 est
2277 3372 2504 3438 falsum;
2548 3373 2662 3443 ipse
2691 3386 2928 3442 namque
2977 3371 3130 3427 locus
3158 3379 3214 3427 et
3261 3379 3473 3444 tempus

1890 3465 2068 3536 ipsum
2098 3464 2301 3535 aliquid
2322 3473 2434 3531 est;
2468 3479 2574 3519 non
2621 3473 2799 3534 potest
2850 3479 2974 3519 esse
3015 3474 3228 3519 summa
3277 3475 3471 3521 natura

1888 3557 2110 3622 alicubi,
2139 3556 2224 3612 vel
2259 3556 2550 3627 aliquando
2577 3555 2934 3612 determinate
2955 3556 3043 3608 ⁸³⁸.
3079 3555 3234 3622 Quod
3263 3556 3310 3612 si
3345 3557 3471 3612 dici-

1888 3659 1980 3706 tur
2008 3649 2152 3720 quod
2186 3649 2547 3704 determinate
2570 3648 2684 3718 ipsa
2715 3648 2784 3681 ³³⁷
2816 3663 2913 3718 per
2940 3662 3001 3703 se
3027 3647 3227 3704 alicubi
3271 3641 3327 3703 εἰ
3375 3650 3473 3706 ali-

1887 3741 2104 3812 quando
2127 3749 2239 3806 est;
2268 3739 2365 3794 sed
2388 3755 2486 3808 per
2512 3739 2810 3810 potentiam
2836 3755 2987 3795 suam
3017 3748 3103 3795 est
3141 3741 3472 3810 ubicunque.

1886 3833 1974 3888 vel
2027 3831 2464 3902 quandocunque
2514 3829 2722 3899 aliquid
2778 3839 2892 3894 est;
2941 3846 3048 3884 non
3093 3839 3180 3885 est
3229 3846 3473 3886 verum:

1886 3921 2142 3992 quoniam
2181 3919 2327 3975 enim
2365 3917 2660 3989 potentiam
2697 3917 2816 3988 ejus
2845 3918 2979 3973 nihil
3009 3919 3152 3973 aliud
3180 3933 3342 3988 quam
3391 3920 3465 3989 ip-

1887 4029 2003 4070 sam
2027 4027 2151 4070 esse
2177 4009 2524 4066 manifestum
2547 4017 2666 4074 est;
2706 4009 2854 4064 nullo
2879 4009 3037 4064 modo
3065 4010 3307 4079 potentia
3353 4009 3473 4079 ejus

1886 4107 2006 4163 sine
2035 4107 2152 4177 ipsa
2181 4087 2293 4162 est.’
2308 4105 2445 4160 Cum
2470 4119 2602 4174 ergo
2622 4120 2731 4160 non
2756 4104 2829 4159 sit
2854 4103 3049 4159 alicubi
3074 4103 3160 4159 vel
3182 4104 3474 4174 aliquando

1815 4221 1860 4276 ι)
1887 4199 2285 4264 determinate,
2312 4212 2536 4253 necesse
2561 4205 2646 4251 est
2688 4206 2746 4250 ut
2787 4195 2858 4251 sit
2884 4197 3084 4267 ubique
3131 4205 3188 4253 et
3234 4211 3472 4268 semper,

1890 4293 1944 4348 id
1965 4300 2048 4381 est
2093 4292 2149 4346 in
2179 4290 2326 4346 omni
2362 4288 2478 4344 loco
2503 4295 2558 4344 et
2579 4296 2839 4357 tempore.

1523 4385 1756 4465 varith
1795 4405 2203 4464 LECTIONES.

266 4523 338 4556 ³¹³
397 4520 736 4576 Necessitate
787 4521 1099 4576 destituitur
1146 4538 1269 4576 mss.
1314 4535 1537 4577 necesse
1585 4520 1898 4576 destituitur

180 4611 324 4649 mu.
382 4603 430 4647 et
489 4591 635 4645 Edit.
689 4590 913 4650 Gothica
961 4593 1098 4647 nihil
1143 4594 1210 4648 ad
1249 4607 1369 4647 esse
1417 4609 1518 4646 ms.
1574 4591 1762 4646 Cister.
1829 4589 1962 4646 nihil
2026 4603 2146 4643 esse
2176 4628 2192 4653 ,
2241 4587 2307 4641 ad
2339 4601 2458 4641 esse

2005 4519 2077 4551 ³η
2115 4515 2261 4571 Nihil
2314 4515 2380 4570 ad
2442 4529 2560 4572 esse
2588 4531 2684 4567 ms.
2728 4511 2859 4567 Vict.
2917 4514 3003 4569 15.
3065 4517 3132 4570 ad
3175 4515 3309 4570 nihil
3355 4532 3478 4573 esse

2564 4585 2631 4623 ³⁸⁸
2675 4583 2788 4639 Non
2843 4583 2942 4638 fuit
2998 4584 3140 4639 aliud
3196 4604 3320 4640 mss.
3371 4606 3478 4652 non

179 4663 527 4733 fuitaliquid
601 4662 670 4694 ³⁸⁸
719 4663 831 4718 Hoc
852 4671 1028 4733 autem
1057 4661 1136 4717 sic
1155 4663 1362 4733 ms.S.i
1390 4661 1549 4716 Mich.
1583 4663 1686 4733 hoc
1732 4671 1828 4717 aut
1873 4661 1955 4715 sic
2025 4660 2092 4733 ’"_
2117 4659 2271 4733 Quod
2314 4657 2493 4733 signat
2518 4672 2626 4733 non
2682 4672 2806 4709 mss.
2835 4656 3001 4733 __qui_d
3043 4656 3324 4733 signiﬁcat
3371 4677 3478 4715 nou

180 4736 268 4769 ³¹⁹
308 4725 430 4789 Non
470 4749 557 4788 me
581 4733 766 4788 docuit
790 4732 972 4787 volare
1000 4750 1125 4786 mss.
1169 4732 1302 4786 Vict.
1334 4732 1464 4802 Sag.
1493 4733 1554 4788 S.
1595 4731 1757 4786 Miclt.
1801 4746 1906 4786 non
1937 4745 2026 4786 me
2063 4725 2250 4784 docuit
2285 4725 2485 4797 aliquid
2543 4725 2724 4781 volare

180 4823 329 4862 ms.
389 4803 528 4856 Tltu.
570 4813 849 4870 perspecta
902 4804 1140 4859 cohaeret
1210 4804 1280 4836 ³²⁰
1318 4801 1419 4870 Qui
1480 4818 1602 4858 eum
1664 4803 1863 4857 dicitur
1909 4815 1924 4854 :
1978 4800 2109 4855 nihil
2167 4815 2292 4853 mss.
2337 4814 2451 4852 exc.
2496 4796 2632 4850 Tltu.
2692 4813 2724 4870 q_

1369 4812 1419 4856 tti
1480 4818 1602 4858 cum
1664 4812 1924 4857 dicitur:

179 4823 329 4862 ms.
384 4803 849 4874 QTitu.perspecta
902 4804 1140 4859 cohaeret
1210 4804 1280 4836 ³²⁰

2834 4726 2902 4758 ³⁸⁸
2945 4726 3189 4782 Perfecta
3244 4731 3481 4786 cohaeret

1978 4800 2109 4855 nihil
2167 4815 2292 4853 mss.
2337 4796 2451 4852 exc.
2496 4796 2632 4850 Tltu.
2692 4812 2860 4870 quare
2897 4814 3044 4870 eum
3099 4798 3298 4854 dicitur
3351 4803 3479 4870 quia

177 4875 336 4932 nihil
370 4873 477 4928 Ed.
506 4866 630 4944 Gut.
656 4866 712 4927 ei
742 4873 920 4928 Venet.
959 4875 1084 4944 quia
1129 4889 1250 4929 cum
1286 4866 1486 4928 dicitur
1515 4890 1527 4926 :
1561 4872 1693 4944 nihil
1769 4873 1837 4944 ξ’*
1865 4871 2029 4944 illam
2062 4885 2183 4925 esse
2219 4877 2529 4944 secuturum
2557 4883 2681 4944 mss.
2714 4866 2851 4944 Titii.
2895 4868 3042 4944 illam
3067 4883 3188 4924 esse
3219 4866 3478 4944 subsecu-

184 4959 392 5004 turum
466 4943 540 4975 ³²³
574 4942 703 5014 Cap.
732 4944 803 5014 19
823 4945 878 4997 in
908 4942 1034 5014 mss.
1065 4954 1145 5014 est”
1170 4954 1323 5014 caput
1343 4944 1415 4998 20

1517 4944 1587 4975 ³²³
1625 4942 1734 4998 Nec
1763 4943 1961 4999 desinit
1980 4955 2098 4996 esse
2122 4956 2249 4993 mss.
2277 4949 2324 4994 et
2350 4936 2456 4992 Ed.
2483 4937 2642 4993 Gath.
2675 4953 2775 4993 nec
2801 4939 3008 4996 desinet
3027 4952 3148 4994 esse
3223 4940 3294 4970 3“
3317 4942 3474 4994 Seut-

174 5033 299 5089 per
328 5015 455 5078 fuit,
483 5022 568 5070 est
596 5007 733 5089 mss.
758 5013 904 5089 _Vict.
941 5012 1090 5089 Gem.
1116 5007 1435 5089 Corb.__Sog.
1464 5025 1510 5089 et
1543 5015 1668 5089 edit.
1706 5013 1863 5067 Gotlt.
1891 5025 2109 5080 semper
2147 5011 2268 5089 fuit,
2287 5019 2354 5089 _e_t_
2374 5019 2458 5089 est
2533 5009 2600 5089 ξπ
2641 5007 2842 5063 Tamen
2871 5010 3246 5089 quidamluss.
3273 5022 3320 5063 et
3345 5013 3473 5089 edit.

174 5077 324 5144 ἶῖοι.
375 5096 556 5141 tamen
609 5085 864 5152 quiddam
943 5084 1014 5122 ³²⁶
1051 5077 1508 5140 Contradictionis
1557 5077 2140 5139 submurmurare'ms.
2187 5079 2244 5136 S.
2277 5080 2440 5135 Mich.
2475 5077 3028 5152 submurmurationis
3101 5079 3170 5111 ³³⁷
3210 5079 3353 5135 Loco
3393 5080 3475 5136 vel

175 5169 453 5224 tempore
497 5150 790 5208 mam—Tim.
823 5153 940 5208 loco
972 5162 1024 5224 et
1056 5165 1296 5224 tempore
1371 5155 1442 5189 ³³⁸
1478 5157 1584 5210 Aut
1613 5154 2009 5210 delerminante
2038 5169 2167 5224 mss.
2206 5161 2307 5224 aut
2336 5150 2692 5206 determinate
2769 5150 2838 5181 3”
2875 5150 2930 5204 ld
2956 5166 3220 5219 nusquam
3247 5162 3300 5203 et
3329 5168 3473 5224 nuu-

219 5220 366 5280 tiam
399 5240 522 5280 esse
566 5240 692 5278 mss.
736 5240 910 5294 excep.
945 5223 1077 5278 Thu.
1108 5220 1183 5279 id'
1207 5240 1476 5294 nusquam
1506 5237 1560 5280 et
1585 5240 1858 5293 nunquam
1892 5224 1960 5278 sit
2033 5223 2101 5255 ³⁸⁰
2142 5223 2308 5291 Igitur
2338 5231 2602 5294 nusquam
2623 5229 2686 5294 _et
2712 5236 3130 5294 nunquamesse
3165 5237 3288 5272 mss.
3325 5220 3472 5294 (gem.

219 5245 366 5280 uani
399 5245 522 5280 esse
566 5245 692 5278 ηιεδ.
736 5245 910 5294 επσσρ.
948 5245 1077 5278 um.
1108 5245 1160 5279 ιιι
1207 5245 1476 5294 nusquam
1506 5245 1560 5280 ει
1585 5245 1858 5293 nunquam
1892 5245 1960 5278 διι
2033 5245 2101 5255 ""'
2143 5245 2307 5291 lgltur
2338 5245 2405 5275 nu

173 5245 348 5352 ἳῖει.
398 5294 528 5366 δας.
556 5294 746 5348 Cister.
778 5305 827 5348 et
865 5298 947 5366 ed.
985 5295 1142 5349 Gotlt.
1175 5295 1336 5365 igitur
1366 5311 1631 5366 nusquam
1659 5297 1742 5350 vel
1774 5310 2049 5364 nunquam
2085 5294 2228 5366 illaut
2267 5307 2405 5366 esse.

1218 5359 1537 5437 Quanquam
1569 5365 1759 5420 falsum
1785 5359 1921 5419 mss.
1951 5375 1999 5418 at
2042 5366 2130 5437 ed.
2155 5362 2670 5437 _Gotlt.‘Quodquam
2691 5361 2900 5437 falsum.
2963 5360 3031 5437 πῖ
3071 5359 3171 5437 Illa
3199 5376 3475 5437 nusquam

173 5369 356 5424 Gem.
385 5364 517 5434 Sag.
547 5367 801 5433 quoniam
834 5365 1037 5418 nullum
1111 5367 1178 5397 33'

2503 5291 2570 5322 ³³¹
2613 5289 2896 5356 Quomodo
2924 5290 3123 5344 nullum
3169 5307 3292 5343 mss.
3343 5289 3472 5344 Vict.

169 5452 232 5497 et
275 5430 578 5507 nunquam
601 5452 726 5507 mss.
761 5447 805 5487 et
849 5436 931 5488 ed.
957 5433 1116 5489 Goth.
1146 5430 1530 5507 illa:nusq'uam
1559 5447 1651 5491 aut
1684 5450 1960 5507 nunquam
2035 5434 2105 5467 ⁸³⁸
2139 5435 2210 5489 At
2234 5434 2278 5488 si
2307 5430 2818 5507 determinate‘mss.
2839 5430 2972 5507 '_I‘Im.
2998 5431 3105 5507 ᾼιιι
3128 5431 3173 5484 si
3211 5431 3440 5507 deterttti
3462 5461 3476 5471 -

169 5522 329 5566 nate
409 5505 482 5536 ³³⁸
515 5504 668 5560 Unde
698 5507 1050 5576 consequitur
1073 5522 1198 5560 mss.
1245 5501 1536 5576 Victhag.
1561 5517 1609 5562 et
1646 5507 1732 5561 ed.
1763 5501 2094 5576 Goth.runde
2122 5512 2484 5576 consequetur
2555 5503 2624 5534 ³³⁸
2648 5501 2858 5576 ᾼΙὶειιῦῇ
2893 5510 2946 5554 ει
2973 5501 3262 5576 aliquando
3289 5502 3476 5576 deter-

172 5582 422 5649 minata
444 5593 570 5631 mss.
606 5586 659 5649 et
708 5577 789 5649 ed.
826 5571 982 5649 66th.
1025 5577 1223 5649 alicubi
1259 5577 1349 5634 vel
1383 5571 1671 5649 aliquando
1713 5575 2073 5634 determinate
2145 5576 2213 5631 9”
2255 5571 2408 5644 Quod
2437 5573 2800 5631 determinarc
2847 5573 2964 5642 ipsa
3004 5589 3132 5627 mss.
3175 5573 3305 5628 Vict.
3338 5571 3474 5626 Tim.

171 5652 354 5707 (ἔτει.
381 5646 514 5716 Sag.
547 5647 674 5717 quia
703 5646 1060 5701 determinate
1099 5647 1213 5716 ipsa

619 5741 891 5800 Parnm.
932 5737 1201 5801 CLVII].

2837 5738 2875 5796 6
