3882 6054
428 220 521 279 171

795 328 1020 403 CAPUT
1042 327 1295 399 ‘XX|[al.
1355 322 1476 394 xu]
1537 321 1626 375 ³³⁸.

677 423 831 490 Quod
876 423 930 476 in
958 420 1101 475 paullo
1140 419 1207 472 sit
1236 416 1349 468 loco
1378 423 1468 468 aut
1505 423 1751 481 tempore.

425 517 764 577 Consrscrus
789 502 1016 570 carius.
1042 539 1112 551 —
1143 509 1184 562 Α
1218 519 1430 562 summa
1461 515 1656 577 natura
1684 499 1840 577 valde
1868 500 1998 577 atie-

498 569 959 654 ἱέῐιῶἐὲὶίιέώθω
987 578 1431 654 compositionem
1475 574 1706 654 partium
1736 569 1820 624 vel
1867 571 2002 654 divi-

497 641 724 715 sionem.
757 656 897 723 Ergo
925 653 1041 720 ipsa
1077 641 1184 703 non
1231 648 1302 702 ita
1335 655 1421 701 est
1474 641 1610 723 tota.
1650 642 1702 723 i_n
1749 641 2003 723 omnibus

496 710 642 786 locis
655 737 710 782 et
739 710 1092 791 temporibus,
1115 726 1192 791 ut
1215 732 1311 791 per
1347 725 1528 791 partes
1549 713 1648 791 _sit.
1669 713 1722 766 in
1753 710 1998 791 singulis.

498 781 689 855 Utrum
721 795 791 850 sit
817 781 927 848 tota
968 781 1129 846 simul
1160 781 1238 860 ira
1271 781 1498 855 singulis
1533 781 1765 860 inci-set
1792 789 2001 860 tempo-

498 850 647 923 ribus
670 867 748 920 sic
777 861 1114 932 inquiritur:
1152 859 1210 913 Si
1242 850 1477 932 tota'est
1503 851 1662 932 simul
1692 850 2002 932 insing'ulis

499 919 653 998 locis,
702 950 800 1004 per
829 919 1037 1004 singula
1075 929 1194 1004 loca
1255 934 1382 1004 sunt
1415 922 1640 1004 singula:
1686 931 1831 1004 totae.
1863 919 2001 974 Nam

497 993 651 1078 quod
673 993 842 1078 totum
879 993 962 1058 est
992 1002 1044 1054 in
1088 999 1274 1078 aliquo
1319 996 1459 1078 loco,
1482 993 1618 1078 nihil
1655 1001 1739 1078 est
1766 993 2003 1078 ejusexf-

499 1064 580 1132 t'ra
611 1078 770 1132 istum
796 1074 1002 1137 locum;
1035 1070 1129 1125 sed
1157 1064 1222 1124 de
1250 1080 1358 1137 quo
1383 1064 1515 1137 nihil
1539 1071 1620 1137 est
1645 1070 1802 1137 extra
1833 1064 1998 1137 is_tu'm

498 1130 700 1211 locum,
732 1143 866 1198 nihil
913 1130 1030 1209 ejus
1067 1148 1152 1194 est
1187 1130 1348 1193 simul
1403 1136 1457 1189 in
1495 1134 1620 1214 _alio_
1662 1131 1824 1214 loco."
1860 1130 2002 1212 Ergo

497 1202 665 1272 unum
685 1202 865 1270 'totum
914 1202 1019 1266 n'on
1073 1216 1252 1279 potest
1294 1220 1416 1279 esse
1441 1203 1625 1279 _simul
1665 1203 1727 1279 in
1773 1202 2003 1279 diversis

496 1289 632 1342 locis
661 1295 854 1340 totum.
882 1282 1024 1352 Ergo
1054 1271 1150 1351 per
1175 1277 1389 1348 singula
1441 1275 1581 1339 loca,
1633 1271 1842 1354 singula
1874 1279 2004 1351 sunt

499 1366 634 1414 tota.
667 1357 807 1424 Ergo
833 1355 880 1407 si
918 1342 1126 1424 summa
1154 1342 1342 1424 natutra
1371 1355 1455 1402 est
1486 1354 1596 1400 tota
1624 1342 1784 1398 simul
1809 1342 1862 1424 in
1892 1342 2001 1424 sint

499 1429 640 1497 gulis
669 1417 820 1490 locis,
857 1432 990 1493 quot
1023 1419 1230 1488 singula
1273 1417 1392 1472 loca
1414 1430 1594 1497 “esse.
1622 1420 1869 1483 possunt,
1921 1418 2003 1497 tot

499 1486 723 1568 singulae
747 1486 1555 1568 su’nt'naturge'sumnm.nErgo
1583 1486 1696 1564 ipsa
1751 1497 1858 1568 non
1887 1489 2004 1568 est

500 1556 617 1624 tota
642 1565 800 1621 simul
831 1565 882 1617 in
923 1562 1174 1616 omnibus
1196 1559 1356 1613 locis.-
1378 1556 1467 1611 Sic
1491 1556 1593 1609 nec
1621 1556 1736 1622 ipsa
1761 1560 1844 1606 est
1887 1559 2000 1604 tota

501 1637 661 1692 simul
686 1638 736 1689 in
764 1631 1014 1689 omnibus
1035 1629 1395 1699 temporibus;
1451 1639 1572 1699 cum
1609 1625 1726 1699 ipsa
1756 1631 1999 1699 tempora

1001 215 1058 270 S.
1101 210 1398 268 ANSELMI
1439 205 1790 264 CANTUAR.
1833 201 2152 258 ARCllIEP.
2189 199 2338 256 ΟΡΡ.
2374 197 2554 254 PARS
2581 196 2622 252 I.
2653 225 2719 240 -ι
2757 196 3176 256 DOGMATICA.

3575 198 3695 253 {71

2005 320 2079 394 _A
2105 314 2330 383 singulis
2355 313 2513 376 locis,
2543 327 2637 382 per
2666 311 2876 384 singula
2923 311 3039 368 loca
3090 318 3218 366 sunt
3256 310 3482 382 smgule
3534 321 3703 368 tntae.

2109 408 2261 463 Sicut
2287 407 2429 462 enim
2457 405 2608 461 locus
2628 421 2658 460 a
2688 404 2808 460 loco
2837 403 3188 472 distinguitur
3209 412 3269 457 ut
3300 403 3509 474 singula
3557 403 3694 460 loca

2106 503 2235 567 sint,
2281 503 2355 556 ita
2386 502 2438 559 id
2462 502 2605 572 quod
2631 510 2800 555 totum
2831 510 2913 555 est
2939 499 2991 553 in
3025 515 3132 555 uno
3162 499 3300 568 loco,
3329 501 3396 555 ab
3441 515 3508 557 eo
3535 502 3694 572 quod

2105 594 2294 648 eodem
2321 603 2562 664 tempore
2583 601 2754 646 tutum
2785 600 2866 646 est
2896 589 2952 644 in
2990 589 3098 645 alio
3147 589 3265 646 loco
3313 589 3702 661 distinguitur,

2107 691 2168 738 ut
2201 683 2411 752 singula
2439 692 2548 738 tota
2577 683 2704 738 sint.
2729 680 2866 735 Nam
2893 682 3036 750 quod
3085 690 3256 737 totum
3285 692 3365 738 est
3398 683 3450 738 in
3502 681 3704 754 aliquo

2108 773 2248 838 loco,
2281 773 2415 828 nihil
2451 774 2570 844 ejus
2595 772 2845 842 estquod
2871 786 2979 826 non
3007 772 3080 826 sit
3111 773 3164 828 in
3192 772 3310 842 ipso
3338 772 3478 829 loco.
3509 773 3584 828 At
3615 774 3695 830 de

2106 879 2215 935 quo
2245 865 2377 920 nihil
2405 874 2488 921 est
2516 865 2658 934 quod
2698 878 2806 919 non
2835 863 2904 918 sit
2931 862 2986 918 in
3012 861 3194 933 aliquo
3226 863 3362 928 loco,
3422 865 3556 920 nihil
3606 873 3700 921 est

2114 956 2182 1014 de
2207 972 2272 1012 co
2295 957 2439 1026 quod
2469 957 2539 1012 sit
2559 955 2752 1012 eadem
2775 963 3018 1024 tempore
3040 962 3194 1009 extra
3219 954 3466 1010 eumdem
3487 958 3698 1011 locum.

2109 1049 2263 1118 Quod
2292 1049 2456 1120 igitur
2507 1057 2679 1104 totum
2709 1055 2793 1103 est
2823 1046 2877 1100 in
2908 1045 3093 1116 aliquo
3123 1044 3263 1111 loco,
3295 1045 3428 1101 nihil
3457 1055 3543 1102 est
3569 1047 3643 1117 ej:
3669 1063 3702 1104 s

2105 1141 2248 1212 quod
2277 1140 2464 1195 eodem
2512 1149 2752 1209 tempore
2779 1137 2852 1194 sit
2878 1145 3030 1193 extra
3063 1137 3237 1206 ipsum
3264 1135 3462 1192 locum.
3490 1137 3600 1194 Sed
3625 1140 3700 1194 de

2110 1248 2218 1304 quo
2248 1231 2382 1287 nihil
2405 1239 2488 1286 est
2513 1239 2668 1286 extra
2712 1229 3011 1300 quemlibet
3044 1228 3242 1293 locum,
3289 1227 3420 1284 nihil
3461 1229 3580 1298 ejus
3607 1238 3704 1285 est

2104 1321 2292 1377 eodem
2323 1328 2563 1389 tempore
2590 1319 2644 1373 in
2675 1317 2782 1373 alio
2809 1316 2949 1372 loco.
2998 1317 3179 1383 Quare
3205 1317 3349 1386 quod
3393 1324 3566 1372 totum
3611 1328 3705 1374 est

2105 1413 2158 1467 in
2188 1412 2428 1482 quolibet
2451 1410 2590 1476 loco,
2621 1410 2754 1466 nihil
2777 1409 2895 1478 ejus
2918 1419 3004 1465 est
3033 1411 3191 1466 simul
3223 1411 3276 1466 in
3313 1410 3420 1466 alio
3444 1410 3512 1444 “'
3543 1412 3690 1468 loco.

2104 1504 2255 1572 Quod
2281 1504 2442 1574 igitur
2466 1512 2635 1557 totum
2671 1501 2740 1534 ³⁸⁸
2762 1510 2845 1558 est
2875 1503 2928 1557 in
2954 1503 3135 1572 aliquo
3158 1503 3297 1569 loco,
3313 1505 3586 1573 quomodo
3609 1513 3701 1560 to-

2107 1605 2220 1650 tum
2246 1608 2463 1664 quoque
2487 1591 2646 1648 simul
2673 1601 2758 1648 est
2780 1591 2849 1624 ³⁸³
2881 1593 2934 1646 in
2965 1593 3072 1648 alio
3112 1593 3248 1655 loco,
3278 1595 3323 1650 si
3353 1593 3482 1649 nihil
3533 1593 3602 1649 de
3627 1607 3703 1650 eo

503 1680 1410 1762 3'6i3"'sii}.6i"'éiﬁil'ﬁéc‘égi"ioi5
1465 1680 1918 1750 simul'distincie
1949 1689 2002 1742 in
2036 1680 2079 1740 Β
2106 1693 2287 1756 potest
2307 1699 2428 1740 esse
2451 1685 2505 1739 in
2530 1683 2635 1738 alio
2663 1682 2815 1739 loco?
2843 1681 3111 1750 Quoniam
3139 1685 3299 1754 igitur
3325 1699 3488 1738 unum
3513 1692 3693 1742 totum

499 1776 725 1847 singulis
755 1773 1114 1847 temporibus;
1145 1769 1381 1847 alioquin
1405 1765 1524 1836 ejus
1549 1762 2003 1847 :e-ternitas,gqu:~e

499 1839 735 1915 est'ipsa
771 1839 888 1912 ejus
919 1843 1174 1915 essentia,
1215 1839 1437 1915 haberet
1485 1843 1688 1915 partes,
1745 1843 2004 1915 przesens,

500 1903 834 1988 praeteritum
866 1927 931 1988 ac
980 1909 1428 1988 futiirtim.ﬂErgo
1468 1903 1612 1986 nullo
1650 1903 2005 1988 [nodoest‘in

497 1971 644 2042 omni
686 1986 804 2039 loco
836 1981 920 2036 vel
953 1991 1213 2050 tempore.
1245 1971 1636 2046 Sed'quoniam
1658 1971 2008 2050 aliquid-sine

497 2038 688 2112 eanec
713 2069 938 2124 usquam
961 2038 1319 2118 nec-unquam
1351 2038 1435 2101 est
1461 2087 1474 2112 ,
1505 2057 1729 2098 necesse
1751 2038 1837 2096 est
1861 2038 2005 2092 illam

497 2141 619 2182 esse
651 2125 849 2194 ubique
879 2131 935 2178 et
955 2134 1196 2190 semper.

500 2238 606 2308 12
627 2235 779 2304 Quod
805 2234 850 2288 si
885 2234 958 2287 ita
989 2239 1092 2296 est,
1121 2235 1216 2283 aut
1239 2234 1348 2281 tota
1379 2233 1465 2281 est
1495 2225 1548 2278 in
1587 2224 1740 2276 omni
1771 2221 1892 2276 loco
1923 2217 2007 2272 vel

427 2339 692 2400 tempore,
729 2337 823 2382 aut
861 2333 1074 2380 tantum
1101 2320 1358 2392 quaelibet
1401 2332 1531 2388 pars
1555 2314 1695 2384 ejus,
1730 2323 1790 2367 ut
1838 2312 2010 2366 altera

425 2439 552 2494 pars
584 2423 656 2477 sit
709 2428 864 2476 extra
910 2430 1124 2472 omnem
1173 2413 1354 2468 locum
1394 2418 1449 2464 et
1480 2419 1714 2477 tempus.
1772 2406 1828 2460 Si
1878 2419 2010 2460 vero

424 2515 622 2586 partim
648 2521 755 2576 est,
778 2519 832 2565 et
862 2508 1061 2578 partim
1095 2521 1202 2561 non
1232 2505 1287 2559 in
1313 2503 1461 2559 omni
1485 2502 1605 2556 loco
1623 2501 1709 2555 vel
1739 2508 2004 2570 tempore,

424 2614 610 2675 partes
642 2601 847 2655 habet:
890 2597 1033 2666 quod
1074 2593 1270 2648 falsum
1310 2603 1412 2648 est.
1447 2590 1564 2646 Non
1600 2590 1766 2661 igitur
1811 2589 2009 2658 partim

427 2702 517 2749 est
545 2691 745 2760 ubique
771 2698 827 2743 et
848 2701 1080 2757 semper.
1107 2685 1241 2740 Tota
1273 2694 1453 2738 autem
1479 2680 1749 2752 quomodo
1788 2688 1872 2733 est
1895 2678 2012 2732 ubi-

427 2801 534 2856 que
564 2793 619 2841 et
649 2782 903 2854 semper?
949 2779 1046 2853 [al.
1074 2781 1221 2835 omit.
1251 2779 1314 2834 '1‘.
1338 2791 1663 2849 a.q.e.u.e.
1685 2774 1764 2847 s.]
1805 2775 1872 2810 ³³⁸
1901 2773 2010 2828 Aut

427 2878 572 2936 enim
602 2876 681 2933 sic
702 2887 785 2931 est
809 2872 1237 2944 intelligendum,
1286 2879 1346 2924 ut
1388 2877 1498 2923 tota
1535 2866 1697 2923 simul
1743 2866 1816 2922 sit
1846 2865 1915 2896 ⁸³⁰
1953 2865 2009 2920 in

425 2971 677 3028 omnibus
699 2969 834 3024 locis
866 2966 948 3022 vel
989 2963 1342 3035 temporibus,
1368 2974 1424 3018 et
1451 2977 1547 3032 per
1571 2968 1754 3032 partes
1792 2959 1846 3013 in
1892 2957 2012 3013 sin-

2108 1793 2215 1833 non
2243 1785 2419 1848 potest
2446 1790 2566 1832 esse
2593 1774 2756 1831 simul
2781 1775 2835 1829 in
2861 1774 3092 1830 diversis
3119 1774 3250 1830 locis
3272 1783 3462 1840 totum,
3495 1790 3694 1831 conse-

2109 1869 2296 1939 quitur
2333 1876 2390 1922 ιιι
2421 1882 2517 1938 per
2545 1865 2760 1937 singula
2803 1865 2942 1931 loca,
2977 1865 3185 1937 singula
3222 1867 3339 1922 sint
3382 1875 3519 1932 tota,
3542 1867 3588 1922 si
3637 1868 3695 1923 in

2109 1958 2339 2028 singulis
2369 1957 2501 2012 locis
2530 1953 2688 2010 simul
2727 1954 2933 2025 aliquil
2977 1962 3063 2010 est
3099 1964 3291 2010 totum.
3348 1954 3701 2026 Quapropter

2110 2046 2154 2100 si
2182 2059 2397 2100 summa
2426 2053 2616 2100 natura
2643 2053 2754 2099 tota
2795 2054 2878 2099 est
2924 2058 3034 2100 uno
3079 2051 3317 2114 tempore
3363 2045 3417 2100 in
3465 2046 3699 2117 singulis

2110 2138 2363 2192 omnibus
2396 2136 2550 2199 locis.
2575 2145 2705 2208 quot
2735 2135 2949 2207 singula
2999 2136 3112 2190 loca
3158 2150 3282 2191 esse
3328 2145 3575 2205 possunt,
3617 2146 3699 2192 tot

2112 2226 2337 2298 singulae
2371 2235 2498 2282 sunt
2520 2235 2726 2282 naturae
2751 2241 2996 2292 summae,
3028 2227 3171 2296 quod
3195 2225 3564 2282 irrationabile
3609 2241 3698 2283 est

2111 2317 2342 2388 opinari.
2373 2316 2490 2370 Non
2513 2324 2596 2370 est
2627 2315 2792 2386 igitur
2820 2323 2929 2370 tota
2951 2331 3059 2370 uno
3085 2324 3325 2385 tempore
3369 2317 3420 2371 iu
3465 2316 3699 2388 singulis

2113 2409 2264 2466 locis.
2290 2409 2360 2462 At
2389 2423 2516 2462 vero
2546 2408 2592 2463 si
2619 2409 2848 2464 diversis
2886 2408 2956 2439 ³⁸⁰
3009 2408 3340 2479 temporibus
3372 2417 3482 2464 tota
3523 2420 3610 2464 est
3640 2413 3698 2464 in

2113 2498 2339 2569 singulis
2365 2497 2518 2562 locis,
2549 2498 2766 2567 quando
2787 2497 2949 2552 estin
2989 2511 3096 2552 uno
3145 2497 3285 2562 loco,
3340 2496 3546 2553 nullum
3595 2500 3697 2554 bo-
3740 2524 3743 2527 -

2113 2603 2242 2644 num
2273 2596 2327 2643 et
2360 2587 2506 2642 nulla
2531 2588 2768 2643 essentia
2795 2598 2878 2643 cst
2904 2589 3116 2644 interim
3146 2589 3198 2644 in
3221 2588 3343 2646 aliis
3371 2589 3536 2656 locis,
3568 2592 3698 2662 quia

2113 2676 2230 2731 sine
2257 2691 2319 2730 ea
2346 2690 2570 2746 prorsus
2596 2675 2798 2746 aliquid
2821 2693 2928 2732 non
2960 2678 3171 2733 existit.
3198 2677 3352 2744 Quod
3401 2679 3702 2735 absurdum

2113 2782 2234 2821 esse
2261 2766 2344 2820 vel
2374 2767 2486 2835 ipsa
2519 2767 2636 2822 loca
2685 2767 2935 2835 probant,
2977 2783 3099 2838 quae
3149 2768 3416 2834 nonnihil,
3451 2770 3546 2824 sed
3597 2770 3702 2826 ali-

2113 2856 2241 2927 quid
2268 2866 2412 2910 sunt.
2438 2854 2550 2910 Non
2581 2865 2665 2911 est
2693 2857 2873 2926 itaque
2895 2852 3108 2912 summa
3132 2867 3324 2914 natura
3355 2866 3466 2914 tota
3488 2859 3544 2916 in
3572 2860 3696 2915 siu-

2114 2947 2252 3016 gulis
2286 2945 2440 3012 locis,
2487 2947 2715 3003 diversis
2744 2948 3097 3017 temporibus.
3129 2948 3281 3015 Quod
3308 2950 3353 3004 si
3377 2964 3477 3005 nec
3503 2951 3696 3006 eodem

427 3063 605 3134 guns;
636 3069 730 3115 am
749 3060 850 3124 sic,
883 3067 942 3112 ιη
987 3027 1118 3112 ιοιεί
1149 3057 1219 3111 si;
1247 3027 1412 3110 eum
1443 3027 1510 3086 ἱιι
1546 3027 1600 3108 ii]
1630 3051 1873 3121 singulis,
1902 3050 2008 3106 ve-
2035 3027 2076 3084 C
2112 3046 2376 3109 tempore,
2409 3053 2509 3094 nec
2540 3039 2769 3093 diversis
2795 3039 3127 3108 temporibus
3156 3039 3224 3070 ’“
3253 3048 3362 3093 tota
3383 3049 3468 3095 est
3491 3040 3546 3094 in
3577 3041 3694 3096 sin-

427 3170 547 3209 rmn
570 3153 615 3208 si
637 3167 734 3223 per
777 3159 959 3220 partes
987 3157 1073 3203 est
1125 3148 1178 3201 in
1231 3145 1484 3218 singulis,
1531 3159 1635 3199 non
1666 3143 1852 3214 etl‘ugit
1884 3155 2009 3213 par-

427 3245 563 3298 tium
619 3240 1066 3310 compositionem
1117 3246 1174 3292 et
1220 3236 1543 3292 divisionem
1603 3252 1618 3289 :
1661 3234 1803 3303 quod
1852 3232 2008 3287 valde

427 3335 665 3390 alienum
693 3348 724 3389 a
752 3347 962 3387 summa
989 3338 1184 3384 natura
1215 3329 1492 3383 inventum
1519 3334 1624 3382 est.
1658 3328 2004 3395 Quapropter

427 3441 537 3482 non
566 3432 650 3479 est
677 3425 753 3478 ita
785 3430 895 3477 tota
926 3421 983 3476 in
1011 3420 1267 3475 omnibus
1291 3419 1426 3475 locis
1464 3426 1522 3473 et
1561 3416 1922 3488 temporibus,
1948 3421 2010 3471 ut

425 3531 525 3588 per
553 3523 736 3587 partes
763 3514 834 3569 sit
860 3513 915 3570 in
953 3510 1199 3582 singulis.
1227 3511 1419 3567 Restat
1449 3509 1621 3565 altera
1657 3523 1787 3579 pars
1821 3507 2006 3563 discu-

430 3607 636 3674 tienda,
657 3604 885 3670 scilicet,
922 3602 1158 3674 qualiter
1203 3615 1418 3657 summa
1472 3608 1668 3656 natura
1693 3600 1765 3655 sit
1792 3607 1902 3653 tota
1952 3598 2008 3652 in

429 3699 702 3764 omnibus,
731 3706 787 3753 et
815 3695 1042 3767 singulis
1061 3693 1194 3750 locis
1222 3702 1280 3748 et
1304 3693 1636 3763 temporibus
1658 3692 1748 3745 ³⁵⁸.
1787 3689 1903 3746 Hoc
1928 3689 2010 3744 ni-

429 3793 628 3849 mirum
662 3805 784 3846 esse
813 3804 916 3845 non
943 3796 1138 3858 potest,
1196 3786 1298 3842 nisi
1325 3795 1419 3841 aut
1442 3785 1624 3851 simul,
1651 3794 1748 3840 aut
1776 3783 2009 3840 diversis

431 3887 785 3959 temporibus.
811 3883 916 3941 Sed
944 3882 1198 3955 quoniam
1224 3878 1366 3934 ratio
1397 3877 1521 3944 loci,
1547 3885 1642 3932 aut
1701 3875 1841 3930 ratio
1869 3882 2010 3930 tem-

426 3982 599 4052 poris,
621 3995 758 4051 quas
776 3980 1038 4035 hactenus
1064 3973 1224 4033 simul
1259 3985 1573 4045 progressas
1600 3969 1807 4024 eisdem
1835 3967 2008 4022 vesti-

429 4073 532 4142 giis
561 4087 666 4126 una
691 4069 868 4140 potuit
896 4067 1155 4137 indagare
1183 4061 1493 4134 prosecutio
1513 4058 1607 4124 '“,
1649 4057 1743 4112 hic
1777 4056 1848 4112 ab
1878 4054 2012 4110 invi-

427 4179 547 4220 cem
568 4163 640 4196 ³⁵⁵
669 4160 1043 4231 digredientes
1071 4157 1142 4197 ³⁸³
1165 4153 1586 4224 disputationem
1618 4149 1874 4205 videntur
1923 4147 2008 4202 di-

426 4252 600 4308 versis
629 4251 784 4320 quasi
818 4249 1006 4320 fugere
1031 4245 1386 4308 anfractibus,
1419 4239 1734 4313 singillatim
1781 4238 1899 4294 suis
1922 4238 2006 4293 in-

427 4343 766 4414 vestigentur
813 4339 1263 4397 discussionibus.
1299 4335 1542 4391 Primum
1595 4345 1724 4403 ergo
1758 4330 2008 4414 videatur

428 4436 475 4492 si
504 4450 715 4492 summa
743 4433 810 4466 ³δ⁸
830 4442 1021 4488 natura
1045 4438 1156 4486 tota
1179 4429 1350 4501 possit
1369 4440 1489 4483 esse
1517 4425 1570 4480 in
1600 4422 1825 4495 singulis
1847 4422 2003 4488 locis,

2109 3131 2249 3202 gulis
2277 3131 2431 3196 locis,
2460 3130 2629 3200 liquet
2654 3131 2781 3200 quia
2808 3130 2956 3185 nullo
2995 3131 3154 3186 modo
3179 3141 3263 3188 est
3283 3139 3392 3188 tota
3419 3131 3472 3187 in
3504 3133 3694 3205 singu-

2109 3222 2178 3278 lis
2205 3223 2457 3279 omnibus
2489 3223 2642 3278 locis.
2680 3221 2834 3278 Nunc
2858 3223 3021 3294 igitur
3045 3231 3130 3278 est
3156 3223 3225 3255 ³⁵²
3253 3224 3617 3296 indagandum
3647 3226 3696 3281 si

2112 3315 2304 3370 eadem
2325 3330 2534 3369 summa
2565 3325 2756 3369 natura
2778 3315 2974 3370 sittota
2995 3315 3048 3370 in
3075 3315 3302 3385 singulis
3327 3317 3691 3386 temporibus,

2107 3415 2201 3461 aut
2228 3407 2409 3472 simul,
2447 3415 2540 3460 aut
2567 3406 2820 3462 distincte
2842 3406 3160 3478 persingula
3187 3417 3454 3476 tempora.
3477 3407 3589 3475 (5t)
3622 3404 3695 3440 ³⁵³

2109 3497 2216 3555 Sed
2243 3498 2514 3569 quomodo
2544 3506 2630 3554 est
2683 3498 2887 3570 aliquid
2926 3507 3098 3555 totum
3153 3499 3317 3554 simul
3362 3499 3416 3554 in
3471 3498 3697 3570 singulis

2111 3591 2472 3661 temporibus,
2506 3591 2552 3646 si
2581 3591 2695 3661 ipsa
2725 3603 2968 3662 tempora
2994 3591 3156 3648 simul
3181 3606 3287 3647 non
3311 3590 3472 3647 sunt?
3491 3590 3548 3644 Si
3565 3606 3694 3647 vero

2113 3683 2407 3753 separatim
2427 3692 2482 3738 et
2500 3683 2758 3739 distincte
2780 3692 2889 3738 tota
2913 3691 2996 3738 est
3021 3683 3074 3737 in
3095 3681 3321 3754 singulis
3338 3681 3690 3752 temporibus,

2107 3773 2560 3844 quemadmodum
2595 3773 2791 3844 aliquis
2820 3773 2981 3829 homo
3029 3782 3174 3829 totus
3203 3781 3286 3830 est
3309 3772 3449 3839 beri,
3503 3781 3560 3828 et
3589 3773 3686 3828 ho-

2118 3864 2230 3930 die,
2279 3876 2335 3920 et
2370 3878 2532 3930 cras;
2571 3865 2790 3935 proprie
2833 3865 3030 3920 dicitur
3072 3865 3201 3936 quia
3239 3862 3360 3932 fuit,
3391 3872 3446 3919 et
3486 3872 3592 3930 est,
3627 3873 3690 3920 et

2107 3957 2234 4012 erit.
2267 3956 2410 4028 Ergo
2439 3957 2554 4027 ejus
2578 3967 2737 4024 :etas,
2769 3972 2891 4028 quae
2921 3957 3055 4012 nihil
3109 3956 3252 4012 aliud
3279 3965 3362 4013 est
3389 3971 3550 4027 quam
3578 3957 3694 4026 ejus

2107 4049 2406 4114 aeternitas,
2439 4064 2544 4104 non
2573 4059 2656 4104 est
2687 4059 2797 4104 tota
2828 4049 3014 4114 simul;
3053 4049 3148 4105 sed
3178 4058 3264 4104 est
3309 4049 3558 4118 partibus
3601 4061 3696 4102 ex-

2111 4148 2267 4196 tensa
2306 4154 2402 4211 per
2428 4147 2733 4210 temporum
2760 4149 2966 4211 partes.
2995 4141 3065 4195 At
3085 4139 3205 4211 ejus
3231 4139 3506 4194 aeternitas
3560 4135 3692 4192 nihil

2109 4232 2255 4288 aliud
2275 4240 2381 4299 est,
2405 4247 2569 4303 quam
2601 4232 2738 4302 ipsa.
2771 4231 2991 4288 Summa
3020 4233 3184 4304 igitur
3203 4235 3437 4290 essentia
3485 4231 3557 4263 '”
3589 4230 3694 4286 erit

2111 4324 2283 4381 divisa
2305 4338 2402 4394 per
2425 4333 2625 4392 partes,
2650 4323 2947 4379 secundum
2976 4332 3275 4395 temporum
3295 4322 3689 4379 distinctiones.

2114 4415 2171 4471 Si
2197 4415 2342 4472 enim
2364 4415 2482 4485 ejus
2511 4424 2643 4471 tetas
2669 4430 2764 4486 per
2798 4424 3101 4486 temporum
3132 4431 3324 4471 cursus
3349 4413 3692 4486 producitur,

429 4535 521 4580 aut
544 4525 703 4580 simul
730 4533 825 4580 aut
853 4539 948 4594 per
973 4523 1190 4579 diversa
1219 4529 1484 4591 tempora.
1520 4515 1723 4572 Deinde
1769 4515 2004 4585 idipsum
2112 4510 2277 4565 habet
2305 4525 2427 4565 cum
2466 4509 2596 4578 ipsis
2631 4507 2964 4578 temporibus
2985 4522 3244 4578 praesens,
3269 4506 3603 4584 przeteritum
3638 4515 3697 4560 et

428 4615 482 4669 in
515 4614 846 4684 temporibus
869 4611 1195 4683 inquiratur.
1229 4609 1286 4666 Si
1309 4609 1472 4681 igitur
1501 4616 1610 4663 tota
1641 4614 1725 4662 est
1765 4604 1922 4660 simul
1951 4605 2003 4659 in
2116 4601 2380 4656 futurum.
2403 4602 2541 4670 Quid
2573 4612 2753 4659 autem
2784 4602 2928 4657 aliud
2957 4612 3042 4658 est
3087 4601 3228 4658 eius.
3261 4612 3416 4665 artas,
3463 4598 3547 4653 vel
3582 4598 3696 4652 exi-

1727 4713 1958 4768 VARIAE
1999 4713 2398 4771 LECTIONES.

510 4813 580 4848 ³³⁸
620 4811 749 4880 Cap.
809 4810 879 4865 ‘20
934 4811 1130 4880 estigin
1192 4827 1318 4863 mss.
1389 4817 1561 4880 caput,
1603 4805 1664 4860 2i
1781 4802 2288 4880 "’___Tota_autem
2346 4805 2617 4875 quomodo
2670 4815 2754 4860 est
2805 4805 3001 4880 ubique
3060 4815 3374 4880 etsemper.
3408 4799 3694 4880 Galli.

427 4888 540 4940 huic
592 4873 783 4938 omittit
907 4880 975 4913 ³⁸⁰
1021 4879 1092 4937 Ut
1141 4890 1250 4936 tcta
1305 4873 1463 4934 simul
1520 4879 1592 4932 sit
1652 4892 1777 4930 mss.
1850 4873 1983 4927 Vict.
2043 4873 2173 4943 Sag.
2232 4873 2379 4928 Gem.
2437 4883 2494 4927 ut
2553 4885 2661 4930 tota
2715 4876 2882 4930 semel
2915 4873 3003 4929 isit
3114 4875 3184 4906 ‘“
3238 4876 3344 4927 Aut
3395 4873 3464 4926 sit
3495 4881 3556 4924 ut
3585 4881 3696 4926 tota

426 4957 590 5011 etiam
624 4970 748 5007 mss.
794 4960 885 5006 aut
923 4952 1001 5006 sic
1055 4959 1115 5004 ut
1163 4959 1271 5004 tota
1322 4951 1390 5006 sit
1429 4949 1595 5004 etiam
1696 4945 1764 4977 ³⁸⁵³
1804 4944 1962 4999 Locis
2008 4944 2090 4999 vel
2148 4945 2484 5015 temporibus
2538 4961 2664 4998 mss.
2707 4945 2842 4999 Vict.
2901 4945 3032 5015 Sag.
3059 5014 3062 5015 ν
3092 4945 3227 4999 locis
3260 4954 3316 4998 et
3370 4943 3698 5015 temporibus

428 5027 496 5058 3“
534 5024 849 5079 Persecutio
872 5039 998 5076 mss.
1024 5017 1170 5075 Gem.
1211 5019 1345 5075 Vict.
1381 5017 1507 5088 Sag.
1539 5015 1887 5088 Tliu._(.'ister.
1918 5012 2285 5088 prosequatid
2344 5015 2415 5046 3'”
2444 5014 2542 5069 Hic
2565 5015 2886 5088 abinviccm
2913 5012 2997 5069 ed.
3025 5014 3336 5088 Gal/t._lla3(_3_
3352 5013 3420 5066 ab
3443 5012 3692 5088 invicem.

427 5097 495 5128 ³³³
539 5096 937 5166 Disgredicutes
965 5109 1086 5166 mss.
1118 5082 1486 5166 digredientes
1587 5087 1655 5118 ³⁸⁸
1674 5086 1728 5140 Si
1756 5087 1808 5139 in
1844 5082 2053 5166 Sili—nillil
2084 5082 2286 5166 messi
2315 5101 2525 5139 summa
2601 5084 2846 5166 “1?”!le
2885 5094 2967 5140 est
2994 5085 3156 5166 simul
3190 5083 3240 5137 in
3269 5083 3375 5166 alio
3405 5098 3531 5166 mss.
3564 5082 3696 5134 nihil

427 5168 542 5236 ejus
566 5151 830 5236 estsimul
862 5163 1040 5236 iugatio
1063 5151 1204 5236 Lm“
1224 5161 1375 5228 Quod
1419 5160 1581 5236 igitur
1613 5167 1780 5211 totum
1818 5171 1918 5208 ms.
1949 5154 2100 5208 Gem.
2131 5154 2378 5236 ld_igitl_tr
2403 5163 2570 5236 totum
2652 5154 2721 5186 "'9
2761 5155 3240 5236 Quomodototum
3270 5151 3427 5236 simul
3459 5160 3544 5236 est
3570 5166 3693 5236 mss.

440 5220 570 5290 Vict.
601 5235 726 5306 Sag.
758 5234 818 5290 S.
843 5233 1018 5306 Misit.
1052 5220 1550 5306 Qisterrquom‘odo
1596 5237 1765 5306 totum
1799 5234 2140 5306 quoquenest
2171 5220 2333 5278 simul
2390 5225 2474 5306 35°
2514 5226 2584 5306 At
2617 5241 2744 5306 vero
2775 5220 2832 5306 in
2862 5226 3090 5306 diversis
3118 5241 3244 5279 mss.
3271 5234 3317 5278 el
3343 5220 3625 5306 εά..ςξοι1ι..
3639 5232 3698 5306 at

429 5323 558 5360 vero
585 5307 628 5360 si
656 5291 885 5359 diversis
957 5303 1023 5334 3“
1056 5301 1166 5355 Nec
1200 5305 1250 5353 in
1282 5291 1510 5354 diversis
1538 5315 1663 5351 mss.
1704 5291 1834 5349 Vict.
1861 5291 1987 5364 Sag.
2011 5293 2216 5366 Cister.
2245 5311 2344 5366 nec
2371 5296 2600 5351 diversis
2676 5297 2744 5328 ³⁵³
2777 5296 2932 5352 Nunc
2963 5297 3126 5366 igitur
3155 5303 3236 5350 est
3273 5309 3395 5346 mss.
3441 5291 3695 5366 Vicus.

432 5373 568 5428 Tim.
600 5377 783 5430 (λίπεν.
819 5389 960 5430 nunc
985 5381 1068 5428 est
1141 5371 1211 5403 ⁸⁸³
1254 5370 1382 5440 Cap.
1411 5370 1475 5422 ﬁt
1507 5379 1579 5424 est
1612 5370 1664 5422 in
1691 5383 1814 5422 mss.
1852 5361 2006 5437 cap'ut
2034 5364 2106 5417 22
2203 5364 2273 5396 ³⁵δ
2317 5367 2489 5434 Quam
2529 5368 2646 5438 ipsa
2695 5368 2934 5424 essentia
2968 5361 3180 5422 summa
3219 5379 3344 5419 mss.
3380 5376 3545 5433 quam
3583 5361 3694 5432 ipsa

429 5457 640 5498 summa

1943 5524 2178 5584 ΝΟΤᾹΞ.

506 5619 622 5695 (5i)
641 5625 786 5683 Alias
810 5627 899 5682 hic
920 5625 1108 5694 incipit
1133 5639 1253 5695 cap.
1277 5621 1368 5676 ‘21.
