3882 6050
201 286 311 340 175

199 400 379 457 steudi
403 396 750 463 diuturnitas,
787 410 949 465 quam
974 396 1091 467 ejus
1132 400 1444 454 aeternitas?
1474 399 1613 470 Ergo
1658 415 1781 454 cum
1812 403 1859 459 A

198 490 320 559 ejus
346 487 624 541 teteruitas
663 485 797 539 nihil
840 485 987 540 aliud
1033 486 1106 541 sit
1143 502 1308 556 quam
1355 487 1477 557 ejus
1519 489 1781 554 essentia,

200 584 347 636 sicut
368 595 529 648 supra
564 578 775 646 digesta
800 578 941 632 ratio
993 577 1428 634 indubitabiliter
1462 581 1655 649 prohat
1692 598 1704 633 :
1739 580 1784 635 si

199 667 322 736 ejus
356 667 634 720 teternitas
665 666 828 720 habet
856 667 1216 734 praeteritum,
1266 683 1507 738 praesens
1539 676 1595 723 et
1644 668 1787 724 futu-

201 774 344 821 rum,
376 766 771 826 consequenter
797 772 1013 827 quoque
1038 757 1154 827 ejus
1184 762 1422 815 essentia
1452 760 1617 817 habet
1644 776 1786 831 prac-

203 849 457 912 teritum,
497 862 757 917 pmsens,
790 859 845 903 et
882 847 1143 904 futurum.
1177 849 1247 904 At
1282 853 1426 922 quod
1454 853 1787 922 praeteritum

198 950 309 1003 est,
338 956 446 995 non
485 949 839 1010 estprzeseus
890 941 975 997 vel
1018 941 1293 1008 futurum;
1351 951 1406 997 et
1456 945 1599 1013 quod
1651 959 1789 1013 pne-

199 1046 330 1087 sens
358 1040 464 1096 est,
498 1045 603 1085 non
631 1040 717 1086 est
740 1032 1099 1101 praeteritum,
1132 1049 1234 1089 nec
1286 1033 1527 1089 futurum
1580 1036 1682 1101 ³³⁸;
1732 1044 1789 1091 ει

198 1121 345 1189 quod
377 1121 616 1174 futurum
643 1130 746 1186 est,
772 1138 880 1176 non
914 1134 999 1179 est
1021 1124 1379 1193 prazteritum,
1412 1125 1496 1180 vel
1544 1141 1784 1196 praesens

199 1213 297 1266 ³⁵⁸.
327 1212 608 1279 Quomodo
660 1227 790 1283 ergo
827 1214 993 1269 stabit
1029 1216 1173 1284 quod
1208 1231 1371 1286 supra
1402 1217 1709 1271 rationabili
1732 1225 1789 1272 et

197 1304 487 1373 perspicua
517 1303 839 1375 necessitate
860 1304 1078 1369 claruit,
1104 1306 1333 1370 scilicet,
1358 1308 1483 1377 quia
1513 1306 1600 1360 illa
1637 1323 1785 1361 sum-

198 1406 513 1450 manatura
549 1396 697 1449 nullo
742 1396 813 1429 ⁸⁸⁷
867 1398 1028 1451 modo
1073 1398 1392 1468 composita,
1432 1401 1527 1453 sed
1575 1413 1787 1454 summe

197 1489 436 1557 simplex
476 1499 531 1546 et
570 1504 781 1546 summe
830 1488 1308 1555 inconnuutabilis,
1346 1490 1391 1544 si
1441 1490 1585 1545 aliud
1628 1491 1700 1523 ³⁸⁸
1730 1500 1790 1546 et

195 1581 345 1634 aliud
375 1591 460 1636 est
486 1582 540 1636 in
568 1581 797 1636 diversis
823 1579 1181 1650 temporibus,
1211 1588 1266 1634 et
1289 1594 1385 1649 per
1408 1588 1646 1651 tempora
1676 1583 1785 1637 dis-

196 1677 433 1731 tributas
476 1675 638 1730 habet
662 1683 877 1745 partes;
923 1683 1016 1728 aut
1053 1673 1251 1743 potius,
1287 1675 1330 1729 si
1361 1674 1449 1729 illa
1474 1690 1603 1729 vera
1625 1686 1780 1743 sunt;

194 1767 312 1820 imo
335 1768 461 1836 quia
486 1767 690 1837 liquido
717 1766 786 1798 ³⁸⁹
826 1780 952 1820 vera
972 1775 1122 1831 sunt,
1144 1767 1415 1834 quomodo
1448 1767 1563 1821 haec
1605 1767 1782 1836 possi-
1812 1750 1860 1809 Β

194 1858 327 1911 bilia
350 1858 509 1911 sunt?
538 1856 697 1912 Nullo
727 1857 893 1928 igitur
922 1857 1081 1913 modo
1111 1858 1349 1913 creatrix
1394 1859 1656 1926 essentia,
1688 1869 1783 1915 aut

193 1960 353 2016 tetas,
384 1961 479 2004 aut
502 1952 784 2007 aeternitas
811 1951 928 2021 ejus
955 1950 1147 2020 recipit
1168 1954 1499 2021 praatcritum
1528 1951 1611 2006 vel
1634 1951 1779 2005 futu-

197 2056 342 2095 rum.
372 2041 622 2096 Pmsens
642 2041 788 2095 enim
809 2042 1078 2111 quomodo
1102 2057 1209 2096 non
1241 2040 1420 2106 habet,
1446 2042 1493 2096 si
1516 2056 1640 2097 vere
1662 2043 1779 2096 est?

194 2133 440 2197 saliuit,
483 2133 755 2203 signiﬁcat
803 2132 1172 2202 praeteritum;
1223 2140 1280 2185 et
1331 2133 1464 2197 erit,
1512 2131 1775 2187 futurum.

196 2225 491 2296 Nunquam
530 2226 693 2297 igitur
727 2225 815 2279 illa
859 2226 979 2288 fuit,
1019 2225 1102 2279 vel
1148 2226 1281 2290 erit;
1336 2240 1507 2295 quare
1556 2242 1660 2281 non
1697 2237 1782 2283 est

194 2320 463 2373 distincte
491 2320 581 2382 ³⁶⁰,
616 2319 756 2373 sicut
784 2333 884 2374 nec
921 2318 1078 2373 simul
1109 2328 1217 2373 tota
1259 2319 1314 2372 in
1338 2319 1569 2374 diversis
1597 2322 1781 2392 singu-

193 2410 262 2464 lis
293 2410 649 2479 temporibus.
686 2408 742 2464 Si
774 2409 958 2480 igitur,
1013 2410 1154 2464 sicut
1196 2410 1502 2465 discussum
1546 2412 1613 2444 '“
1671 2423 1778 2479 est,

189 2518 298 2558 nec
322 2505 401 2558 sic
426 2512 510 2558 est
536 2512 649 2557 tota
689 2502 741 2556 in
769 2502 1021 2557 omnibus
1053 2502 1187 2558 locis
1223 2503 1308 2559 vel
1335 2505 1688 2574 temporibus,
1722 2515 1781 2562 ut

189 2594 363 2649 semel
389 2594 463 2649 sit
494 2603 601 2648 tota
635 2592 687 2647 in
711 2597 983 2659 omnibus,
1011 2604 1065 2647 et
1092 2609 1191 2663 per
1218 2603 1402 2664 partes
1440 2596 1492 2648 in
1519 2596 1774 2668 singulis;

188 2702 297 2742 nec
323 2688 426 2750 sic,
450 2696 509 2740 ut
538 2696 643 2742 tota
677 2688 749 2741 sit
780 2686 833 2739 in
858 2688 1107 2759 singulis,
1141 2685 1493 2741 manifestum
1539 2698 1623 2743 est
1651 2690 1779 2760 quia

190 2792 301 2830 non
325 2785 411 2830 est
435 2776 544 2831 ullo
574 2778 731 2831 modo
759 2777 809 2831 in
834 2780 983 2832 omni
1014 2778 1131 2831 loco
1157 2776 1239 2832 vel
1279 2786 1522 2848 tempore
1554 2787 1685 2832 tuta.
1712 2778 1781 2833 Et

188 2868 454 2938 quoniam
483 2868 733 2924 similiter
753 2870 1026 2938 pervisum
1060 2877 1145 2924 est
1184 2868 1253 2900 ³⁸³
1284 2869 1411 2938 quia
1444 2884 1543 2923 nec
1572 2870 1651 2924 sic
1694 2878 1782 2925 est

191 2959 244 3012 in
272 2958 430 3014 omni
466 2959 587 3014 loco
619 2960 703 3015 vel
744 2969 1006 3030 tempore,
1040 2970 1100 3014 ut
1126 2975 1250 3031 pars
1290 2961 1362 3015 sit
1412 2961 1467 3015 in
1519 2961 1691 3026 omni,
1723 2970 1779 3016 et

1605 284 2079 343 SIONOLOGIUM.

3358 288 3459 344 ιη

1956 399 2151 454 suntin
2174 398 2292 453 loco
2317 407 2371 469 et
2398 406 2660 467 tempore,
2701 406 2761 453 ut
2798 399 2903 453 loci
2947 398 3179 469 spatium
3206 399 3291 454 vel
3330 410 3462 457 tem-

1961 471 2107 540 poris
2140 468 2548 540 diuturnitatem
2594 483 2729 540 non_
2761 468 3050 523 excedant.
3118 469 3262 540 Illius
3315 473 3462 527 enim

1959 536 2219 594 duntaxat
2237 539 2311 593 rei
2326 548 2411 593 est
2452 537 2621 602 locus,
2645 536 2798 604 cujus
2812 540 3166 607 quantitatem
3185 539 3332 594 locus
3357 542 3464 597 eir-

1960 609 2277 663 cumscribit
2318 624 2380 661 ac
2425 609 2703 662 continet:
2746 616 2799 662 et
2850 608 2992 661 illius
3042 608 3213 662 solum
3252 610 3329 663 rei
3378 620 3464 667 est

1966 678 2184 748 aliquod
2237 687 2466 746 tempus,
2516 676 2670 744 cujus
2726 677 3133 748 diuturnitatem
3177 679 3463 748 metiendo

1964 745 2239 803 terminat.
2274 745 2360 801 At"
2381 762 2589 802 summa
2618 756 2811 801 natura
2840 746 3002 801 nullis
3034 745 3278 802 terminis
3308 749 3460 803 clau—

1960 819 2137 884 ditur;
2168 818 2259 872 sed
2286 816 2401 883 ejus
2438 818 2696 886 potentia,
2725 832 2845 885 qua:
2870 824 2952 870 est
2977 815 3457 886 ipsiusessentite.

1960 889 2139 941 omnia
2168 889 2267 940 sub
2291 903 2349 940 se
2377 884 2666 940 concludit.
2698 884 2838 956 Ergo
2869 884 3039 954 ipsam
3072 884 3216 956 nulla
3252 886 3353 942 loci
3377 888 3461 942 vel

1963 958 2217 1026 temporis
2242 956 2498 1012 cohibitio
2520 955 2762 1018 includit,
2790 964 2844 1009 et
2874 971 2995 1009 cum
3036 955 3235 1010 nullam
3264 956 3455 1012 localis

1961 1028 2043 1081 vel
2076 1025 2382 1096 temporalis
2408 1025 2755 1079 distensionis
2784 1025 3204 1096 magnitudinem
3228 1026 3310 1096 vel
3335 1042 3458 1096 par-

1959 1094 2202 1152 vitatem
2230 1097 2369 1151 sicut
2398 1110 2498 1150 nec
2544 1104 2773 1163 partem,
2828 1095 3122 1163 suscipiat;
3155 1094 3299 1149 nullo
3336 1094 3459 1153 loco

1960 1176 2053 1220 aut
2076 1176 2316 1234 tempore
2342 1165 2824 1219 circumscribitur.
2859 1164 2930 1218 At
2962 1173 3137 1219 tamen
3161 1168 3460 1223 necessitas

1958 1236 2127 1307 exigit
2168 1250 2434 1289 summam
2478 1236 2781 1307 essentiam
2818 1242 3003 1307 totam
3029 1235 3159 1288 nulli
3212 1234 3331 1291 loco
3371 1238 3458 1292 vel

1959 1302 2188 1376 tempori
2215 1308 2402 1360 deesse
2431 1319 2445 1357 :
2474 1314 2537 1376 et
2578 1304 2723 1376 nulla
2769 1302 2853 1357 lex
2903 1304 3150 1376 loci_aut
3200 1308 3457 1376 temporis

1957 1373 2212 1445 prohibet
2248 1389 2369 1445 eam
2398 1375 2542 1428 omni
2573 1375 2692 1429 loco
2728 1382 2782 1445 et
2813 1373 3055 1445 tempori.
3081 1374 3239 1428 simul
3289 1373 3455 1431 totam

1960 1444 2168 1500 adesse.
2203 1446 2319 1515 lpsa
2360 1444 2521 1513 igitur
2562 1452 2672 1497 tota
2698 1444 2859 1498 simul
2879 1444 3129 1515 omnibus
3152 1452 3209 1499 et
3232 1446 3459 1515 singulis

1957 1515 2091 1569 locis
2120 1524 2175 1570 et
2200 1512 2528 1583 tetnporib‘us
2552 1529 2787 1583 praesens
2812 1520 2914 1567 est.
2941 1512 3065 1567 Ideo
3090 1515 3233 1568 enim
3261 1512 3457 1570 itthco

1959 1586 2043 1639 vel
2068 1595 2306 1653 tempore
2351 1598 2472 1638 esse
2522 1584 2736 1643 dicitur,
2786 1598 2889 1635 non
2936 1583 3062 1653 quia
3116 1584 3451 1650 continetur;

1956 1657 2052 1710 sed
2074 1652 2197 1724 quia
2224 1670 2460 1723 praesens
2491 1663 2591 1707 est.
2620 1653 2810 1723 Aptius
2838 1662 3015 1724 tamen
3046 1652 3159 1724 haec
3182 1653 3457 1708 diceretur

1957 1739 2077 1781 esse
2092 1722 2237 1779 'cum’
2256 1724 2376 1779 loco
2400 1734 2449 1777 et
2485 1722 2745 1790 tempore.
2779 1738 2940 1792 quam
2983 1722 3035 1775 in
3087 1722 3205 1777 loco
3235 1733 3292 1779 et
3322 1733 3458 1777 tem-

1958 1809 2118 1864 pore;
2149 1795 2274 1864 quia
2307 1808 2426 1849 esse
2456 1793 2506 1864 in
2532 1792 2648 1845 loco
2669 1792 2752 1864 vel
2782 1792 3283 1864 tempor_e,-proprie
3303 1793 3458 1850 intel-

1956 1862 2140 1936 ligitur
2163 1862 2447 1918 contineri.
2492 1863 2677 1936 Itaque
2706 1863 2756 1915 in
2787 1864 2944 1936 omni
2985 1862 3102 1916 loco
3132 1862 3184 1917 et
3216 1870 3458 1936 tempore

1956 1932 2167 1990 summa
2200 1943 2395 1987 natura
2426 1943 2540 1996 est,
2571 1932 2696 2001 quia
2729 1932 2860 1985 nulli
2898 1932 3051 2001 abest
3080 1947 3095 1997 ;
3135 1940 3190 1985 et
3230 1934 3283 1987 in
3313 1932 3455 1988 nullo

1955 2007 2076 2059 loco
2107 2004 2192 2059 vel
2218 2015 2460 2073 tempore
2497 2000 2606 2073 est;
2662 2003 2802 2073 quia
2827 2000 2967 2073 nulla
3019 2002 3308 2068 clauditur,
3355 2018 3456 2058 nec

1955 2076 2068 2132 loci
2097 2082 2192 2127 aut
2216 2072 2475 2143 temporis
2502 2072 2706 2140 legibus
2728 2072 3028 2141 subjicitur.

1952 2166 2232 2232 Quomodo
2275 2179 2404 2233 ergo
2455 2162 2781 2217 convenient
2827 2162 2941 2215 haec
2983 2170 3091 2215 tam
3150 2162 3454 2215 necessaria

1881 2254 2175 2310 secundum
2202 2252 2578 2323 prolationem,
2606 2260 2661 2304 et
2688 2258 2795 2302 tam
2826 2248 3129 2303 necessaria
3157 2248 3452 2303 secundum

1880 2343 2289 2417 probationem?
2328 2341 2582 2399 Fortasse
2629 2340 2861 2409 quodam
2902 2341 3063 2395 modo
3112 2349 3196 2394 est
3246 2354 3453 2395 summa

1882 2446 2076 2491 natura
2108 2436 2160 2488 iu
2194 2434 2313 2488 loco
2349 2432 2429 2487 vel
2456 2442 2715 2501 tempore,
2749 2445 2857 2499 quo
2893 2445 3000 2484 non
3027 2430 3348 2499 prohibetur
3376 2430 3457 2485 sic

1880 2542 1999 2582 esse
2025 2524 2187 2581 simul
2221 2530 2329 2578 tota
2364 2522 2417 2576 in
2465 2521 2691 2592 singulis
2722 2520 2855 2575 locis
2885 2520 2968 2573 vel
2999 2519 3330 2589 temporibus
3364 2520 3454 2587 ³⁸⁷,

1881 2629 1939 2673 ιιι
1964 2627 2267 2673 tamennon
2295 2611 2601 2685 sintplures
2629 2622 2774 2678 totte,
2798 2613 2892 2668 sed
2915 2627 3017 2665 una
3044 2610 3156 2666 sola
3181 2618 3324 2676 tota;
3355 2627 3456 2666 nec

1879 2710 1995 2779 ejus
2015 2720 2168 2775 tetas,
2196 2724 2315 2779 quae
2345 2723 2450 2762 non
2477 2714 2562 2761 est
2604 2705 2709 2759 nisi
2741 2719 2866 2758 vera
2901 2706 3197 2767 mternltas,
3244 2718 3352 2759 non
3387 2704 3456 2758 sit

1880 2804 2166 2858 distributa
2196 2802 2251 2855 in
2284 2799 2637 2871 prteteritum,
2666 2810 2905 2866 praesens
2952 2804 3007 2850 et
3048 2795 3308 2850 futurum.
3339 2794 3456 2851 Non

1880 2896 2028 2952 enim
2055 2895 2306 2948 videntur
2338 2892 2439 2945 hac
2460 2890 2575 2962 lege
2597 2889 2698 2944 loci
2724 2903 2784 2942 ac
2809 2887 3063 2957 temporis
3086 2887 3228 2957 cogi,
3256 2888 3360 2943 nisi
3390 2902 3454 2943 ea

1880 3003 1999 3059 qua:
2020 2988 2100 3043 sic
2126 2996 2253 3042 sunt
2275 2986 2328 3040 in
2359 2983 2477 3038 loco
2502 2980 2584 3036 vel
2608 2989 2870 3049 tempore,
2896 2986 2955 3032 ut
2984 2976 3087 3033 loci
3111 2977 3343 3047 spatium
3376 2977 3454 3034 vel

190 3064 324 3155 Pars
352 3050 430 3155 Si}
464 3056 620 3155 cf"?
649 3064 866 3155 ⁰¹ξ¹ξ¹θ¹¹¹
920 3050 1097 3105 ¹⁰⁰¹¹¹¹¹
1128 3051 1212 3105 vel
1250 3059 1483 3155 ίθξξηξμδι
1526 3051 1778 3155 ί¹¹Ψ⁰⁵ῗί’
1808 3098 1850 3155 C
1885 3050 2141 3152 temporis
2166 3077 2575 3133 diuturnitatem
2606 3089 2713 3129 non
2743 3072 3025 3128 excedant.
3060 3068 3261 3136 Quare,
3314 3070 3456 3125 sicut

192 3138 303 3193 bile
328 3146 417 3193 est
485 3147 545 3193 ut
577 3139 648 3193 sit
676 3140 874 3209 ubique
915 3149 971 3194 et
1008 3155 1242 3210 semper.
1294 3140 1609 3197 Nullatenus
1636 3144 1779 3196 enim

193 3241 374 3301 potest
400 3230 625 3301 intelligi
655 3245 775 3286 esse
804 3233 1003 3302 ubique
1024 3243 1081 3287 et
1115 3248 1350 3303 semper,
1377 3234 1478 3287 nisi
1504 3243 1598 3287 aut
1648 3243 1779 3299 tota,

195 3337 287 3381 aut
312 3341 465 3395 pars.
491 3325 644 3392 Quod
675 3328 720 3382 si
753 3341 1093 3397 nequaquam
1116 3336 1201 3381 est
1234 3328 1434 3397 ubique
1457 3336 1512 3382 et
1541 3344 1778 3398 semper,

196 3430 288 3472 aut
338 3420 451 3473 erit
495 3419 855 3475 determinate
898 3419 952 3473 in
996 3420 1178 3489 aliquo
1224 3418 1342 3475 loco
1387 3419 1471 3475 vel
1504 3430 1781 3489 tempore,

196 3523 289 3565 aut
319 3512 373 3565 in
403 3510 580 3577 nullo;
604 3510 964 3566 determinate
984 3520 1164 3567 autem
1199 3526 1321 3566 eam
1364 3510 1418 3565 in
1465 3511 1644 3581 aiiqno
1676 3528 1780 3564 non

196 3616 360 3671 posse
381 3601 662 3670 esse,jam
687 3602 991 3657 discussum
1034 3609 1142 3655 est.
1192 3600 1249 3655 ln
1297 3601 1443 3657 nullo
1496 3601 1658 3673 igitur
1698 3601 1784 3657 vel

201 3702 469 3762 tempore,
501 3694 554 3748 id
582 3701 686 3759 εει,
742 3708 1005 3763 nusquam
1036 3701 1094 3748 et
1121 3708 1395 3764 nunquam
1425 3701 1508 3749 est
1538 3692 1629 3747 ³³³.
1665 3693 1782 3748 Non

199 3786 344 3839 enim
370 3792 555 3855 potest
584 3800 730 3852 esse,
758 3785 863 3840 nisi
888 3792 982 3840 aut
1029 3784 1083 3840 in
1137 3786 1306 3851 omni,
1340 3794 1436 3839 aut
1483 3785 1538 3839 in
1579 3785 1783 3854 aliquo.

202 3875 308 3930 Sed
346 3891 540 3932 rursus
562 3892 683 3931 cum
706 3886 918 3933 constet
946 3876 1437 3948 inexpugnabiliter
1468 3891 1577 3931 non
1606 3877 1781 3931 solum

200 3967 326 4033 quia
354 3976 442 4021 est
468 3981 567 4035 per
590 3980 670 4032 se,
701 3976 757 4021 et
782 3966 899 4022 sine
932 3967 1219 4037 principio,
1259 3976 1314 4021 et
1350 3966 1467 4021 sine
1510 3966 1648 4032 line;
1689 3966 1786 4021 sed

200 4057 326 4126 quia
355 4058 564 4127 aliquid
590 4060 707 4114 sine
738 4074 803 4114 ea
831 4075 931 4113 nec
968 4074 1196 4129 usquam
1246 4075 1348 4115 nec
1375 4075 1651 4130 nunquam
1676 4070 1781 4128 est,

200 4160 430 4202 necesse
461 4147 608 4202 illam
640 4163 760 4203 esse
787 4148 856 4179 ‘“
883 4148 1081 4218 ubique
1109 4159 1164 4203 et
1190 4165 1425 4220 semper.

543 4260 769 4317 CAPUT
800 4261 939 4317 xxu
992 4262 1087 4335 [αι.
1121 4261 1307 4335 xxnu
1338 4264 1428 4318 ιω.

207 4372 274 4405 ³⁸³
304 4372 581 4440 Quomodo
605 4377 671 4430 sit
707 4378 761 4431 in
808 4381 970 4440 omni,
1018 4377 1177 4478 eguit:
1224 4377 1369 4431 nullo
1399 4379 1513 4431 loco
1558 4390 1604 4432 et
1655 4392 1782 4433 tent-

898 4465 1021 4518 pore
1047 4465 1138 4500 πυ.

204 4533 554 4592 Causam-rus
578 4552 805 4593 CAPITIS.
843 4570 915 4579 —
951 4539 1076 4594 Hzec
1107 4548 1217 4593 tam
1272 4538 1545 4593 contraria
1599 4556 1788 4595 secun-

281 4607 408 4680 dum
446 4607 825 4675 prolationem,
860 4618 915 4663 et
950 4610 1254 4665 necessaria
1306 4610 1602 4680 secundum
1660 4627 1785 4680 pro-

281 4676 583 4742 bationem,
632 4680 773 4732 inter
820 4696 878 4734 se
901 4682 1228 4737 conveniunt
1268 4692 1283 4731 :
1318 4678 1583 4748 siquidem
1623 4676 1787 4733 unum

281 4755 458 4801 totum
486 4726 594 4802 non
623 4764 781 4817 posse
820 4726 979 4803 simul
1016 4726 1138 4805 esse
1178 4752 1230 4803 in
1267 4726 1495 4803 divc'rsis
1536 4752 1667 4805 locis
1708 4751 1791 4803 vel
1886 4730 1938 4783 id
1979 4726 2217 4799 profecto

1884 3176 1953 3229 de
1984 3173 2067 3227 his
2087 3186 2205 3241 quae
2227 3168 2531 3239 hujusmodi
2558 3174 2704 3233 sunt,
2727 3178 2893 3219 unum
2920 3161 3168 3229 idemque
3194 3167 3361 3215 totum
3383 3161 3457 3217 si.

1884 3264 1996 3321 mul
2020 3278 2125 3319 non
2156 3276 2315 3333 posse
2339 3273 2462 3316 esse
2487 3266 2662 3313 totum
2695 3256 2749 3311 in
2773 3252 3003 3310 diversis
3051 3251 3187 3307 locis
3212 3250 3297 3306 vel
3325 3261 3460 3307 tem-

1884 3354 2181 3428 poribus'"
2197 3352 2343 3407 omni
2362 3350 2594 3406 veritate
2617 3347 2909 3411 asseritur;
2938 3345 3012 3398 ita
3040 3343 3093 3397 in
3115 3342 3201 3398 bis
3213 3358 3332 3413 qua:
3355 3344 3456 3399 hu-

1880 3446 2116 3517 jusmodi
2133 3460 2241 3500 non
2256 3451 2403 3508 sunt,
2420 3442 2651 3511 idipsum
2682 3438 2828 3493 nulla
2843 3438 3170 3493 necessitate
3182 3436 3459 3494 concludi-

1886 3550 1993 3597 tur.
2005 3534 2494 3607 Jurenamquedici
2510 3533 2746 3597 videtur,
2762 3530 2907 3603 quod
2936 3538 3147 3586 tantum
3163 3530 3281 3601 ejus
3295 3529 3371 3585 rei
3390 3527 3461 3582 sit

1886 3634 2081 3704 aliquis
2099 3632 2200 3704 13
2218 3632 2391 3695 locus,
2404 3626 2559 3697 cujus
2571 3624 2925 3697 quantitatem
2951 3623 3100 3679 locus
3122 3620 3462 3678 circumscri-

1884 3724 2061 3781 bendo
2079 3722 2336 3783 continet,
2358 3726 2415 3773 et
2439 3714 2768 3773 continendo
2790 3711 3215 3778 circumscribit,
3241 3719 3297 3766 et
3317 3709 3460 3781 quod

1886 3817 2002 3887 ejus
2032 3813 2109 3869 rei
2138 3810 2309 3867 solum
2336 3810 2408 3865 sit
2432 3807 2651 3877 aliquod
2682 3815 2912 3876 tempus,
2939 3802 3095 3874 cujus
3135 3801 3459 3859 diuturnita-

1889 3915 1996 3961 tem
2029 3913 2239 3972 tempus
2265 3898 2537 3954 metiendo
2563 3895 2744 3964 aliquo
2771 3895 2933 3949 modo
2962 3892 3241 3955 terminat,
3272 3901 3329 3947 et
3348 3898 3460 3945 ter-~

1887 3994 2143 4052 minando
2197 3991 2438 4046 metitur.
2488 3987 2829 4056 Quapropter
2881 3982 3036 4053 cujus
3082 3981 3462 4052 amplitudini,

1888 4099 1982 4145 aut
2009 4082 2379 4148 diuturnitati,
2412 4078 2557 4135 nulla
2594 4086 2736 4134 meta
2774 4076 2858 4131 vel
2907 4090 2937 4130 a
2966 4074 3086 4131 loco
3126 4072 3212 4129 vel
3245 4088 3278 4127 a
3325 4081 3464 4126 tem-

1889 4195 2020 4253 pore
2049 4176 2368 4249 opponitur;
2418 4173 2512 4228 ulli
2553 4170 2759 4226 nullum
2806 4184 2927 4225 esse
2973 4167 3147 4224 locum
3200 4166 3283 4221 vel
3327 4174 3465 4220 tem-

1890 4289 1989 4342 pus
2036 4284 2163 4325 vere
2209 4265 2549 4338 proponitur.
2590 4261 2856 4328 Quoniam
2904 4273 3139 4328 namque
3177 4272 3277 4311 nec
3317 4256 3465 4311 locus

1891 4363 1966 4417 illi
2007 4361 2172 4423 facit,
2204 4360 2344 4428 quod
2393 4356 2569 4420 locus;
2604 4369 2703 4410 nec
2732 4363 2977 4423 tempus,
3031 4351 3173 4420 quod
3217 4359 3466 4419 tempus:

1890 4469 1994 4508 non
2044 4449 2494 4505 irrationabiliter
2542 4447 2741 4501 dicitur
2789 4446 2913 4514 quia
2965 4444 3143 4498 nullus
3190 4443 3339 4497 locus
3383 4452 3468 4494 est

1884 4546 2004 4614 ejus
2034 4544 2202 4605 locus,
2235 4549 2289 4594 et
2320 4539 2524 4593 nullum
2563 4546 2771 4605 tempus
2798 4544 2881 4591 est
2902 4533 3018 4603 ejus
3054 4543 3281 4604 tempus.
3315 4532 3467 4597 Quod

1884 4652 2014 4692 vero
2049 4634 2249 4689 nullum
2290 4633 2465 4685 locum
2504 4638 2597 4683 aut
2641 4638 2851 4698 tempus
2870 4627 3068 4681 habere
3116 4625 3466 4692 conspicitur,

2241 4723 2547 4778 nullatenus
2577 4721 2680 4774 loci
2713 4730 2805 4774 aut
2848 4717 3105 4787 temporis
3140 4717 3308 4787 legem
3340 4714 3469 4769 stib-

284 4808 639 4887 temporibus;
690 4835 875 4874 verum
924 4830 1005 4875 est
1054 4821 1311 4875 duntaxat
1342 4820 1408 4875 de
1462 4820 1527 4875 iis
1548 4838 1665 4889 qua:
1713 4823 1792 4875 sic
1886 4823 1965 4875 ire
1993 4818 2355 4874 convincitur.
2389 4812 2544 4867 Nulla
2577 4814 2739 4883 igitur
2776 4811 2862 4866 lex
2903 4810 3002 4864 loci
3062 4817 3154 4863 aut
3200 4808 3463 4877 temporis

1498 4910 1730 4968 VARUE
1769 4910 2169 4968 LECTIONES.

283 5002 358 5035 ³⁸⁸
388 5002 505 5056 Νοη
552 5004 656 5057 erit

748 5002 1041 5057 raeteritum
1103 5017 1203 5058 nec
1242 5003 1479 5058 futurum
1516 5022 1641 5059 mss.
1702 5022 1806 5058 nun
1857 5015 1939 5060 est
1996 5002 2230 5056 futurum
2297 5015 2395 5053 nec
2452 4998 2783 5067 prrezeritum
2829 4994 3018 5067 msaS.
3053 4991 3214 5046 Mich.
3250 5007 3355 5046 non
3384 5001 3470 5044 est

208 5074 551 5145 praeteritum
588 5089 686 5145 nec
708 5066 947 5127 l'uturum
1014 5074 1091 5145 7'“
1117 5075 1231 5128 Non
1259 5086 1341 5129 est
1371 5077 1701 5144 prattcritnm
1747 5075 1829 5129 vel
1867 5066 2585 5145 prutseltshrnss._Thtt;tton
2629 5077 2713 5145 est
2740 5066 3085 5145 praeteritum
3112 5078 3211 5142 nec
3238 5076 3471 5131 praesens

209 5134 284 5175 ⁵⁸⁷
314 5143 548 5207 Claruit,
579 5144 704 5212 quia
734 5158 947 5198 summa
992 5144 1080 5198 illa
1113 5154 1307 5199 natura
1337 5134 1542 5200 scilicet
1583 5146 1727 5198 nullo
1770 5134 1894 5199 mss'.
1920 5144 2067 5197 Gem.
2111 5140 2242 5213 Vict.
2276 5139 2401 5213 ng.
2425 5134 2860 5213 Cister.__(_:laruit,
2880 5134 3094 5213 _s_cili_c_et
3115 5134 3471 5213 «piissimum

208 5214 304 5287 illa
333 5199 547 5287 natura
575 5199 719 5267 tiullo
793 5214 862 5245 ³⁸⁸
910 5214 1005 5287 Sin
1054 5215 1199 5269 aliud
1242 5199 1555 5287 mssgetett.
1587 5214 1743 5287 Gali/1.
1786 5216 1829 5270 si
1862 5215 2005 5269 aliud
2078 5213 2146 5244 "9
2180 5199 2412 5287 Liquida
2442 5226 2564 5287 mss.
2608 5205 2689 5260 Vi.
2719 5206 2847 5287 Sag.
2880 5204 3076 5287 iiquida
3144 5199 3475 5287 i’“°.1:i.oit‘it38t

208 5285 479 5339 distincta
509 5300 633 5337 mss.
660 5300 766 5355 non
801 5293 884 5339 est
913 5285 1163 5355 distincte
1237 5286 1303 5317 ³⁶¹
1333 5284 1423 5339 Sic
1453 5286 1618 5355 igitur
1642 5286 1941 5339 discussum
1974 5299 2098 5336 mss.
2126 5282 2210 5337 ed.
2236 5270 2391 5334 Coth.
2422 5279 2465 5333 si
2493 5279 2675 5348 igitur.
2699 5270 2839 5355 sicut
2864 5270 3161 5328 discussum
3238 5270 3305 5355 ³⁶ξ
3332 5270 3477 5322 Pras-

204 5358 396 5409 visum
427 5363 510 5407 εει
534 5370 659 5408 mu.
686 5354 818 5425 Tim.
844 5363 889 5408 et
921 5356 1003 5409 ed.
1047 5354 1206 5409 Com.
1245 5340 1516 5425 pervisum
1547 5365 1631 5410 est
1662 5424 1673 5425 ί
1703 5356 1771 5386 ³⁸³
1794 5356 2065 5425 Nusquam
2094 5362 2141 5409 et
2180 5366 2449 5425 nunquam
2472 5340 2715 5425 citantis.
2762 5346 2896 5425 ΊξΙιΑιι.
2930 5355 3191 5425 nusquam
3222 5340 3303 5425 vel
3342 5356 3477 5425 nun-

252 5434 503 5495 uamiest
577 5425 644 5495 εδδ
666 5424 891 5479 Necesse
915 5426 1061 5479 illam
1097 5434 1180 5481 est
1203 5412 1327 5479 m'ss.
1368 5423 1452 5478 Vi.
1474 5424 1619 5479 Gem.
1647 5424 1771 5495 Sag.
1814 5412 2034 5480 necesse
2064 5412 2323 5495 estililam'
2338 5435 2456 5475 esse
2530 5418 2597 5495 ’ἥδ
2626 5416 2754 5485 (Ῐαρο
2789 5415 2861 5495 f2?
2882 5424 2954 5468 εδτ
2979 5413 3031 5464 in
3060 5412 3477 5495 ¹η³³;,⁰¹ίί1¹έέί’¹¹³

252 5440 386 5477 “3m
416 5440 503 5478 851
577 5440 644 5455 η’
666 5440 891 5479 necesse
915 5440 1061 5479 “lam
1097 5440 1180 5481 eSl
1203 5442 1327 5479 ηιδδ.
1374 5440 1452 5478 γι.
1474 5440 1619 5479 hem.
1647 5440 1771 5495 δας.
1814 5440 2034 5480 necesse
2064 5440 2147 5478 ρει
2169 5440 2311 5474 Illam
2338 5440 2456 5475 esse
2530 5440 2597 5448 ’“’“’
2626 5440 2754 5485 Lap.
2789 5440 2861 5495 .22
2882 5440 2952 5468 CM
2980 5440 3031 5464 tu
3061 5440 3201 5494 lupo.‘
3216 5440 3477 5480 uuquruu.

206 5440 352 5562 gap.
388 5494 481 5547 Ξῖ).
511 5494 604 5547 sub
626 5496 721 5549 hoc
759 5496 949 5548 titulo:
978 5496 1257 5561 Quomodo
1286 5495 1474 5548 melius
1527 5496 1746 5562 intelligi
1780 5497 1946 5564 possit
1979 5508 2098 5549 esse
2128 5492 2215 5546 ubi
2260 5506 2327 5545 ue
2358 5505 2517 5560 quam
2564 5489 2616 5541 in
2658 5502 2799 5566 omni
2844 5486 2961 5563 loco
3005 5497 3131 5534 mss.
3161 5480 3285 5564 Gem
3334 5478 3478 5546 Quo-

209 5565 385 5614 modo
409 5567 481 5614 sit
513 5566 564 5614 in
601 5566 745 5614 omni
774 5574 829 5614 et
858 5567 909 5614 in
950 5566 1097 5614 nullo
1132 5566 1246 5614 loco
1275 5574 1329 5614 et
1355 5575 1596 5614 tempore
1670 5565 1741 5596 ⁸⁸⁸
1787 5565 1852 5614 1η
1886 5582 2008 5614 mss.
2053 5562 2189 5614 Vict.
2221 5506 2369 5614 rVim.
2413 5558 2561 5614 Gem.
2608 5556 2791 5611 Cister.
2826 5553 2959 5606 Vict.
2988 5549 3112 5614 Sag.
3139 5562 3478 5605 continuatur

209 5549 385 5620 modo
409 5567 481 5618 sit
513 5566 564 5617 in
601 5566 745 5619 omni
774 5574 829 5620 et
858 5567 910 5619 in
950 5549 1097 5620 nullo
1132 5566 1246 5619 loco
1275 5574 1329 5620 et
1355 5549 1626 5634 tempore
1670 5549 1741 5596 ’3'“
1783 5549 2189 5634 insemel.
2236 5549 2390 5634 Tim.-
2413 5558 2573 5634 Gem.
2608 5556 2791 5611 Cister.
2826 5553 2959 5634 Vict.
2988 5549 3112 5634 Sgg.
3139 5553 3479 5634 calatinugtuf

207 5618 337 5762 an.
393 5635 485 5757 21ι
513 5635 630 5691 loco
675 5618 798 5760 ηὗδε,
850 5618 909 5690 S.
952 5618 1117 5691 ᾖὶειὶ.
1163 5618 1297 5711 Tim.
1330 5618 1549 5692 loco'et
1575 5618 1847 5706 tempore
1904 5618 1993 5667 7’"
2024 5633 2182 5691 Locis
2224 5633 2304 5689 vel
2332 5629 2661 5700 temporibus
2679 5642 2813 5717 mss.
2851 5621 2983 5679 Vict.
3009 5618 3155 5677 Gem.
3188 5619 3313 5693 Sag.
3346 5618 3475 5674 Cist.

307 5721 355 5761 ts
382 5716 438 5759 et
489 5721 696 5762 emoort
742 5722 804 5760 us

307 5707 355 5761 is
382 5716 438 5759 et
468 5707 804 5776 temporibus
1276 5708 1279 5711 ’
2679 5710 2688 5717 ’
