  <div class='ocr_page' id='page_1' title='image "/cluster/home/n/w/nwhite01/storage/ocr_20150623/158/hvd.32044054760160/094.png"; bbox 0 0 3882 6050; ppageno 0'>
   <div class='ocr_carea' id='block_1_1' title="bbox 261 279 368 332">
    <p class='ocr_par' dir='ltr' id='par_1_1' title="bbox 261 279 368 332">
     <span class='ocr_line' id='line_1_1' title="bbox 261 279 368 332; baseline -0.019 0"><span class='ocrx_word' id='word_1_1' title='bbox 261 279 368 332; x_wconf 72' lang='grc' dir='ltr'><strong>ΓΠ</strong></span> 
     </span>
    </p>
   </div>
   <div class='ocr_carea' id='block_1_2' title="bbox 1675 283 2154 343">
    <p class='ocr_par' dir='ltr' id='par_1_2' title="bbox 1675 283 2154 343">
     <span class='ocr_line' id='line_1_2' title="bbox 1675 283 2154 343; baseline -0.002 -2"><span class='ocrx_word' id='word_1_2' title='bbox 1675 283 2154 343; x_wconf 79' lang='lat' dir='ltr'><strong>MONOLOGIUM.</strong></span> 
     </span>
    </p>
   </div>
   <div class='ocr_carea' id='block_1_3' title="bbox 3431 297 3534 353">
    <p class='ocr_par' dir='ltr' id='par_1_3' title="bbox 3431 297 3534 353">
     <span class='ocr_line' id='line_1_3' title="bbox 3431 297 3534 353; baseline 0.029 -4"><span class='ocrx_word' id='word_1_3' title='bbox 3431 297 3534 353; x_wconf 79' lang='grc'><strong>178</strong></span> 
     </span>
    </p>
   </div>
   <div class='ocr_carea' id='block_1_4' title="bbox 339 387 3534 470">
    <p class='ocr_par' dir='ltr' id='par_1_4' title="bbox 339 387 3534 470">
     <span class='ocr_line' id='line_1_4' title="bbox 339 387 3534 470; baseline 0.007 -29"><span class='ocrx_word' id='word_1_4' title='bbox 339 387 539 442; x_wconf 73' lang='lat' dir='ltr'><strong>Verum</strong></span> <span class='ocrx_word' id='word_1_5' title='bbox 567 402 690 443; x_wconf 90' lang='lat' dir='ltr'><strong>cum</strong></span> <span class='ocrx_word' id='word_1_6' title='bbox 733 397 948 445; x_wconf 94' lang='lat' dir='ltr'><strong>constet</strong></span> <span class='ocrx_word' id='word_1_7' title='bbox 977 391 1224 448; x_wconf 80' lang='lat' dir='ltr'><strong>eamdem</strong></span> <span class='ocrx_word' id='word_1_8' title='bbox 1270 407 1538 448; x_wconf 92' lang='lat' dir='ltr'><strong>summam</strong></span> <span class='ocrx_word' id='word_1_9' title='bbox 1586 405 1838 452; x_wconf 87' lang='lat' dir='ltr'><strong>naturam</strong></span> <span class='ocrx_word' id='word_1_10' title='bbox 1868 397 1914 452; x_wconf 80' lang='grc' dir='ltr'><strong>Α</strong></span> <span class='ocrx_word' id='word_1_11' title='bbox 1939 395 2100 451; x_wconf 86' lang='lat' dir='ltr'><strong>bilem</strong></span> <span class='ocrx_word' id='word_1_12' title='bbox 2133 397 2298 452; x_wconf 89' lang='lat' dir='ltr'><strong>vitam</strong></span> <span class='ocrx_word' id='word_1_13' title='bbox 2332 397 2491 454; x_wconf 90' lang='lat' dir='ltr'><strong>simul</strong></span> <span class='ocrx_word' id='word_1_14' title='bbox 2521 399 2761 470; x_wconf 74' lang='lat' dir='ltr'><strong>perfecte</strong></span> <span class='ocrx_word' id='word_1_15' title='bbox 2806 387 2973 458; x_wconf 82' lang='lat' dir='ltr'><strong>totam</strong></span> <span class='ocrx_word' id='word_1_16' title='bbox 3005 403 3276 460; x_wconf 84' lang='lat' dir='ltr'><strong>obtinere.</strong></span> <span class='ocrx_word' id='word_1_17' title='bbox 3309 407 3534 464; x_wconf 76' lang='lat' dir='ltr'><strong>Videtur</strong></span> 
     </span>
    </p>
   </div>
   <div class='ocr_carea' id='block_1_5' title="bbox 263 481 1850 554">
    <p class='ocr_par' dir='ltr' id='par_1_5' title="bbox 263 481 1850 554">
     <span class='ocr_line' id='line_1_5' title="bbox 263 481 1850 554; baseline 0.007 -20"><span class='ocrx_word' id='word_1_18' title='bbox 263 494 376 534; x_wconf 85' lang='lat' dir='ltr'><strong>non</strong></span> <span class='ocrx_word' id='word_1_19' title='bbox 412 481 582 549; x_wconf 80' lang='lat' dir='ltr'><strong>magis</strong></span> <span class='ocrx_word' id='word_1_20' title='bbox 609 495 732 535; x_wconf 89' lang='lat' dir='ltr'><strong>esse</strong></span> <span class='ocrx_word' id='word_1_21' title='bbox 766 481 820 536; x_wconf 92' lang='lat' dir='ltr'><strong>in</strong></span> <span class='ocrx_word' id='word_1_22' title='bbox 858 483 1112 540; x_wconf 85' lang='lat' dir='ltr'><strong>omnibus</strong></span> <span class='ocrx_word' id='word_1_23' title='bbox 1141 483 1296 549; x_wconf 90' lang='lat' dir='ltr'><strong>locis,</strong></span> <span class='ocrx_word' id='word_1_24' title='bbox 1327 499 1490 554; x_wconf 91' lang='lat' dir='ltr'><strong>quam</strong></span> <span class='ocrx_word' id='word_1_25' title='bbox 1518 484 1570 539; x_wconf 92' lang='lat' dir='ltr'><strong>in</strong></span> <span class='ocrx_word' id='word_1_26' title='bbox 1599 489 1850 545; x_wconf 89' lang='lat' dir='ltr'><strong>omnibus</strong></span> 
     </span>
    </p>
   </div>
   <div class='ocr_carea' id='block_1_6' title="bbox 259 573 1853 649">
    <p class='ocr_par' dir='ltr' id='par_1_6' title="bbox 259 573 1853 649">
     <span class='ocr_line' id='line_1_6' title="bbox 259 573 1853 649; baseline 0.007 -25"><span class='ocrx_word' id='word_1_27' title='bbox 259 585 386 639; x_wconf 70' lang='lat' dir='ltr'><strong>qua:</strong></span> <span class='ocrx_word' id='word_1_28' title='bbox 429 573 584 635; x_wconf 88' lang='lat' dir='ltr'><strong>sunt&#39;,</strong></span> <span class='ocrx_word' id='word_1_29' title='bbox 619 587 726 628; x_wconf 81' lang='lat' dir='ltr'><strong>non</strong></span> <span class='ocrx_word' id='word_1_30' title='bbox 761 573 907 628; x_wconf 85' lang='lat' dir='ltr'><strong>velut</strong></span> <span class='ocrx_word' id='word_1_31' title='bbox 955 590 1074 644; x_wconf 71' lang='lat' dir='ltr'><strong>qua:</strong></span> <span class='ocrx_word' id='word_1_32' title='bbox 1121 576 1490 640; x_wconf 82' lang='lat' dir='ltr'><strong>contineatur,</strong></span> <span class='ocrx_word' id='word_1_33' title='bbox 1523 593 1642 648; x_wconf 72' lang='lat' dir='ltr'><strong>qua:</strong></span> <span class='ocrx_word' id='word_1_34' title='bbox 1687 594 1853 649; x_wconf 90' lang='lat' dir='ltr'><strong>pene-</strong></span> 
     </span>
    </p>
   </div>
   <div class='ocr_carea' id='block_1_7' title="bbox 261 662 1848 724">
    <p class='ocr_par' dir='ltr' id='par_1_7' title="bbox 261 662 1848 724">
     <span class='ocr_line' id='line_1_7' title="bbox 261 662 1848 724; baseline 0.008 -11"><span class='ocrx_word' id='word_1_35' title='bbox 261 662 460 716; x_wconf 82' lang='lat' dir='ltr'><strong>trando</strong></span> <span class='ocrx_word' id='word_1_36' title='bbox 487 671 682 716; x_wconf 87' lang='lat' dir='ltr'><strong>cuncta</strong></span> <span class='ocrx_word' id='word_1_37' title='bbox 711 664 992 719; x_wconf 81' lang='lat' dir='ltr'><strong>contineat</strong></span> <span class='ocrx_word' id='word_1_38' title='bbox 1032 683 1046 719; x_wconf 92' lang='lat'>:</span> <span class='ocrx_word' id='word_1_39' title='bbox 1079 681 1178 720; x_wconf 90' lang='lat' dir='ltr'><strong>cur</strong></span> <span class='ocrx_word' id='word_1_40' title='bbox 1210 681 1314 722; x_wconf 91' lang='lat' dir='ltr'><strong>non</strong></span> <span class='ocrx_word' id='word_1_41' title='bbox 1348 667 1559 722; x_wconf 82' lang='lat' dir='ltr'><strong>dicatur</strong></span> <span class='ocrx_word' id='word_1_42' title='bbox 1584 682 1702 723; x_wconf 89' lang='lat' dir='ltr'><strong>esse</strong></span> <span class='ocrx_word' id='word_1_43' title='bbox 1729 670 1848 724; x_wconf 87' lang='lat' dir='ltr'><strong>ubi-</strong></span> 
     </span>
    </p>
   </div>
   <div class='ocr_carea' id='block_1_8' title="bbox 259 753 1850 825">
    <p class='ocr_par' dir='ltr' id='par_1_8' title="bbox 259 753 1850 825">
     <span class='ocr_line' id='line_1_8' title="bbox 259 753 1850 825; baseline 0.006 -21"><span class='ocrx_word' id='word_1_44' title='bbox 259 766 390 819; x_wconf 85' lang='lat' dir='ltr'><strong>que,</strong></span> <span class='ocrx_word' id='word_1_45' title='bbox 419 753 522 806; x_wconf 87' lang='lat' dir='ltr'><strong>hoc</strong></span> <span class='ocrx_word' id='word_1_46' title='bbox 547 767 712 807; x_wconf 85' lang='lat' dir='ltr'><strong>sensu</strong></span> <span class='ocrx_word' id='word_1_47' title='bbox 739 793 754 817; x_wconf 91' lang='lat'><strong>,</strong></span> <span class='ocrx_word' id='word_1_48' title='bbox 784 763 842 807; x_wconf 91' lang='lat' dir='ltr'><strong>ut</strong></span> <span class='ocrx_word' id='word_1_49' title='bbox 867 753 1046 824; x_wconf 83' lang='lat' dir='ltr'><strong>potius</strong></span> <span class='ocrx_word' id='word_1_50' title='bbox 1072 755 1408 825; x_wconf 83' lang='lat' dir='ltr'><strong>intelligatur</strong></span> <span class='ocrx_word' id='word_1_51' title='bbox 1431 771 1552 810; x_wconf 89' lang='lat' dir='ltr'><strong>esse</strong></span> <span class='ocrx_word' id='word_1_52' title='bbox 1583 757 1636 810; x_wconf 93' lang='lat' dir='ltr'><strong>in</strong></span> <span class='ocrx_word' id='word_1_53' title='bbox 1669 759 1850 813; x_wconf 88' lang='lat' dir='ltr'><strong>omni-</strong></span> 
     </span>
    </p>
   </div>
   <div class='ocr_carea' id='block_1_9' title="bbox 256 841 1849 914">
    <p class='ocr_par' dir='ltr' id='par_1_9' title="bbox 256 841 1849 914">
     <span class='ocr_line' id='line_1_9' title="bbox 256 841 1849 914; baseline 0.006 -20"><span class='ocrx_word' id='word_1_54' title='bbox 256 841 364 896; x_wconf 85' lang='lat' dir='ltr'><strong>bus</strong></span> <span class='ocrx_word' id='word_1_55' title='bbox 401 856 522 911; x_wconf 75' lang='lat' dir='ltr'><strong>qua:</strong></span> <span class='ocrx_word' id='word_1_56' title='bbox 549 850 710 909; x_wconf 82' lang='lat' dir='ltr'><strong>sunt,</strong></span> <span class='ocrx_word' id='word_1_57' title='bbox 745 857 906 914; x_wconf 88' lang='lat' dir='ltr'><strong>quam</strong></span> <span class='ocrx_word' id='word_1_58' title='bbox 943 852 1150 898; x_wconf 88' lang='lat' dir='ltr'><strong>tantum</strong></span> <span class='ocrx_word' id='word_1_59' title='bbox 1181 845 1236 899; x_wconf 90' lang='lat' dir='ltr'><strong>in</strong></span> <span class='ocrx_word' id='word_1_60' title='bbox 1269 845 1520 900; x_wconf 90' lang='lat' dir='ltr'><strong>omnibus</strong></span> <span class='ocrx_word' id='word_1_61' title='bbox 1547 845 1700 912; x_wconf 89' lang='lat' dir='ltr'><strong>locis,</strong></span> <span class='ocrx_word' id='word_1_62' title='bbox 1725 863 1849 903; x_wconf 91' lang='lat' dir='ltr'><strong>cum</strong></span> 
     </span>
    </p>
   </div>
   <div class='ocr_carea' id='block_1_10' title="bbox 257 931 1850 1005">
    <p class='ocr_par' dir='ltr' id='par_1_10' title="bbox 257 931 1850 1005">
     <span class='ocr_line' id='line_1_10' title="bbox 257 931 1850 1005; baseline 0.003 -19"><span class='ocrx_word' id='word_1_63' title='bbox 257 932 408 987; x_wconf 85' lang='lat' dir='ltr'><strong>hunc</strong></span> <span class='ocrx_word' id='word_1_64' title='bbox 451 931 784 988; x_wconf 88' lang='lat' dir='ltr'><strong>intellectum</strong></span> <span class='ocrx_word' id='word_1_65' title='bbox 815 941 868 989; x_wconf 92' lang='lat' dir='ltr'><strong>et</strong></span> <span class='ocrx_word' id='word_1_66' title='bbox 893 934 970 988; x_wconf 87' lang='lat' dir='ltr'><strong>rei</strong></span> <span class='ocrx_word' id='word_1_67' title='bbox 986 933 1200 1004; x_wconf 58' lang='lat' dir='ltr'><strong>iveritas</strong></span> <span class='ocrx_word' id='word_1_68' title='bbox 1235 934 1522 998; x_wconf 81' lang='lat' dir='ltr'><strong>exhibeat,</strong></span> <span class='ocrx_word' id='word_1_69' title='bbox 1551 942 1607 990; x_wconf 90' lang='lat' dir='ltr'><strong>et</strong></span> <span class='ocrx_word' id='word_1_70' title='bbox 1633 936 1746 1005; x_wconf 89' lang='lat' dir='ltr'><strong>ipsa</strong></span> <span class='ocrx_word' id='word_1_71' title='bbox 1773 936 1850 990; x_wconf 86' lang='lat' dir='ltr'><strong>lo-</strong></span> 
     </span>
    </p>
   </div>
   <div class='ocr_carea' id='block_1_11' title="bbox 257 1021 1850 1095">
    <p class='ocr_par' dir='ltr' id='par_1_11' title="bbox 257 1021 1850 1095">
     <span class='ocr_line' id='line_1_11' title="bbox 257 1021 1850 1095; baseline 0.003 -18"><span class='ocrx_word' id='word_1_72' title='bbox 257 1021 396 1078; x_wconf 86' lang='lat' dir='ltr'><strong>calis</strong></span> <span class='ocrx_word' id='word_1_73' title='bbox 411 1024 562 1078; x_wconf 80' lang='lat' dir='ltr'><strong>verbi</strong></span> <span class='ocrx_word' id='word_1_74' title='bbox 587 1025 894 1093; x_wconf 77' lang='lat' dir='ltr'><strong>proprietas</strong></span> <span class='ocrx_word' id='word_1_75' title='bbox 915 1039 1260 1095; x_wconf 86' lang='lat' dir='ltr'><strong>nequaquam</strong></span> <span class='ocrx_word' id='word_1_76' title='bbox 1282 1025 1585 1094; x_wconf 84' lang='lat' dir='ltr'><strong>prohibeat.</strong></span> <span class='ocrx_word' id='word_1_77' title='bbox 1605 1025 1850 1083; x_wconf 91' lang='lat' dir='ltr'><strong>Solemus</strong></span> 
     </span>
    </p>
   </div>
   <div class='ocr_carea' id='block_1_12' title="bbox 255 1113 1847 1185">
    <p class='ocr_par' dir='ltr' id='par_1_12' title="bbox 255 1113 1847 1185">
     <span class='ocr_line' id='line_1_12' title="bbox 255 1113 1847 1185; baseline 0.001 -17"><span class='ocrx_word' id='word_1_78' title='bbox 255 1128 495 1184; x_wconf 82' lang='lat' dir='ltr'><strong>namque</strong></span> <span class='ocrx_word' id='word_1_79' title='bbox 523 1113 714 1169; x_wconf 89' lang='lat' dir='ltr'><strong>localia</strong></span> <span class='ocrx_word' id='word_1_80' title='bbox 745 1115 906 1170; x_wconf 86' lang='lat' dir='ltr'><strong>verba</strong></span> <span class='ocrx_word' id='word_1_81' title='bbox 933 1129 1074 1185; x_wconf 62' lang='lat' dir='ltr'><strong>saepe</strong></span> <span class='ocrx_word' id='word_1_82' title='bbox 1112 1114 1666 1184; x_wconf 89' lang='lat' dir='ltr'><strong>irreprehensibiliter</strong></span> <span class='ocrx_word' id='word_1_83' title='bbox 1690 1117 1847 1170; x_wconf 87' lang='lat' dir='ltr'><strong>attri-</strong></span> 
     </span>
    </p>
   </div>
   <div class='ocr_carea' id='block_1_13' title="bbox 261 1201 1848 1274">
    <p class='ocr_par' dir='ltr' id='par_1_13' title="bbox 261 1201 1848 1274">
     <span class='ocr_line' id='line_1_13' title="bbox 261 1201 1848 1274; baseline 0.003 -17"><span class='ocrx_word' id='word_1_84' title='bbox 261 1201 438 1258; x_wconf 84' lang='lat' dir='ltr'><strong>buere</strong></span> <span class='ocrx_word' id='word_1_85' title='bbox 463 1203 646 1268; x_wconf 86' lang='lat' dir='ltr'><strong>rebus,</strong></span> <span class='ocrx_word' id='word_1_86' title='bbox 683 1219 804 1274; x_wconf 74' lang='lat' dir='ltr'><strong>qua:</strong></span> <span class='ocrx_word' id='word_1_87' title='bbox 848 1220 948 1260; x_wconf 89' lang='lat' dir='ltr'><strong>nec</strong></span> <span class='ocrx_word' id='word_1_88' title='bbox 991 1204 1110 1260; x_wconf 90' lang='lat' dir='ltr'><strong>loca</strong></span> <span class='ocrx_word' id='word_1_89' title='bbox 1159 1214 1316 1270; x_wconf 90' lang='lat' dir='ltr'><strong>sunt,</strong></span> <span class='ocrx_word' id='word_1_90' title='bbox 1358 1221 1458 1260; x_wconf 84' lang='lat' dir='ltr'><strong>nec</strong></span> <span class='ocrx_word' id='word_1_91' title='bbox 1503 1205 1848 1262; x_wconf 87' lang='lat' dir='ltr'><strong>circumscri-</strong></span> 
     </span>
    </p>
   </div>
   <div class='ocr_carea' id='block_1_14' title="bbox 253 1295 1847 1366">
    <p class='ocr_par' dir='ltr' id='par_1_14' title="bbox 253 1295 1847 1366">
     <span class='ocr_line' id='line_1_14' title="bbox 253 1295 1847 1366; baseline 0.005 -18"><span class='ocrx_word' id='word_1_92' title='bbox 253 1295 446 1366; x_wconf 88' lang='lat' dir='ltr'><strong>ptione</strong></span> <span class='ocrx_word' id='word_1_93' title='bbox 482 1296 642 1352; x_wconf 80' lang='lat' dir='ltr'><strong>locati</strong></span> <span class='ocrx_word' id='word_1_94' title='bbox 679 1299 1050 1366; x_wconf 85' lang='lat' dir='ltr'><strong>continentur,</strong></span> <span class='ocrx_word' id='word_1_95' title='bbox 1097 1297 1246 1352; x_wconf 90' lang='lat' dir='ltr'><strong>velut</strong></span> <span class='ocrx_word' id='word_1_96' title='bbox 1292 1298 1336 1353; x_wconf 92' lang='lat' dir='ltr'><strong>si</strong></span> <span class='ocrx_word' id='word_1_97' title='bbox 1373 1297 1548 1354; x_wconf 90' lang='lat' dir='ltr'><strong>dicam</strong></span> <span class='ocrx_word' id='word_1_98' title='bbox 1593 1299 1670 1354; x_wconf 90' lang='lat' dir='ltr'><strong>ibi</strong></span> <span class='ocrx_word' id='word_1_99' title='bbox 1725 1315 1847 1356; x_wconf 88' lang='lat' dir='ltr'><strong>esse</strong></span> 
     </span>
    </p>
   </div>
   <div class='ocr_carea' id='block_1_15' title="bbox 255 1385 1846 1456">
    <p class='ocr_par' dir='ltr' id='par_1_15' title="bbox 255 1385 1846 1456">
     <span class='ocr_line' id='line_1_15' title="bbox 255 1385 1846 1456; baseline 0.004 -17"><span class='ocrx_word' id='word_1_100' title='bbox 255 1385 596 1442; x_wconf 84' lang='lat' dir='ltr'><strong>intellectum</strong></span> <span class='ocrx_word' id='word_1_101' title='bbox 627 1388 682 1444; x_wconf 89' lang='lat' dir='ltr'><strong>in</strong></span> <span class='ocrx_word' id='word_1_102' title='bbox 711 1388 922 1456; x_wconf 89' lang='lat' dir='ltr'><strong>anima,</strong></span> <span class='ocrx_word' id='word_1_103' title='bbox 953 1389 1043 1444; x_wconf 90' lang='lat' dir='ltr'><strong>ubi</strong></span> <span class='ocrx_word' id='word_1_104' title='bbox 1071 1395 1154 1445; x_wconf 90' lang='lat' dir='ltr'><strong>est</strong></span> <span class='ocrx_word' id='word_1_105' title='bbox 1185 1389 1538 1444; x_wconf 87' lang='lat' dir='ltr'><strong>rationalitas.</strong></span> <span class='ocrx_word' id='word_1_106' title='bbox 1563 1390 1698 1446; x_wconf 89' lang='lat' dir='ltr'><strong>Nam</strong></span> <span class='ocrx_word' id='word_1_107' title='bbox 1722 1407 1846 1446; x_wconf 90' lang='lat' dir='ltr'><strong>cum</strong></span> 
     </span>
    </p>
   </div>
   <div class='ocr_carea' id='block_1_16' title="bbox 265 1477 1844 1546">
    <p class='ocr_par' dir='ltr' id='par_1_16' title="bbox 265 1477 1844 1546">
     <span class='ocr_line' id='line_1_16' title="bbox 265 1477 1844 1546; baseline 0.003 -13"><span class='ocrx_word' id='word_1_108' title='bbox 265 1478 375 1545; x_wconf 88' lang='lat' dir='ltr'><strong>ibi,</strong></span> <span class='ocrx_word' id='word_1_109' title='bbox 408 1487 464 1534; x_wconf 90' lang='lat' dir='ltr'><strong>et</strong></span> <span class='ocrx_word' id='word_1_110' title='bbox 514 1477 640 1546; x_wconf 86' lang='lat' dir='ltr'><strong>ubi,</strong></span> <span class='ocrx_word' id='word_1_111' title='bbox 691 1480 947 1536; x_wconf 86' lang='lat' dir='ltr'><strong>adverbia</strong></span> <span class='ocrx_word' id='word_1_112' title='bbox 979 1479 1170 1536; x_wconf 90' lang='lat' dir='ltr'><strong>localia</strong></span> <span class='ocrx_word' id='word_1_113' title='bbox 1216 1480 1326 1535; x_wconf 90' lang='lat' dir='ltr'><strong>sint</strong></span> <span class='ocrx_word' id='word_1_114' title='bbox 1363 1479 1462 1546; x_wconf 80' lang='grc'><strong>⁸³¹;</strong></span> <span class='ocrx_word' id='word_1_115' title='bbox 1512 1497 1618 1536; x_wconf 90' lang='lat' dir='ltr'><strong>non</strong></span> <span class='ocrx_word' id='word_1_116' title='bbox 1667 1491 1844 1537; x_wconf 87' lang='lat' dir='ltr'><strong>tamen</strong></span> 
     </span>
    </p>
   </div>
   <div class='ocr_carea' id='block_1_17' title="bbox 253 1569 1842 1644">
    <p class='ocr_par' dir='ltr' id='par_1_17' title="bbox 253 1569 1842 1644">
     <span class='ocr_line' id='line_1_17' title="bbox 253 1569 1842 1644; baseline 0.001 -17"><span class='ocrx_word' id='word_1_117' title='bbox 253 1569 416 1627; x_wconf 82' lang='lat' dir='ltr'><strong>locali</strong></span> <span class='ocrx_word' id='word_1_118' title='bbox 449 1572 958 1643; x_wconf 86' lang='lat' dir='ltr'><strong>circumscriptione</strong></span> <span class='ocrx_word' id='word_1_119' title='bbox 1001 1583 1096 1628; x_wconf 89' lang='lat' dir='ltr'><strong>aut</strong></span> <span class='ocrx_word' id='word_1_120' title='bbox 1126 1573 1304 1628; x_wconf 90' lang='lat' dir='ltr'><strong>anima</strong></span> <span class='ocrx_word' id='word_1_121' title='bbox 1333 1575 1577 1630; x_wconf 90' lang='lat' dir='ltr'><strong>continet</strong></span> <span class='ocrx_word' id='word_1_122' title='bbox 1609 1574 1842 1644; x_wconf 86' lang='lat' dir='ltr'><strong>aliquid,</strong></span> 
     </span>
    </p>
   </div>
   <div class='ocr_carea' id='block_1_18' title="bbox 251 1663 1845 1734">
    <p class='ocr_par' dir='ltr' id='par_1_18' title="bbox 251 1663 1845 1734">
     <span class='ocr_line' id='line_1_18' title="bbox 251 1663 1845 1734; baseline 0.003 -16"><span class='ocrx_word' id='word_1_123' title='bbox 251 1673 356 1718; x_wconf 74' lang='lat' dir='ltr'><strong>aut</strong></span> <span class='ocrx_word' id='word_1_124' title='bbox 407 1663 711 1718; x_wconf 89' lang='lat' dir='ltr'><strong>intellectus</strong></span> <span class='ocrx_word' id='word_1_125' title='bbox 741 1671 836 1719; x_wconf 87' lang='lat' dir='ltr'><strong>aut</strong></span> <span class='ocrx_word' id='word_1_126' title='bbox 889 1663 1230 1720; x_wconf 88' lang='lat' dir='ltr'><strong>rationalitas</strong></span> <span class='ocrx_word' id='word_1_127' title='bbox 1284 1667 1612 1722; x_wconf 87' lang='lat' dir='ltr'><strong>continetur.</strong></span> <span class='ocrx_word' id='word_1_128' title='bbox 1664 1665 1845 1734; x_wconf 83' lang='lat' dir='ltr'><strong>Quare</strong></span> 
     </span>
    </p>
   </div>
   <div class='ocr_carea' id='block_1_19' title="bbox 253 1747 1918 1824">
    <p class='ocr_par' dir='ltr' id='par_1_19' title="bbox 253 1747 1918 1824">
     <span class='ocr_line' id='line_1_19' title="bbox 253 1747 1918 1824; baseline 0.002 -16"><span class='ocrx_word' id='word_1_129' title='bbox 253 1768 475 1809; x_wconf 85' lang='lat' dir='ltr'><strong>summa</strong></span> <span class='ocrx_word' id='word_1_130' title='bbox 505 1762 701 1808; x_wconf 87' lang='lat' dir='ltr'><strong>natttra</strong></span> <span class='ocrx_word' id='word_1_131' title='bbox 739 1753 1038 1809; x_wconf 88' lang='lat' dir='ltr'><strong>secundum</strong></span> <span class='ocrx_word' id='word_1_132' title='bbox 1075 1757 1152 1808; x_wconf 91' lang='lat' dir='ltr'><strong>rei</strong></span> <span class='ocrx_word' id='word_1_133' title='bbox 1195 1755 1512 1820; x_wconf 83' lang='lat' dir='ltr'><strong>veritatem,</strong></span> <span class='ocrx_word' id='word_1_134' title='bbox 1542 1758 1722 1824; x_wconf 80' lang='lat' dir='ltr'><strong>aptius</strong></span> <span class='ocrx_word' id='word_1_135' title='bbox 1763 1756 1844 1810; x_wconf 86' lang='lat' dir='ltr'><strong>di-</strong></span> <span class='ocrx_word' id='word_1_136' title='bbox 1877 1747 1918 1804; x_wconf 80' lang='grc' dir='ltr'><strong>Β</strong></span> 
     </span>
    </p>
   </div>
   <div class='ocr_carea' id='block_1_20' title="bbox 251 1846 1840 1918">
    <p class='ocr_par' dir='ltr' id='par_1_20' title="bbox 251 1846 1840 1918">
     <span class='ocr_line' id='line_1_20' title="bbox 251 1846 1840 1918; baseline -0.002 -16"><span class='ocrx_word' id='word_1_137' title='bbox 251 1847 408 1902; x_wconf 84' lang='lat' dir='ltr'><strong>citur</strong></span> <span class='ocrx_word' id='word_1_138' title='bbox 430 1846 630 1916; x_wconf 82' lang='lat' dir='ltr'><strong>ubique</strong></span> <span class='ocrx_word' id='word_1_139' title='bbox 655 1847 724 1879; x_wconf 74' lang='grc'><strong>³³³</strong></span> <span class='ocrx_word' id='word_1_140' title='bbox 747 1861 866 1902; x_wconf 88' lang='lat' dir='ltr'><strong>esse</strong></span> <span class='ocrx_word' id='word_1_141' title='bbox 887 1846 1180 1902; x_wconf 85' lang='lat' dir='ltr'><strong>secundum</strong></span> <span class='ocrx_word' id='word_1_142' title='bbox 1209 1847 1346 1901; x_wconf 90' lang='lat' dir='ltr'><strong>hanc</strong></span> <span class='ocrx_word' id='word_1_143' title='bbox 1372 1847 1840 1918; x_wconf 78' lang='lat' dir='ltr'><strong>signiﬁcationem,</strong></span> 
     </span>
    </p>
   </div>
   <div class='ocr_carea' id='block_1_21' title="bbox 251 1937 1842 2011">
    <p class='ocr_par' dir='ltr' id='par_1_21' title="bbox 251 1937 1842 2011">
     <span class='ocr_line' id='line_1_21' title="bbox 251 1937 1842 2011; baseline -0.001 -17"><span class='ocrx_word' id='word_1_144' title='bbox 251 1949 320 1994; x_wconf 83' lang='lat' dir='ltr'><strong>ut</strong></span> <span class='ocrx_word' id='word_1_145' title='bbox 347 1940 683 2011; x_wconf 83' lang='lat' dir='ltr'><strong>intelligatur</strong></span> <span class='ocrx_word' id='word_1_146' title='bbox 706 1953 826 1996; x_wconf 89' lang='lat' dir='ltr'><strong>esse</strong></span> <span class='ocrx_word' id='word_1_147' title='bbox 871 1941 924 1994; x_wconf 89' lang='lat' dir='ltr'><strong>in</strong></span> <span class='ocrx_word' id='word_1_148' title='bbox 969 1939 1224 1994; x_wconf 84' lang='lat' dir='ltr'><strong>omnibus</strong></span> <span class='ocrx_word' id='word_1_149' title='bbox 1249 1953 1367 2008; x_wconf 70' lang='lat' dir='ltr'><strong>qua:</strong></span> <span class='ocrx_word' id='word_1_150' title='bbox 1405 1947 1562 2005; x_wconf 92' lang='lat' dir='ltr'><strong>sunt,</strong></span> <span class='ocrx_word' id='word_1_151' title='bbox 1589 1953 1747 2007; x_wconf 89' lang='lat' dir='ltr'><strong>quam</strong></span> <span class='ocrx_word' id='word_1_152' title='bbox 1796 1937 1842 1992; x_wconf 90' lang='lat' dir='ltr'><strong>si</strong></span> 
     </span>
    </p>
   </div>
   <div class='ocr_carea' id='block_1_22' title="bbox 255 2028 1843 2102">
    <p class='ocr_par' dir='ltr' id='par_1_22' title="bbox 255 2028 1843 2102">
     <span class='ocr_line' id='line_1_22' title="bbox 255 2028 1843 2102; baseline -0.003 -17"><span class='ocrx_word' id='word_1_153' title='bbox 255 2029 592 2102; x_wconf 79' lang='lat' dir='ltr'><strong>intelligatur</strong></span> <span class='ocrx_word' id='word_1_154' title='bbox 608 2041 814 2086; x_wconf 89' lang='lat' dir='ltr'><strong>tantum</strong></span> <span class='ocrx_word' id='word_1_155' title='bbox 842 2031 895 2086; x_wconf 94' lang='lat' dir='ltr'><strong>in</strong></span> <span class='ocrx_word' id='word_1_156' title='bbox 917 2031 1170 2086; x_wconf 89' lang='lat' dir='ltr'><strong>omnibus</strong></span> <span class='ocrx_word' id='word_1_157' title='bbox 1196 2030 1268 2067; x_wconf 74' lang='grc'><strong>³³³</strong></span> <span class='ocrx_word' id='word_1_158' title='bbox 1293 2029 1448 2085; x_wconf 92' lang='lat' dir='ltr'><strong>locis.</strong></span> <span class='ocrx_word' id='word_1_159' title='bbox 1473 2029 1540 2084; x_wconf 85' lang='lat' dir='ltr'><strong>Et</strong></span> <span class='ocrx_word' id='word_1_160' title='bbox 1564 2028 1843 2100; x_wconf 89' lang='lat' dir='ltr'><strong>quoniam,</strong></span> 
     </span>
    </p>
   </div>
   <div class='ocr_carea' id='block_1_23' title="bbox 253 2118 1844 2192">
    <p class='ocr_par' dir='ltr' id='par_1_23' title="bbox 253 2118 1844 2192">
     <span class='ocr_line' id='line_1_23' title="bbox 253 2118 1844 2192; baseline -0.003 -16"><span class='ocrx_word' id='word_1_161' title='bbox 253 2125 401 2176; x_wconf 87' lang='lat' dir='ltr'><strong>sicut</strong></span> <span class='ocrx_word' id='word_1_162' title='bbox 429 2137 592 2192; x_wconf 82' lang='lat' dir='ltr'><strong>supra</strong></span> <span class='ocrx_word' id='word_1_163' title='bbox 617 2121 876 2191; x_wconf 73' lang='lat' dir='ltr'><strong>expositae</strong></span> <span class='ocrx_word' id='word_1_164' title='bbox 901 2120 1142 2174; x_wconf 88' lang='lat' dir='ltr'><strong>rationes</strong></span> <span class='ocrx_word' id='word_1_165' title='bbox 1163 2119 1390 2184; x_wconf 89' lang='lat' dir='ltr'><strong>docent,</strong></span> <span class='ocrx_word' id='word_1_166' title='bbox 1414 2118 1572 2174; x_wconf 88' lang='lat' dir='ltr'><strong>aliter</strong></span> <span class='ocrx_word' id='word_1_167' title='bbox 1595 2133 1716 2174; x_wconf 87' lang='lat' dir='ltr'><strong>esse</strong></span> <span class='ocrx_word' id='word_1_168' title='bbox 1738 2133 1844 2172; x_wconf 91' lang='lat' dir='ltr'><strong>non</strong></span> 
     </span>
    </p>
   </div>
   <div class='ocr_carea' id='block_1_24' title="bbox 259 2209 1845 2282">
    <p class='ocr_par' dir='ltr' id='par_1_24' title="bbox 259 2209 1845 2282">
     <span class='ocr_line' id='line_1_24' title="bbox 259 2209 1845 2282; baseline -0.003 -15"><span class='ocrx_word' id='word_1_169' title='bbox 259 2221 484 2282; x_wconf 86' lang='lat' dir='ltr'><strong>potest;</strong></span> <span class='ocrx_word' id='word_1_170' title='bbox 517 2227 740 2268; x_wconf 81' lang='lat' dir='ltr'><strong>necesse</strong></span> <span class='ocrx_word' id='word_1_171' title='bbox 769 2221 854 2266; x_wconf 89' lang='lat' dir='ltr'><strong>est</strong></span> <span class='ocrx_word' id='word_1_172' title='bbox 899 2226 1019 2266; x_wconf 89' lang='lat' dir='ltr'><strong>eam</strong></span> <span class='ocrx_word' id='word_1_173' title='bbox 1066 2209 1146 2266; x_wconf 90' lang='lat' dir='ltr'><strong>sic</strong></span> <span class='ocrx_word' id='word_1_174' title='bbox 1182 2225 1305 2266; x_wconf 91' lang='lat' dir='ltr'><strong>esse</strong></span> <span class='ocrx_word' id='word_1_175' title='bbox 1347 2210 1402 2263; x_wconf 89' lang='lat' dir='ltr'><strong>in</strong></span> <span class='ocrx_word' id='word_1_176' title='bbox 1441 2209 1696 2264; x_wconf 89' lang='lat' dir='ltr'><strong>omnibus</strong></span> <span class='ocrx_word' id='word_1_177' title='bbox 1725 2223 1845 2278; x_wconf 65' lang='lat' dir='ltr'><strong>quae</strong></span> 
     </span>
    </p>
   </div>
   <div class='ocr_carea' id='block_1_25' title="bbox 257 2299 1842 2372">
    <p class='ocr_par' dir='ltr' id='par_1_25' title="bbox 257 2299 1842 2372">
     <span class='ocr_line' id='line_1_25' title="bbox 257 2299 1842 2372; baseline 0 -18"><span class='ocrx_word' id='word_1_178' title='bbox 257 2313 427 2362; x_wconf 86' lang='lat' dir='ltr'><strong>sunt,</strong></span> <span class='ocrx_word' id='word_1_179' title='bbox 459 2315 520 2358; x_wconf 89' lang='lat' dir='ltr'><strong>ut</strong></span> <span class='ocrx_word' id='word_1_180' title='bbox 541 2317 650 2357; x_wconf 91' lang='lat' dir='ltr'><strong>una</strong></span> <span class='ocrx_word' id='word_1_181' title='bbox 673 2303 972 2372; x_wconf 88' lang='lat' dir='ltr'><strong>eademque</strong></span> <span class='ocrx_word' id='word_1_182' title='bbox 995 2299 1236 2372; x_wconf 78' lang='lat' dir='ltr'><strong>perfecte</strong></span> <span class='ocrx_word' id='word_1_183' title='bbox 1267 2309 1378 2356; x_wconf 89' lang='lat' dir='ltr'><strong>tota</strong></span> <span class='ocrx_word' id='word_1_184' title='bbox 1405 2300 1568 2356; x_wconf 88' lang='lat' dir='ltr'><strong>simul</strong></span> <span class='ocrx_word' id='word_1_185' title='bbox 1593 2299 1665 2332; x_wconf 72' lang='grc'><strong>³⁸⁸</strong></span> <span class='ocrx_word' id='word_1_186' title='bbox 1695 2300 1766 2356; x_wconf 87' lang='lat' dir='ltr'><strong>sit</strong></span> <span class='ocrx_word' id='word_1_187' title='bbox 1789 2300 1842 2354; x_wconf 89' lang='lat' dir='ltr'><strong>in</strong></span> 
     </span>
    </p>
   </div>
   <div class='ocr_carea' id='block_1_26' title="bbox 253 2391 504 2461">
    <p class='ocr_par' dir='ltr' id='par_1_26' title="bbox 253 2391 504 2461">
     <span class='ocr_line' id='line_1_26' title="bbox 253 2391 504 2461; baseline -0.004 -13"><span class='ocrx_word' id='word_1_188' title='bbox 253 2391 504 2461; x_wconf 75' lang='lat' dir='ltr'><strong>singulis.</strong></span> 
     </span>
    </p>
   </div>
   <div class='ocr_carea' id='block_1_27' title="bbox 649 2480 1456 2555">
    <p class='ocr_par' dir='ltr' id='par_1_27' title="bbox 649 2480 1456 2555">
     <span class='ocr_line' id='line_1_27' title="bbox 649 2480 1456 2555; baseline -0.006 -16"><span class='ocrx_word' id='word_1_189' title='bbox 649 2483 874 2540; x_wconf 77' lang='lat' dir='ltr'><strong>CAPUT</strong></span> <span class='ocrx_word' id='word_1_190' title='bbox 899 2483 1064 2539; x_wconf 78' lang='lat' dir='ltr'><strong>XXIV</strong></span> <span class='ocrx_word' id='word_1_191' title='bbox 1103 2482 1202 2555; x_wconf 74' lang='grc' dir='ltr'><strong>[αἱ.</strong></span> <span class='ocrx_word' id='word_1_192' title='bbox 1263 2480 1456 2552; x_wconf 77' lang='lat' dir='ltr'><strong>XXV].</strong></span> 
     </span>
    </p>
   </div>
   <div class='ocr_carea' id='block_1_28' title="bbox 257 2574 1830 2645">
    <p class='ocr_par' dir='ltr' id='par_1_28' title="bbox 257 2574 1830 2645">
     <span class='ocr_line' id='line_1_28' title="bbox 257 2574 1830 2645; baseline -0.003 -17"><span class='ocrx_word' id='word_1_193' title='bbox 257 2575 332 2606; x_wconf 72' lang='grc'><strong>³³⁸</strong></span> <span class='ocrx_word' id='word_1_194' title='bbox 357 2575 630 2640; x_wconf 74' lang='lat' dir='ltr'><strong>Quomodo</strong></span> <span class='ocrx_word' id='word_1_195' title='bbox 657 2575 848 2629; x_wconf 83' lang='lat' dir='ltr'><strong>melius</strong></span> <span class='ocrx_word' id='word_1_196' title='bbox 889 2575 1108 2645; x_wconf 78' lang='lat' dir='ltr'><strong>intelligi</strong></span> <span class='ocrx_word' id='word_1_197' title='bbox 1136 2574 1329 2644; x_wconf 80' lang='lat' dir='ltr'><strong>possit,</strong></span> <span class='ocrx_word' id='word_1_198' title='bbox 1367 2591 1388 2625; x_wconf 70' lang='grc' dir='ltr'><strong>ε</strong></span> <span class='ocrx_word' id='word_1_199' title='bbox 1421 2589 1530 2628; x_wconf 81' lang='lat' dir='ltr'><strong>esse</strong></span> <span class='ocrx_word' id='word_1_200' title='bbox 1568 2588 1787 2642; x_wconf 81' lang='lat' dir='ltr'><strong>semper,</strong></span> <span class='ocrx_word' id='word_1_201' title='bbox 1811 2591 1830 2624; x_wconf 71' lang='grc' dir='ltr'><strong>ι</strong></span> 
     </span>
    </p>
   </div>
   <div class='ocr_carea' id='block_1_29' title="bbox 611 2645 1484 2716">
    <p class='ocr_par' dir='ltr' id='par_1_29' title="bbox 611 2645 1484 2716">
     <span class='ocr_line' id='line_1_29' title="bbox 611 2645 1484 2716; baseline -0.005 -18"><span class='ocrx_word' id='word_1_202' title='bbox 611 2662 801 2716; x_wconf 81' lang='lat' dir='ltr'><strong>quant,</strong></span> <span class='ocrx_word' id='word_1_203' title='bbox 844 2665 862 2698; x_wconf 73' lang='grc' dir='ltr'><strong>ι</strong></span> <span class='ocrx_word' id='word_1_204' title='bbox 906 2646 962 2698; x_wconf 82' lang='lat' dir='ltr'><strong>in</strong></span> <span class='ocrx_word' id='word_1_205' title='bbox 1005 2645 1148 2700; x_wconf 80' lang='lat' dir='ltr'><strong>omni</strong></span> <span class='ocrx_word' id='word_1_206' title='bbox 1199 2654 1484 2714; x_wconf 67' lang='lat' dir='ltr'><strong>tempore.)</strong></span> 
     </span>
    </p>
   </div>
   <div class='ocr_carea' id='block_1_30' title="bbox 333 2735 1846 2792">
    <p class='ocr_par' dir='ltr' id='par_1_30' title="bbox 333 2735 1846 2792">
     <span class='ocr_line' id='line_1_30' title="bbox 333 2735 1846 2792; baseline -0.001 -2"><span class='ocrx_word' id='word_1_207' title='bbox 333 2735 674 2792; x_wconf 69' lang='lat' dir='ltr'><strong>Coasrsc&#39;rus</strong></span> <span class='ocrx_word' id='word_1_208' title='bbox 720 2752 944 2792; x_wconf 78' lang='lat' dir='ltr'><strong>CAPITIS.</strong></span> <span class='ocrx_word' id='word_1_209' title='bbox 970 2765 1038 2776; x_wconf 89' lang='lat'><strong>—-</strong></span> <span class='ocrx_word' id='word_1_210' title='bbox 1087 2735 1310 2791; x_wconf 91' lang='lat' dir='ltr'><strong>Summa</strong></span> <span class='ocrx_word' id='word_1_211' title='bbox 1334 2743 1526 2789; x_wconf 89' lang='lat' dir='ltr'><strong>natura</strong></span> <span class='ocrx_word' id='word_1_212' title='bbox 1557 2749 1662 2790; x_wconf 90' lang='lat' dir='ltr'><strong>non</strong></span> <span class='ocrx_word' id='word_1_213' title='bbox 1685 2735 1846 2790; x_wconf 90' lang='lat' dir='ltr'><strong>habet</strong></span> 
     </span>
    </p>
   </div>
   <div class='ocr_carea' id='block_1_31' title="bbox 251 2805 1846 2876">
    <p class='ocr_par' dir='ltr' id='par_1_31' title="bbox 251 2805 1846 2876">
     <span class='ocr_line' id='line_1_31' title="bbox 251 2805 1846 2876; baseline -0.001 -16"><span class='ocrx_word' id='word_1_214' title='bbox 251 2807 586 2876; x_wconf 86' lang='lat' dir='ltr'><strong>principium</strong></span> <span class='ocrx_word' id='word_1_215' title='bbox 626 2816 718 2861; x_wconf 93' lang='lat' dir='ltr'><strong>aut</strong></span> <span class='ocrx_word' id='word_1_216' title='bbox 747 2809 930 2870; x_wconf 88' lang='lat' dir='ltr'><strong>ﬁnem,</strong></span> <span class='ocrx_word' id='word_1_217' title='bbox 955 2821 1053 2861; x_wconf 88' lang='lat' dir='ltr'><strong>nec</strong></span> <span class='ocrx_word' id='word_1_218' title='bbox 1080 2821 1342 2876; x_wconf 53' lang='lat' dir='ltr'><strong>praesens,</strong></span> <span class='ocrx_word' id='word_1_219' title='bbox 1382 2805 1715 2874; x_wconf 83' lang='lat' dir='ltr'><strong>praeteritum</strong></span> <span class='ocrx_word' id='word_1_220' title='bbox 1752 2814 1846 2858; x_wconf 90' lang='lat' dir='ltr'><strong>aut</strong></span> 
     </span>
    </p>
   </div>
   <div class='ocr_carea' id='block_1_32' title="bbox 255 2875 1842 2946">
    <p class='ocr_par' dir='ltr' id='par_1_32' title="bbox 255 2875 1842 2946">
     <span class='ocr_line' id='line_1_32' title="bbox 255 2875 1842 2946; baseline -0.003 -15"><span class='ocrx_word' id='word_1_221' title='bbox 255 2875 500 2931; x_wconf 65' lang='lat' dir='ltr'><strong>futurum</strong></span> <span class='ocrx_word' id='word_1_222' title='bbox 520 2917 535 2941; x_wconf 94' lang='lat'><strong>,</strong></span> <span class='ocrx_word' id='word_1_223' title='bbox 559 2893 677 2946; x_wconf 78' lang='lat' dir='ltr'><strong>quae</strong></span> <span class='ocrx_word' id='word_1_224' title='bbox 709 2887 832 2931; x_wconf 90' lang='lat' dir='ltr'><strong>sunt</strong></span> <span class='ocrx_word' id='word_1_225' title='bbox 858 2875 1178 2944; x_wconf 85' lang='lat' dir='ltr'><strong>temporales</strong></span> <span class='ocrx_word' id='word_1_226' title='bbox 1204 2875 1520 2929; x_wconf 78' lang='lat' dir='ltr'><strong>dill&#39;erentite</strong></span> <span class='ocrx_word' id='word_1_227' title='bbox 1539 2891 1567 2946; x_wconf 12' lang='lat'><strong>;7</strong></span> <span class='ocrx_word' id='word_1_228' title='bbox 1587 2876 1842 2942; x_wconf 84' lang='lat' dir='ltr'><strong>quoniam</strong></span> 
     </span>
    </p>
   </div>
   <div class='ocr_carea' id='block_1_33' title="bbox 255 2945 1844 3015">
    <p class='ocr_par' dir='ltr' id='par_1_33' title="bbox 255 2945 1844 3015">
     <span class='ocr_line' id='line_1_33' title="bbox 255 2945 1844 3015; baseline -0.002 -14"><span class='ocrx_word' id='word_1_229' title='bbox 255 2948 542 3002; x_wconf 67' lang='lat' dir='ltr'><strong>aeternitas</strong></span> <span class='ocrx_word' id='word_1_230' title='bbox 567 2945 705 3015; x_wconf 81' lang='lat' dir='ltr'><strong>ejus,</strong></span> <span class='ocrx_word' id='word_1_231' title='bbox 731 2963 850 3015; x_wconf 66' lang='lat' dir='ltr'><strong>quae</strong></span> <span class='ocrx_word' id='word_1_232' title='bbox 882 2948 1012 3000; x_wconf 91' lang='lat' dir='ltr'><strong>nihil</strong></span> <span class='ocrx_word' id='word_1_233' title='bbox 1059 2946 1204 3000; x_wconf 86' lang='lat' dir='ltr'><strong>aliud</strong></span> <span class='ocrx_word' id='word_1_234' title='bbox 1232 2955 1318 2999; x_wconf 88' lang='lat' dir='ltr'><strong>est</strong></span> <span class='ocrx_word' id='word_1_235' title='bbox 1344 2959 1506 3014; x_wconf 88' lang='lat' dir='ltr'><strong>quam</strong></span> <span class='ocrx_word' id='word_1_236' title='bbox 1557 2945 1671 3013; x_wconf 89' lang='lat' dir='ltr'><strong>ipsa</strong></span> <span class='ocrx_word' id='word_1_237' title='bbox 1696 2983 1712 3008; x_wconf 95' lang='lat'><strong>,</strong></span> <span class='ocrx_word' id='word_1_238' title='bbox 1743 2946 1844 2998; x_wconf 88' lang='lat' dir='ltr'><strong>int-</strong></span> 
     </span>
    </p>
   </div>
   <div class='ocr_carea' id='block_1_34' title="bbox 255 3016 1844 3086">
    <p class='ocr_par' dir='ltr' id='par_1_34' title="bbox 255 3016 1844 3086">
     <span class='ocr_line' id='line_1_34' title="bbox 255 3016 1844 3086; baseline -0.002 -15"><span class='ocrx_word' id='word_1_239' title='bbox 255 3017 545 3072; x_wconf 80' lang='lat' dir='ltr'><strong>mutabilis</strong></span> <span class='ocrx_word' id='word_1_240' title='bbox 573 3027 628 3071; x_wconf 90' lang='lat' dir='ltr'><strong>et</strong></span> <span class='ocrx_word' id='word_1_241' title='bbox 666 3019 782 3074; x_wconf 88' lang='lat' dir='ltr'><strong>sine</strong></span> <span class='ocrx_word' id='word_1_242' title='bbox 811 3018 1058 3086; x_wconf 89' lang='lat' dir='ltr'><strong>partibus</strong></span> <span class='ocrx_word' id='word_1_243' title='bbox 1101 3025 1202 3070; x_wconf 91' lang='lat' dir='ltr'><strong>est.</strong></span> <span class='ocrx_word' id='word_1_244' title='bbox 1233 3016 1367 3086; x_wconf 86' lang='lat' dir='ltr'><strong>Cum</strong></span> <span class='ocrx_word' id='word_1_245' title='bbox 1411 3029 1540 3084; x_wconf 81' lang='lat' dir='ltr'><strong>ergo</strong></span> <span class='ocrx_word' id='word_1_246' title='bbox 1563 3029 1666 3068; x_wconf 73' lang='lat' dir='ltr'><strong>vox</strong></span> <span class='ocrx_word' id='word_1_247' title='bbox 1695 3029 1844 3068; x_wconf 89' lang='lat' dir='ltr'><strong>sem-</strong></span> 
     </span>
    </p>
   </div>
   <div class='ocr_carea' id='block_1_35' title="bbox 1952 485 3531 564">
    <p class='ocr_par' dir='ltr' id='par_1_35' title="bbox 1952 485 3531 564">
     <span class='ocr_line' id='line_1_35' title="bbox 1952 485 3531 564; baseline 0.009 -25"><span class='ocrx_word' id='word_1_248' title='bbox 1952 485 2097 539; x_wconf 88' lang='lat' dir='ltr'><strong>enim</strong></span> <span class='ocrx_word' id='word_1_249' title='bbox 2127 485 2198 518; x_wconf 78' lang='grc'><strong>³⁹⁰</strong></span> <span class='ocrx_word' id='word_1_250' title='bbox 2235 486 2351 555; x_wconf 88' lang='lat' dir='ltr'><strong>ejus</strong></span> <span class='ocrx_word' id='word_1_251' title='bbox 2377 491 2653 544; x_wconf 66' lang='lat' dir='ltr'><strong>arternitas</strong></span> <span class='ocrx_word' id='word_1_252' title='bbox 2683 491 2788 564; x_wconf 68' lang='grc'><strong>14</strong></span> <span class='ocrx_word' id='word_1_253' title='bbox 2813 507 2933 548; x_wconf 90' lang='lat' dir='ltr'><strong>esse</strong></span> <span class='ocrx_word' id='word_1_254' title='bbox 2977 495 3392 553; x_wconf 86' lang='lat' dir='ltr'><strong>interminabilis</strong></span> <span class='ocrx_word' id='word_1_255' title='bbox 3423 501 3531 554; x_wconf 89' lang='lat' dir='ltr'><strong>vita</strong></span> 
     </span>
    </p>
   </div>
   <div class='ocr_carea' id='block_1_36' title="bbox 1951 577 3529 660">
    <p class='ocr_par' dir='ltr' id='par_1_36' title="bbox 1951 577 3529 660">
     <span class='ocr_line' id='line_1_36' title="bbox 1951 577 3529 660; baseline 0.008 -28"><span class='ocrx_word' id='word_1_256' title='bbox 1951 577 2109 632; x_wconf 89' lang='lat' dir='ltr'><strong>simul</strong></span> <span class='ocrx_word' id='word_1_257' title='bbox 2151 579 2391 648; x_wconf 83' lang='lat' dir='ltr'><strong>perfecte</strong></span> <span class='ocrx_word' id='word_1_258' title='bbox 2421 590 2528 634; x_wconf 88' lang='lat' dir='ltr'><strong>tota</strong></span> <span class='ocrx_word' id='word_1_259' title='bbox 2554 583 2814 640; x_wconf 80' lang='lat' dir='ltr'><strong>existens.</strong></span> <span class='ocrx_word' id='word_1_260' title='bbox 2851 585 2985 640; x_wconf 86' lang='lat' dir='ltr'><strong>Cum</strong></span> <span class='ocrx_word' id='word_1_261' title='bbox 3022 588 3168 642; x_wconf 90' lang='lat' dir='ltr'><strong>enim</strong></span> <span class='ocrx_word' id='word_1_262' title='bbox 3217 605 3378 658; x_wconf 88' lang='lat' dir='ltr'><strong>supra</strong></span> <span class='ocrx_word' id='word_1_263' title='bbox 3418 589 3529 660; x_wconf 88' lang='lat' dir='ltr'><strong>jam</strong></span> 
     </span>
    </p>
   </div>
   <div class='ocr_carea' id='block_1_37' title="bbox 1953 669 3532 741">
    <p class='ocr_par' dir='ltr' id='par_1_37' title="bbox 1953 669 3532 741">
     <span class='ocr_line' id='line_1_37' title="bbox 1953 669 3532 741; baseline 0.007 -18"><span class='ocrx_word' id='word_1_264' title='bbox 1953 669 2086 724; x_wconf 88' lang='lat' dir='ltr'><strong>satis</strong></span> <span class='ocrx_word' id='word_1_265' title='bbox 2124 669 2330 740; x_wconf 86' lang='lat' dir='ltr'><strong>liqueat</strong></span> <span class='ocrx_word' id='word_1_266' title='bbox 2355 673 2498 741; x_wconf 90' lang='lat' dir='ltr'><strong>quod</strong></span> <span class='ocrx_word' id='word_1_267' title='bbox 2536 672 2727 728; x_wconf 78' lang='lat' dir='ltr'><strong>eadem</strong></span> <span class='ocrx_word' id='word_1_268' title='bbox 2765 675 3068 730; x_wconf 88' lang='lat' dir='ltr'><strong>substantia</strong></span> <span class='ocrx_word' id='word_1_269' title='bbox 3111 692 3218 732; x_wconf 91' lang='lat' dir='ltr'><strong>non</strong></span> <span class='ocrx_word' id='word_1_270' title='bbox 3268 679 3340 732; x_wconf 92' lang='lat' dir='ltr'><strong>sit</strong></span> <span class='ocrx_word' id='word_1_271' title='bbox 3385 678 3532 734; x_wconf 87' lang='lat' dir='ltr'><strong>aliud</strong></span> 
     </span>
    </p>
   </div>
   <div class='ocr_carea' id='block_1_38' title="bbox 1949 761 3528 838">
    <p class='ocr_par' dir='ltr' id='par_1_38' title="bbox 1949 761 3528 838">
     <span class='ocr_line' id='line_1_38' title="bbox 1949 761 3528 838; baseline 0.008 -26"><span class='ocrx_word' id='word_1_272' title='bbox 1949 775 2112 830; x_wconf 87' lang='lat' dir='ltr'><strong>quam</strong></span> <span class='ocrx_word' id='word_1_273' title='bbox 2153 761 2263 814; x_wconf 89' lang='lat' dir='ltr'><strong>vita</strong></span> <span class='ocrx_word' id='word_1_274' title='bbox 2310 775 2438 826; x_wconf 90' lang='lat' dir='ltr'><strong>sua,</strong></span> <span class='ocrx_word' id='word_1_275' title='bbox 2487 770 2542 816; x_wconf 90' lang='lat' dir='ltr'><strong>et</strong></span> <span class='ocrx_word' id='word_1_276' title='bbox 2583 764 2857 820; x_wconf 84' lang='lat' dir='ltr'><strong>aeternitas</strong></span> <span class='ocrx_word' id='word_1_277' title='bbox 2911 781 3050 832; x_wconf 87' lang='lat' dir='ltr'><strong>sua;</strong></span> <span class='ocrx_word' id='word_1_278' title='bbox 3097 783 3198 822; x_wconf 91' lang='lat' dir='ltr'><strong>nec</strong></span> <span class='ocrx_word' id='word_1_279' title='bbox 3239 769 3311 822; x_wconf 88' lang='lat' dir='ltr'><strong>sit</strong></span> <span class='ocrx_word' id='word_1_280' title='bbox 3349 769 3528 838; x_wconf 89' lang='lat' dir='ltr'><strong>aliquo</strong></span> 
     </span>
    </p>
   </div>
   <div class='ocr_carea' id='block_1_39' title="bbox 1950 850 3531 927">
    <p class='ocr_par' dir='ltr' id='par_1_39' title="bbox 1950 850 3531 927">
     <span class='ocr_line' id='line_1_39' title="bbox 1950 850 3531 927; baseline 0.006 -24"><span class='ocrx_word' id='word_1_281' title='bbox 1950 850 2111 906; x_wconf 89' lang='lat' dir='ltr'><strong>modo</strong></span> <span class='ocrx_word' id='word_1_282' title='bbox 2161 851 2519 907; x_wconf 88' lang='lat' dir='ltr'><strong>terminabilis</strong></span> <span class='ocrx_word' id='word_1_283' title='bbox 2552 851 2652 918; x_wconf 80' lang='grc'><strong>³⁸⁷,</strong></span> <span class='ocrx_word' id='word_1_284' title='bbox 2697 868 2797 908; x_wconf 91' lang='lat' dir='ltr'><strong>nec</strong></span> <span class='ocrx_word' id='word_1_285' title='bbox 2846 853 2951 909; x_wconf 90' lang='lat' dir='ltr'><strong>nisi</strong></span> <span class='ocrx_word' id='word_1_286' title='bbox 2995 855 3157 910; x_wconf 90' lang='lat' dir='ltr'><strong>simul</strong></span> <span class='ocrx_word' id='word_1_287' title='bbox 3198 867 3252 911; x_wconf 89' lang='lat' dir='ltr'><strong>et</strong></span> <span class='ocrx_word' id='word_1_288' title='bbox 3293 858 3531 927; x_wconf 83' lang='lat' dir='ltr'><strong>perfecte</strong></span> 
     </span>
    </p>
   </div>
   <div class='ocr_carea' id='block_1_40' title="bbox 1949 941 3526 1016">
    <p class='ocr_par' dir='ltr' id='par_1_40' title="bbox 1949 941 3526 1016">
     <span class='ocr_line' id='line_1_40' title="bbox 1949 941 3526 1016; baseline 0.005 -20"><span class='ocrx_word' id='word_1_289' title='bbox 1949 949 2059 996; x_wconf 90' lang='lat' dir='ltr'><strong>tota</strong></span> <span class='ocrx_word' id='word_1_290' title='bbox 2083 983 2096 1007; x_wconf 91' lang='lat'><strong>,</strong></span> <span class='ocrx_word' id='word_1_291' title='bbox 2127 941 2256 1012; x_wconf 89' lang='lat' dir='ltr'><strong>quid</strong></span> <span class='ocrx_word' id='word_1_292' title='bbox 2285 941 2429 996; x_wconf 90' lang='lat' dir='ltr'><strong>aliud</strong></span> <span class='ocrx_word' id='word_1_293' title='bbox 2450 953 2534 998; x_wconf 89' lang='lat' dir='ltr'><strong>est</strong></span> <span class='ocrx_word' id='word_1_294' title='bbox 2555 959 2682 999; x_wconf 79' lang='lat' dir='ltr'><strong>vera</strong></span> <span class='ocrx_word' id='word_1_295' title='bbox 2713 946 3010 1012; x_wconf 77' lang='lat' dir='ltr'><strong>:eternitas,</strong></span> <span class='ocrx_word' id='word_1_296' title='bbox 3033 961 3152 1016; x_wconf 71' lang='lat' dir='ltr'><strong>quae</strong></span> <span class='ocrx_word' id='word_1_297' title='bbox 3171 947 3270 1002; x_wconf 91' lang='lat' dir='ltr'><strong>soli</strong></span> <span class='ocrx_word' id='word_1_298' title='bbox 3301 949 3375 1002; x_wconf 91' lang='lat' dir='ltr'><strong>illi</strong></span> <span class='ocrx_word' id='word_1_299' title='bbox 3401 965 3526 1004; x_wconf 64' lang='lat' dir='ltr'><strong>conv</strong></span> 
     </span>
    </p>
   </div>
   <div class='ocr_carea' id='block_1_41' title="bbox 1950 1033 3528 1109">
    <p class='ocr_par' dir='ltr' id='par_1_41' title="bbox 1950 1033 3528 1109">
     <span class='ocr_line' id='line_1_41' title="bbox 1950 1033 3528 1109; baseline 0.004 -23"><span class='ocrx_word' id='word_1_300' title='bbox 1950 1033 2118 1100; x_wconf 81' lang='lat' dir='ltr'><strong>venit,</strong></span> <span class='ocrx_word' id='word_1_301' title='bbox 2143 1049 2302 1102; x_wconf 87' lang='lat' dir='ltr'><strong>quam</strong></span> <span class='ocrx_word' id='word_1_302' title='bbox 2337 1035 2746 1098; x_wconf 85' lang='lat' dir='ltr'><strong>interminabilis</strong></span> <span class='ocrx_word' id='word_1_303' title='bbox 2771 1037 2879 1091; x_wconf 89' lang='lat' dir='ltr'><strong>vita</strong></span> <span class='ocrx_word' id='word_1_304' title='bbox 2904 1037 3060 1092; x_wconf 87' lang='lat' dir='ltr'><strong>simul</strong></span> <span class='ocrx_word' id='word_1_305' title='bbox 3082 1047 3136 1092; x_wconf 92' lang='lat' dir='ltr'><strong>et</strong></span> <span class='ocrx_word' id='word_1_306' title='bbox 3157 1039 3393 1109; x_wconf 78' lang='lat' dir='ltr'><strong>perfecte</strong></span> <span class='ocrx_word' id='word_1_307' title='bbox 3418 1049 3528 1095; x_wconf 87' lang='lat' dir='ltr'><strong>tota</strong></span> 
     </span>
    </p>
   </div>
   <div class='ocr_carea' id='block_1_42' title="bbox 1947 1124 3526 1192">
    <p class='ocr_par' dir='ltr' id='par_1_42' title="bbox 1947 1124 3526 1192">
     <span class='ocr_line' id='line_1_42' title="bbox 1947 1124 3526 1192; baseline 0.004 -13"><span class='ocrx_word' id='word_1_308' title='bbox 1947 1125 2222 1179; x_wconf 82' lang='lat' dir='ltr'><strong>existens?</strong></span> <span class='ocrx_word' id='word_1_309' title='bbox 2245 1124 2378 1178; x_wconf 85' lang='lat' dir='ltr'><strong>Nam</strong></span> <span class='ocrx_word' id='word_1_310' title='bbox 2408 1126 2490 1180; x_wconf 87' lang='lat' dir='ltr'><strong>vel</strong></span> <span class='ocrx_word' id='word_1_311' title='bbox 2517 1127 2620 1181; x_wconf 91' lang='lat' dir='ltr'><strong>hoc</strong></span> <span class='ocrx_word' id='word_1_312' title='bbox 2649 1125 2764 1181; x_wconf 91' lang='lat' dir='ltr'><strong>solo</strong></span> <span class='ocrx_word' id='word_1_313' title='bbox 2781 1166 2796 1192; x_wconf 92' lang='lat'><strong>,</strong></span> <span class='ocrx_word' id='word_1_314' title='bbox 2829 1139 3015 1181; x_wconf 83' lang='lat' dir='ltr'><strong>veram</strong></span> <span class='ocrx_word' id='word_1_315' title='bbox 3041 1129 3400 1184; x_wconf 65' lang='lat' dir='ltr'><strong>aeternitatem</strong></span> <span class='ocrx_word' id='word_1_316' title='bbox 3425 1131 3526 1186; x_wconf 91' lang='lat' dir='ltr'><strong>soli</strong></span> 
     </span>
    </p>
   </div>
   <div class='ocr_carea' id='block_1_43' title="bbox 1948 1213 3527 1288">
    <p class='ocr_par' dir='ltr' id='par_1_43' title="bbox 1948 1213 3527 1288">
     <span class='ocr_line' id='line_1_43' title="bbox 1948 1213 3527 1288; baseline 0.004 -20"><span class='ocrx_word' id='word_1_317' title='bbox 1948 1213 2128 1268; x_wconf 85' lang='lat' dir='ltr'><strong>inesse</strong></span> <span class='ocrx_word' id='word_1_318' title='bbox 2183 1213 2258 1268; x_wconf 89' lang='lat' dir='ltr'><strong>illi</strong></span> <span class='ocrx_word' id='word_1_319' title='bbox 2305 1215 2652 1281; x_wconf 63' lang='lat' dir='ltr'><strong>substantiae,</strong></span> <span class='ocrx_word' id='word_1_320' title='bbox 2702 1233 2821 1288; x_wconf 70' lang='lat' dir='ltr'><strong>qua:</strong></span> <span class='ocrx_word' id='word_1_321' title='bbox 2873 1217 2988 1274; x_wconf 90' lang='lat' dir='ltr'><strong>sola</strong></span> <span class='ocrx_word' id='word_1_322' title='bbox 3043 1232 3150 1272; x_wconf 90' lang='lat' dir='ltr'><strong>non</strong></span> <span class='ocrx_word' id='word_1_323' title='bbox 3207 1217 3381 1285; x_wconf 82' lang='lat' dir='ltr'><strong>facta,</strong></span> <span class='ocrx_word' id='word_1_324' title='bbox 3435 1220 3527 1276; x_wconf 81' lang='lat' dir='ltr'><strong>sed</strong></span> 
     </span>
    </p>
   </div>
   <div class='ocr_carea' id='block_1_44' title="bbox 1947 1304 3525 1380">
    <p class='ocr_par' dir='ltr' id='par_1_44' title="bbox 1947 1304 3525 1380">
     <span class='ocr_line' id='line_1_44' title="bbox 1947 1304 3525 1380; baseline 0.005 -21"><span class='ocrx_word' id='word_1_325' title='bbox 1947 1304 2143 1360; x_wconf 81' lang='lat' dir='ltr'><strong>factrix</strong></span> <span class='ocrx_word' id='word_1_326' title='bbox 2189 1321 2309 1361; x_wconf 91' lang='lat' dir='ltr'><strong>esse</strong></span> <span class='ocrx_word' id='word_1_327' title='bbox 2355 1306 2575 1362; x_wconf 89' lang='lat' dir='ltr'><strong>inventa</strong></span> <span class='ocrx_word' id='word_1_328' title='bbox 2624 1317 2736 1374; x_wconf 89' lang='lat' dir='ltr'><strong>est,</strong></span> <span class='ocrx_word' id='word_1_329' title='bbox 2788 1317 2978 1378; x_wconf 90' lang='lat' dir='ltr'><strong>aperte</strong></span> <span class='ocrx_word' id='word_1_330' title='bbox 3019 1307 3344 1380; x_wconf 88' lang='lat' dir='ltr'><strong>percipitur;</strong></span> <span class='ocrx_word' id='word_1_331' title='bbox 3389 1325 3525 1380; x_wconf 87' lang='lat' dir='ltr'><strong>quo-</strong></span> 
     </span>
    </p>
   </div>
   <div class='ocr_carea' id='block_1_45' title="bbox 1949 1393 3529 1471">
    <p class='ocr_par' dir='ltr' id='par_1_45' title="bbox 1949 1393 3529 1471">
     <span class='ocr_line' id='line_1_45' title="bbox 1949 1393 3529 1471; baseline 0.004 -23"><span class='ocrx_word' id='word_1_332' title='bbox 1949 1393 2092 1450; x_wconf 89' lang='lat' dir='ltr'><strong>niam</strong></span> <span class='ocrx_word' id='word_1_333' title='bbox 2123 1411 2249 1450; x_wconf 89' lang='lat' dir='ltr'><strong>vera</strong></span> <span class='ocrx_word' id='word_1_334' title='bbox 2275 1398 2552 1454; x_wconf 72' lang='lat' dir='ltr'><strong>mlcrnitas</strong></span> <span class='ocrx_word' id='word_1_335' title='bbox 2595 1399 2846 1470; x_wconf 89' lang='lat' dir='ltr'><strong>principii</strong></span> <span class='ocrx_word' id='word_1_336' title='bbox 2893 1400 3124 1471; x_wconf 90' lang='lat' dir='ltr'><strong>ﬁnisque</strong></span> <span class='ocrx_word' id='word_1_337' title='bbox 3168 1410 3310 1455; x_wconf 88' lang='lat' dir='ltr'><strong>meta</strong></span> <span class='ocrx_word' id='word_1_338' title='bbox 3342 1415 3529 1455; x_wconf 88' lang='lat' dir='ltr'><strong>carere</strong></span> 
     </span>
    </p>
   </div>
   <div class='ocr_carea' id='block_1_46' title="bbox 1949 1487 3529 1560">
    <p class='ocr_par' dir='ltr' id='par_1_46' title="bbox 1949 1487 3529 1560">
     <span class='ocr_line' id='line_1_46' title="bbox 1949 1487 3529 1560; baseline 0.003 -18"><span class='ocrx_word' id='word_1_339' title='bbox 1949 1487 2273 1560; x_wconf 83' lang='lat' dir='ltr'><strong>intelligitur</strong></span> <span class='ocrx_word' id='word_1_340' title='bbox 2320 1507 2332 1542; x_wconf 94' lang='lat'>:</span> <span class='ocrx_word' id='word_1_341' title='bbox 2384 1491 2528 1560; x_wconf 92' lang='lat' dir='ltr'><strong>quod</strong></span> <span class='ocrx_word' id='word_1_342' title='bbox 2567 1491 2698 1544; x_wconf 91' lang='lat' dir='ltr'><strong>nulli</strong></span> <span class='ocrx_word' id='word_1_343' title='bbox 2753 1495 2933 1546; x_wconf 82' lang='lat' dir='ltr'><strong>rerltm</strong></span> <span class='ocrx_word' id='word_1_344' title='bbox 2981 1501 3284 1548; x_wconf 85' lang='lat' dir='ltr'><strong>creatarum</strong></span> <span class='ocrx_word' id='word_1_345' title='bbox 3333 1505 3529 1548; x_wconf 88' lang='lat' dir='ltr'><strong>conve-</strong></span> 
     </span>
    </p>
   </div>
   <div class='ocr_carea' id='block_1_47' title="bbox 1947 1579 3530 1652">
    <p class='ocr_par' dir='ltr' id='par_1_47' title="bbox 1947 1579 3530 1652">
     <span class='ocr_line' id='line_1_47' title="bbox 1947 1579 3530 1652; baseline 0.003 -19"><span class='ocrx_word' id='word_1_346' title='bbox 1947 1579 2084 1645; x_wconf 90' lang='lat' dir='ltr'><strong>nire,</strong></span> <span class='ocrx_word' id='word_1_347' title='bbox 2133 1595 2199 1635; x_wconf 94' lang='lat' dir='ltr'><strong>co</strong></span> <span class='ocrx_word' id='word_1_348' title='bbox 2247 1580 2365 1650; x_wconf 89' lang='lat' dir='ltr'><strong>ipso</strong></span> <span class='ocrx_word' id='word_1_349' title='bbox 2404 1581 2548 1650; x_wconf 85' lang='lat' dir='ltr'><strong>quod</strong></span> <span class='ocrx_word' id='word_1_350' title='bbox 2588 1583 2654 1636; x_wconf 89' lang='lat' dir='ltr'><strong>de</strong></span> <span class='ocrx_word' id='word_1_351' title='bbox 2697 1581 2866 1637; x_wconf 90' lang='lat' dir='ltr'><strong>nihilo</strong></span> <span class='ocrx_word' id='word_1_352' title='bbox 2913 1582 3068 1639; x_wconf 70' lang='lat' dir='ltr'><strong>facta:</strong></span> <span class='ocrx_word' id='word_1_353' title='bbox 3116 1591 3260 1652; x_wconf 89' lang='lat' dir='ltr'><strong>sunt,</strong></span> <span class='ocrx_word' id='word_1_354' title='bbox 3304 1584 3530 1640; x_wconf 85' lang='lat' dir='ltr'><strong>convin-</strong></span> 
     </span>
    </p>
   </div>
   <div class='ocr_carea' id='block_1_48' title="bbox 1947 1669 2108 1726">
    <p class='ocr_par' dir='ltr' id='par_1_48' title="bbox 1947 1669 2108 1726">
     <span class='ocr_line' id='line_1_48' title="bbox 1947 1669 2108 1726; baseline 0.012 -3"><span class='ocrx_word' id='word_1_355' title='bbox 1947 1669 2108 1726; x_wconf 86' lang='lat' dir='ltr'><strong>citur.</strong></span> 
     </span>
    </p>
   </div>
   <div class='ocr_carea' id='block_1_49' title="bbox 2445 1761 3005 1836">
    <p class='ocr_par' dir='ltr' id='par_1_49' title="bbox 2445 1761 3005 1836">
     <span class='ocr_line' id='line_1_49' title="bbox 2445 1761 3005 1836; baseline 0 -18"><span class='ocrx_word' id='word_1_356' title='bbox 2445 1761 2670 1818; x_wconf 86' lang='lat' dir='ltr'><strong>CAPUT</strong></span> <span class='ocrx_word' id='word_1_357' title='bbox 2707 1763 2854 1820; x_wconf 83' lang='lat' dir='ltr'><strong>xxv</strong></span> <span class='ocrx_word' id='word_1_358' title='bbox 2893 1763 3005 1836; x_wconf 73' lang='lat'><strong>(52&#39;,</strong></span> 
     </span>
    </p>
   </div>
   <div class='ocr_carea' id='block_1_50' title="bbox 2161 1875 3314 1942">
    <p class='ocr_par' dir='ltr' id='par_1_50' title="bbox 2161 1875 3314 1942">
     <span class='ocr_line' id='line_1_50' title="bbox 2161 1875 3314 1942; baseline 0.003 -12"><span class='ocrx_word' id='word_1_359' title='bbox 2161 1875 2314 1942; x_wconf 85' lang='lat' dir='ltr'><strong>Quod</strong></span> <span class='ocrx_word' id='word_1_360' title='bbox 2347 1875 2504 1932; x_wconf 79' lang='lat' dir='ltr'><strong>nullis</strong></span> <span class='ocrx_word' id='word_1_361' title='bbox 2537 1877 2803 1934; x_wconf 77' lang='lat' dir='ltr'><strong>mutabilis</strong></span> <span class='ocrx_word' id='word_1_362' title='bbox 2838 1879 2906 1933; x_wconf 84' lang='lat' dir='ltr'><strong>sit</strong></span> <span class='ocrx_word' id='word_1_363' title='bbox 2939 1878 3314 1934; x_wconf 78' lang='lat' dir='ltr'><strong>accidentibus.</strong></span> 
     </span>
    </p>
   </div>
   <div class='ocr_carea' id='block_1_51' title="bbox 1943 1989 3529 2048">
    <p class='ocr_par' dir='ltr' id='par_1_51' title="bbox 1943 1989 3529 2048">
     <span class='ocr_line' id='line_1_51' title="bbox 1943 1989 3529 2048; baseline 0 -4"><span class='ocrx_word' id='word_1_364' title='bbox 1943 1989 2290 2046; x_wconf 71' lang='lat' dir='ltr'><strong>Cousvscrus</strong></span> <span class='ocrx_word' id='word_1_365' title='bbox 2327 2007 2556 2048; x_wconf 77' lang='lat' dir='ltr'><strong>CAPITIB.</strong></span> <span class='ocrx_word' id='word_1_366' title='bbox 2578 2023 2649 2033; x_wconf 95' lang='lat'>—</span> <span class='ocrx_word' id='word_1_367' title='bbox 2677 1992 2992 2048; x_wconf 86' lang='lat' dir='ltr'><strong>Accidentia</strong></span> <span class='ocrx_word' id='word_1_368' title='bbox 3031 1992 3136 2047; x_wconf 88' lang='lat' dir='ltr'><strong>alia</strong></span> <span class='ocrx_word' id='word_1_369' title='bbox 3175 1989 3529 2046; x_wconf 87' lang='lat' dir='ltr'><strong>mutationem</strong></span> 
     </span>
    </p>
   </div>
   <div class='ocr_carea' id='block_1_52' title="bbox 2026 2059 3528 2130">
    <p class='ocr_par' dir='ltr' id='par_1_52' title="bbox 2026 2059 3528 2130">
     <span class='ocr_line' id='line_1_52' title="bbox 2026 2059 3528 2130; baseline 0 -16"><span class='ocrx_word' id='word_1_370' title='bbox 2026 2059 2266 2130; x_wconf 70' lang='lat' dir='ltr'><strong>efﬁciunt</strong></span> <span class='ocrx_word' id='word_1_371' title='bbox 2292 2079 2304 2114; x_wconf 92' lang='lat'>:</span> <span class='ocrx_word' id='word_1_372' title='bbox 2334 2061 2459 2124; x_wconf 85' lang='lat' dir='ltr'><strong>alia,</strong></span> <span class='ocrx_word' id='word_1_373' title='bbox 2491 2073 2550 2116; x_wconf 89' lang='lat' dir='ltr'><strong>ut</strong></span> <span class='ocrx_word' id='word_1_374' title='bbox 2587 2062 2898 2130; x_wconf 85' lang='lat' dir='ltr'><strong>relationes,</strong></span> <span class='ocrx_word' id='word_1_375' title='bbox 2935 2063 3136 2117; x_wconf 85' lang='lat' dir='ltr'><strong>nullam</strong></span> <span class='ocrx_word' id='word_1_376' title='bbox 3177 2060 3528 2116; x_wconf 87' lang='lat' dir='ltr'><strong>mutationem</strong></span> 
     </span>
    </p>
   </div>
   <div class='ocr_carea' id='block_1_53' title="bbox 2016 2129 3530 2199">
    <p class='ocr_par' dir='ltr' id='par_1_53' title="bbox 2016 2129 3530 2199">
     <span class='ocr_line' id='line_1_53' title="bbox 2016 2129 3530 2199; baseline 0 -15"><span class='ocrx_word' id='word_1_377' title='bbox 2016 2129 2300 2186; x_wconf 89' lang='lat' dir='ltr'><strong>inducunt.</strong></span> <span class='ocrx_word' id='word_1_378' title='bbox 2353 2129 2576 2186; x_wconf 89' lang='lat' dir='ltr'><strong>Summa</strong></span> <span class='ocrx_word' id='word_1_379' title='bbox 2624 2139 2803 2186; x_wconf 89' lang='lat' dir='ltr'><strong>autem</strong></span> <span class='ocrx_word' id='word_1_380' title='bbox 2851 2129 3076 2198; x_wconf 86' lang='lat' dir='ltr'><strong>natura,</strong></span> <span class='ocrx_word' id='word_1_381' title='bbox 3125 2131 3250 2199; x_wconf 90' lang='lat' dir='ltr'><strong>quia</strong></span> <span class='ocrx_word' id='word_1_382' title='bbox 3299 2129 3530 2199; x_wconf 78' lang='lat' dir='ltr'><strong>simplex</strong></span> 
     </span>
    </p>
   </div>
   <div class='ocr_carea' id='block_1_54' title="bbox 2017 2198 3528 2271">
    <p class='ocr_par' dir='ltr' id='par_1_54' title="bbox 2017 2198 3528 2271">
     <span class='ocr_line' id='line_1_54' title="bbox 2017 2198 3528 2271; baseline -0.003 -17"><span class='ocrx_word' id='word_1_383' title='bbox 2017 2209 2120 2271; x_wconf 89' lang='lat' dir='ltr'><strong>est,</strong></span> <span class='ocrx_word' id='word_1_384' title='bbox 2167 2214 2272 2271; x_wconf 85' lang='lat' dir='ltr'><strong>non</strong></span> <span class='ocrx_word' id='word_1_385' title='bbox 2305 2199 2490 2255; x_wconf 89' lang='lat' dir='ltr'><strong>subest</strong></span> <span class='ocrx_word' id='word_1_386' title='bbox 2515 2201 2883 2271; x_wconf 86' lang='lat' dir='ltr'><strong>accidentibus</strong></span> <span class='ocrx_word' id='word_1_387' title='bbox 2906 2217 3026 2271; x_wconf 77' lang='lat' dir='ltr'><strong>qua:</strong></span> <span class='ocrx_word' id='word_1_388' title='bbox 3057 2198 3412 2271; x_wconf 78' lang='lat' dir='ltr'><strong>mutationem</strong></span> <span class='ocrx_word' id='word_1_389' title='bbox 3447 2198 3528 2271; x_wconf 69' lang='lat' dir='ltr'><strong>la-</strong></span> 
     </span>
    </p>
   </div>
   <div class='ocr_carea' id='block_1_55' title="bbox 2017 2268 3526 2339">
    <p class='ocr_par' dir='ltr' id='par_1_55' title="bbox 2017 2268 3526 2339">
     <span class='ocr_line' id='line_1_55' title="bbox 2017 2268 3526 2339; baseline -0.002 -15"><span class='ocrx_word' id='word_1_390' title='bbox 2017 2270 2188 2324; x_wconf 90' lang='lat' dir='ltr'><strong>ciunt.</strong></span> <span class='ocrx_word' id='word_1_391' title='bbox 2221 2269 2362 2339; x_wconf 81' lang='lat' dir='ltr'><strong>Ergo</strong></span> <span class='ocrx_word' id='word_1_392' title='bbox 2391 2285 2494 2325; x_wconf 88' lang='lat' dir='ltr'><strong>nec</strong></span> <span class='ocrx_word' id='word_1_393' title='bbox 2523 2269 2882 2339; x_wconf 89' lang='lat' dir='ltr'><strong>susceptibilis</strong></span> <span class='ocrx_word' id='word_1_394' title='bbox 2901 2268 2986 2326; x_wconf 75' lang='lat' dir='ltr'><strong>est</strong></span> <span class='ocrx_word' id='word_1_395' title='bbox 3013 2270 3172 2325; x_wconf 91' lang='lat' dir='ltr'><strong>ullius</strong></span> <span class='ocrx_word' id='word_1_396' title='bbox 3199 2268 3526 2324; x_wconf 89' lang='lat' dir='ltr'><strong>accidentis:</strong></span> 
     </span>
    </p>
   </div>
   <div class='ocr_carea' id='block_1_56' title="bbox 2017 2340 3530 2410">
    <p class='ocr_par' dir='ltr' id='par_1_56' title="bbox 2017 2340 3530 2410">
     <span class='ocr_line' id='line_1_56' title="bbox 2017 2340 3530 2410; baseline -0.001 -17"><span class='ocrx_word' id='word_1_397' title='bbox 2017 2340 2322 2396; x_wconf 85' lang='lat' dir='ltr'><strong>accidentia</strong></span> <span class='ocrx_word' id='word_1_398' title='bbox 2375 2341 2520 2410; x_wconf 83' lang='lat' dir='ltr'><strong>enim</strong></span> <span class='ocrx_word' id='word_1_399' title='bbox 2573 2341 2866 2410; x_wconf 88' lang='lat' dir='ltr'><strong>improprie</strong></span> <span class='ocrx_word' id='word_1_400' title='bbox 2914 2341 3194 2404; x_wconf 86' lang='lat' dir='ltr'><strong>dicuntur,</strong></span> <span class='ocrx_word' id='word_1_401' title='bbox 3228 2354 3366 2410; x_wconf 68' lang='lat' dir='ltr'><strong>quae</strong></span> <span class='ocrx_word' id='word_1_402' title='bbox 3415 2353 3530 2393; x_wconf 91' lang='lat' dir='ltr'><strong>rem</strong></span> 
     </span>
    </p>
   </div>
   <div class='ocr_carea' id='block_1_57' title="bbox 2021 2409 3530 2480">
    <p class='ocr_par' dir='ltr' id='par_1_57' title="bbox 2021 2409 3530 2480">
     <span class='ocr_line' id='line_1_57' title="bbox 2021 2409 3530 2480; baseline -0.002 -17"><span class='ocrx_word' id='word_1_403' title='bbox 2021 2425 2129 2464; x_wconf 90' lang='lat' dir='ltr'><strong>non</strong></span> <span class='ocrx_word' id='word_1_404' title='bbox 2180 2417 2412 2480; x_wconf 86' lang='lat' dir='ltr'><strong>mutant.</strong></span> <span class='ocrx_word' id='word_1_405' title='bbox 2465 2409 2822 2480; x_wconf 44' lang='lat' dir='ltr'><strong>Igitur&#39;nullo</strong></span> <span class='ocrx_word' id='word_1_406' title='bbox 2871 2426 3094 2480; x_wconf 88' lang='lat' dir='ltr'><strong>prorsus</strong></span> <span class='ocrx_word' id='word_1_407' title='bbox 3117 2409 3278 2480; x_wconf 89' lang='lat' dir='ltr'><strong>modo</strong></span> <span class='ocrx_word' id='word_1_408' title='bbox 3320 2422 3530 2480; x_wconf 85' lang='lat' dir='ltr'><strong>summa</strong></span> 
     </span>
    </p>
   </div>
   <div class='ocr_carea' id='block_1_58' title="bbox 2019 2479 3530 2549">
    <p class='ocr_par' dir='ltr' id='par_1_58' title="bbox 2019 2479 3530 2549">
     <span class='ocr_line' id='line_1_58' title="bbox 2019 2479 3530 2549; baseline -0.001 -16"><span class='ocrx_word' id='word_1_409' title='bbox 2019 2479 2256 2534; x_wconf 89' lang='lat' dir='ltr'><strong>essentia</strong></span> <span class='ocrx_word' id='word_1_410' title='bbox 2313 2479 2590 2534; x_wconf 86' lang='lat' dir='ltr'><strong>mutabilis</strong></span> <span class='ocrx_word' id='word_1_411' title='bbox 2635 2479 2756 2546; x_wconf 71' lang='lat' dir='ltr'><strong>est;</strong></span> <span class='ocrx_word' id='word_1_412' title='bbox 2799 2479 2920 2535; x_wconf 81' lang='lat' dir='ltr'><strong>cuin</strong></span> <span class='ocrx_word' id='word_1_413' title='bbox 2969 2495 3182 2549; x_wconf 89' lang='lat' dir='ltr'><strong>semper</strong></span> <span class='ocrx_word' id='word_1_414' title='bbox 3229 2479 3301 2534; x_wconf 88' lang='lat' dir='ltr'><strong>sit</strong></span> <span class='ocrx_word' id='word_1_415' title='bbox 3341 2479 3530 2549; x_wconf 85' lang='lat' dir='ltr'><strong>eadem</strong></span> 
     </span>
    </p>
   </div>
   <div class='ocr_carea' id='block_1_59' title="bbox 2019 2545 3532 2620">
    <p class='ocr_par' dir='ltr' id='par_1_59' title="bbox 2019 2545 3532 2620">
     <span class='ocr_line' id='line_1_59' title="bbox 2019 2545 3532 2620; baseline -0.002 -17"><span class='ocrx_word' id='word_1_416' title='bbox 2019 2549 2474 2620; x_wconf 9' lang='lat' dir='ltr'><strong>subrstantialiter,</strong></span> <span class='ocrx_word' id='word_1_417' title='bbox 2497 2559 2552 2605; x_wconf 88' lang='lat' dir='ltr'><strong>et</strong></span> <span class='ocrx_word' id='word_1_418' title='bbox 2578 2545 2990 2620; x_wconf 26' lang='lat' dir='ltr'><strong>nullo’unquam</strong></span> <span class='ocrx_word' id='word_1_419' title='bbox 3025 2545 3187 2605; x_wconf 81' lang='lat' dir='ltr'><strong>modo</strong></span> <span class='ocrx_word' id='word_1_420' title='bbox 3213 2549 3427 2604; x_wconf 85' lang='lat' dir='ltr'><strong>diversa</strong></span> <span class='ocrx_word' id='word_1_421' title='bbox 3459 2545 3532 2601; x_wconf 88' lang='lat' dir='ltr'><strong>sit</strong></span> 
     </span>
    </p>
   </div>
   <div class='ocr_carea' id='block_1_60' title="bbox 2017 2619 2444 2674">
    <p class='ocr_par' dir='ltr' id='par_1_60' title="bbox 2017 2619 2444 2674">
     <span class='ocr_line' id='line_1_60' title="bbox 2017 2619 2444 2674; baseline 0.005 -2"><span class='ocrx_word' id='word_1_422' title='bbox 2017 2619 2444 2674; x_wconf 89' lang='lat' dir='ltr'><strong>accidentaliter.</strong></span> 
     </span>
    </p>
   </div>
   <div class='ocr_carea' id='block_1_61' title="bbox 2021 2707 3534 2782">
    <p class='ocr_par' dir='ltr' id='par_1_61' title="bbox 2021 2707 3534 2782">
     <span class='ocr_line' id='line_1_61' title="bbox 2021 2707 3534 2782; baseline -0.002 -18"><span class='ocrx_word' id='word_1_423' title='bbox 2021 2709 2131 2765; x_wconf 90' lang='lat' dir='ltr'><strong>Sed</strong></span> <span class='ocrx_word' id='word_1_424' title='bbox 2180 2710 2294 2766; x_wconf 73' lang='lat' dir='ltr'><strong>haac</strong></span> <span class='ocrx_word' id='word_1_425' title='bbox 2353 2712 2588 2766; x_wconf 86' lang='lat' dir='ltr'><strong>essentia</strong></span> <span class='ocrx_word' id='word_1_426' title='bbox 2637 2711 2730 2778; x_wconf 69' lang='grc' dir='ltr'><strong>θη,</strong></span> <span class='ocrx_word' id='word_1_427' title='bbox 2781 2726 2942 2781; x_wconf 85' lang='lat' dir='ltr'><strong>quam</strong></span> <span class='ocrx_word' id='word_1_428' title='bbox 2993 2711 3169 2782; x_wconf 88' lang='lat' dir='ltr'><strong>patuit</strong></span> <span class='ocrx_word' id='word_1_429' title='bbox 3224 2707 3534 2766; x_wconf 82' lang='lat' dir='ltr'><strong>omnimodo</strong></span> 
     </span>
    </p>
   </div>
   <div class='ocr_carea' id='block_1_62' title="bbox 1947 2791 3532 2869">
    <p class='ocr_par' dir='ltr' id='par_1_62' title="bbox 1947 2791 3532 2869">
     <span class='ocr_line' id='line_1_62' title="bbox 1947 2791 3532 2869; baseline -0.001 -12"><span class='ocrx_word' id='word_1_430' title='bbox 1947 2803 2048 2858; x_wconf 92' lang='lat' dir='ltr'><strong>sibi</strong></span> <span class='ocrx_word' id='word_1_431' title='bbox 2106 2816 2226 2856; x_wconf 87' lang='lat' dir='ltr'><strong>esse</strong></span> <span class='ocrx_word' id='word_1_432' title='bbox 2276 2804 2520 2859; x_wconf 89' lang='lat' dir='ltr'><strong>eamdem</strong></span> <span class='ocrx_word' id='word_1_433' title='bbox 2574 2803 3027 2869; x_wconf 88' lang='lat' dir='ltr'><strong>substantialiter,</strong></span> <span class='ocrx_word' id='word_1_434' title='bbox 3071 2791 3254 2858; x_wconf 90' lang='lat' dir='ltr'><strong>nonne</strong></span> <span class='ocrx_word' id='word_1_435' title='bbox 3299 2810 3384 2858; x_wconf 90' lang='lat' dir='ltr'><strong>est</strong></span> <span class='ocrx_word' id='word_1_436' title='bbox 3430 2800 3532 2856; x_wconf 88' lang='lat' dir='ltr'><strong>ali-</strong></span> 
     </span>
    </p>
   </div>
   <div class='ocr_carea' id='block_1_63' title="bbox 1947 2892 3530 2961">
    <p class='ocr_par' dir='ltr' id='par_1_63' title="bbox 1947 2892 3530 2961">
     <span class='ocr_line' id='line_1_63' title="bbox 1947 2892 3530 2961; baseline -0.001 -15"><span class='ocrx_word' id='word_1_437' title='bbox 1947 2893 2164 2961; x_wconf 88' lang='lat' dir='ltr'><strong>quando</strong></span> <span class='ocrx_word' id='word_1_438' title='bbox 2189 2893 2310 2948; x_wconf 74' lang='lat' dir='ltr'><strong>ma</strong></span> <span class='ocrx_word' id='word_1_439' title='bbox 2359 2910 2418 2949; x_wconf 89' lang='lat' dir='ltr'><strong>se</strong></span> <span class='ocrx_word' id='word_1_440' title='bbox 2460 2895 2672 2951; x_wconf 88' lang='lat' dir='ltr'><strong>diversa</strong></span> <span class='ocrx_word' id='word_1_441' title='bbox 2717 2895 2802 2950; x_wconf 90' lang='lat' dir='ltr'><strong>vel</strong></span> <span class='ocrx_word' id='word_1_442' title='bbox 2851 2895 3282 2952; x_wconf 84' lang='lat' dir='ltr'><strong>accidentaliter.</strong></span> <span class='ocrx_word' id='word_1_443' title='bbox 3331 2892 3530 2950; x_wconf 82' lang='lat' dir='ltr'><strong>Verum</strong></span> 
     </span>
    </p>
   </div>
   <div class='ocr_carea' id='block_1_64' title="bbox 1946 2984 3532 3055">
    <p class='ocr_par' dir='ltr' id='par_1_64' title="bbox 1946 2984 3532 3055">
     <span class='ocr_line' id='line_1_64' title="bbox 1946 2984 3532 3055; baseline -0.001 -16"><span class='ocrx_word' id='word_1_444' title='bbox 1946 2985 2216 3054; x_wconf 89' lang='lat' dir='ltr'><strong>quomodo</strong></span> <span class='ocrx_word' id='word_1_445' title='bbox 2257 2993 2342 3040; x_wconf 90' lang='lat' dir='ltr'><strong>est</strong></span> <span class='ocrx_word' id='word_1_446' title='bbox 2383 3000 2598 3041; x_wconf 88' lang='lat' dir='ltr'><strong>summe</strong></span> <span class='ocrx_word' id='word_1_447' title='bbox 2637 2985 3116 3050; x_wconf 81' lang='lat' dir='ltr'><strong>incommutabilis,</strong></span> <span class='ocrx_word' id='word_1_448' title='bbox 3158 2985 3206 3041; x_wconf 90' lang='lat' dir='ltr'><strong>si</strong></span> <span class='ocrx_word' id='word_1_449' title='bbox 3252 2999 3350 3055; x_wconf 88' lang='lat' dir='ltr'><strong>per</strong></span> <span class='ocrx_word' id='word_1_450' title='bbox 3389 2984 3532 3040; x_wconf 86' lang='lat' dir='ltr'><strong>acci-</strong></span> 
     </span>
    </p>
   </div>
   <div class='ocr_carea' id='block_1_65' title="bbox 259 3075 3596 3157">
    <p class='ocr_par' dir='ltr' id='par_1_65' title="bbox 259 3075 3596 3157">
     <span class='ocr_line' id='line_1_65' title="bbox 259 3075 3596 3157; baseline -0.004 -17"><span class='ocrx_word' id='word_1_451' title='bbox 259 3103 385 3156; x_wconf 80' lang='lat' dir='ltr'><strong>per,</strong></span> <span class='ocrx_word' id='word_1_452' title='bbox 428 3087 600 3156; x_wconf 81' lang='lat' dir='ltr'><strong>magis</strong></span> <span class='ocrx_word' id='word_1_453' title='bbox 639 3075 856 3157; x_wconf 66' lang='grc' dir='ltr'><strong>ιιι-οντιέ</strong></span> <span class='ocrx_word' id='word_1_454' title='bbox 884 3088 1150 3157; x_wconf 83' lang='lat' dir='ltr'><strong>signiﬁcet</strong></span> <span class='ocrx_word' id='word_1_455' title='bbox 1177 3075 1536 3140; x_wconf 56' lang='lat' dir='ltr'><strong>atteruilatein</strong></span> <span class='ocrx_word' id='word_1_456' title='bbox 1556 3124 1571 3146; x_wconf 92' lang='lat'><strong>,</strong></span> <span class='ocrx_word' id='word_1_457' title='bbox 1614 3093 1670 3138; x_wconf 89' lang='lat' dir='ltr'><strong>et</strong></span> <span class='ocrx_word' id='word_1_458' title='bbox 1709 3093 1846 3138; x_wconf 88' lang='lat' dir='ltr'><strong>tem-</strong></span> <span class='ocrx_word' id='word_1_459' title='bbox 1871 3085 1916 3148; x_wconf 88' lang='lat' dir='ltr'><strong><em>C</em></strong></span> <span class='ocrx_word' id='word_1_460' title='bbox 1947 3075 2125 3131; x_wconf 73' lang='lat' dir='ltr'><strong>denliﬂ</strong></span> <span class='ocrx_word' id='word_1_461' title='bbox 2155 3083 2356 3146; x_wconf 74' lang='grc' dir='ltr'><strong>Ροῑθδιν</strong></span> <span class='ocrx_word' id='word_1_462' title='bbox 2388 3093 2498 3132; x_wconf 73' lang='lat' dir='ltr'><strong>“On</strong></span> <span class='ocrx_word' id='word_1_463' title='bbox 2539 3079 2714 3134; x_wconf 75' lang='lat' dir='ltr'><strong>dicam</strong></span> <span class='ocrx_word' id='word_1_464' title='bbox 2745 3091 2890 3144; x_wconf 72' lang='lat' dir='ltr'><strong>esse.</strong></span> <span class='ocrx_word' id='word_1_465' title='bbox 2923 3078 3018 3135; x_wconf 74' lang='lat' dir='ltr'><strong>sed</strong></span> <span class='ocrx_word' id='word_1_466' title='bbox 3047 3077 3134 3133; x_wconf 65' lang='lat' dir='ltr'><strong>vel</strong></span> <span class='ocrx_word' id='word_1_467' title='bbox 3177 3075 3404 3146; x_wconf 78' lang='lat' dir='ltr'><strong>intelligi</strong></span> <span class='ocrx_word' id='word_1_468' title='bbox 3429 3089 3528 3128; x_wconf 86' lang='lat' dir='ltr'><strong>va-</strong></span> <span class='ocrx_word' id='word_1_469' title='bbox 3589 3143 3596 3151; x_wconf 30' lang='grc' dir='ltr'><strong>ε</strong></span> 
     </span>
    </p>
   </div>
   <div class='ocr_carea' id='block_1_66' title="bbox 257 3159 1840 3228">
    <p class='ocr_par' dir='ltr' id='par_1_66' title="bbox 257 3159 1840 3228">
     <span class='ocr_line' id='line_1_66' title="bbox 257 3159 1840 3228; baseline -0.002 -18"><span class='ocrx_word' id='word_1_470' title='bbox 257 3173 367 3228; x_wconf 88' lang='lat' dir='ltr'><strong>pus</strong></span> <span class='ocrx_word' id='word_1_471' title='bbox 389 3159 536 3211; x_wconf 84' lang='lat' dir='ltr'><strong>dicat</strong></span> <span class='ocrx_word' id='word_1_472' title='bbox 567 3159 884 3213; x_wconf 69' lang='lat' dir='ltr'><strong>varietatem</strong></span> <span class='ocrx_word' id='word_1_473' title='bbox 905 3201 918 3226; x_wconf 91' lang='lat'><strong>,</strong></span> <span class='ocrx_word' id='word_1_474' title='bbox 949 3159 1119 3227; x_wconf 82' lang='lat' dir='ltr'><strong>magis</strong></span> <span class='ocrx_word' id='word_1_475' title='bbox 1142 3169 1380 3228; x_wconf 82' lang='lat' dir='ltr'><strong>congrue</strong></span> <span class='ocrx_word' id='word_1_476' title='bbox 1405 3169 1615 3228; x_wconf 77' lang='lat' dir='ltr'><strong>summa</strong></span> <span class='ocrx_word' id='word_1_477' title='bbox 1643 3163 1840 3224; x_wconf 77' lang='lat' dir='ltr'><strong>natura</strong></span> 
     </span>
    </p>
   </div>
   <div class='ocr_carea' id='block_1_67' title="bbox 255 3223 1841 3297">
    <p class='ocr_par' dir='ltr' id='par_1_67' title="bbox 255 3223 1841 3297">
     <span class='ocr_line' id='line_1_67' title="bbox 255 3223 1841 3297; baseline -0.004 -15"><span class='ocrx_word' id='word_1_478' title='bbox 255 3223 466 3282; x_wconf 61' lang='lat' dir='ltr'><strong>(dicitur</strong></span> <span class='ocrx_word' id='word_1_479' title='bbox 497 3241 712 3297; x_wconf 87' lang='lat' dir='ltr'><strong>semper</strong></span> <span class='ocrx_word' id='word_1_480' title='bbox 739 3223 1088 3296; x_wconf 46' lang='lat' dir='ltr'><strong>esse,&#39;qttat&#39;n</strong></span> <span class='ocrx_word' id='word_1_481' title='bbox 1120 3241 1240 3281; x_wconf 87' lang='lat' dir='ltr'><strong>esse</strong></span> <span class='ocrx_word' id='word_1_482' title='bbox 1257 3223 1336 3297; x_wconf 27' lang='lat' dir='ltr'><strong>lin</strong></span> <span class='ocrx_word' id='word_1_483' title='bbox 1383 3223 1554 3297; x_wconf 66' lang='lat' dir='ltr'><strong>omni</strong></span> <span class='ocrx_word' id='word_1_484' title='bbox 1583 3223 1841 3297; x_wconf 83' lang='lat' dir='ltr'><strong>tempore.</strong></span> 
     </span>
    </p>
   </div>
   <div class='ocr_carea' id='block_1_68' title="bbox 255 3293 1845 3362">
    <p class='ocr_par' dir='ltr' id='par_1_68' title="bbox 255 3293 1845 3362">
     <span class='ocr_line' id='line_1_68' title="bbox 255 3293 1845 3362; baseline -0.004 -10"><span class='ocrx_word' id='word_1_485' title='bbox 255 3297 328 3352; x_wconf 80' lang='lat' dir='ltr'><strong>Et</strong></span> <span class='ocrx_word' id='word_1_486' title='bbox 368 3313 490 3351; x_wconf 91' lang='lat' dir='ltr'><strong>cum</strong></span> <span class='ocrx_word' id='word_1_487' title='bbox 519 3293 796 3353; x_wconf 66' lang='lat' dir='ltr'><strong>aeternitas</strong></span> <span class='ocrx_word' id='word_1_488' title='bbox 822 3301 891 3353; x_wconf 90' lang='lat' dir='ltr'><strong>sit</strong></span> <span class='ocrx_word' id='word_1_489' title='bbox 920 3293 1340 3352; x_wconf 85' lang='lat' dir='ltr'><strong>interminabilis</strong></span> <span class='ocrx_word' id='word_1_490' title='bbox 1367 3295 1476 3348; x_wconf 89' lang='lat' dir='ltr'><strong>vita</strong></span> <span class='ocrx_word' id='word_1_491' title='bbox 1513 3293 1672 3348; x_wconf 90' lang='lat' dir='ltr'><strong>simul</strong></span> <span class='ocrx_word' id='word_1_492' title='bbox 1717 3309 1845 3362; x_wconf 87' lang='lat' dir='ltr'><strong>pcr-</strong></span> 
     </span>
    </p>
   </div>
   <div class='ocr_carea' id='block_1_69' title="bbox 257 3367 1845 3434">
    <p class='ocr_par' dir='ltr' id='par_1_69' title="bbox 257 3367 1845 3434">
     <span class='ocr_line' id='line_1_69' title="bbox 257 3367 1845 3434; baseline -0.003 -12"><span class='ocrx_word' id='word_1_493' title='bbox 257 3367 404 3422; x_wconf 64' lang='grc' dir='ltr'>ῐυιοιιξ</span> <span class='ocrx_word' id='word_1_494' title='bbox 437 3377 548 3422; x_wconf 88' lang='lat' dir='ltr'><strong>tota</strong></span> <span class='ocrx_word' id='word_1_495' title='bbox 579 3371 842 3434; x_wconf 77' lang='lat' dir='ltr'><strong>existens,</strong></span> <span class='ocrx_word' id='word_1_496' title='bbox 875 3369 972 3424; x_wconf 91' lang='lat' dir='ltr'><strong>soli</strong></span> <span class='ocrx_word' id='word_1_497' title='bbox 1013 3368 1138 3422; x_wconf 90' lang='lat' dir='ltr'><strong>huic</strong></span> <span class='ocrx_word' id='word_1_498' title='bbox 1169 3375 1378 3420; x_wconf 84' lang='lat' dir='ltr'><strong>naturae</strong></span> <span class='ocrx_word' id='word_1_499' title='bbox 1401 3379 1628 3419; x_wconf 69' lang='lat' dir='ltr'><strong>summa:</strong></span> <span class='ocrx_word' id='word_1_500' title='bbox 1651 3379 1845 3418; x_wconf 88' lang='lat' dir='ltr'><strong>conve-</strong></span> 
     </span>
    </p>
   </div>
   <div class='ocr_carea' id='block_1_70' title="bbox 255 3436 1779 3508">
    <p class='ocr_par' dir='ltr' id='par_1_70' title="bbox 255 3436 1779 3508">
     <span class='ocr_line' id='line_1_70' title="bbox 255 3436 1779 3508; baseline -0.005 -16"><span class='ocrx_word' id='word_1_501' title='bbox 255 3439 342 3492; x_wconf 86' lang='lat' dir='ltr'><strong>nit</strong></span> <span class='ocrx_word' id='word_1_502' title='bbox 363 3478 376 3502; x_wconf 90' lang='lat'><strong>,</strong></span> <span class='ocrx_word' id='word_1_503' title='bbox 421 3453 542 3506; x_wconf 76' lang='lat' dir='ltr'><strong>qua:</strong></span> <span class='ocrx_word' id='word_1_504' title='bbox 580 3439 844 3508; x_wconf 89' lang='lat' dir='ltr'><strong>principio</strong></span> <span class='ocrx_word' id='word_1_505' title='bbox 870 3450 924 3493; x_wconf 91' lang='lat' dir='ltr'><strong>et</strong></span> <span class='ocrx_word' id='word_1_506' title='bbox 952 3439 1057 3492; x_wconf 86' lang='lat' dir='ltr'><strong>line</strong></span> <span class='ocrx_word' id='word_1_507' title='bbox 1093 3446 1146 3490; x_wconf 89' lang='lat' dir='ltr'><strong>et</strong></span> <span class='ocrx_word' id='word_1_508' title='bbox 1182 3436 1330 3490; x_wconf 80' lang='lat' dir='ltr'><strong>onmi</strong></span> <span class='ocrx_word' id='word_1_509' title='bbox 1359 3436 1586 3488; x_wconf 87' lang='lat' dir='ltr'><strong>termino</strong></span> <span class='ocrx_word' id='word_1_510' title='bbox 1609 3443 1779 3488; x_wconf 87' lang='lat' dir='ltr'><strong>caret.</strong></span> 
     </span>
    </p>
   </div>
   <div class='ocr_carea' id='block_1_71' title="bbox 335 3529 1847 3600">
    <p class='ocr_par' dir='ltr' id='par_1_71' title="bbox 335 3529 1847 3600">
     <span class='ocr_line' id='line_1_71' title="bbox 335 3529 1847 3600; baseline -0.003 -19"><span class='ocrx_word' id='word_1_511' title='bbox 335 3530 591 3583; x_wconf 82' lang='lat' dir='ltr'><strong>Eamdem</strong></span> <span class='ocrx_word' id='word_1_512' title='bbox 643 3547 857 3600; x_wconf 88' lang='lat' dir='ltr'><strong>quoque</strong></span> <span class='ocrx_word' id='word_1_513' title='bbox 907 3546 1173 3590; x_wconf 83' lang='lat' dir='ltr'><strong>summam</strong></span> <span class='ocrx_word' id='word_1_514' title='bbox 1222 3529 1586 3584; x_wconf 87' lang='lat' dir='ltr'><strong>substantiam</strong></span> <span class='ocrx_word' id='word_1_515' title='bbox 1633 3531 1847 3582; x_wconf 88' lang='lat' dir='ltr'><strong>constat</strong></span> 
     </span>
    </p>
   </div>
   <div class='ocr_carea' id='block_1_72' title="bbox 257 3621 1847 3692">
    <p class='ocr_par' dir='ltr' id='par_1_72' title="bbox 257 3621 1847 3692">
     <span class='ocr_line' id='line_1_72' title="bbox 257 3621 1847 3692; baseline -0.003 -16"><span class='ocrx_word' id='word_1_516' title='bbox 257 3621 378 3676; x_wconf 88' lang='lat' dir='ltr'><strong>sine</strong></span> <span class='ocrx_word' id='word_1_517' title='bbox 402 3621 669 3692; x_wconf 88' lang='lat' dir='ltr'><strong>principio</strong></span> <span class='ocrx_word' id='word_1_518' title='bbox 691 3632 748 3677; x_wconf 91' lang='lat' dir='ltr'><strong>et</strong></span> <span class='ocrx_word' id='word_1_519' title='bbox 779 3621 896 3678; x_wconf 89' lang='lat' dir='ltr'><strong>sine</strong></span> <span class='ocrx_word' id='word_1_520' title='bbox 921 3623 1026 3677; x_wconf 80' lang='lat' dir='ltr'><strong>[inc</strong></span> <span class='ocrx_word' id='word_1_521' title='bbox 1047 3637 1192 3688; x_wconf 87' lang='lat' dir='ltr'><strong>esse;</strong></span> <span class='ocrx_word' id='word_1_522' title='bbox 1226 3637 1324 3676; x_wconf 88' lang='lat' dir='ltr'><strong>nec</strong></span> <span class='ocrx_word' id='word_1_523' title='bbox 1360 3621 1562 3676; x_wconf 85' lang='lat' dir='ltr'><strong>habere</strong></span> <span class='ocrx_word' id='word_1_524' title='bbox 1624 3627 1847 3689; x_wconf 60' lang='lat' dir='ltr'><strong>prseter-</strong></span> 
     </span>
    </p>
   </div>
   <div class='ocr_carea' id='block_1_73' title="bbox 259 3708 1848 3786">
    <p class='ocr_par' dir='ltr' id='par_1_73' title="bbox 259 3708 1848 3786">
     <span class='ocr_line' id='line_1_73' title="bbox 259 3708 1848 3786; baseline -0.003 -18"><span class='ocrx_word' id='word_1_525' title='bbox 259 3715 402 3768; x_wconf 86' lang='lat' dir='ltr'><strong>itum</strong></span> <span class='ocrx_word' id='word_1_526' title='bbox 423 3755 440 3779; x_wconf 94' lang='lat'><strong>,</strong></span> <span class='ocrx_word' id='word_1_527' title='bbox 473 3723 566 3768; x_wconf 91' lang='lat' dir='ltr'><strong>aut</strong></span> <span class='ocrx_word' id='word_1_528' title='bbox 607 3714 848 3770; x_wconf 81' lang='lat' dir='ltr'><strong>futurum</strong></span> <span class='ocrx_word' id='word_1_529' title='bbox 869 3757 886 3782; x_wconf 93' lang='lat'><strong>,</strong></span> <span class='ocrx_word' id='word_1_530' title='bbox 915 3731 1017 3772; x_wconf 90' lang='lat' dir='ltr'><strong>nec</strong></span> <span class='ocrx_word' id='word_1_531' title='bbox 1055 3713 1382 3786; x_wconf 83' lang='lat' dir='ltr'><strong>temporale,</strong></span> <span class='ocrx_word' id='word_1_532' title='bbox 1413 3714 1517 3767; x_wconf 90' lang='lat' dir='ltr'><strong>hoc</strong></span> <span class='ocrx_word' id='word_1_533' title='bbox 1541 3719 1654 3776; x_wconf 91' lang='lat' dir='ltr'><strong>cst,</strong></span> <span class='ocrx_word' id='word_1_534' title='bbox 1687 3708 1848 3764; x_wconf 89' lang='lat' dir='ltr'><strong>labile</strong></span> 
     </span>
    </p>
   </div>
   <div class='ocr_carea' id='block_1_74' title="bbox 255 3805 1849 3876">
    <p class='ocr_par' dir='ltr' id='par_1_74' title="bbox 255 3805 1849 3876">
     <span class='ocr_line' id='line_1_74' title="bbox 255 3805 1849 3876; baseline -0.003 -19"><span class='ocrx_word' id='word_1_535' title='bbox 255 3821 522 3874; x_wconf 70' lang='lat' dir='ltr'><strong>prsesens,</strong></span> <span class='ocrx_word' id='word_1_536' title='bbox 555 3822 665 3876; x_wconf 91' lang='lat' dir='ltr'><strong>quo</strong></span> <span class='ocrx_word' id='word_1_537' title='bbox 692 3821 790 3862; x_wconf 91' lang='lat' dir='ltr'><strong>nos</strong></span> <span class='ocrx_word' id='word_1_538' title='bbox 817 3807 1040 3871; x_wconf 89' lang='lat' dir='ltr'><strong>utimur,</strong></span> <span class='ocrx_word' id='word_1_539' title='bbox 1065 3806 1324 3876; x_wconf 90' lang='lat' dir='ltr'><strong>quoniam</strong></span> <span class='ocrx_word' id='word_1_540' title='bbox 1369 3811 1500 3858; x_wconf 69' lang='lat' dir='ltr'><strong>tetas</strong></span> <span class='ocrx_word' id='word_1_541' title='bbox 1535 3805 1648 3858; x_wconf 88' lang='lat' dir='ltr'><strong>sive</strong></span> <span class='ocrx_word' id='word_1_542' title='bbox 1691 3807 1849 3854; x_wconf 71' lang='lat' dir='ltr'><strong>teter-</strong></span> 
     </span>
    </p>
   </div>
   <div class='ocr_carea' id='block_1_75' title="bbox 259 3889 1848 3966">
    <p class='ocr_par' dir='ltr' id='par_1_75' title="bbox 259 3889 1848 3966">
     <span class='ocr_line' id='line_1_75' title="bbox 259 3889 1848 3966; baseline -0.004 -18"><span class='ocrx_word' id='word_1_543' title='bbox 259 3898 408 3950; x_wconf 87' lang='lat' dir='ltr'><strong>nitas</strong></span> <span class='ocrx_word' id='word_1_544' title='bbox 433 3894 552 3965; x_wconf 68' lang='lat' dir='ltr'><strong>ejus</strong></span> <span class='ocrx_word' id='word_1_545' title='bbox 579 3911 698 3966; x_wconf 85' lang='lat' dir='ltr'><strong>quae</strong></span> <span class='ocrx_word' id='word_1_546' title='bbox 721 3897 856 3951; x_wconf 89' lang='lat' dir='ltr'><strong>nihil</strong></span> <span class='ocrx_word' id='word_1_547' title='bbox 884 3896 1030 3951; x_wconf 89' lang='lat' dir='ltr'><strong>aliud</strong></span> <span class='ocrx_word' id='word_1_548' title='bbox 1059 3905 1140 3952; x_wconf 90' lang='lat' dir='ltr'><strong>est</strong></span> <span class='ocrx_word' id='word_1_549' title='bbox 1167 3911 1328 3965; x_wconf 85' lang='lat' dir='ltr'><strong>quam</strong></span> <span class='ocrx_word' id='word_1_550' title='bbox 1354 3895 1468 3964; x_wconf 87' lang='lat' dir='ltr'><strong>ipsa</strong></span> <span class='ocrx_word' id='word_1_551' title='bbox 1487 3933 1502 3958; x_wconf 91' lang='lat'><strong>,</strong></span> <span class='ocrx_word' id='word_1_552' title='bbox 1537 3889 1848 3945; x_wconf 88' lang='lat' dir='ltr'><strong>immutabi-</strong></span> 
     </span>
    </p>
   </div>
   <div class='ocr_carea' id='block_1_76' title="bbox 257 3977 1836 4056">
    <p class='ocr_par' dir='ltr' id='par_1_76' title="bbox 257 3977 1836 4056">
     <span class='ocr_line' id='line_1_76' title="bbox 257 3977 1836 4056; baseline -0.006 -18"><span class='ocrx_word' id='word_1_553' title='bbox 257 3987 330 4040; x_wconf 88' lang='lat' dir='ltr'><strong>lis</strong></span> <span class='ocrx_word' id='word_1_554' title='bbox 357 3995 410 4040; x_wconf 89' lang='lat' dir='ltr'><strong>et</strong></span> <span class='ocrx_word' id='word_1_555' title='bbox 432 3987 552 4041; x_wconf 88' lang='lat' dir='ltr'><strong>sine</strong></span> <span class='ocrx_word' id='word_1_556' title='bbox 576 3985 819 4056; x_wconf 88' lang='lat' dir='ltr'><strong>partibus</strong></span> <span class='ocrx_word' id='word_1_557' title='bbox 841 3997 944 4042; x_wconf 87' lang='lat' dir='ltr'><strong>est.</strong></span> <span class='ocrx_word' id='word_1_558' title='bbox 974 3987 1163 4041; x_wconf 84' lang='lat' dir='ltr'><strong>Nonne</strong></span> <span class='ocrx_word' id='word_1_559' title='bbox 1185 4001 1312 4056; x_wconf 82' lang='lat' dir='ltr'><strong>ergo</strong></span> <span class='ocrx_word' id='word_1_560' title='bbox 1338 3998 1550 4052; x_wconf 86' lang='lat' dir='ltr'><strong>semper</strong></span> <span class='ocrx_word' id='word_1_561' title='bbox 1589 3979 1730 4050; x_wconf 89' lang='lat' dir='ltr'><strong>quod</strong></span> <span class='ocrx_word' id='word_1_562' title='bbox 1756 3977 1836 4030; x_wconf 89' lang='lat' dir='ltr'><strong>vi-</strong></span> 
     </span>
    </p>
   </div>
   <div class='ocr_carea' id='block_1_77' title="bbox 255 4071 1829 4150">
    <p class='ocr_par' dir='ltr' id='par_1_77' title="bbox 255 4071 1829 4150">
     <span class='ocr_line' id='line_1_77' title="bbox 255 4071 1829 4150; baseline -0.006 -16"><span class='ocrx_word' id='word_1_563' title='bbox 255 4080 424 4134; x_wconf 83' lang='lat' dir='ltr'><strong>detur</strong></span> <span class='ocrx_word' id='word_1_564' title='bbox 449 4079 736 4150; x_wconf 83' lang='lat' dir='ltr'><strong>designare</strong></span> <span class='ocrx_word' id='word_1_565' title='bbox 765 4089 935 4134; x_wconf 90' lang='lat' dir='ltr'><strong>totum</strong></span> <span class='ocrx_word' id='word_1_566' title='bbox 965 4087 1202 4149; x_wconf 84' lang='lat' dir='ltr'><strong>tempus,</strong></span> <span class='ocrx_word' id='word_1_567' title='bbox 1235 4076 1403 4132; x_wconf 89' lang='lat' dir='ltr'><strong>multo</strong></span> <span class='ocrx_word' id='word_1_568' title='bbox 1427 4075 1611 4129; x_wconf 89' lang='lat' dir='ltr'><strong>verius</strong></span> <span class='ocrx_word' id='word_1_569' title='bbox 1649 4071 1718 4142; x_wconf 90' lang='lat' dir='ltr'><strong>(si</strong></span> <span class='ocrx_word' id='word_1_570' title='bbox 1762 4071 1829 4124; x_wconf 87' lang='lat' dir='ltr'><strong>de</strong></span> 
     </span>
    </p>
   </div>
   <div class='ocr_carea' id='block_1_78' title="bbox 255 4167 1848 4240">
    <p class='ocr_par' dir='ltr' id='par_1_78' title="bbox 255 4167 1848 4240">
     <span class='ocr_line' id='line_1_78' title="bbox 255 4167 1848 4240; baseline -0.005 -18"><span class='ocrx_word' id='word_1_571' title='bbox 255 4167 354 4222; x_wconf 89' lang='lat' dir='ltr'><strong>illa</strong></span> <span class='ocrx_word' id='word_1_572' title='bbox 377 4169 596 4238; x_wconf 87' lang='lat' dir='ltr'><strong>dicitur)</strong></span> <span class='ocrx_word' id='word_1_573' title='bbox 625 4169 948 4240; x_wconf 85' lang='lat' dir='ltr'><strong>intelligitur</strong></span> <span class='ocrx_word' id='word_1_574' title='bbox 977 4169 1288 4239; x_wconf 80' lang='lat' dir='ltr'><strong>signiﬁcare</strong></span> <span class='ocrx_word' id='word_1_575' title='bbox 1311 4167 1670 4220; x_wconf 67' lang='lat' dir='ltr'><strong>aeternitatem</strong></span> <span class='ocrx_word' id='word_1_576' title='bbox 1689 4201 1704 4228; x_wconf 93' lang='lat'><strong>,</strong></span> <span class='ocrx_word' id='word_1_577' title='bbox 1728 4173 1848 4230; x_wconf 71' lang='lat' dir='ltr'><strong>quae</strong></span> 
     </span>
    </p>
   </div>
   <div class='ocr_carea' id='block_1_79' title="bbox 253 4255 1846 4328">
    <p class='ocr_par' dir='ltr' id='par_1_79' title="bbox 253 4255 1846 4328">
     <span class='ocr_line' id='line_1_79' title="bbox 253 4255 1846 4328; baseline -0.006 -16"><span class='ocrx_word' id='word_1_578' title='bbox 253 4257 368 4312; x_wconf 78' lang='lat' dir='ltr'><strong>sibi</strong></span> <span class='ocrx_word' id='word_1_579' title='bbox 401 4255 504 4326; x_wconf 89' lang='lat' dir='ltr'><strong>ipsi</strong></span> <span class='ocrx_word' id='word_1_580' title='bbox 541 4273 816 4328; x_wconf 87' lang='lat' dir='ltr'><strong>nunquam</strong></span> <span class='ocrx_word' id='word_1_581' title='bbox 865 4267 949 4314; x_wconf 90' lang='lat' dir='ltr'><strong>est</strong></span> <span class='ocrx_word' id='word_1_582' title='bbox 978 4258 1259 4312; x_wconf 86' lang='lat' dir='ltr'><strong>dissimilis</strong></span> <span class='ocrx_word' id='word_1_583' title='bbox 1282 4297 1298 4323; x_wconf 94' lang='lat'><strong>,</strong></span> <span class='ocrx_word' id='word_1_584' title='bbox 1331 4271 1494 4325; x_wconf 89' lang='lat' dir='ltr'><strong>quam</strong></span> <span class='ocrx_word' id='word_1_585' title='bbox 1543 4263 1846 4322; x_wconf 89' lang='lat' dir='ltr'><strong>temporum</strong></span> 
     </span>
    </p>
   </div>
   <div class='ocr_carea' id='block_1_80' title="bbox 251 4345 1846 4420">
    <p class='ocr_par' dir='ltr' id='par_1_80' title="bbox 251 4345 1846 4420">
     <span class='ocr_line' id='line_1_80' title="bbox 251 4345 1846 4420; baseline -0.005 -16"><span class='ocrx_word' id='word_1_586' title='bbox 251 4347 616 4414; x_wconf 75' lang='lat' dir='ltr'><strong>varietatem,</strong></span> <span class='ocrx_word' id='word_1_587' title='bbox 654 4365 774 4418; x_wconf 67' lang='lat' dir='ltr'><strong>quae</strong></span> <span class='ocrx_word' id='word_1_588' title='bbox 799 4349 901 4405; x_wconf 90' lang='lat' dir='ltr'><strong>sibi</strong></span> <span class='ocrx_word' id='word_1_589' title='bbox 933 4349 1032 4420; x_wconf 87' lang='lat' dir='ltr'><strong>ipsi</strong></span> <span class='ocrx_word' id='word_1_590' title='bbox 1067 4363 1284 4418; x_wconf 90' lang='lat' dir='ltr'><strong>semper</strong></span> <span class='ocrx_word' id='word_1_591' title='bbox 1311 4357 1394 4402; x_wconf 89' lang='lat' dir='ltr'><strong>est</strong></span> <span class='ocrx_word' id='word_1_592' title='bbox 1437 4347 1488 4400; x_wconf 92' lang='lat' dir='ltr'><strong>in</strong></span> <span class='ocrx_word' id='word_1_593' title='bbox 1518 4345 1700 4414; x_wconf 90' lang='lat' dir='ltr'><strong>aliquo</strong></span> <span class='ocrx_word' id='word_1_594' title='bbox 1737 4357 1846 4397; x_wconf 92' lang='lat' dir='ltr'><strong>non</strong></span> 
     </span>
    </p>
   </div>
   <div class='ocr_carea' id='block_1_81' title="bbox 1945 3168 3532 3240">
    <p class='ocr_par' dir='ltr' id='par_1_81' title="bbox 1945 3168 3532 3240">
     <span class='ocr_line' id='line_1_81' title="bbox 1945 3168 3532 3240; baseline -0.001 -16"><span class='ocrx_word' id='word_1_595' title='bbox 1945 3169 2200 3224; x_wconf 85' lang='lat' dir='ltr'><strong>riabilis?</strong></span> <span class='ocrx_word' id='word_1_596' title='bbox 2259 3171 2329 3226; x_wconf 89' lang='lat' dir='ltr'><strong>Et</strong></span> <span class='ocrx_word' id='word_1_597' title='bbox 2378 3179 2602 3226; x_wconf 88' lang='lat' dir='ltr'><strong>econtra</strong></span> <span class='ocrx_word' id='word_1_598' title='bbox 2649 3169 2920 3240; x_wconf 91' lang='lat' dir='ltr'><strong>quomodo</strong></span> <span class='ocrx_word' id='word_1_599' title='bbox 2973 3184 3084 3226; x_wconf 92' lang='lat' dir='ltr'><strong>non</strong></span> <span class='ocrx_word' id='word_1_600' title='bbox 3129 3180 3216 3224; x_wconf 90' lang='lat' dir='ltr'><strong>est</strong></span> <span class='ocrx_word' id='word_1_601' title='bbox 3254 3168 3532 3239; x_wconf 90' lang='lat' dir='ltr'><strong>particeps</strong></span> 
     </span>
    </p>
   </div>
   <div class='ocr_carea' id='block_1_82' title="bbox 1945 3259 3534 3332">
    <p class='ocr_par' dir='ltr' id='par_1_82' title="bbox 1945 3259 3534 3332">
     <span class='ocr_line' id='line_1_82' title="bbox 1945 3259 3534 3332; baseline -0.002 -18"><span class='ocrx_word' id='word_1_602' title='bbox 1945 3259 2277 3327; x_wconf 88' lang='lat' dir='ltr'><strong>accidentis;</strong></span> <span class='ocrx_word' id='word_1_603' title='bbox 2324 3277 2448 3316; x_wconf 90' lang='lat' dir='ltr'><strong>cum</strong></span> <span class='ocrx_word' id='word_1_604' title='bbox 2481 3270 2537 3316; x_wconf 87' lang='lat' dir='ltr'><strong>et</strong></span> <span class='ocrx_word' id='word_1_605' title='bbox 2579 3263 2684 3318; x_wconf 89' lang='lat' dir='ltr'><strong>hoc</strong></span> <span class='ocrx_word' id='word_1_606' title='bbox 2709 3261 2777 3294; x_wconf 69' lang='grc' dir='ltr'><strong>δοο</strong></span> <span class='ocrx_word' id='word_1_607' title='bbox 2809 3261 3016 3332; x_wconf 89' lang='lat' dir='ltr'><strong>ipsum,</strong></span> <span class='ocrx_word' id='word_1_608' title='bbox 3064 3260 3208 3330; x_wconf 90' lang='lat' dir='ltr'><strong>quod</strong></span> <span class='ocrx_word' id='word_1_609' title='bbox 3245 3261 3420 3328; x_wconf 83' lang='lat' dir='ltr'><strong>major</strong></span> <span class='ocrx_word' id='word_1_610' title='bbox 3447 3265 3534 3312; x_wconf 90' lang='lat' dir='ltr'><strong>est</strong></span> 
     </span>
    </p>
   </div>
   <div class='ocr_carea' id='block_1_83' title="bbox 1946 3345 3532 3422">
    <p class='ocr_par' dir='ltr' id='par_1_83' title="bbox 1946 3345 3532 3422">
     <span class='ocr_line' id='line_1_83' title="bbox 1946 3345 3532 3422; baseline -0.006 -16"><span class='ocrx_word' id='word_1_611' title='bbox 1946 3350 2197 3406; x_wconf 85' lang='lat' dir='ltr'><strong>omnibus</strong></span> <span class='ocrx_word' id='word_1_612' title='bbox 2242 3350 2363 3404; x_wconf 90' lang='lat' dir='ltr'><strong>aliis</strong></span> <span class='ocrx_word' id='word_1_613' title='bbox 2408 3349 2640 3416; x_wconf 89' lang='lat' dir='ltr'><strong>naturis,</strong></span> <span class='ocrx_word' id='word_1_614' title='bbox 2689 3361 2746 3405; x_wconf 91' lang='lat' dir='ltr'><strong>et</strong></span> <span class='ocrx_word' id='word_1_615' title='bbox 2784 3349 2928 3422; x_wconf 89' lang='lat' dir='ltr'><strong>quod</strong></span> <span class='ocrx_word' id='word_1_616' title='bbox 2975 3349 3084 3404; x_wconf 89' lang='lat' dir='ltr'><strong>illis</strong></span> <span class='ocrx_word' id='word_1_617' title='bbox 3129 3347 3199 3380; x_wconf 79' lang='grc'><strong>¹⁵⁰¹</strong></span> <span class='ocrx_word' id='word_1_618' title='bbox 3253 3345 3532 3402; x_wconf 88' lang='lat' dir='ltr'><strong>dissimilis</strong></span> 
     </span>
    </p>
   </div>
   <div class='ocr_carea' id='block_1_84' title="bbox 1944 3425 3530 3510">
    <p class='ocr_par' dir='ltr' id='par_1_84' title="bbox 1944 3425 3530 3510">
     <span class='ocr_line' id='line_1_84' title="bbox 1944 3425 3530 3510; baseline -0.005 -14"><span class='ocrx_word' id='word_1_619' title='bbox 1944 3448 2024 3496; x_wconf 91' lang='lat' dir='ltr'><strong>est</strong></span> <span class='ocrx_word' id='word_1_620' title='bbox 2044 3441 2132 3506; x_wconf 69' lang='grc' dir='ltr'>ια’,</span> <span class='ocrx_word' id='word_1_621' title='bbox 2163 3439 2240 3496; x_wconf 89' lang='lat' dir='ltr'><strong>illi</strong></span> <span class='ocrx_word' id='word_1_622' title='bbox 2271 3440 2517 3495; x_wconf 87' lang='lat' dir='ltr'><strong>videatur</strong></span> <span class='ocrx_word' id='word_1_623' title='bbox 2540 3425 2822 3496; x_wconf 67' lang='lat' dir='ltr'><strong>accidere?</strong></span> <span class='ocrx_word' id='word_1_624' title='bbox 2847 3439 2952 3496; x_wconf 88' lang='lat' dir='ltr'><strong>Sed</strong></span> <span class='ocrx_word' id='word_1_625' title='bbox 2977 3440 3116 3510; x_wconf 8' lang='lat' dir='ltr'><strong>quid,</strong></span> <span class='ocrx_word' id='word_1_626' title='bbox 3139 3445 3438 3508; x_wconf 79' lang='lat' dir='ltr'><strong>repugnant</strong></span> <span class='ocrx_word' id='word_1_627' title='bbox 3462 3435 3530 3468; x_wconf 66' lang='grc'><strong>⁵⁸³</strong></span> 
     </span>
    </p>
   </div>
   <div class='ocr_carea' id='block_1_85' title="bbox 1945 3529 3531 3604">
    <p class='ocr_par' dir='ltr' id='par_1_85' title="bbox 1945 3529 3531 3604">
     <span class='ocr_line' id='line_1_85' title="bbox 1945 3529 3531 3604; baseline -0.001 -18"><span class='ocrx_word' id='word_1_628' title='bbox 1945 3535 2340 3602; x_wconf 88' lang='lat' dir='ltr'><strong>quorumdam,</strong></span> <span class='ocrx_word' id='word_1_629' title='bbox 2393 3549 2516 3604; x_wconf 65' lang='lat' dir='ltr'><strong>quae</strong></span> <span class='ocrx_word' id='word_1_630' title='bbox 2567 3533 2870 3590; x_wconf 85' lang='lat' dir='ltr'><strong>accidentia</strong></span> <span class='ocrx_word' id='word_1_631' title='bbox 2929 3533 3203 3598; x_wconf 90' lang='lat' dir='ltr'><strong>dicuntur,</strong></span> <span class='ocrx_word' id='word_1_632' title='bbox 3263 3529 3531 3599; x_wconf 85' lang='lat' dir='ltr'><strong>suscepti-</strong></span> 
     </span>
    </p>
   </div>
   <div class='ocr_carea' id='block_1_86' title="bbox 1943 3622 3530 3696">
    <p class='ocr_par' dir='ltr' id='par_1_86' title="bbox 1943 3622 3530 3696">
     <span class='ocr_line' id='line_1_86' title="bbox 1943 3622 3530 3696; baseline -0.004 -16"><span class='ocrx_word' id='word_1_633' title='bbox 1943 3623 2149 3690; x_wconf 89' lang='lat' dir='ltr'><strong>bilitas,</strong></span> <span class='ocrx_word' id='word_1_634' title='bbox 2177 3632 2232 3679; x_wconf 91' lang='lat' dir='ltr'><strong>et</strong></span> <span class='ocrx_word' id='word_1_635' title='bbox 2259 3625 2524 3680; x_wconf 87' lang='lat' dir='ltr'><strong>naturalis</strong></span> <span class='ocrx_word' id='word_1_636' title='bbox 2573 3623 3123 3691; x_wconf 85' lang='lat' dir='ltr'><strong>incommutabilitas;</strong></span> <span class='ocrx_word' id='word_1_637' title='bbox 3162 3622 3222 3696; x_wconf 75' lang='grc' dir='ltr'><strong>⁶εἰ</strong></span> <span class='ocrx_word' id='word_1_638' title='bbox 3248 3637 3316 3676; x_wconf 81' lang='lat' dir='ltr'><strong>ex</strong></span> <span class='ocrx_word' id='word_1_639' title='bbox 3341 3635 3530 3675; x_wconf 89' lang='lat' dir='ltr'><strong>eorum</strong></span> 
     </span>
    </p>
   </div>
   <div class='ocr_carea' id='block_1_87' title="bbox 1946 3709 3533 3784">
    <p class='ocr_par' dir='ltr' id='par_1_87' title="bbox 1946 3709 3533 3784">
     <span class='ocr_line' id='line_1_87' title="bbox 1946 3709 3533 3784; baseline -0.004 -15"><span class='ocrx_word' id='word_1_640' title='bbox 1946 3715 2312 3784; x_wconf 89' lang='lat' dir='ltr'><strong>assumptione</strong></span> <span class='ocrx_word' id='word_1_641' title='bbox 2341 3715 2483 3769; x_wconf 86' lang='lat' dir='ltr'><strong>nulla</strong></span> <span class='ocrx_word' id='word_1_642' title='bbox 2523 3713 2882 3770; x_wconf 86' lang='lat' dir='ltr'><strong>substantiam</strong></span> <span class='ocrx_word' id='word_1_643' title='bbox 2950 3721 3314 3782; x_wconf 88' lang='lat' dir='ltr'><strong>consequatur</strong></span> <span class='ocrx_word' id='word_1_644' title='bbox 3342 3709 3416 3744; x_wconf 74' lang='grc'>⁸⁸⁸</span> <span class='ocrx_word' id='word_1_645' title='bbox 3442 3725 3533 3764; x_wconf 86' lang='lat' dir='ltr'><strong>va-</strong></span> 
     </span>
    </p>
   </div>
   <div class='ocr_carea' id='block_1_88' title="bbox 1947 3801 3534 3876">
    <p class='ocr_par' dir='ltr' id='par_1_88' title="bbox 1947 3801 3534 3876">
     <span class='ocr_line' id='line_1_88' title="bbox 1947 3801 3534 3876; baseline -0.003 -18"><span class='ocrx_word' id='word_1_646' title='bbox 1947 3804 2252 3860; x_wconf 88' lang='lat' dir='ltr'><strong>riabilitas?</strong></span> <span class='ocrx_word' id='word_1_647' title='bbox 2291 3805 2546 3860; x_wconf 90' lang='lat' dir='ltr'><strong>Omnium</strong></span> <span class='ocrx_word' id='word_1_648' title='bbox 2593 3805 2792 3876; x_wconf 89' lang='lat' dir='ltr'><strong>quippe</strong></span> <span class='ocrx_word' id='word_1_649' title='bbox 2829 3818 2950 3874; x_wconf 68' lang='lat' dir='ltr'><strong>quae</strong></span> <span class='ocrx_word' id='word_1_650' title='bbox 2995 3801 3310 3860; x_wconf 86' lang='lat' dir='ltr'><strong>accedentia</strong></span> <span class='ocrx_word' id='word_1_651' title='bbox 3347 3801 3534 3856; x_wconf 86' lang='lat' dir='ltr'><strong>dicun-</strong></span> 
     </span>
    </p>
   </div>
   <div class='ocr_carea' id='block_1_89' title="bbox 1949 3890 3534 3963">
    <p class='ocr_par' dir='ltr' id='par_1_89' title="bbox 1949 3890 3534 3963">
     <span class='ocr_line' id='line_1_89' title="bbox 1949 3890 3534 3963; baseline -0.005 -13"><span class='ocrx_word' id='word_1_652' title='bbox 1949 3906 2058 3959; x_wconf 88' lang='lat' dir='ltr'><strong>tur,</strong></span> <span class='ocrx_word' id='word_1_653' title='bbox 2090 3896 2194 3949; x_wconf 90' lang='lat' dir='ltr'><strong>alia</strong></span> <span class='ocrx_word' id='word_1_654' title='bbox 2239 3911 2348 3950; x_wconf 91' lang='lat' dir='ltr'><strong>non</strong></span> <span class='ocrx_word' id='word_1_655' title='bbox 2391 3897 2494 3950; x_wconf 90' lang='lat' dir='ltr'><strong>nisi</strong></span> <span class='ocrx_word' id='word_1_656' title='bbox 2536 3910 2664 3949; x_wconf 88' lang='lat' dir='ltr'><strong>cum</strong></span> <span class='ocrx_word' id='word_1_657' title='bbox 2705 3895 2886 3963; x_wconf 87' lang='lat' dir='ltr'><strong>aliqua</strong></span> <span class='ocrx_word' id='word_1_658' title='bbox 2933 3893 3312 3962; x_wconf 87' lang='lat' dir='ltr'><strong>participantis</strong></span> <span class='ocrx_word' id='word_1_659' title='bbox 3355 3890 3534 3944; x_wconf 87' lang='lat' dir='ltr'><strong>varia-</strong></span> 
     </span>
    </p>
   </div>
   <div class='ocr_carea' id='block_1_90' title="bbox 1951 3983 3533 4056">
    <p class='ocr_par' dir='ltr' id='par_1_90' title="bbox 1951 3983 3533 4056">
     <span class='ocr_line' id='line_1_90' title="bbox 1951 3983 3533 4056; baseline -0.005 -14"><span class='ocrx_word' id='word_1_660' title='bbox 1951 3989 2096 4043; x_wconf 90' lang='lat' dir='ltr'><strong>tione</strong></span> <span class='ocrx_word' id='word_1_661' title='bbox 2119 3989 2309 4044; x_wconf 88' lang='lat' dir='ltr'><strong>adesse</strong></span> <span class='ocrx_word' id='word_1_662' title='bbox 2335 3995 2390 4042; x_wconf 89' lang='lat' dir='ltr'><strong>et</strong></span> <span class='ocrx_word' id='word_1_663' title='bbox 2421 3988 2612 4042; x_wconf 86' lang='lat' dir='ltr'><strong>abesse</strong></span> <span class='ocrx_word' id='word_1_664' title='bbox 2640 4000 2801 4056; x_wconf 87' lang='lat' dir='ltr'><strong>posse</strong></span> <span class='ocrx_word' id='word_1_665' title='bbox 2828 3983 3231 4054; x_wconf 77' lang='lat' dir='ltr'><strong>intelliguntur,</strong></span> <span class='ocrx_word' id='word_1_666' title='bbox 3257 3991 3318 4036; x_wconf 90' lang='lat' dir='ltr'><strong>ut</strong></span> <span class='ocrx_word' id='word_1_667' title='bbox 3345 3991 3533 4035; x_wconf 85' lang='lat' dir='ltr'><strong>omnes</strong></span> 
     </span>
    </p>
   </div>
   <div class='ocr_carea' id='block_1_91' title="bbox 1949 4069 3534 4145">
    <p class='ocr_par' dir='ltr' id='par_1_91' title="bbox 1949 4069 3534 4145">
     <span class='ocr_line' id='line_1_91' title="bbox 1949 4069 3534 4145; baseline -0.009 -10"><span class='ocrx_word' id='word_1_668' title='bbox 1949 4080 2180 4145; x_wconf 90' lang='lat' dir='ltr'><strong>colores,</strong></span> <span class='ocrx_word' id='word_1_669' title='bbox 2207 4077 2310 4132; x_wconf 90' lang='lat' dir='ltr'><strong>alia</strong></span> <span class='ocrx_word' id='word_1_670' title='bbox 2337 4077 2558 4132; x_wconf 89' lang='lat' dir='ltr'><strong>omnino</strong></span> <span class='ocrx_word' id='word_1_671' title='bbox 2586 4075 2786 4130; x_wconf 89' lang='lat' dir='ltr'><strong>nullam</strong></span> <span class='ocrx_word' id='word_1_672' title='bbox 2817 4073 2902 4130; x_wconf 87' lang='lat' dir='ltr'><strong>vel</strong></span> <span class='ocrx_word' id='word_1_673' title='bbox 2935 4071 3230 4128; x_wconf 89' lang='lat' dir='ltr'><strong>accidendo</strong></span> <span class='ocrx_word' id='word_1_674' title='bbox 3259 4069 3342 4124; x_wconf 87' lang='lat' dir='ltr'><strong>vel</strong></span> <span class='ocrx_word' id='word_1_675' title='bbox 3379 4080 3534 4122; x_wconf 89' lang='lat' dir='ltr'><strong>rece-</strong></span> 
     </span>
    </p>
   </div>
   <div class='ocr_carea' id='block_1_92' title="bbox 1950 4157 3535 4236">
    <p class='ocr_par' dir='ltr' id='par_1_92' title="bbox 1950 4157 3535 4236">
     <span class='ocr_line' id='line_1_92' title="bbox 1950 4157 3535 4236; baseline -0.008 -9"><span class='ocrx_word' id='word_1_676' title='bbox 1950 4172 2124 4227; x_wconf 91' lang='lat' dir='ltr'><strong>dendo</strong></span> <span class='ocrx_word' id='word_1_677' title='bbox 2149 4169 2500 4224; x_wconf 88' lang='lat' dir='ltr'><strong>mutationem</strong></span> <span class='ocrx_word' id='word_1_678' title='bbox 2544 4169 2688 4223; x_wconf 89' lang='lat' dir='ltr'><strong>circa</strong></span> <span class='ocrx_word' id='word_1_679' title='bbox 2711 4167 2763 4222; x_wconf 89' lang='lat' dir='ltr'><strong>id</strong></span> <span class='ocrx_word' id='word_1_680' title='bbox 2792 4166 2860 4222; x_wconf 91' lang='lat' dir='ltr'><strong>de</strong></span> <span class='ocrx_word' id='word_1_681' title='bbox 2885 4179 2992 4236; x_wconf 87' lang='lat' dir='ltr'><strong>quo</strong></span> <span class='ocrx_word' id='word_1_682' title='bbox 3021 4163 3294 4228; x_wconf 89' lang='lat' dir='ltr'><strong>dicuntur,</strong></span> <span class='ocrx_word' id='word_1_683' title='bbox 3322 4157 3535 4216; x_wconf 79' lang='lat' dir='ltr'><strong>efﬁcere</strong></span> 
     </span>
    </p>
   </div>
   <div class='ocr_carea' id='block_1_93' title="bbox 1950 4252 3535 4330">
    <p class='ocr_par' dir='ltr' id='par_1_93' title="bbox 1950 4252 3535 4330">
     <span class='ocr_line' id='line_1_93' title="bbox 1950 4252 3535 4330; baseline -0.008 -13"><span class='ocrx_word' id='word_1_684' title='bbox 1950 4269 2272 4324; x_wconf 89' lang='lat' dir='ltr'><strong>noscuntur,</strong></span> <span class='ocrx_word' id='word_1_685' title='bbox 2305 4269 2366 4314; x_wconf 89' lang='lat' dir='ltr'><strong>ut</strong></span> <span class='ocrx_word' id='word_1_686' title='bbox 2390 4259 2636 4330; x_wconf 83' lang='lat' dir='ltr'><strong>quaedam</strong></span> <span class='ocrx_word' id='word_1_687' title='bbox 2680 4257 3000 4314; x_wconf 87' lang='lat' dir='ltr'><strong>relationes.</strong></span> <span class='ocrx_word' id='word_1_688' title='bbox 3048 4252 3274 4309; x_wconf 84' lang='lat' dir='ltr'><strong>Constat</strong></span> <span class='ocrx_word' id='word_1_689' title='bbox 3303 4265 3535 4320; x_wconf 88' lang='lat' dir='ltr'><strong>namque</strong></span> 
     </span>
    </p>
   </div>
   <div class='ocr_carea' id='block_1_94' title="bbox 1949 4344 3534 4420">
    <p class='ocr_par' dir='ltr' id='par_1_94' title="bbox 1949 4344 3534 4420">
     <span class='ocr_line' id='line_1_94' title="bbox 1949 4344 3534 4420; baseline -0.006 -17"><span class='ocrx_word' id='word_1_690' title='bbox 1949 4349 2074 4420; x_wconf 85' lang='lat' dir='ltr'><strong>quia</strong></span> <span class='ocrx_word' id='word_1_691' title='bbox 2108 4349 2314 4405; x_wconf 89' lang='lat' dir='ltr'><strong>homini</strong></span> <span class='ocrx_word' id='word_1_692' title='bbox 2347 4359 2470 4417; x_wconf 90' lang='lat' dir='ltr'><strong>post</strong></span> <span class='ocrx_word' id='word_1_693' title='bbox 2497 4362 2699 4403; x_wconf 90' lang='lat' dir='ltr'><strong>annum</strong></span> <span class='ocrx_word' id='word_1_694' title='bbox 2743 4353 3068 4416; x_wconf 83' lang='lat' dir='ltr'><strong>praesentem</strong></span> <span class='ocrx_word' id='word_1_695' title='bbox 3100 4344 3406 4406; x_wconf 88' lang='lat' dir='ltr'><strong>nascituro,</strong></span> <span class='ocrx_word' id='word_1_696' title='bbox 3435 4355 3534 4396; x_wconf 88' lang='lat' dir='ltr'><strong>nec</strong></span> 
     </span>
    </p>
   </div>
   <div class='ocr_carea' id='block_1_95' title="bbox 257 4430 3532 4515">
    <p class='ocr_par' dir='ltr' id='par_1_95' title="bbox 257 4430 3532 4515">
     <span class='ocr_line' id='line_1_95' title="bbox 257 4430 3532 4515; baseline -0.003 -21"><span class='ocrx_word' id='word_1_697' title='bbox 257 4440 480 4494; x_wconf 70' lang='lat' dir='ltr'><strong>similis.</strong></span> <span class='ocrx_word' id='word_1_698' title='bbox 526 4440 706 4506; x_wconf 85' lang='lat' dir='ltr'><strong>Quare</strong></span> <span class='ocrx_word' id='word_1_699' title='bbox 757 4441 800 4496; x_wconf 90' lang='lat' dir='ltr'><strong>si</strong></span> <span class='ocrx_word' id='word_1_700' title='bbox 851 4441 1054 4496; x_wconf 87' lang='lat' dir='ltr'><strong>dicitur</strong></span> <span class='ocrx_word' id='word_1_701' title='bbox 1107 4454 1322 4515; x_wconf 85' lang='lat' dir='ltr'><strong>semper</strong></span> <span class='ocrx_word' id='word_1_702' title='bbox 1370 4452 1531 4498; x_wconf 87' lang='lat' dir='ltr'><strong>esse,</strong></span> <span class='ocrx_word' id='word_1_703' title='bbox 1585 4433 1842 4502; x_wconf 86' lang='lat' dir='ltr'><strong>quoniam</strong></span> <span class='ocrx_word' id='word_1_704' title='bbox 1879 4441 1924 4495; x_wconf 85' lang='lat'><strong>1)</strong></span> <span class='ocrx_word' id='word_1_705' title='bbox 1951 4439 2145 4508; x_wconf 84' lang='lat' dir='ltr'><strong>major,</strong></span> <span class='ocrx_word' id='word_1_706' title='bbox 2195 4453 2297 4494; x_wconf 89' lang='lat' dir='ltr'><strong>nec</strong></span> <span class='ocrx_word' id='word_1_707' title='bbox 2343 4437 2542 4502; x_wconf 89' lang='lat' dir='ltr'><strong>minor,</strong></span> <span class='ocrx_word' id='word_1_708' title='bbox 2586 4451 2688 4492; x_wconf 88' lang='lat' dir='ltr'><strong>nec</strong></span> <span class='ocrx_word' id='word_1_709' title='bbox 2731 4435 2954 4505; x_wconf 71' lang='lat' dir='ltr'><strong>aequalis</strong></span> <span class='ocrx_word' id='word_1_710' title='bbox 3004 4433 3130 4500; x_wconf 89' lang='lat' dir='ltr'><strong>sim,</strong></span> <span class='ocrx_word' id='word_1_711' title='bbox 3179 4447 3279 4488; x_wconf 90' lang='lat' dir='ltr'><strong>nec</strong></span> <span class='ocrx_word' id='word_1_712' title='bbox 3320 4430 3532 4486; x_wconf 83' lang='lat' dir='ltr'><strong>similis.</strong></span> 
     </span>
    </p>
   </div>
   <div class='ocr_carea' id='block_1_96' title="bbox 261 4523 1843 4596">
    <p class='ocr_par' dir='ltr' id='par_1_96' title="bbox 261 4523 1843 4596">
     <span class='ocr_line' id='line_1_96' title="bbox 261 4523 1843 4596; baseline -0.005 -12"><span class='ocrx_word' id='word_1_713' title='bbox 261 4533 406 4584; x_wconf 86' lang='lat' dir='ltr'><strong>idem</strong></span> <span class='ocrx_word' id='word_1_714' title='bbox 436 4541 520 4585; x_wconf 86' lang='lat' dir='ltr'><strong>est</strong></span> <span class='ocrx_word' id='word_1_715' title='bbox 546 4531 623 4586; x_wconf 91' lang='lat' dir='ltr'><strong>illi</strong></span> <span class='ocrx_word' id='word_1_716' title='bbox 651 4547 772 4588; x_wconf 91' lang='lat' dir='ltr'><strong>esse</strong></span> <span class='ocrx_word' id='word_1_717' title='bbox 798 4541 852 4586; x_wconf 90' lang='lat' dir='ltr'><strong>et</strong></span> <span class='ocrx_word' id='word_1_718' title='bbox 883 4533 1096 4596; x_wconf 77' lang='lat' dir='ltr'><strong>vivere;</strong></span> <span class='ocrx_word' id='word_1_719' title='bbox 1126 4529 1256 4584; x_wconf 90' lang='lat' dir='ltr'><strong>nihil</strong></span> <span class='ocrx_word' id='word_1_720' title='bbox 1287 4527 1479 4583; x_wconf 89' lang='lat' dir='ltr'><strong>melius</strong></span> <span class='ocrx_word' id='word_1_721' title='bbox 1504 4523 1843 4595; x_wconf 80' lang='lat' dir='ltr'><strong>intelligitur,</strong></span> 
     </span>
    </p>
   </div>
   <div class='ocr_carea' id='block_1_97' title="bbox 257 4615 1848 4692">
    <p class='ocr_par' dir='ltr' id='par_1_97' title="bbox 257 4615 1848 4692">
     <span class='ocr_line' id='line_1_97' title="bbox 257 4615 1848 4692; baseline -0.004 -17"><span class='ocrx_word' id='word_1_722' title='bbox 257 4637 430 4692; x_wconf 89' lang='lat' dir='ltr'><strong>quam</strong></span> <span class='ocrx_word' id='word_1_723' title='bbox 471 4633 672 4678; x_wconf 70' lang='lat' dir='ltr'><strong>aeterne</strong></span> <span class='ocrx_word' id='word_1_724' title='bbox 713 4639 835 4680; x_wconf 87' lang='lat' dir='ltr'><strong>esse</strong></span> <span class='ocrx_word' id='word_1_725' title='bbox 877 4623 960 4680; x_wconf 89' lang='lat' dir='ltr'><strong>vel</strong></span> <span class='ocrx_word' id='word_1_726' title='bbox 999 4623 1183 4679; x_wconf 86' lang='lat' dir='ltr'><strong>vivere</strong></span> <span class='ocrx_word' id='word_1_727' title='bbox 1207 4663 1222 4690; x_wconf 91' lang='lat'><strong>,</strong></span> <span class='ocrx_word' id='word_1_728' title='bbox 1283 4621 1335 4676; x_wconf 89' lang='lat' dir='ltr'><strong>id</strong></span> <span class='ocrx_word' id='word_1_729' title='bbox 1375 4628 1488 4684; x_wconf 89' lang='lat' dir='ltr'><strong>est,</strong></span> <span class='ocrx_word' id='word_1_730' title='bbox 1532 4615 1848 4672; x_wconf 87' lang='lat' dir='ltr'><strong>intermina-</strong></span> 
     </span>
    </p>
   </div>
   <div class='ocr_carea' id='block_1_98' title="bbox 1953 4522 3535 4592">
    <p class='ocr_par' dir='ltr' id='par_1_98' title="bbox 1953 4522 3535 4592">
     <span class='ocr_line' id='line_1_98' title="bbox 1953 4522 3535 4592; baseline -0.004 -10"><span class='ocrx_word' id='word_1_731' title='bbox 1953 4527 2156 4582; x_wconf 90' lang='lat' dir='ltr'><strong>Omues</strong></span> <span class='ocrx_word' id='word_1_732' title='bbox 2211 4535 2394 4580; x_wconf 91' lang='lat' dir='ltr'><strong>autem</strong></span> <span class='ocrx_word' id='word_1_733' title='bbox 2451 4525 2739 4580; x_wconf 90' lang='lat' dir='ltr'><strong>relationes</strong></span> <span class='ocrx_word' id='word_1_734' title='bbox 2787 4523 2912 4588; x_wconf 87' lang='lat' dir='ltr'><strong>has,</strong></span> <span class='ocrx_word' id='word_1_735' title='bbox 2967 4522 3155 4592; x_wconf 90' lang='lat' dir='ltr'><strong>utique</strong></span> <span class='ocrx_word' id='word_1_736' title='bbox 3201 4536 3325 4576; x_wconf 90' lang='lat' dir='ltr'><strong>cum</strong></span> <span class='ocrx_word' id='word_1_737' title='bbox 3375 4529 3535 4575; x_wconf 90' lang='lat' dir='ltr'><strong>natus</strong></span> 
     </span>
    </p>
   </div>
   <div class='ocr_carea' id='block_1_99' title="bbox 1952 4613 3536 4684">
    <p class='ocr_par' dir='ltr' id='par_1_99' title="bbox 1952 4613 3536 4684">
     <span class='ocr_line' id='line_1_99' title="bbox 1952 4613 3536 4684; baseline -0.002 -14"><span class='ocrx_word' id='word_1_738' title='bbox 1952 4617 2137 4684; x_wconf 84' lang='lat' dir='ltr'><strong>fuerit,</strong></span> <span class='ocrx_word' id='word_1_739' title='bbox 2169 4618 2286 4674; x_wconf 89' lang='lat' dir='ltr'><strong>sine</strong></span> <span class='ocrx_word' id='word_1_740' title='bbox 2319 4618 2464 4672; x_wconf 90' lang='lat' dir='ltr'><strong>omni</strong></span> <span class='ocrx_word' id='word_1_741' title='bbox 2515 4617 2622 4672; x_wconf 89' lang='lat' dir='ltr'><strong>mei</strong></span> <span class='ocrx_word' id='word_1_742' title='bbox 2669 4615 2996 4683; x_wconf 89' lang='lat' dir='ltr'><strong>mutatione,</strong></span> <span class='ocrx_word' id='word_1_743' title='bbox 3036 4615 3104 4671; x_wconf 90' lang='lat' dir='ltr'><strong>ad</strong></span> <span class='ocrx_word' id='word_1_744' title='bbox 3157 4614 3308 4670; x_wconf 92' lang='lat' dir='ltr'><strong>illum</strong></span> <span class='ocrx_word' id='word_1_745' title='bbox 3335 4613 3536 4668; x_wconf 89' lang='lat' dir='ltr'><strong>habere</strong></span> 
     </span>
    </p>
   </div>
   <div class='ocr_carea' id='block_1_100' title="bbox 1577 4746 2246 4806">
    <p class='ocr_par' dir='ltr' id='par_1_100' title="bbox 1577 4746 2246 4806">
     <span class='ocr_line' id='line_1_100' title="bbox 1577 4746 2246 4806; baseline -0.006 0"><span class='ocrx_word' id='word_1_746' title='bbox 1577 4746 1812 4806; x_wconf 64' lang='lat' dir='ltr'><strong>VARIJE</strong></span> <span class='ocrx_word' id='word_1_747' title='bbox 1845 4746 2246 4804; x_wconf 86' lang='lat' dir='ltr'><strong>LECTIONES.</strong></span> 
     </span>
    </p>
   </div>
   <div class='ocr_carea' id='block_1_101' title="bbox 337 4857 3536 4927">
    <p class='ocr_par' dir='ltr' id='par_1_101' title="bbox 337 4857 3536 4927">
     <span class='ocr_line' id='line_1_101' title="bbox 337 4857 3536 4927; baseline -0.002 -2"><span class='ocrx_word' id='word_1_748' title='bbox 337 4873 406 4905; x_wconf 81' lang='grc'><strong>⁸⁹¹</strong></span> <span class='ocrx_word' id='word_1_749' title='bbox 437 4872 513 4927; x_wconf 85' lang='lat' dir='ltr'><strong>lhi</strong></span> <span class='ocrx_word' id='word_1_750' title='bbox 545 4881 596 4924; x_wconf 90' lang='lat' dir='ltr'><strong>et</strong></span> <span class='ocrx_word' id='word_1_751' title='bbox 627 4871 716 4926; x_wconf 88' lang='lat' dir='ltr'><strong>ubi</strong></span> <span class='ocrx_word' id='word_1_752' title='bbox 745 4869 999 4925; x_wconf 86' lang='lat' dir='ltr'><strong>adverbia</strong></span> <span class='ocrx_word' id='word_1_753' title='bbox 1029 4868 1216 4924; x_wconf 90' lang='lat' dir='ltr'><strong>localia</strong></span> <span class='ocrx_word' id='word_1_754' title='bbox 1243 4867 1350 4921; x_wconf 90' lang='lat' dir='ltr'><strong>sint</strong></span> <span class='ocrx_word' id='word_1_755' title='bbox 1377 4865 1683 4922; x_wconf 88' lang='lat' dir='ltr'><strong>continetur</strong></span> <span class='ocrx_word' id='word_1_756' title='bbox 1703 4877 1828 4914; x_wconf 83' lang='lat' dir='ltr'><strong>mss.</strong></span> <span class='ocrx_word' id='word_1_757' title='bbox 1853 4857 1990 4914; x_wconf 84' lang='lat' dir='ltr'><strong>Tlm.</strong></span> <span class='ocrx_word' id='word_1_758' title='bbox 2021 4861 2110 4914; x_wconf 75' lang='lat' dir='ltr'><strong>tibi</strong></span> <span class='ocrx_word' id='word_1_759' title='bbox 2132 4869 2184 4916; x_wconf 89' lang='lat' dir='ltr'><strong>et</strong></span> <span class='ocrx_word' id='word_1_760' title='bbox 2211 4861 2281 4918; x_wconf 91' lang='lat' dir='ltr'><strong>ibi</strong></span> <span class='ocrx_word' id='word_1_761' title='bbox 2313 4862 2634 4917; x_wconf 64' lang='lat' dir='ltr'><strong>sint&#39;localia</strong></span> <span class='ocrx_word' id='word_1_762' title='bbox 2665 4863 2826 4918; x_wconf 88' lang='lat' dir='ltr'><strong>verba</strong></span> <span class='ocrx_word' id='word_1_763' title='bbox 2849 4861 3194 4918; x_wconf 87' lang='lat' dir='ltr'><strong>continentur</strong></span> <span class='ocrx_word' id='word_1_764' title='bbox 3240 4863 3308 4894; x_wconf 73' lang='grc'>³⁸³</span> <span class='ocrx_word' id='word_1_765' title='bbox 3328 4863 3536 4919; x_wconf 88' lang='lat' dir='ltr'><strong>Dicitur</strong></span> 
     </span>
    </p>
   </div>
   <div class='ocr_carea' id='block_1_102' title="bbox 261 4931 3537 5013">
    <p class='ocr_par' dir='ltr' id='par_1_102' title="bbox 261 4931 3537 5013">
     <span class='ocr_line' id='line_1_102' title="bbox 261 4931 3537 5013; baseline -0.001 -22"><span class='ocrx_word' id='word_1_766' title='bbox 261 4941 450 5013; x_wconf 79' lang='lat' dir='ltr'><strong>aptius</strong></span> <span class='ocrx_word' id='word_1_767' title='bbox 495 4943 694 5011; x_wconf 75' lang='lat' dir='ltr'><strong>ubique</strong></span> <span class='ocrx_word' id='word_1_768' title='bbox 721 4942 1051 5013; x_wconf 76' lang='lat' dir='ltr'><strong>mss._aptius</strong></span> <span class='ocrx_word' id='word_1_769' title='bbox 1095 4939 1294 5013; x_wconf 62' lang='lat' dir='ltr'><strong>dicitur</strong></span> <span class='ocrx_word' id='word_1_770' title='bbox 1322 4937 1528 5013; x_wconf 66' lang='lat' dir='ltr'><strong>ubique</strong></span> <span class='ocrx_word' id='word_1_771' title='bbox 1592 4933 1660 4964; x_wconf 65' lang='lat'><strong>&#39;9’</strong></span> <span class='ocrx_word' id='word_1_772' title='bbox 1706 4931 2238 5013; x_wconf 4' lang='lat' dir='ltr'><strong>Quamsintelligatut:</strong></span> <span class='ocrx_word' id='word_1_773' title='bbox 2281 4931 2336 4986; x_wconf 89' lang='lat' dir='ltr'><strong>in</strong></span> <span class='ocrx_word' id='word_1_774' title='bbox 2359 4933 2642 5013; x_wconf 62' lang='lat' dir='ltr'><strong>omnibus,</strong></span> <span class='ocrx_word' id='word_1_775' title='bbox 2675 4942 2730 4988; x_wconf 89' lang='lat' dir='ltr'><strong>et</strong></span> <span class='ocrx_word' id='word_1_776' title='bbox 2767 4948 2900 5013; x_wconf 52' lang='lat' dir='ltr'><strong>“mss.</strong></span> <span class='ocrx_word' id='word_1_777' title='bbox 2933 4945 3094 5013; x_wconf 65' lang='lat' dir='ltr'><strong>quam</strong></span> <span class='ocrx_word' id='word_1_778' title='bbox 3145 4933 3537 5013; x_wconf 74' lang='lat' dir='ltr'><strong>si_intellig_itur</strong></span> 
     </span>
    </p>
   </div>
   <div class='ocr_carea' id='block_1_103' title="bbox 263 5001 3533 5076">
    <p class='ocr_par' dir='ltr' id='par_1_103' title="bbox 263 5001 3533 5076">
     <span class='ocr_line' id='line_1_103' title="bbox 263 5001 3533 5076; baseline -0.004 -8"><span class='ocrx_word' id='word_1_779' title='bbox 263 5001 480 5068; x_wconf 69' lang='lat' dir='ltr'><strong>tantum</strong></span> <span class='ocrx_word' id='word_1_780' title='bbox 505 5013 558 5066; x_wconf 92' lang='lat' dir='ltr'><strong>in</strong></span> <span class='ocrx_word' id='word_1_781' title='bbox 589 5001 1013 5074; x_wconf 76' lang='lat' dir='ltr'><strong>omnibuslocis,</strong></span> <span class='ocrx_word' id='word_1_782' title='bbox 1029 5019 1084 5064; x_wconf 90' lang='lat' dir='ltr'><strong>et</strong></span> <span class='ocrx_word' id='word_1_783' title='bbox 1129 5007 1380 5062; x_wconf 74' lang='lat' dir='ltr'><strong>mSimul</strong></span> <span class='ocrx_word' id='word_1_784' title='bbox 1409 5001 1850 5076; x_wconf 54' lang='lat' dir='ltr'><strong>perfectanrmss.</strong></span> <span class='ocrx_word' id='word_1_785' title='bbox 1887 5010 2058 5076; x_wconf 75' lang='lat' dir='ltr'><strong>totam</strong></span> <span class='ocrx_word' id='word_1_786' title='bbox 2075 5001 2236 5076; x_wconf 76' lang='lat' dir='ltr'><strong>simul</strong></span> <span class='ocrx_word' id='word_1_787' title='bbox 2257 5002 2496 5072; x_wconf 78' lang='lat' dir='ltr'><strong>perfecte</strong></span> <span class='ocrx_word' id='word_1_788' title='bbox 2523 5011 2690 5058; x_wconf 87' lang='lat' dir='ltr'><strong>totam</strong></span> <span class='ocrx_word' id='word_1_789' title='bbox 2767 5003 2833 5034; x_wconf 68' lang='grc'><strong>³⁸⁸</strong></span> <span class='ocrx_word' id='word_1_790' title='bbox 2846 5001 2975 5071; x_wconf 81' lang='lat' dir='ltr'><strong>Cap.</strong></span> <span class='ocrx_word' id='word_1_791' title='bbox 3095 5013 3172 5058; x_wconf 80' lang='lat' dir='ltr'><strong>est</strong></span> <span class='ocrx_word' id='word_1_792' title='bbox 3195 5003 3252 5076; x_wconf 62' lang='lat' dir='ltr'><strong>in</strong></span> <span class='ocrx_word' id='word_1_793' title='bbox 3275 5001 3533 5074; x_wconf 67' lang='lat' dir='ltr'><strong>aliquibus</strong></span> 
     </span>
    </p>
   </div>
   <div class='ocr_carea' id='block_1_104' title="bbox 261 5071 3534 5150">
    <p class='ocr_par' dir='ltr' id='par_1_104' title="bbox 261 5071 3534 5150">
     <span class='ocr_line' id='line_1_104' title="bbox 261 5071 3534 5150; baseline -0.003 -14"><span class='ocrx_word' id='word_1_794' title='bbox 261 5099 396 5136; x_wconf 75' lang='lat' dir='ltr'><strong>mss.</strong></span> <span class='ocrx_word' id='word_1_795' title='bbox 428 5099 544 5150; x_wconf 81' lang='lat' dir='ltr'><strong>cap.</strong></span> <span class='ocrx_word' id='word_1_796' title='bbox 593 5081 684 5136; x_wconf 77' lang='lat'><strong>25.</strong></span> <span class='ocrx_word' id='word_1_797' title='bbox 713 5097 837 5135; x_wconf 88' lang='lat' dir='ltr'><strong>mss.</strong></span> <span class='ocrx_word' id='word_1_798' title='bbox 860 5071 1223 5150; x_wconf 26' lang='lat' dir='ltr'><strong>Centétiister:</strong></span> <span class='ocrx_word' id='word_1_799' title='bbox 1261 5071 1540 5150; x_wconf 71' lang='lat' dir='ltr'><strong>Quomodo</strong></span> <span class='ocrx_word' id='word_1_800' title='bbox 1598 5071 1787 5150; x_wconf 79' lang='lat' dir='ltr'><strong>melius</strong></span> <span class='ocrx_word' id='word_1_801' title='bbox 1830 5071 2062 5150; x_wconf 54' lang='lat' dir='ltr'><strong>intelligi</strong></span> <span class='ocrx_word' id='word_1_802' title='bbox 2095 5071 2268 5140; x_wconf 83' lang='lat' dir='ltr'><strong>possit</strong></span> <span class='ocrx_word' id='word_1_803' title='bbox 2289 5087 2468 5150; x_wconf 82' lang='lat' dir='ltr'><strong>_esse__</strong></span> <span class='ocrx_word' id='word_1_804' title='bbox 2497 5087 2958 5150; x_wconf 86' lang='lat' dir='ltr'><strong>semper,__quam</strong></span> <span class='ocrx_word' id='word_1_805' title='bbox 2999 5072 3052 5150; x_wconf 79' lang='lat' dir='ltr'><strong>in</strong></span> <span class='ocrx_word' id='word_1_806' title='bbox 3103 5071 3253 5150; x_wconf 78' lang='lat' dir='ltr'><strong>omni</strong></span> <span class='ocrx_word' id='word_1_807' title='bbox 3295 5071 3534 5150; x_wconf 62' lang='lat' dir='ltr'><strong>tempore</strong></span> 
     </span>
    </p>
   </div>
   <div class='ocr_carea' id='block_1_105' title="bbox 263 5141 3530 5217">
    <p class='ocr_par' dir='ltr' id='par_1_105' title="bbox 263 5141 3530 5217">
     <span class='ocr_line' id='line_1_105' title="bbox 263 5141 3530 5217; baseline -0.002 -13"><span class='ocrx_word' id='word_1_808' title='bbox 263 5151 340 5183; x_wconf 83' lang='grc'><strong>³⁹⁸</strong></span> <span class='ocrx_word' id='word_1_809' title='bbox 373 5141 590 5206; x_wconf 70' lang='lat' dir='ltr'><strong>Videtur</strong></span> <span class='ocrx_word' id='word_1_810' title='bbox 615 5162 792 5206; x_wconf 86' lang='lat' dir='ltr'><strong>autem</strong></span> <span class='ocrx_word' id='word_1_811' title='bbox 835 5168 958 5204; x_wconf 83' lang='lat' dir='ltr'><strong>mss.</strong></span> <span class='ocrx_word' id='word_1_812' title='bbox 987 5147 1132 5206; x_wconf 82' lang='lat' dir='ltr'><strong>Gem.</strong></span> <span class='ocrx_word' id='word_1_813' title='bbox 1184 5141 1308 5217; x_wconf 48' lang='lat' dir='ltr'><strong>Sag&#39;.</strong></span> <span class='ocrx_word' id='word_1_814' title='bbox 1353 5147 1564 5217; x_wconf 75' lang='lat' dir='ltr'><strong>videtur</strong></span> <span class='ocrx_word' id='word_1_815' title='bbox 1609 5143 1752 5217; x_wconf 66' lang='lat' dir='ltr'><strong>enim</strong></span> <span class='ocrx_word' id='word_1_816' title='bbox 1829 5141 1894 5217; x_wconf 55' lang='grc'><strong>³⁸³7</strong></span> <span class='ocrx_word' id='word_1_817' title='bbox 1945 5141 2102 5217; x_wconf 69' lang='lat' dir='ltr'><strong>Modo</strong></span> <span class='ocrx_word' id='word_1_818' title='bbox 2125 5143 2502 5217; x_wconf 81' lang='lat' dir='ltr'><strong>_termioa_bilis</strong></span> <span class='ocrx_word' id='word_1_819' title='bbox 2533 5141 2666 5217; x_wconf 67' lang='lat' dir='ltr'><strong>mss.</strong></span> <span class='ocrx_word' id='word_1_820' title='bbox 2721 5141 2857 5217; x_wconf 62' lang='lat' dir='ltr'><strong>Tha.</strong></span> <span class='ocrx_word' id='word_1_821' title='bbox 2907 5142 3069 5217; x_wconf 67' lang='lat' dir='ltr'><strong>modo</strong></span> <span class='ocrx_word' id='word_1_822' title='bbox 3105 5141 3530 5217; x_wconf 78' lang='lat' dir='ltr'><strong>determinabilis</strong></span> 
     </span>
    </p>
   </div>
   <div class='ocr_carea' id='block_1_106' title="bbox 263 5211 3534 5284">
    <p class='ocr_par' dir='ltr' id='par_1_106' title="bbox 263 5211 3534 5284">
     <span class='ocr_line' id='line_1_106' title="bbox 263 5211 3534 5284; baseline -0.001 -14"><span class='ocrx_word' id='word_1_823' title='bbox 263 5221 338 5253; x_wconf 70' lang='grc'><strong>³9³</strong></span> <span class='ocrx_word' id='word_1_824' title='bbox 369 5221 475 5276; x_wconf 67' lang='lat' dir='ltr'><strong>Sed</strong></span> <span class='ocrx_word' id='word_1_825' title='bbox 501 5223 620 5276; x_wconf 74' lang='lat' dir='ltr'><strong>lucc</strong></span> <span class='ocrx_word' id='word_1_826' title='bbox 639 5221 894 5282; x_wconf 88' lang='lat' dir='ltr'><strong>essentia,</strong></span> <span class='ocrx_word' id='word_1_827' title='bbox 929 5231 1058 5284; x_wconf 85' lang='lat' dir='ltr'><strong>etc.,</strong></span> <span class='ocrx_word' id='word_1_828' title='bbox 1083 5220 1136 5272; x_wconf 82' lang='lat' dir='ltr'><strong>in</strong></span> <span class='ocrx_word' id='word_1_829' title='bbox 1164 5211 1290 5272; x_wconf 63' lang='lat' dir='ltr'><strong>mss.</strong></span> <span class='ocrx_word' id='word_1_830' title='bbox 1330 5217 1478 5271; x_wconf 83' lang='lat' dir='ltr'><strong>Gem.</strong></span> <span class='ocrx_word' id='word_1_831' title='bbox 1497 5214 1632 5268; x_wconf 87' lang='lat' dir='ltr'><strong>Thu.</strong></span> <span class='ocrx_word' id='word_1_832' title='bbox 1657 5211 1840 5266; x_wconf 82' lang='lat' dir='ltr'><strong>Cister.</strong></span> <span class='ocrx_word' id='word_1_833' title='bbox 1871 5211 2167 5284; x_wconf 57' lang='grc' dir='ltr'><strong>ἱηεξῄίυιὶε</strong></span> <span class='ocrx_word' id='word_1_834' title='bbox 2189 5225 2341 5282; x_wconf 83' lang='lat' dir='ltr'><strong>caput</strong></span> <span class='ocrx_word' id='word_1_835' title='bbox 2363 5213 2434 5268; x_wconf 77' lang='grc'><strong>25</strong></span> <span class='ocrx_word' id='word_1_836' title='bbox 2457 5215 2551 5270; x_wconf 86' lang='lat' dir='ltr'><strong>sub</strong></span> <span class='ocrx_word' id='word_1_837' title='bbox 2577 5214 2674 5284; x_wconf 73' lang='lat' dir='ltr'><strong>hoc</strong></span> <span class='ocrx_word' id='word_1_838' title='bbox 2697 5212 2870 5284; x_wconf 76' lang='lat' dir='ltr'><strong>titulo.</strong></span> <span class='ocrx_word' id='word_1_839' title='bbox 2899 5211 3052 5284; x_wconf 83' lang='lat' dir='ltr'><strong>Quod</strong></span> <span class='ocrx_word' id='word_1_840' title='bbox 3071 5212 3240 5284; x_wconf 72' lang='lat' dir='ltr'><strong>nullis</strong></span> <span class='ocrx_word' id='word_1_841' title='bbox 3261 5213 3534 5268; x_wconf 86' lang='lat' dir='ltr'><strong>mutabilis</strong></span> 
     </span>
    </p>
   </div>
   <div class='ocr_carea' id='block_1_107' title="bbox 261 5279 3534 5356">
    <p class='ocr_par' dir='ltr' id='par_1_107' title="bbox 261 5279 3534 5356">
     <span class='ocr_line' id='line_1_107' title="bbox 261 5279 3534 5356; baseline -0.002 -10"><span class='ocrx_word' id='word_1_842' title='bbox 261 5291 660 5346; x_wconf 65' lang='lat' dir='ltr'><strong>accidentibus.</strong></span> <span class='ocrx_word' id='word_1_843' title='bbox 772 5292 838 5322; x_wconf 68' lang='grc'><strong>³9³</strong></span> <span class='ocrx_word' id='word_1_844' title='bbox 883 5279 1002 5344; x_wconf 75' lang='lat' dir='ltr'><strong>Non</strong></span> <span class='ocrx_word' id='word_1_845' title='bbox 1045 5279 1130 5342; x_wconf 79' lang='lat' dir='ltr'><strong>est</strong></span> <span class='ocrx_word' id='word_1_846' title='bbox 1172 5287 1460 5356; x_wconf 86' lang='lat' dir='ltr'><strong>aliquando</strong></span> <span class='ocrx_word' id='word_1_847' title='bbox 1487 5325 1499 5340; x_wconf 91' lang='lat'><strong>.</strong></span> <span class='ocrx_word' id='word_1_848' title='bbox 1534 5325 1548 5339; x_wconf 94' lang='lat'><strong>.</strong></span> <span class='ocrx_word' id='word_1_849' title='bbox 1578 5322 1602 5356; x_wconf 17' lang='grc' dir='ltr'><strong>ί.</strong></span> <span class='ocrx_word' id='word_1_850' title='bbox 1634 5299 1760 5356; x_wconf 66' lang='lat' dir='ltr'><strong>mss.</strong></span> <span class='ocrx_word' id='word_1_851' title='bbox 1782 5279 2204 5356; x_wconf 51' lang='lat' dir='ltr'><strong>exceptisjhaa.</strong></span> <span class='ocrx_word' id='word_1_852' title='bbox 2235 5279 2884 5356; x_wconf 44' lang='lat' dir='ltr'><strong>nonneestaliquando&quot;.</strong></span> <span class='ocrx_word' id='word_1_853' title='bbox 3089 5281 3158 5356; x_wconf 50' lang='grc' dir='ltr'><strong>δίο</strong></span> <span class='ocrx_word' id='word_1_854' title='bbox 3189 5281 3411 5356; x_wconf 76' lang='lat' dir='ltr'><strong>Comet</strong></span> <span class='ocrx_word' id='word_1_855' title='bbox 3429 5284 3534 5356; x_wconf 82' lang='lat' dir='ltr'><strong>hoc</strong></span> 
     </span>
    </p>
   </div>
   <div class='ocr_carea' id='block_1_108' title="bbox 263 5349 3532 5430">
    <p class='ocr_par' dir='ltr' id='par_1_108' title="bbox 263 5349 3532 5430">
     <span class='ocr_line' id='line_1_108' title="bbox 263 5349 3532 5430; baseline -0.002 -17"><span class='ocrx_word' id='word_1_856' title='bbox 263 5379 398 5414; x_wconf 83' lang='lat' dir='ltr'><strong>mss.</strong></span> <span class='ocrx_word' id='word_1_857' title='bbox 429 5359 559 5430; x_wconf 80' lang='lat' dir='ltr'><strong>Sag.</strong></span> <span class='ocrx_word' id='word_1_858' title='bbox 616 5361 804 5416; x_wconf 82' lang='lat' dir='ltr'><strong>Cister.</strong></span> <span class='ocrx_word' id='word_1_859' title='bbox 871 5377 992 5414; x_wconf 89' lang='lat' dir='ltr'><strong>cum</strong></span> <span class='ocrx_word' id='word_1_860' title='bbox 1055 5359 1158 5430; x_wconf 76' lang='lat' dir='ltr'><strong>hoc</strong></span> <span class='ocrx_word' id='word_1_861' title='bbox 1257 5349 1336 5430; x_wconf 40' lang='lat' dir='ltr'><strong>“ﬁ</strong></span> <span class='ocrx_word' id='word_1_862' title='bbox 1359 5357 1423 5430; x_wconf 84' lang='lat' dir='ltr'><strong>Et</strong></span> <span class='ocrx_word' id='word_1_863' title='bbox 1452 5355 1593 5430; x_wconf 80' lang='lat' dir='ltr'><strong>quod</strong></span> <span class='ocrx_word' id='word_1_864' title='bbox 1632 5352 1872 5430; x_wconf 50' lang='lat' dir='ltr'><strong>illisutsz</strong></span> <span class='ocrx_word' id='word_1_865' title='bbox 1995 5349 2156 5405; x_wconf 76' lang='lat' dir='ltr'><strong>Miclt.</strong></span> <span class='ocrx_word' id='word_1_866' title='bbox 2187 5361 2242 5406; x_wconf 90' lang='lat' dir='ltr'><strong>et</strong></span> <span class='ocrx_word' id='word_1_867' title='bbox 2283 5354 2426 5422; x_wconf 88' lang='lat' dir='ltr'><strong>quod</strong></span> <span class='ocrx_word' id='word_1_868' title='bbox 2450 5355 2620 5430; x_wconf 76' lang='lat' dir='ltr'><strong>ipsum</strong></span> <span class='ocrx_word' id='word_1_869' title='bbox 2637 5349 2803 5407; x_wconf 67' lang='lat' dir='ltr'><strong>editio</strong></span> <span class='ocrx_word' id='word_1_870' title='bbox 2828 5349 3080 5430; x_wconf 41' lang='lat' dir='ltr'><strong>Gothica;</strong></span> <span class='ocrx_word' id='word_1_871' title='bbox 3103 5351 3170 5430; x_wconf 62' lang='grc' dir='ltr'><strong>Ιᾷι</strong></span> <span class='ocrx_word' id='word_1_872' title='bbox 3197 5351 3338 5430; x_wconf 74' lang='lat' dir='ltr'><strong>quod</strong></span> <span class='ocrx_word' id='word_1_873' title='bbox 3369 5353 3532 5430; x_wconf 77' lang='lat' dir='ltr'><strong>simul</strong></span> 
     </span>
    </p>
   </div>
   <div class='ocr_carea' id='block_1_109' title="bbox 264 5419 3534 5494">
    <p class='ocr_par' dir='ltr' id='par_1_109' title="bbox 264 5419 3534 5494">
     <span class='ocr_line' id='line_1_109' title="bbox 264 5419 3534 5494; baseline -0.002 -10"><span class='ocrx_word' id='word_1_874' title='bbox 264 5431 338 5462; x_wconf 78' lang='grc'><strong>⁸⁰¹</strong></span> <span class='ocrx_word' id='word_1_875' title='bbox 363 5419 638 5486; x_wconf 72' lang='lat' dir='ltr'><strong>Dissiiuile</strong></span> <span class='ocrx_word' id='word_1_876' title='bbox 662 5441 744 5484; x_wconf 87' lang='lat' dir='ltr'><strong>cst</strong></span> <span class='ocrx_word' id='word_1_877' title='bbox 771 5439 959 5484; x_wconf 79' lang='lat' dir='ltr'><strong>mss.el</strong></span> <span class='ocrx_word' id='word_1_878' title='bbox 983 5431 1068 5484; x_wconf 79' lang='lat' dir='ltr'><strong>ed.</strong></span> <span class='ocrx_word' id='word_1_879' title='bbox 1099 5429 1260 5486; x_wconf 72' lang='lat' dir='ltr'><strong>Galla.</strong></span> <span class='ocrx_word' id='word_1_880' title='bbox 1287 5419 1568 5482; x_wconf 76' lang='lat' dir='ltr'><strong>dissimilis</strong></span> <span class='ocrx_word' id='word_1_881' title='bbox 1582 5433 1666 5476; x_wconf 87' lang='lat' dir='ltr'><strong>cst</strong></span> <span class='ocrx_word' id='word_1_882' title='bbox 1737 5421 1806 5453; x_wconf 69' lang='grc'><strong>⁸⁰³</strong></span> <span class='ocrx_word' id='word_1_883' title='bbox 1833 5419 2544 5494; x_wconf 40' lang='lat' dir='ltr'><strong>Qttitlrepugnatn‘tss.quid</strong></span> <span class='ocrx_word' id='word_1_884' title='bbox 2574 5429 2876 5493; x_wconf 83' lang='lat' dir='ltr'><strong>repugnant</strong></span> <span class='ocrx_word' id='word_1_885' title='bbox 2944 5421 3016 5453; x_wconf 57' lang='grc' dir='ltr'><strong>θοι</strong></span> <span class='ocrx_word' id='word_1_886' title='bbox 3035 5419 3192 5476; x_wconf 82' lang='lat' dir='ltr'><strong>Nulla</strong></span> <span class='ocrx_word' id='word_1_887' title='bbox 3216 5419 3534 5480; x_wconf 66' lang='lat' dir='ltr'><strong>subsuntia</strong></span> 
     </span>
    </p>
   </div>
   <div class='ocr_carea' id='block_1_110' title="bbox 261 5489 3165 5568">
    <p class='ocr_par' dir='ltr' id='par_1_110' title="bbox 261 5489 3165 5568">
     <span class='ocr_line' id='line_1_110' title="bbox 261 5489 3165 5568; baseline -0.003 -12"><span class='ocrx_word' id='word_1_888' title='bbox 261 5501 622 5568; x_wconf 83' lang='lat' dir='ltr'><strong>consequitur</strong></span> <span class='ocrx_word' id='word_1_889' title='bbox 669 5517 794 5554; x_wconf 88' lang='lat' dir='ltr'><strong>mss.</strong></span> <span class='ocrx_word' id='word_1_890' title='bbox 829 5499 972 5554; x_wconf 88' lang='lat' dir='ltr'><strong>nulla</strong></span> <span class='ocrx_word' id='word_1_891' title='bbox 1022 5499 1380 5554; x_wconf 83' lang='lat' dir='ltr'><strong>substantiam</strong></span> <span class='ocrx_word' id='word_1_892' title='bbox 1412 5502 1776 5565; x_wconf 85' lang='lat' dir='ltr'><strong>consequatur</strong></span> <span class='ocrx_word' id='word_1_893' title='bbox 1814 5491 1900 5545; x_wconf 81' lang='lat' dir='ltr'><strong>ed.</strong></span> <span class='ocrx_word' id='word_1_894' title='bbox 1945 5489 2102 5545; x_wconf 75' lang='lat' dir='ltr'><strong>Gotlt.</strong></span> <span class='ocrx_word' id='word_1_895' title='bbox 2128 5489 2356 5550; x_wconf 47' lang='lat' dir='ltr'><strong>‘nullam</strong></span> <span class='ocrx_word' id='word_1_896' title='bbox 2405 5489 2760 5550; x_wconf 76' lang='lat' dir='ltr'><strong>substantiam</strong></span> <span class='ocrx_word' id='word_1_897' title='bbox 2805 5499 3165 5562; x_wconf 86' lang='lat' dir='ltr'><strong>consequatur</strong></span> 
     </span>
    </p>
   </div>
   <div class='ocr_carea' id='block_1_111' title="bbox 1796 5599 2028 5658">
    <p class='ocr_par' dir='ltr' id='par_1_111' title="bbox 1796 5599 2028 5658">
     <span class='ocr_line' id='line_1_111' title="bbox 1796 5599 2028 5658; baseline -0.004 -1"><span class='ocrx_word' id='word_1_898' title='bbox 1796 5599 2028 5658; x_wconf 70' lang='lat' dir='ltr'><strong>NOTAE.</strong></span> 
     </span>
    </p>
   </div>
   <div class='ocr_carea' id='block_1_112' title="bbox 343 5699 1252 5773">
    <p class='ocr_par' dir='ltr' id='par_1_112' title="bbox 343 5699 1252 5773">
     <span class='ocr_line' id='line_1_112' title="bbox 343 5699 1252 5773; baseline -0.003 -17"><span class='ocrx_word' id='word_1_899' title='bbox 343 5701 461 5773; x_wconf 66' lang='grc' dir='ltr'><strong>(εἳ)</strong></span> <span class='ocrx_word' id='word_1_900' title='bbox 501 5701 652 5757; x_wconf 82' lang='lat' dir='ltr'><strong>Alias</strong></span> <span class='ocrx_word' id='word_1_901' title='bbox 683 5711 764 5756; x_wconf 83' lang='lat' dir='ltr'><strong>est</strong></span> <span class='ocrx_word' id='word_1_902' title='bbox 794 5717 918 5771; x_wconf 86' lang='lat' dir='ltr'><strong>pars</strong></span> <span class='ocrx_word' id='word_1_903' title='bbox 947 5701 1137 5768; x_wconf 86' lang='lat' dir='ltr'><strong>capitis</strong></span> <span class='ocrx_word' id='word_1_904' title='bbox 1163 5699 1252 5754; x_wconf 62' lang='lat' dir='ltr'><strong>2’s.</strong></span> 
     </span>
    </p>
   </div>
  </div>
