3882 6050
382 230 487 287 I79

875 229 933 286 S.
976 227 1280 285 ANSELMI
1316 222 1676 284 CANTUAR.
1716 217 2040 277 ARCIIIEI’.
2078 216 2232 274 OPP‘.
2274 215 2474 273 PARS.
2508 215 2551 271 I.
2589 247 2657 258 -
2699 215 3122 276 DOGMATICA.

3541 219 3650 277 180

383 353 573 416 potero
601 355 656 400 et
689 343 962 408 amittere,
1009 343 1306 398 secundum
1333 339 1477 409 quod
1507 346 1720 394 crescet
1743 335 1835 400 ⁸⁸⁵,
1865 337 1954 391 vel
1989 341 2035 400 Α
2064 330 2214 396 xilio,
2242 345 2362 387 esse
2387 330 2646 402 quidquid
2674 342 2792 398 est;
2837 331 3110 402 quomodo
3145 347 3253 389 non
3283 342 3369 389 est
3404 334 3654 406 singula-

385 449 484 505 per
511 434 799 505 qualitates
825 433 1070 490 diversas
1099 431 1418 487 mutabitur.
1467 429 1650 484 Palam
1689 429 1871 500 itaque
1901 429 1960 484 iit

384 524 513 594 quia
553 539 738 578 eorum
775 538 895 592 quae
923 521 1222 577 accidentia
1265 520 1542 586 dicuntur,
1573 519 1818 589 quaidatn
1863 518 1962 574 ali-

385 621 654 683 quatenus
677 613 955 668 attrahant
977 610 1540 675 commutabilitatem,
1567 608 1810 680 quaedam
1836 623 1964 664 vero

386 700 695 756 nullatenus
719 699 1046 756 subtrahant
1073 698 1674 754 incommutabilitatem
1696 697 1786 752 ‘°‘.
1812 695 1966 753 Sicut

388 789 553 859 igitur
579 803 789 843 summa
825 797 1018 842 natura
1050 788 1426 844 accidentibus
1471 788 1822 844 mutationem
1853 787 1966 844 elli-

325 893 339 946 t
385 880 656 936 cientibus
703 896 979 951 nunquam
1028 881 1081 935 in
1108 895 1204 936 sua
1231 879 1582 950 simplicitate
1629 879 1815 936 locum
1865 881 1964 935 tri-

385 971 537 1038 buit;
576 972 653 1028 sic
682 972 980 1027 secundum
1009 986 1096 1037 ea,
1131 987 1253 1042 quae
1281 971 1590 1026 nullatenus
1625 986 1850 1026 summae
1880 970 1966 1025 iu-

386 1062 860 1118 commutabilitati
911 1073 1214 1134 repugnant
1252 1063 1344 1132 “’7,
1385 1062 1676 1132 aliquando
1720 1062 1822 1116 dici
1870 1061 1968 1116 ali-

385 1153 532 1224 quod
558 1169 662 1208 non
690 1155 916 1223 rcSpuil,
947 1164 1002 1210 et
1029 1164 1206 1209 tamen
1241 1154 1440 1224 aliquid
1463 1153 1580 1223 ejus
1603 1153 1853 1210 essentia
1874 1153 1965 1219 δη,

389 1242 532 1299 unde
580 1243 696 1314 ipsa
747 1243 1027 1300 variabilis
1077 1243 1303 1314 intelligi
1351 1244 1543 1315 possit,
1593 1258 1698 1298 non
1747 1242 1960 1298 accidit.

391 1331 547 1387 Unde
580 1335 680 1389 hoc
706 1350 924 1405 quoque
963 1335 1211 1390 concludi
1250 1342 1448 1404 potest,
1476 1335 1600 1403 quia
1631 1333 1832 1388 nullius
1872 1348 1968 1388 ac-

388 1422 620 1479 cidentis
647 1421 1005 1495 susceptibilis
1028 1434 1114 1501 est
1137 1442 1151 1478 :
1177 1425 1376 1496 quippe
1399 1424 1850 1495 quemadmodum
1881 1424 1968 1478 illa

389 1519 720 1587 accidentia,
751 1536 872 1590 quae
901 1521 1257 1576 mutationem
1287 1521 1524 1591 aliquam
1553 1521 1860 1578 accedendo
1885 1521 1969 1577 vel

392 1609 695 1664 recedendo
727 1609 954 1676 faciunt,
984 1610 1100 1680 ipso
1127 1625 1226 1666 suo
1253 1609 1446 1666 effectu
1473 1610 1543 1642 ⁸⁸³
1566 1626 1693 1665 vere
1719 1610 1970 1666 accidere

2066 422 2218 485 riter,
2243 421 2448 490 absque
2475 437 2588 478 sua:
2617 432 2882 478 creaturae
2912 424 3211 492 consortio,
3242 426 3502 495 quidquid
3532 430 3654 500 ipsa

2063 513 2184 570 est?
2223 511 2376 568 Unde
2409 513 2454 567 si
2485 514 2701 583 quando
2740 513 2813 569 illi
2843 523 2928 570 est
2953 530 3076 570 cum
3111 515 3232 571 aliis
3273 519 3504 574 nominis
3550 521 3656 577 ali-

2064 605 2217 675 cujus
2243 603 2576 670 communio,
2607 604 2760 661 valde
2783 605 2973 676 procul
2999 605 3163 663 dubio
3190 607 3539 681 intelligenda
3564 621 3656 668 est

2063 695 2274 751 diversa
2311 694 2658 766 signiﬁcatio.

2367 827 2601 886 CAPUT
2639 827 2830 883 XXVII
2869 827 2974 902 [αι.
3033 827 3223 902 XXVI]
3249 829 3319 863 δι’

2069 941 2224 1008 Quod
2253 960 2355 998 non
2385 945 2720 998 contineatur
2752 943 2808 996 in
2842 945 3106 997 communi
3139 953 3367 998 tractatu
3411 945 3658 1000 substaao

2137 1013 2364 1094 tiaram,-
2395 1024 2442 1069 et
2469 1024 2643 1068 tamen
2678 1014 2744 1069 sit
2773 1014 3094 1080 substantia,
3127 1024 3176 1069 et
3211 1015 3513 1070 individuus
3545 1018 3658 1087 spi-

2141 1093 2292 1138 "(118.

2070 1193 2416 1251 Cossvscrus
2442 1210 2742 1252 CAPITIS.—
2767 1193 2956 1250 Omnis
2975 1194 3274 1250 substantia
3298 1205 3392 1250 aut
3411 1205 3514 1259 est,
3537 1198 3658 1251 uni-

2140 1265 2382 1334 versalis,
2406 1267 2508 1322 hoc
2527 1275 2611 1320 est
2632 1264 2872 1334 pluribus
2890 1265 3211 1331 communis,
3241 1275 3336 1320 aut
3355 1276 3435 1322 est
3460 1268 3627 1322 indivi
3641 1297 3659 1308 -

2154 1336 2276 1400 dua,
2303 1353 2421 1404 qua:
2449 1351 2569 1392 cum
2595 1335 2716 1390 aliis
2737 1351 3075 1390 communem
3093 1335 3269 1390 habet.
3290 1336 3509 1391 Summa
3525 1353 3659 1392 Vero

2157 1415 2347 1459 natura
2387 1421 2486 1462 nec
2527 1405 2578 1461 in
2613 1405 2796 1473 plures
2837 1405 3166 1475 substantias
3205 1421 3263 1460 se
3299 1407 3505 1466 dividit.
3553 1424 3658 1462 nce

2141 1489 2262 1529 cum
2297 1476 2403 1548 alia
2446 1491 2506 1548 se
2542 1477 2776 1548 essentia
2815 1476 3196 1548 communione
3230 1475 3452 1548 colligit.
3508 1477 3657 1548 Ergo

2141 1561 2247 1599 non
2300 1545 2595 1601 includitur
2637 1547 2692 1600 in
2734 1546 3005 1601 communi
3057 1545 3482 1600 substantiai'um
3537 1545 3655 1601 tra.

2147 1625 2315 1670 ctatn.
2355 1616 2491 1683 Quia
2539 1625 2718 1671 tamen
2764 1631 2976 1670 summe
3019 1616 3235 1682 existit,
3271 1616 3390 1671 ideo
3414 1618 3660 1673 maxime

391 1698 496 1763 rei,
546 1715 708 1769 quam
761 1678 1476 1772 mutant,_perpenduntur;
1529 1702 1608 1757 sic
1660 1702 1770 1766 illa,
1798 1717 1916 1771 quae
1942 1718 1973 1756 a
2005 1678 2050 1738 Β
2148 1678 2472 1772 διξιξδιέξιῖία
2500 1678 3494 1772 δῖοί,ΡοὲθξξῖθιίίζυῖὲᾸῘῙΨΪῼΓβδξν
3534 1687 3659 1772 we,”

390 1788 553 1842 simili
584 1788 776 1845 effectu
803 1789 1080 1856 deficiunt,
1109 1791 1402 1861 improprie
1425 1791 1527 1846 dici
1561 1791 1858 1846 accidentia
1882 1790 1975 1845 de-

388 1879 817 1947 prehenduntur.
848 1880 1003 1936 Sicut
1030 1881 1194 1950 igitur
1219 1896 1436 1952 semper
1463 1881 1563 1936 sibi
1598 1891 1682 1936 est
1702 1880 1772 1913 “°
1800 1880 1974 1935 omni-

390 1972 552 2025 modo
590 1971 780 2027 eadem
834 1972 1288 2036 substantialiter,
1325 1973 1400 2027 ita
1433 1987 1708 2042 nunquam
1741 1979 1820 2028 est
1853 1986 1884 2024 a
1912 1984 1972 2026 se

313 2049 327 2063 ”
389 2061 602 2118 diversa
631 2063 740 2120 ullo
766 2065 948 2131 modo,
992 2066 1076 2121 vel
1123 2064 1551 2121 accidentaliter.
1599 2064 1705 2120 Sed
1754 2079 1972 2134 quoquo

389 2152 549 2206 modo
589 2168 710 2209 sese
749 2154 946 2211 habeat
985 2156 1123 2210 ratio
1152 2155 1218 2209 de
1253 2153 1582 2225 proprietate
1612 2153 1847 2210 nominis
1879 2169 1972 2210 ac-

389 2241 702 2308 cidentium,
751 2244 879 2300 illud
932 2247 1049 2302 sine
1100 2245 1264 2302 dubio
1317 2261 1503 2302 verum
1557 2255 1660 2312 est,
1722 2247 1848 2316 quia
1905 2247 1972 2303 de

389 2346 600 2388 summe
625 2332 1051 2390 incommutabili
1084 2343 1272 2390 natura
1303 2335 1438 2390 nihil
1469 2343 1647 2406 potest
1669 2333 1798 2401 dici,
1826 2334 1971 2390 unde

390 2421 667 2479 mutabilis
695 2426 868 2494 possit
901 2424 1149 2495 intelligi.

759 2515 990 2571 CAPUT
1032 2513 1199 2571 XXVI
1239 2513 1336 2586 [αι.
1393 2513 1588 2587 XXV].

388 2602 455 2635 ‘”
491 2602 764 2678 Quomodo
795 2605 887 2658 illa
921 2605 1142 2678 dicenda
1164 2607 1232 2658 sit
1252 2622 1362 2678 esse
1388 2606 1713 2678 substantia;
1751 2617 1799 2661 et
1829 2609 1969 2678 quod

458 2673 716 2747 sitcxtra
755 2691 961 2729 omnem
1011 2675 1392 2738 substantiam,
1437 2686 1487 2732 et
1522 2673 1861 2747 singulariter
1900 2679 1968 2732 sit

458 2742 713 2811 quidquid
736 2753 832 2798 est.

389 2831 732 2890 Cousnscrus
770 2850 1000 2890 ελεγι-ιε.
1029 2867 1100 2877 -
1129 2836 1263 2892 Cum
1296 2852 1508 2893 summa
1541 2848 1736 2894 natura
1769 2839 1968 2896 nullius

459 2905 772 2978 mutationis
797 2913 890 2978 aut
919 2907 1216 2978 accidentis
1241 2907 1312 2962 sit
1337 2909 1722 2978 susceptibilis,
1750 2926 1856 2964 non
1884 2912 1968 2966 di-

455 2974 601 3049 citur
621 2976 923 3049 substantia
949 2977 1051 3031 nisi
1081 2977 1383 3033 substantia
1413 2974 1634 3034 dicatur
1658 2995 1756 3049 pro
1784 2996 1970 3036 essen-

457 3044 530 3100 tia
570 3047 716 3118 :gsed
755 3047 872 3118 ipsa
907 3054 990 3118 est
1029 3056 1085 3102 et
1123 3057 1278 3103 extra
1309 3057 1362 3102 et
1389 3063 1554 3118 supra
1591 3044 1808 3106 omnem
1843 3052 1967 3106 sub-
1992 3055 2035 3113 C

2153 1771 2258 1810 non
2287 1770 2506 1824 corpus,
2540 1755 2633 1811 sed
2658 1755 2889 1825 ’Spiritus
2934 1766 3046 1820 est;
3089 1763 3144 1809 et
3190 1755 3433 1826 quidem,
3460 1757 3660 1811 indivi-

2151 1827 2310 1887 duus.
2340 1827 2467 1895 quia
2501 1841 2602 1882 nec
2642 1827 2890 1896 partibus
2931 1833 3165 1896 constat,
3197 1841 3297 1881 nec
3339 1825 3661 1882 diﬂ'erentiis

2149 1905 2248 1969 aut
2291 1895 2663 1969 accidentibus
2707 1906 2794 1954 est
2815 1895 3114 1962 mutabilis,
3157 1909 3257 1952 nec
3293 1897 3519 1969 proinde
3549 1897 3659 1953 ulla

2149 1965 2357 2021 ratione
2381 1965 2688 2023 divisibilis.

2143 2099 2366 2156 Constat
2401 2100 2568 2165 igitur
2587 2099 2713 2170 quia
2743 2097 2831 2154 illa
2856 2096 3160 2154 substantia
3199 2096 3350 2154 nullo
3377 2097 3659 2154 communi

2073 2202 2306 2250 tractatu
2357 2193 2786 2251 substantiarum
2838 2190 3156 2253 includitur,
3203 2205 3234 2246 a
3280 2189 3434 2260 cujus
3469 2205 3659 2247 essen-

2074 2283 2189 2340 tiali
2221 2283 2603 2340 communione
2629 2281 2808 2338 omnis
2837 2289 3031 2336 natura
3067 2279 3392 2336 excluditur.
3427 2279 3656 2352 Nempe,

2073 2393 2196 2434 cum
2235 2378 2414 2434 omnis
2457 2376 2762 2433 substantia
2807 2382 3076 2431 tractetur
3105 2384 3199 2430 aut
3225 2389 3348 2430 esse
3377 2373 3660 2430 universa-

2071 2469 2160 2535 lis,
2191 2484 2312 2544 qute
2338 2469 2584 2540 pluribus
2612 2468 2936 2525 substantiis
2960 2466 3322 2524 essentialiter
3347 2465 3658 2523 communis

2069 2567 2178 2626 est,
2205 2567 2287 2626 ut,
2316 2559 2588 2614 hominem
2625 2571 2768 2623 esse,
2800 2547 3088 2613 commune
3114 2564 3197 2611 est
3221 2554 3449 2626 singulis
3480 2555 3661 2610 homi-

2071 2650 2267 2716 nibus;
2296 2658 2390 2706 aut
2428 2664 2549 2705 esse
2587 2649 2886 2714 individua,
2917 2664 3039 2719 qua:
3074 2646 3437 2703 universalem
3469 2661 3659 2701 essen-

2070 2739 2204 2793 tiam
2253 2753 2594 2795 communem
2628 2737 2793 2793 habet
2835 2754 2962 2793 cum
3012 2739 3154 2806 aliis,
3198 2735 3656 2807 quemadmodum

2071 2829 2264 2902 singuli
2293 2829 2544 2885 homines
2571 2844 2858 2884 commune
2889 2829 3090 2883 habent
3133 2844 3256 2883 cum
3306 2826 3552 2897 singulis,
3591 2834 3652 2879 ut

2072 2919 2320 2974 homines
2350 2919 2490 2984 sint;
2524 2919 2799 2987 quomodo
2845 2917 3042 2986 aliquis
3092 2931 3357 2971 summam
3402 2924 3656 2972 naturam

2073 3010 2126 3065 in
2154 3009 2380 3064 aliarum
2411 3010 2840 3065 substantiarum
2887 3017 3122 3064 tractatu
3155 3007 3426 3064 contineri
3461 3005 3660 3061 intelli-

454 3116 711 3189 stantiam
733 3133 752 3189 ;_
775 3098 906 3186 quia
948 3117 1060 3186 ipsa
1093 3118 1206 3172 sola
1245 3133 1438 3186 pervse
1455 3098 1813 3189 restfltatiue
1844 3098 1965 3176 inin

2090 3105 2166 3176 ;it,
2194 3121 2315 3176 qua:
2357 3119 2458 3160 nec
2501 3104 2554 3158 in
2591 3103 2776 3175 plures
2812 3101 3151 3158 substantias
3191 3115 3250 3155 se
3288 3098 3510 3165 dividit,
3556 3113 3658 3153 nec

457 3183 622 3239 habet
654 3186 756 3241 nisi
789 3183 986 3242 nomen
1025 3183 1314 3244 commune
1345 3203 1469 3244 cum
1499 3183 1783 3246 creaturis.

455 3274 563 3330 Sed
586 3275 632 3329 si
653 3285 827 3330 ratum
845 3279 1090 3348 estquod
1118 3279 1184 3334 de
1201 3279 1360 3350 hujus
1384 3289 1595 3336 naturae
1619 3281 1966 3351 simplicitate

383 3373 729 3434 perspectum
759 3367 828 3398 δι’
858 3379 960 3435 εει,
989 3370 1263 3438 quomodo
1317 3371 1626 3426 substantia
1674 3373 1792 3426 est?
1827 3371 1964 3426 Nam

383 3469 508 3507 cum
545 3454 722 3512 omnis
778 3458 1083 3514 substantia
1136 3461 1478 3516 admistionis
1515 3461 1964 3531 dill‘erentiarum,

384 3543 473 3598 vel
513 3548 838 3603 mutationis
882 3550 1244 3604 accidentium
1276 3552 1348 3606 sit
1389 3552 1770 3620 susceptibilis,
1807 3553 1965 3622 hujus

383 3635 738 3693 immutabilis
781 3637 853 3670 ⁸η
901 3639 1190 3694 sinceritas
1249 3641 1574 3694 omnimodae
1633 3643 1963 3709 admistioni,

385 3727 500 3782 sive
532 3730 815 3784 mutationi
853 3741 939 3786 est
974 3731 1394 3797 inaccessibilis;
1425 3734 1700 3802 quomodo
1743 3749 1874 3805 ergo
1896 3734 1968 3768 ⁸⁸⁵

382 3815 718 3872 obtinebitur
765 3833 886 3875 eam
935 3835 1056 3878 esse
1109 3822 1409 3893 quamlibet
1444 3823 1829 3890 substantiam,
1862 3826 1964 3881 nisi

383 3907 599 3963 dicatur
644 3909 944 3967 substantia
989 3929 1087 3982 pro
1131 3915 1392 3981 essentia,
1446 3925 1500 3971 ει
1549 3916 1628 3971 sic
1673 3917 1744 3971 sit
1785 3926 1964 3984 extra,-

381 3998 526 4054 sicut
551 4009 635 4056 est
672 4017 836 4073 supra
863 4018 1080 4058 omnem
1111 4006 1504 4061 substantiam?
1539 4005 1672 4060 Nam
1700 4016 1963 4076 quantum
2020 4015 2029 4026 '

383 4087 512 4143 illud
552 4105 705 4158 esse,
746 4094 890 4162 quod
923 4110 1022 4164 per
1055 4111 1115 4151 se
1153 4106 1237 4151 est
1271 4097 1566 4166 quidquid,
1606 4107 1661 4153 et
1695 4100 1762 4153 de
1798 4098 1966 4156 nihilo

382 4180 518 4236 facit
559 4197 721 4238 omne
769 4185 914 4240 aliud
957 4201 1114 4252 esse,
1161 4188 1436 4244 diversum
1480 4197 1562 4244 est
1603 4189 1670 4244 ab
1715 4206 1781 4246 eo
1821 4205 1963 4258 esse,

2065 3212 2188 3251 cum
2223 3197 2406 3266 aliqua
2449 3195 2554 3250 ala
2597 3211 2694 3266 per
2739 3193 3084 3250 essentialem
3127 3189 3564 3247 communionem
3595 3203 3658 3243 se

2065 3286 2304 3357 colligit?
2353 3285 2620 3352 Quoniam
2658 3293 2838 3339 tamen
2869 3284 2983 3354 ipsa
3020 3297 3125 3337 non
3153 3281 3324 3336 solum
3350 3279 3658 3335 certissime

2064 3377 2270 3442 existit,
2336 3376 2431 3432 sed
2479 3377 2642 3432 etiam
2693 3390 2903 3431 summe
2951 3375 3196 3429 omnium
3236 3373 3307 3406 "3
3336 3373 3544 3438 existit,
3591 3381 3651 3428 et

2065 3465 2355 3536 cujuslibet
2403 3467 2480 3521 rei
2511 3466 2745 3522 essentia
2778 3466 2884 3521 dici
2924 3465 3062 3522 solet
3099 3464 3433 3528 substantia;
3471 3462 3655 3534 profe-

2067 3572 2176 3624 cto,
2224 3560 2268 3614 si
2308 3559 2436 3629 quid
2484 3558 2645 3630 digne
2681 3557 2750 3590 ⁸¹⁹
2779 3557 2882 3611 dici
2929 3567 3132 3628 potest,
3181 3571 3285 3610 non
3332 3555 3656 3626 prohibetur

2065 3648 2172 3703 dici
2215 3648 2534 3704 substantia.
2589 3648 2658 3702 Et
2699 3647 2955 3716 quoniam
3002 3663 3112 3701 non
3159 3647 3402 3701 noscitur
3443 3645 3656 3715 dignior

2066 3738 2300 3792 essentia
2345 3753 2509 3809 quam
2555 3737 2779 3806 spiritus
2826 3745 2920 3792 aut
2969 3752 3166 3808 corpus
3214 3736 3316 3803 “°;
3355 3745 3409 3791 et
3451 3751 3520 3790 cx
3570 3736 3658 3792 his

2066 3829 2281 3901 dignior
2325 3838 2408 3884 est
2451 3829 2676 3899 spiritus
2720 3844 2883 3900 quam
2931 3844 3178 3898 corpus:
3224 3828 3409 3898 utique
3457 3828 3648 3882 eadem

2066 3923 2359 3980 asserenda
2387 3934 2471 3980 est
2493 3939 2614 3979 esse
2640 3923 2886 3993 spiritus,
2913 3937 3017 3976 non
3046 3935 3244 3990 corpus
3266 3919 3358 3972 δυ.
3387 3918 3654 3986 Quoniam

2067 4021 2248 4068 autem
2280 4029 2380 4069 nec
2431 4012 2553 4068 ulla:
2582 4023 2765 4082 partes
2815 4021 2943 4067 sunt
2986 4011 3227 4079 ejusdem
3273 4009 3520 4080 spiritus,
3557 4023 3657 4064 uec

2066 4104 2250 4175 plures
2282 4120 2404 4160 esse
2446 4113 2674 4174 possunt
2715 4102 2980 4173 ejusmodi
3032 4104 3275 4174 spiritus,
3310 4116 3530 4157 necesse
3573 4110 3664 4158 est

2069 4203 2129 4251 ut
2172 4195 2244 4250 sit
2284 4195 2507 4250 omnino
2554 4195 2863 4251 individuus
2903 4196 3144 4265 spiritus.
3187 4193 3452 4262 Quoniam
3483 4193 3676 4275 enim,“

382 4272 525 4340 quod
557 4287 658 4343 per
683 4273 827 4330 aliud
855 4275 913 4329 lit
939 4277 1004 4331 de
1032 4278 1201 4333 nihilo
1225 4280 1485 4349 quidquid
1511 4290 1594 4335 est
1621 4281 1721 4347 δίας
1758 4290 1964 4337 tantum
2070 4284 2212 4339 sicut
2241 4299 2402 4353 supra
2443 4292 2680 4351 constat,
2727 4299 2832 4340 nec
2875 4285 3122 4356 partibus
3165 4293 3250 4339 est
3296 4265 3686 4354 compositus,"

383 4363 606 4420 omnino
646 4365 813 4421 distat
848 4382 1059 4423 summa
1107 4370 1411 4426 substantia
1451 4371 1521 4427 ab
1567 4371 1652 4426 his
1697 4387 1818 4442 quae
1856 4388 1963 4427 non
1999 4398 2044 4452 ο
2071 4389 2171 4430 nec
2200 4372 2325 4429 ullis
2350 4371 2674 4430 differentiis
2702 4373 2788 4430 vel
2821 4373 3195 4430 accidentibus
3224 4372 3447 4442 intelligi
3478 4381 3658 4443 potest

383 4465 510 4510 sunt
534 4455 677 4512 idem
703 4457 845 4528 quod
877 4460 1014 4530 ipsa.
1065 4461 1309 4532 Cumque
1341 4463 1455 4533 ipsa
1484 4462 1598 4518 sola
1624 4463 1867 4518 omnium
1894 4463 1966 4495 δ¹⁶
2071 4477 2194 4519 esse
2223 4461 2522 4530 mutabilis,
2560 4462 2891 4533 impossibile
2918 4470 3004 4518 est
3038 4471 3098 4517 ut
3131 4462 3369 4535 qualibet
3413 4462 3656 4518 sectione

379 4551 700 4600 naturarum
747 4547 944 4602 habeat
977 4563 1007 4602 a
1038 4564 1119 4618 se,
1169 4552 1288 4607 sine
1332 4551 1560 4608 alterius
1610 4561 1818 4607 natura;
1866 4566 1963 4606 au-
2070 4553 2142 4608 sit
2175 4552 2476 4608 divisibilis.
3630 4574 3632 4576 '

1676 4659 1903 4716 VARIIE
1953 4660 2357 4720 LECTIONES.

440 4791 515 4870 ‘_°'
537 4790 688 4870 Quod
713 4799 922 4870 crescet
943 4794 1219 4870 mss._1_‘_ltu.
1235 4795 1376 4864 quod
1388 4797 1597 4870 crescit
1626 4798 2002 4870 mAttrahunt
2017 4835 2036 4854 .
2059 4837 2074 4852 .
2095 4835 2112 4852 .
2131 4797 2460 4853 subtrahunt
2483 4797 2970 4870 immutabilitatem
2997 4815 3094 4854 ms.
3117 4800 3246 4870 Sag.
3270 4799 3580 4870 attrahunt.
3598 4835 3650 4852 ..

379 4860 703 4943 subtrahunt
731 4860 1326 4943 ingninmntabilitateiu
1371 4867 1453 4943 f"
1479 4867 1999 4943 Incornmntabiliter
2021 4877 2326 4943 repugnant
2353 4885 2480 4922 mss.
2506 4868 3046 4943 incnmmutabilitati
3062 4860 3356 4940 repugnant
3421 4867 3650 4943 “f‘lijus

381 4932 753 5007 essentize‘uts.
793 4931 927 5007 Vict.
955 4933 1010 4990 5.
1040 4949 1160 4991 esse
1187 4938 1437 4992 essentia:
1530 4939 1600 4970 m
1627 4938 1743 5007 Ipsa
1763 4953 1862 4993 suo
1884 4931 2227 4994 ell‘ectu'mis.
2271 4938 2388 5006 ipso
2418 4953 2517 4993 suo
2545 4937 2740 4994 cll‘ectu
2832 4938 2902 4971 ⁸¹⁰
2935 4938 3050 4994 Sibi
3101 4931 3222 4995 esse
3270 4955 3397 4994 mss.
3441 4931 3657 4993 sibi'cst

379 5001 448 5036 ⁸⁸⁸
478 4999 610 5071 Cap.
635 5001 707 5057 25
734 5010 810 5058 est
850 5005 904 5079 in
931 5021 1063 5079 mss.
1094 5022 1209 5077 cap.
1244 5007 1334 5062 26.
1369 5007 1574 5079 Titulus
1613 4999 1668 5062 iu
1702 5025 1832 5065 mss.
1861 5009 1994 5063 Thu.
2028 4999 2304 5079 quomodo
2324 5008 2412 5062 illa
2434 5008 2504 5079 sit
2535 5008 2760 5063 dicenda
2785 5023 2907 5064 esse
2931 5011 3233 5065 substantia
3261 5023 3277 5064 :
3317 5017 3374 5063 et
3407 5008 3552 5078 quod
3585 5008 3658 5079 sit

379 5081 535 5149 extra
557 5070 778 5149 omnem
791 5070 1250 5149 substa_utiam',get
1269 5077 1617 5149 singulariter
1643 5079 1714 5131 sit
1735 5079 1995 5149 quidquid
2019 5070 2103 5134 est
2131 5077 2489 5149 inﬂcommuni
2517 5087 2796 5134 contractu
2820 5080 3265 5142 substantiarum,
3283 5090 3338 5134 et
3368 5070 3548 5149 tamen
3567 5077 3658 5149 sit

380 5144 681 5218 substantia
704 5145 1097 5218 etindiyiduns
1119 5144 1381 5218 spiritus:
1435 5144 2002 5218 ‘f'dPerspeétum'est
2021 5166 2147 5203 mss.
2177 5147 2313 5202 Vict.
2337 5149 2678 5218 perspicuum
2709 5157 2793 5204 est
2855 5149 2926 5182 m
2952 5149 3269 5218 Huiusmodi
3293 5147 3654 5203 immutabilis

379 5212 668 5292 nascens.
712 5214 849 5292 Vict.
881 5213 1012 5292 δελ.
1041 5212 1206 5292 hujus
1238 5216 1586 5292 immutabilis
1657 5212 2040 5292 ““Quornodo
2066 5234 2215 5292 ergo,
2240 5212 2353 5292 etc;
2378 5212 2540 5292 usque
2565 5218 2634 5272 ad
2661 5219 2806 5276 lucc:
2837 5234 2958 5292 nam
2986 5212 3270 5290 quantum,
3302 5229 3432 5282 etc.,
3462 5218 3655 5292 desunt

379 5283 562 5362 ianus.
595 5283 854 5362 Thu._30.
930 5286 1000 5318 “'
1024 5283 1203 5362 Ab'eo
1248 5301 1369 5342 esse
1406 5288 1548 5355 quod
1590 5301 1687 5362 per
1708 5283 2038 5362 aliudhﬂtgde
2063 5283 2232 5362 nihilo
2265 5283 2531 5362 quidquid
2551 5298 2657 5362 est.
2682 5306 2787 5362 tus.
2829 5287 2977 5362 Gem.
3002 5283 3090 5362 fab
3117 5306 3182 5345 eo
3211 5283 3352 5362 eSse,
3383 5287 3527 5357 quod
3543 5301 3659 5362 per

382 5350 977 5431 aliud__csse_diversum
1009 5363 1094 5431 est
1138 5357 1207 5411 ab
1231 5371 1297 5413 eo
1329 5350 1469 5431 esse,
1504 5350 1794 5431 quodper
1817 5357 1970 5431 aliud
2009 5359 2068 5412 lit
2111 5359 2179 5431 de
2217 5350 2385 5426 nullo,
2415 5350 2697 5429 'quicquid
2725 5369 2809 5414 est
2881 5359 2954 5391 δι’
2975 5361 3218 5431 Qumqne
3262 5350 3375 5431 sola
3401 5350 3656 5412 omnium

381 5436 481 5474 ms.
511 5421 650 5500 _Tlm.
679 5426 771 5500 ὃς).
801 5441 1034 5500 curaque
1059 5425 1172 5500 ipsa
1203 5428 1442 5500 omnium
1472 5421 1570 5481 ms.
1607 5421 1742 5483 Tha.
1769 5429 1859 5485 90.
1893 5429 2272 5500 cumqueipsa
2313 5421 2534 5485 causam
2571 5421 2810 5484 omnium
2833 5447 2960 5485 mss.
2995 5421 3146 5500 Sagf
3167 5429 3301 5482 Vict.
3327 5426 3660 5500 Gcm_.‘c_um-

382 5506 487 5573 que
510 5492 623 5573 ipsa
649 5495 762 5548 sola
785 5492 1172 5573 omnii—tmn'f"
1193 5495 1323 5565 Cap.
1449 5509 1522 5552 est
1546 5500 1600 5553 in
1631 5515 1728 5554 ms.
1757 5508 1914 5573 cap_ut
1943 5492 2054 5573 27;
2111 5492 2188 5573 “3:
2203 5499 2426 5573 Summa
2455 5501 2697 5573 omnium
2725 5492 3091 5573 mss.sunune'
3106 5499 3348 5555 omnium
3421 5496 3492 5529 “’
3518 5496 3658 5551 Pro-

383 5559 739 5644 l‘t-cto’itaque
780 5565 826 5620 si
857 5565 987 5634 quid
1018 5559 1347 5644 dici__potest
1375 5567 1534 5644 digne
1579 5585 1703 5623 mss.
1741 5559 1985 5639 profecto
2013 5570 2058 5624 si
2098 5569 2227 5644 quid
2259 5570 2418 5644 digne
2445 5571 2549 5644 dici
2580 5579 2758 5644 potest
2831 5571 2900 5602 “°
2930 5569 3166 5644 Spiritus
3193 5579 3247 5627 et
3277 5583 3477 5641 corpus
3513 5582 3650 5621 mu.

382 5637 603 5700 spiritus
624 5643 722 5690 aut
750 5650 950 5707 corpus
1021 5637 1088 5669 δ”
1135 5637 1268 5696 Esse
1310 5638 1532 5710 spiritus
1562 5649 1616 5694 et
1647 5637 1755 5696 non
1778 5655 1974 5711 corpus
2011 5637 2280 5695 utstict.
2310 5640 2435 5712 Sag.
2461 5637 2598 5697 Tha.
2635 5640 2823 5697 Cister.
2855 5637 3016 5695 omit’t.
3045 5649 3101 5696 et
