3882 6050
254 213 378 270 181

563 325 793 385 CAPUT
833 329 1043 386 xxvut
1083 330 1180 403 [aL
1239 332 1447 409 xxvn]
1481 334 1573 391 ιη.

252 413 438 481 Quod
472 416 611 472 idem
648 420 865 489 spiritus
897 422 1204 490 simpliciter
1232 425 1344 479 sit:
1380 435 1428 479 et
1468 426 1541 459 “'
1570 437 1746 485 creata
1780 429 1860 485 illi

758 502 1071 560 comparata
1103 510 1205 548 non
1246 496 1369 549 sint.

251 576 637 662 Cofspscrus
677 598 906 662 ρρψτιε.
948 613 1021 624 -
1057 583 1319 662 Summus
1345 588 1598 662 __spiritus
1640 600 1863 662 propter

338 650 841 731 incommutabilem
881 656 1239 731 aeternitatem
1271 650 1418 731 nullo
1443 660 1602 715 modo
1625 650 1862 731 dici'po-

341 728 475 783 test,
503 722 627 796 quia
659 722 759 777 fuit
784 734 879 796 aut
904 725 1031 796 erit,
1058 727 1151 780 sed
1179 726 1499 796 simpliciter
1523 738 1624 785 est.
1652 722 1859 787 Caetera

339 805 501 869 vero,
534 792 978 869 quia-mutabilia
1017 804 1163 862 sunt,
1199 792 1493 853 secundum
1532 799 1735 869 aliquid
1766 812 1861 858 aut

340 860 570 937 fuerunt
610 862 913 937 aliquando
952 874 1045 920 aut
1083 860 1243 937 erunt
1281 868 1425 936 quod
1464 885 1571 926 non
1617 860 1762 937 sunt,
1805 880 1859 928 et

339 930 452 1006 hoc
482 932 623 1006 quod
660 930 788 988 sunt
816 936 904 988 vix
934 944 1019 989 est
1048 952 1062 988 :
1099 930 1322 1006 insuper
1358 938 1426 994 de
1462 955 1569 995 non
1614 930 1857 998 esse've-

337 1001 505 1078 niunt
544 1000 611 1056 ad
650 1017 773 1078 esse
806 1020 916 1059 non
955 1020 1057 1078 per
1083 1021 1165 1072 se,
1205 1000 1300 1062 sed
1338 1022 1437 1078 per
1471 1011 1618 1066 aliud
1654 1023 1749 1067 :et
1783 1014 1855 1068 ita

339 1072 573 1151 redeunt
598 1072 665 1126 ad
694 1089 801 1129 non
835 1072 977 1139 esse,
1008 1073 1112 1151 nisi
1148 1072 1520 1151 sustineantur
1548 1095 1646 1151 per
1683 1082 1852 1138 aliud.

340 1139 509 1223 §olus
542 1157 673 1223 ergo
699 1158 942 1223 summus
980 1147 1203 1215 spiritus
1234 1139 1563 1217 simpliciter'
1581 1165 1707 1206 vere
1734 1168 1856 1223 pcr-

342 1210 488 1285 fecte
522 1222 579 1267 et
613 1210 862 1269 absolute
898 1210 1023 1281 est;
1057 1227 1255 1272 caetera
1292 1210 1387 1272 aut
1423 1235 1529 1274 non
1574 1210 1856 1285 sunt,'aut

338 1282 627 1355 vix__sunt__:
657 1299 763 1339 non
806 1293 985 1340 tamen
1025 1289 1245 1342 omnino
1288 1304 1393 1343 non
1430 1300 1585 1355 sunt;
1622 1282 1745 1346 nam
1788 1293 1855 1347 de

331 1351 512 1475 gbilo
549 1351 756 1424 aliquid
788 1355 932 1410 facta
968 1365 1095 1411 sunt
1122 1359 1188 1414 ab
1218 1373 1283 1415 eo
1310 1360 1401 1430 qui
1434 1351 1582 1417 solus
1608 1363 1854 1418 absolute

335 1513 445 1585 l5
475 1514 699 1572 Videtur
718 1532 846 1588 ergo
866 1518 1125 1591 consequi
1147 1535 1213 1577 ex
1236 1523 1682 1593 przecedentibus,
1709 1527 1852 1597 quod

248 1603 372 1662 iste
391 1607 635 1678 spiritus,
661 1609 750 1679 qui
778 1611 855 1665 sic
876 1625 975 1665 suo
997 1612 1228 1680 quodam
1252 1614 1570 1672 mirabiliter
1591 1617 1849 1689 singulari

244 1706 312 1754 et
365 1698 710 1770 singulariter
740 1700 970 1756 mirabili
1008 1703 1168 1759 modo
1212 1714 1316 1772 est,
1363 1706 1593 1776 quadam
1642 1709 1851 1765 ratione
1881 1697 1925 1757 Β

245 1789 413 1846 solus
455 1790 554 1857 sit;
602 1790 705 1845 alia
734 1805 864 1847 vero
901 1808 1238 1864 quaecunque
1264 1796 1516 1853 videntur
1550 1813 1671 1855 esse
1726 1801 1854 1856 huic

245 1878 483 1945 collata,
512 1895 620 1935 non
655 1880 782 1935 sint.
826 1881 883 1936 Si
925 1882 1070 1937 enim
1097 1883 1382 1954 diligenter
1407 1885 1739 1954 intendatur,
1766 1889 1854 1946 ille

243 1969 411 2026 solus
452 1968 724 2025 videbitur
762 1969 1083 2041 simpliciter
1127 1981 1180 2028 et
1224 1973 1464 2043 perfecte
1510 1984 1566 2031 et
1609 1977 1854 2034 absolute

243 2074 411 2125 esse;
444 2059 549 2114 alia
579 2074 711 2116 vero
744 2062 928 2117 omnia
957 2062 1071 2119 fere
1098 2077 1204 2119 non
1233 2078 1355 2120 esse
1382 2064 1476 2131 ω,
1506 2076 1561 2122 ει
1589 2067 1678 2122 vix
1709 2082 1851 2136 esse,

243 2150 521 2222 quoniam
550 2166 789 2226 namque
812 2153 955 2210 idem
977 2156 1222 2226 spiritus,
1245 2166 1469 2230 propter
1493 2158 1853 2215 incommuta-

240 2243 425 2299 bilem
454 2246 813 2301 aeternitatem
844 2262 1030 2314 suam,
1063 2248 1210 2304 nullo
1242 2252 1401 2306 modo
1430 2252 1722 2308 secundum
1753 2253 1852 2308 ali-

240 2350 417 2408 quem
440 2346 644 2392 motum
667 2338 772 2395 dici
794 2348 974 2410 potest
992 2342 1114 2412 quia
1139 2342 1255 2409 fuit,
1272 2354 1365 2399 aut
1390 2346 1491 2400 erit
1508 2362 1521 2411 ;
1540 2349 1631 2402 sed
1648 2349 1855 2418 simpli-

239 2430 415 2491 citer,
432 2437 549 2484 est:
578 2445 676 2486 nec
696 2432 1029 2487 mutabiliter
1049 2442 1132 2488 est
1153 2434 1374 2504 aliquid,
1400 2437 1541 2505 quod
1565 2438 1853 2507 aliquando

238 2525 348 2572 aut
392 2517 643 2585 nonfuit,
671 2532 763 2575 aut
789 2537 894 2577 non
919 2524 1057 2591 erit;
1081 2539 1257 2593 neque
1296 2542 1404 2581 non
1450 2538 1532 2582 est
1566 2530 1709 2598 quod
1751 2529 1851 2582 ali-

239 2609 477 2679 quando
512 2608 638 2677 fuit,
663 2622 756 2667 aut
780 2614 918 2681 erit;
950 2615 1044 2669 sed
1073 2616 1333 2686 quidquid
1365 2629 1466 2686 est,
1499 2620 1665 2675 semel
1693 2632 1748 2675 et
1776 2622 1851 2677 si-

236 2700 400 2765 mul,
441 2712 498 2756 et
528 2703 853 2763 iuterminab
877 2706 1003 2761 liter
1031 2716 1134 2763 est.
1176 2708 1474 2777 Quoniam,
1506 2711 1724 2783 inquam
1756 2713 1848 2778 ⁸η,

235 2792 565 2862 huiusmodi
605 2805 687 2851 est
713 2812 835 2852 esse
862 2796 1007 2866 ejus;
1030 2798 1155 2869 jure
1186 2802 1297 2871 ipse
1328 2798 1646 2873 simpliciter
1671 2812 1725 2860 et
1752 2808 1851 2861 ab-

235 2885 428 2941 solute
450 2894 505 2941 et
526 2887 763 2957 perfecte
783 2888 986 2944 dicitur
1028 2905 1166 2947 esse.
1210 2892 1474 2959 Quoniam
1512 2909 1638 2950 vero
1665 2897 1849 2951 omnia

237 2978 362 3032 alia
415 2981 712 3036 secundum
766 2979 969 3050 aliquid
1027 2984 1359 3039 mutabiliter
1411 2985 1702 3054 aliquando
1757 2996 1848 3043 aut

237 3067 515 3136 fuerunt,
580 3080 676 3125 aut
740 3081 903 3127 erunt
960 3074 1101 3142 quod
1163 3090 1268 3128 non
1324 3083 1494 3142 sunt;
1566 3083 1660 3130 aut
1719 3086 1847 3132 sunt

238 3160 397 3231 quod
458 3160 747 3231 aliquando
808 3179 916 3219 non
976 3164 1235 3233 fuerunt,
1302 3166 1387 3222 vel
1438 3182 1545 3222 non
1604 3179 1766 3224 erunt
1827 3186 1841 3223 :

238 3262 301 3309 et
344 3253 607 3322 quoniam
642 3254 746 3311 hoc
784 3256 909 3325 quia
952 3255 1206 3323 fuerunt,
1250 3259 1362 3329 jam
1399 3274 1507 3315 non
1554 3269 1667 3327 est;
1714 3259 1845 3317 illud

238 3354 468 3409 autem,
516 3344 722 3401 scilicet
769 3347 896 3416 quia
941 3359 1133 3415 erunt,
1182 3350 1419 3405 nondum
1467 3362 1578 3417 est;
1639 3360 1695 3407 et
1740 3351 1845 3407 hoc

237 3438 380 3507 quia
402 3437 474 3469 m
499 3436 551 3492 in
584 3436 734 3493 labili
762 3438 1194 3510 brevissimoque
1223 3451 1279 3496 et
1303 3442 1389 3496 vix
1414 3442 1679 3498 existente
1708 3458 1845 3512 prae-

236 3528 396 3585 senti
428 3540 573 3597 sunt,
604 3530 693 3585 vix
735 3539 840 3585 est.
882 3530 1149 3597 Quoniam
1184 3547 1314 3604 ergo
1358 3543 1468 3588 tam
1512 3535 1846 3591 mutabiliter

236 3629 403 3684 sunt,
435 3635 542 3675 non
574 3621 847 3678 immerito
878 3632 1143 3692 negantur
1176 3624 1493 3695 simpliciter
1520 3636 1572 3682 et
1606 3625 1844 3697 perfecte

239 3713 305 3763 et
354 3707 600 3762 absolute
626 3722 775 3775 esse;
824 3717 880 3765 et
923 3720 1242 3765 asseruntur
1283 3712 1397 3766 fere
1438 3726 1543 3767 non
1582 3727 1720 3779 esse,
1753 3715 1843 3768 vix

242 3811 398 3853 esse.
448 3797 676 3865 Deinde,
722 3813 844 3854 cum
888 3800 1090 3866 omnia,
1139 3816 1476 3872 quaecunque
1525 3803 1668 3858 aliud
1718 3814 1844 3859 sunt

243 3904 418 3960 quam
450 3890 564 3961 ipse
582 3889 675 3954 “7,
700 3891 767 3946 de
790 3906 897 3947 non
927 3906 1046 3947 esse
1076 3892 1325 3947 venerint
1350 3894 1418 3949 ad
1445 3907 1584 3961 esse,
1608 3908 1714 3949 non
1745 3908 1844 3963 per

244 3996 333 4046 se.
364 3982 461 4038 sed
489 3998 585 4054 per
626 3982 801 4051 aliud;
845 3992 903 4042 et
943 4000 1067 4040 cum
1104 3986 1170 4041 de
1210 4000 1330 4042 esse
1366 3987 1589 4043 redeant
1625 3988 1691 4042 ad
1733 4001 1839 4041 non

244 4088 397 4139 esse,
443 4083 704 4144 quantum
746 4076 813 4133 ad
857 4092 939 4144 se,
972 4076 1075 4133 nisi
1116 4078 1488 4134 sustineantur
1534 4093 1629 4149 per
1674 4077 1837 4141 aliud,

245 4165 526 4235 quomodo
564 4165 669 4221 illis
694 4166 1012 4237 simpliciter
1036 4169 1308 4234 convenit,
1341 4176 1434 4222 aut
1462 4168 1696 4239 perfecte
1723 4170 1841 4224 sive

245 4256 501 4313 absolute
524 4272 669 4324 esse,
697 4266 754 4314 et
781 4274 887 4314 non
913 4259 1087 4331 magis
1116 4259 1229 4315 fere
1253 4261 1340 4314 vix
1369 4276 1473 4315 non
1505 4262 1659 4317 esse?
1679 4261 1842 4316 Cum-

245 4364 361 4420 que
386 4364 505 4405 esse
529 4351 700 4406 solius
736 4351 977 4422 ejusdem
1021 4349 1311 4407 ineﬁ‘abilis
1346 4350 1580 4421 Spiritus
1611 4352 1837 4423 intelligi

247 4441 401 4497 nullo
428 4443 587 4498 modo
611 4443 800 4514 possit,
824 4451 918 4499 aut
938 4457 1003 4499 ex
1031 4458 1136 4497 non
1163 4457 1285 4498 esse
1315 4442 1606 4514 inemptum
1628 4444 1718 4510 δἐι,
1742 4453 1836 4499 aut

248 4533 490 4602 aliquem
519 4535 628 4605 pati
655 4534 725 4567 ⁸¹⁹
755 4549 936 4605 posse,
979 4548 1041 4589 ex
1086 4549 1150 4590 eo
1179 4533 1322 4604 quod
1359 4543 1441 4590 est
1477 4534 1528 4588 in
1560 4548 1664 4589 non
1692 4548 1834 4601 esse,

249 4621 557 4693 defectum;
597 4632 655 4683 et
696 4624 956 4697 quidquid
991 4626 1105 4698 ipse
1148 4634 1259 4694 est,
1306 4640 1411 4681 non
1455 4626 1527 4681 sit
1562 4641 1660 4695 per
1693 4626 1837 4681 aliud

1674 226 2158 289 MONOLOGIUM.

1888 347 1935 403 Α
1962 357 2125 411 quam
2169 359 2267 415 per
2310 360 2392 413 se,
2423 346 2476 402 id
2502 357 2605 415 εει,
2640 365 2737 422 per
2765 350 2868 409 hoc
2892 355 3035 424 quod
3080 352 3193 426 ipse
3220 363 3323 424 est,
3364 372 3545 417 nonne

3438 243 3544 302 182

1961 434 2121 505 hujus
2158 450 2278 491 esse
2322 437 2518 493 merito
2558 441 2731 497 solum
2782 443 3105 516 intelligitur
3149 447 3378 519 simplex
3421 465 3545 519 per-

1961 521 2268 595 fectumque
2302 537 2356 582 et
2384 528 2457 560 “°
2485 530 2828 588 absolutum?
2869 534 3024 601 Quod
3062 550 3193 592 vero
3223 538 3303 594 sic
3340 540 3545 612 simpli-

1959 615 2098 670 citer
2142 625 2199 671 et
2246 618 2554 675 omnimoda
2601 624 2817 680 ratione
2869 625 3046 681 solum
3089 638 3174 683 est
3218 629 3539 700 perfectum,

1959 705 2185 776 simplex
2223 719 2275 763 et
2304 708 2372 740 ’⁸³⁸
2402 712 2738 780 absolutum,
2785 715 2837 771 id
2873 717 3097 773 nimium
3143 721 3543 789 quodammodo

1950 792 2074 863 jure
2100 796 2206 851 dici
2237 808 2416 868 potest
2438 802 2611 856 solum
2640 816 2759 861 esse
2784 820 2799 861 :
2831 815 2887 861 et
2911 818 3133 864 econtra
3160 809 3252 879 ω,
3282 813 3542 883 quidquid

1958 904 2056 960 per
2093 894 2425 962 superiorem
2458 896 2751 965 rationem,
2786 915 2887 957 nec
2917 901 3257 974 simpliciter,
3285 921 3385 963 nec
3421 924 3541 979 per-

1955 979 2117 1050 fecte,
2150 999 2251 1041 nec
2278 986 2525 1043 absolute
2550 1003 2699 1057 esse;
2743 992 2835 1048 sed
2869 993 2959 1049 vix
2993 1009 3134 1065 esse,
3166 1006 3258 1053 aut
3285 997 3399 1055 fere
3432 1016 3540 1056 non

1956 1089 2076 1132 esse
2106 1080 2481 1149 cognoscitur;
2516 1082 2569 1137 id
2600 1083 2785 1154 utique
2813 1085 2994 1156 aliquo
3024 1090 3183 1145 modo
3230 1100 3397 1156 recte,
3431 1108 3538 1148 non

1954 1182 2075 1226 esse
2123 1173 2341 1229 dicitur.
2390 1175 2698 1233 Secundum
2746 1180 2886 1236 hanc
2934 1182 3098 1253 igitur
3142 1186 3407 1241 rationem
3450 1186 3541 1241 ille

1954 1264 2101 1320 solus
2142 1276 2360 1323 creator
2405 1268 2643 1339 Spiritus
2690 1280 2802 1338 est,
2847 1282 2903 1329 et
2946 1276 3127 1330 omnia
3171 1284 3384 1344 creata,
3432 1292 3539 1331 non
3586 1282 3605 1321 ’κ

1954 1366 2112 1421 sunt;
2159 1373 2260 1414 nec
2303 1368 2481 1416 tamen
2522 1363 2743 1419 omnino
2768 1364 2839 1397 ⁸³³
2864 1381 2969 1422 non
3002 1378 3161 1434 sunt,
3195 1369 3318 1439 quia
3350 1384 3447 1439 per
3474 1366 3539 1421 il-

1953 1446 2063 1501 lum
2100 1448 2194 1519 qui
2234 1449 2382 1506 solus
2420 1451 2668 1510 absolute
2706 1464 2809 1523 est,
2851 1456 2915 1511 de
2955 1457 3123 1513 nihilo
3159 1459 3361 1530 aliquid
3394 1459 3537 1515 facta

1952 1547 2096 1595 σιηιι.

2257 1655 2485 1713 CAPUT
2524 1659 2694 1713 XXIX
2734 1660 2830 1732 [αι.
2881 1660 3116 1733 xxvnn
3152 1663 3242 1717 ιδι.

1956 1768 2111 1835 Quod
2151 1786 2265 1846 elus
2303 1773 2498 1846 locutio
2528 1774 2757 1843 idipsum
2794 1778 3038 1846 sitquod
3080 1779 3208 1841 ipse.
3251 1785 3299 1831 et
3336 1776 3434 1846 ipsi
3467 1778 3535 1830 sit
3610 1756 3617 1759 '

2024 1841 2503 1963 co‘nsubstantialis,
2535 1841 2653 1897 cum
2696 1861 2801 1900 non
2837 1841 2940 1900 sint
2979 1846 3103 1913 duo,
3135 1847 3224 1901 sed
3254 1841 3389 1902 unus
3417 1846 3538 1903 8άὶ-

2023 1926 2068 1963 rt
2096 1927 2178 1966 us.

1953 2001 2295 2076 Cosseec'rus
2324 2020 2552 2076 emus.
2583 2036 2655 2047 —-
2689 2006 2945 2062 Summus
2976 2006 3212 2076 Spiritus
3242 2008 3375 2064 nihil
3407 2007 3534 2064 fecit

2024 2073 2127 2129 nisi
2156 2088 2251 2147 per
2277 2075 2511 2147 seipsum
2532 2073 3042 2147 anidquidgautem
3074 2076 3221 2144 fecit,
3252 2094 3349 2147 per
3378 2095 3530 2134 suam

2023 2143 2522 2216 locutionem’fecit.
2547 2143 2688 2215 Ergo
2708 2143 2826 2216 ejus
2845 2145 3045 2216 locutio
3066 2163 3158 2201 seu
3181 2143 3403 2205 verbum
3426 2164 3529 2202 non

2024 2222 2108 2285 est
2132 2212 2275 2285 aliud
2304 2229 2467 2284 quam
2501 2212 2881 2285 ipse'summus
2912 2214 3164 2285 Spiritus.
3194 2217 3396 2272 Deinde
3428 2218 3529 2273 ista

2027 2283 2227 2338 locutio
2255 2283 2350 2353 per
2369 2299 2531 2352 quam
2553 2284 2755 2339 factum
2777 2294 2859 2340 est
2878 2283 3136 2355 quidquid
3159 2297 3402 2342 creatum
3424 2297 3527 2353 est,

2027 2369 2133 2427 non
2181 2363 2264 2427 est
2305 2362 2587 2421 creatura,
2630 2356 2721 2427 se_d
2753 2364 2844 2427 est
2886 2356 3029 2427 omni
3075 2367 3325 2412 creatura
3363 2358 3529 2427 prior.

2027 2424 2166 2494 Ergo
2194 2424 2308 2493 ipsa
2337 2432 2422 2480 est
2451 2439 2641 2478 creans
2672 2423 2923 2493 Spiritus.
2955 2425 3163 2481 Rursus
3197 2446 3209 2482 :
3246 2423 3532 2483 Ista'locu-

2024 2495 2100 2549 tio
2123 2503 2204 2549 est
2225 2495 2416 2549 summi
2444 2494 2679 2563 Spiritus
2702 2494 3084 2564 intelligentia;
3115 2512 3323 2551 summa
3351 2506 3531 2553 autem

2026 2575 2239 2631 natura,
2270 2581 2393 2621 cum
2420 2565 2492 2620 sit
2514 2564 2762 2633 simplex,
2787 2574 2868 2620 est
2891 2566 3005 2635 ipsa
3029 2582 3124 2621 sua
3154 2568 3527 2635 intelligentia.

2026 2635 2404 2706 Ergosumma
2436 2644 2637 2706 natura,
2659 2643 2741 2706 est
2777 2634 2887 2704 ipsa
2918 2634 3025 2691 ’sua
3066 2636 3300 2701 locutio;
3332 2634 3388 2694 et
3417 2638 3532 2692 haec

2024 2704 2124 2778 est:
2148 2705 2224 2778 illi
2271 2704 2767 2773 consubstantialis,
2800 2705 2926 2776 quia
2964 2706 3080 2778 ipse
3108 2707 3416 2764 individuus
3449 2715 3533 2763 est

2026 2776 2283 2845 Spiritus.

2022 2887 2139 2943 Jam
2166 2903 2295 2943 vero
2321 2888 2389 2919 ’⁸³⁸
2418 2887 2500 2943 his
2529 2902 2649 2958 qua:
2674 2886 2739 2942 de
2761 2888 3181 2958 proprietatibus
3209 2888 3365 2957 hujus
3387 2904 3533 2944 sum-

1952 2993 2055 3033 mae
2095 2989 2300 3033 natura:
2343 2977 2408 3033 ad
2449 2992 2686 3047 praesens
2728 2977 2861 3033 mihi
2906 2978 3098 3034 ducem
3143 2980 3403 3036 rationem
3446 2994 3529 3037 se-

1872 3052 1914 3109 C
1947 3070 2133 3140 quenti
2171 3076 2524 3124 occurrerunt
2549 3068 2620 3100 m
2650 3069 2972 3139 perspectis,
3012 3079 3372 3140 opportunum
3411 3072 3529 3126 exi-

1947 3161 2112 3217 stimo
2138 3170 2199 3215 ut
2223 3161 2289 3216 de
2315 3158 2431 3230 ejus
2456 3158 2747 3226 locutione,
2774 3174 2872 3231 per
2896 3175 3058 3231 quam
3090 3163 3231 3215 facta
3262 3169 3387 3216 sunt
3408 3176 3529 3218 om-

1948 3250 2058 3316 nia,
2085 3250 2129 3307 si
2158 3251 2284 3320 quid
2313 3250 2541 3320 possim,
2564 3250 2924 3307 considerem.
2955 3251 3167 3308 Etenim
3194 3266 3317 3307 cum
3344 3253 3526 3308 omnia

1947 3358 2067 3413 quae
2093 3342 2158 3397 de
2190 3341 2276 3396 illa
2307 3357 2469 3412 supra
2493 3342 2667 3411 potuit
2695 3342 3144 3409 animadvertere,
3180 3345 3406 3400 rationis
3438 3360 3528 3401 ro-

1944 3433 2048 3487 bur
2072 3430 2360 3487 inflexibile
2385 3439 2623 3500 teneant,
2650 3432 2779 3487 illud
2807 3448 2893 3489 me
2914 3434 3153 3489 maxime
3178 3435 3324 3506 cogit
3349 3436 3415 3491 de
3436 3435 3527 3491 illa

1946 3523 2256 3595 diligentius
2284 3524 2571 3591 discutere,
2598 3524 2722 3595 quia
2752 3524 2802 3580 id
2832 3526 3030 3596 ipsum,
3060 3527 3203 3597 quod
3234 3529 3347 3598 ipse
3373 3543 3525 3583 sum-

1947 3630 2068 3669 mus
2103 3614 2326 3685 spiritus
2364 3624 2471 3680 est,
2502 3616 2765 3685 probatur
2808 3606 2951 3673 esse.
2985 3616 3041 3673 Si
3088 3619 3231 3673 enim
3266 3619 3355 3674 ille
3393 3619 3527 3675 nihil

1944 3704 2093 3770 fecit,
2122 3707 2225 3761 nisi
2249 3720 2348 3775 per
2369 3707 2627 3777 seipsum,
2656 3716 2711 3763 et
2738 3709 2998 3779 quidquid
3024 3710 3092 3765 ab
3120 3725 3186 3767 eo
3216 3711 3418 3767 factum
3444 3720 3527 3768 est

1942 3810 2041 3866 per
2069 3795 2213 3851 illam
2250 3806 2336 3852 est
2372 3797 2608 3864 factum,
2646 3800 2916 3868 quomodo
2946 3800 3036 3855 illa
3064 3808 3146 3859 est
3182 3802 3325 3856 aliud
3362 3819 3523 3873 quam

1942 3887 2086 3958 quod
2125 3895 2208 3942 est
2249 3886 2390 3942 idem
2417 3887 2486 3919 ⁸³⁷
2517 3887 2673 3957 ipse?
2712 3889 2958 3960 Amplius
2997 3907 3012 3946 :
3054 3901 3304 3948 asserunt
3341 3894 3526 3962 utique

1943 3978 2397 4049 inexplicabiliter
2424 3995 2486 4035 ea
2515 3994 2633 4049 quae
2657 3979 2769 4049 jam
2796 3980 3017 4037 inventa
3048 3990 3196 4051 sunt,
3230 3985 3353 4053 quia
3390 3984 3525 4040 nihil

1941 4073 2163 4129 omnino
2192 4074 2369 4145 potuit
2404 4090 2641 4145 unquam
2671 4084 2765 4131 aut
2793 4083 2973 4147 potest
3003 4077 3297 4134 subsistere
3331 4086 3524 4149 praeter

1942 4172 2220 4218 creantem
2269 4163 2515 4235 spiritum
2563 4174 2618 4219 et
2664 4164 2781 4236 ejus
2828 4176 3154 4223 creaturam.
3205 4166 3356 4224 Hanc
3394 4183 3521 4225 vero

1940 4258 2164 4329 spiritus
2195 4256 2433 4326 ejusdem
2457 4257 2785 4313 locutionem
2812 4257 3144 4328 impossibile
3171 4270 3256 4316 est
3282 4259 3353 4293 ’⁵³⁸
3383 4259 3524 4317 inter

1942 4344 2125 4405 creata
2163 4348 2429 4403 contineri
2470 4365 2484 4400 :
2526 4349 2780 4418 quoniam
2822 4350 3082 4418 quidquid
3116 4359 3360 4407 creatum
3400 4342 3524 4407 sub-

1943 4440 2090 4496 sistit
2116 4439 2206 4505 ”9,
2236 4454 2333 4510 per
2359 4439 2504 4494 illam
2536 4439 2738 4494 factum
2775 4448 2885 4506 est;
2922 4440 3009 4494 illa
3037 4455 3167 4496 vero
3196 4456 3294 4510 per
3321 4456 3379 4497 se
3406 4442 3524 4498 fieri

1944 4548 2051 4589 non
2081 4533 2274 4603 potuit.
2312 4531 2459 4587 Nihil
2498 4533 2695 4602 quippe
2740 4545 2836 4601 per
2877 4531 3113 4602 seipsum
3162 4531 3280 4588 ﬁeri
3324 4541 3522 4603 potest,

1944 4627 2071 4693 quia
2109 4623 2368 4694 quidquid
2408 4624 2499 4689 fit,
2537 4622 2807 4692 posterius
2830 4630 2915 4679 est
2946 4637 3013 4679 eo
3044 4637 3143 4694 per
3168 4624 3313 4695 quod
3350 4623 3438 4693 fit;
3473 4634 3529 4681 et

1580 4754 1811 4811 VARIIE
1851 4755 2253 4815 LECTIONES.

326 4920 397 4950 δ”
424 4918 649 4992 Cum}?
676 4932 751 4992 est
775 4920 1265 4992 in_mss._caput_‘28
1338 4922 1408 4954 ³⁸³
1437 4922 1542 4976 Tit.
1571 4921 1765 4992 Creata
1792 4961 1804 4975 .
1838 4961 1851 4975 .
1882 4960 1897 4975 .
1924 4937 2028 4976 non
2051 4922 2159 4976 sint
2186 4937 2285 4975 ms.
2313 4919 2449 4992 Thu.
2474 4922 2543 4978 90
2562 4933 2813 4979 creatura
2830 4968 2844 4981 .
2866 4963 2880 4978 .
2902 4964 2916 4979 .
2938 4941 3041 4980 non
3073 4927 3144 4982 sit
3178 4924 3401 4981 m\Iere
3424 4941 3528 4982 non

248 5004 378 5077 esse
399 5006 525 5072 mss.
565 4988 701 5072 Yict.
728 4991 783 5047 ὅ.
811 4989 940 5077 Sag:
972 4988 1111 5077 T'Izu'.
1148 4990 1206 5049 S.
1240 4992 1604 5077 R!ich.Cister.
1634 4991 1749 5075 fere
1773 5007 1887 5077 non
1904 5007 2028 5077 esse
2067 4992 2138 5077 ξ²⁸
2166 4991 2428 5059 Quoniam
2452 4992 2504 5075 in
2537 5006 2798 5063 quantum
2822 4995 3112 5077 mss.__Vi_ct.
3141 4995 3525 5077 Sag.S.Mich.

252 5059 550 5147 Quoniam,
576 5060 796 5147 inquam
829 5132 841 5147 Ι
869 5061 941 5093 ⁸³⁸
980 5060 1094 5119 Hoc
1136 5065 1279 5145 quod
1306 5081 1430 5118 mss.
1475 5064 1578 5118 hoc
1616 5063 1741 5147 quia
1787 5062 1887 5147 _“"
1919 5062 2147 5127 Deinde,
2189 5078 2313 5144 cum
2347 5059 2892 5147 omniamquaeeunque
2915 5066 3059 5147 aliud
3087 5059 3393 5146 suntquam
3418 5066 3531 5147 ipse
3576 5104 3583 5111 -

250 5147 357 5183 ms.
385 5129 521 5184 Thu.
550 5129 1023 5218 3Q.'deindenc‘um
1063 5129 1242 5188 omnia
1268 5149 1606 5218 quaecunque
1632 5129 1804 5189 'aliud
1847 5142 1976 5218 sunt
2014 5149 2177 5204 quam
2218 5133 2357 5214 ipsa.
2388 5150 2487 5218 ms.
2518 5129 2778 5218 mango:
2801 5129 3037 5218 denique
3059 5153 3180 5192 cum
3206 5129 3386 5218 omnia
3422 5129 3529 5218 alia

251 5208 386 5278 sunt
421 5216 584 5270 quam
611 5201 771 5278 ipse._
808 5202 894 5278 _‘_"
916 5201 1315 5278 ᾼυιιηοῃηεεεε
1348 5207 1622 5278 inceptum
1662 5214 1991 5278 mss._autex
2021 5201 2126 5278 non
2157 5201 2279 5259 esse
2312 5204 2622 5278 inceptum__
2658 5206 2730 5239 ‘”
2749 5206 2860 5278 A_ut
2889 5201 3122 5278 aliquam
3150 5207 3268 5278 pati
3289 5214 3530 5278 mss._aut

246 5270 489 5348 aliquem
520 5270 651 5348 pati:
705 5271 774 5348 "f
807 5271 1349 5348 Merito_intelligitur
1379 5270 1698 5348 simpliciter
1732 5275 1931 5348 solum_
1958 5274 2258 5348 perfectum
2289 5285 2374 5348 _et_
2403 5270 2530 5329 mss.
2582 5275 2716 5332 Vict.
2735 5276 2888 5348 βαρ.
2916 5270 3104 5348 ςὶῖςιενἐ
3140 5270 3332 5348 merito
3352 5275 3526 5331 solum

250 5292 489 5339 auquem
520 5292 630 5340 pau
705 5292 774 5304 ην
807 5292 998 5329 merito
1030 5292 1349 5342 intelligitur
1379 5292 1480 5330 sum
1524 5292 1698 5330 uenter
1732 5292 1907 5331 somm
1958 5292 2258 5345 periecuim
2305 5292 2361 5328 ει
2403 5292 2530 5329 mss.
2587 5292 2716 5332 Vict.
2761 5292 2888 5348 Sag.
2919 5292 3104 5331 uster.
3140 5292 3332 5331 merito
3352 5292 3526 5331 solum

250 5340 578 5429 intelligitur
609 5342 860 5429 simplex,
880 5343 1301 5429 perfectumque
1376 5344 1443 5378 ⁵³¹
1480 5292 1666 5400 gelum
1689 5357 1774 5429 est
1807 5346 2108 5429 perfectum
2141 5343 2468 5427 simpliciter
2489 5356 2545 5401 et
2570 5364 2694 5403 mss.
2734 5346 2870 5429 Vict.
2898 5346 3029 5416 Sag.
3065 5345 3212 5427 (ἶφι.
3244 5345 3530 5429 ερΙΗιῃέει

248 5410 553 5478 perfectum
583 5410 809 5482 simplex
841 5410 908 5485 ει
970 5414 1039 5446 ⁸³³
1067 5415 1112 5469 Α
1142 5410 1331 5471 contra
1363 5432 1489 5470 mss.
1523 5431 1554 5470 e
1586 5424 1773 5469 contra
1808 5410 1823 5417 ’
1852 5415 1922 5448 ⁸³³
1954 5415 2063 5470 Nec
2092 5410 2273 5469 tamen
2304 5416 2483 5469 omnia
2516 5434 2641 5471 mss.
2672 5432 2771 5472 nec.
2803 5410 3223 5471 tamen’omnino
3295 5414 3367 5447 ⁸³⁵
3394 5415 3525 5485 Cap.

247 5482 323 5535 28
350 5491 427 5534 est
454 5482 506 5534 in
536 5498 665 5537 mss.
693 5500 809 5553 cap.
837 5483 926 5539 29.
1004 5485 1075 5517 ⁸³⁸
1098 5485 1217 5540 Jam
1248 5502 1393 5540 nunc
1431 5504 1555 5541 mss.
1595 5485 1739 5567 Vict.
1766 5486 1899 5568 Sag.
1937 5486 2071 5539 Tltu.
2101 5486 2291 5539 Cistcr.
2322 5485 2441 5568 Jam
2485 5503 2619 5568 vero
2645 5558 2657 5568 _
2685 5489 2756 5519 ³³⁸
2787 5487 3044 5568 sequenti
3069 5496 3360 5568 occurrunt
3398 5482 3525 5540 mss.

247 5567 372 5606 exc.
406 5550 558 5628 Titii.
593 5550 837 5628 sequenti
868 5565 1242 5628 occurrerunt
1300 5556 1369 5587 “37
1402 5557 1573 5623 Quam
1615 5565 1699 5628 est
1729 5550 1867 5611 idem
1915 5573 2040 5609 mss.
2092 5571 2254 5628 quam
2289 5558 2429 5627 quod
2482 5568 2562 5613 cst
2608 5558 2747 5614 idem
2824 5550 2892 5590 ³³⁵
2923 5556 3258 5628 lmpossibile
3292 5573 3358 5614 ex
3400 5574 3503 5612 mss

253 5622 594 5692 impossibile
613 5622 699 5683 est
775 5623 842 5657 ⁸³³
870 5624 1127 5683 Creatum
1166 5622 1563 5683 subsistit’mss.
1613 5626 1654 5681 T
1656 5628 1746 5681 Im.
1779 5636 2019 5683 creatum
2047 5622 2227 5682 existit
