3882 6050
384 218 488 275 183

882 220 942 276 S.
983 221 1288 279 ANSELMI
1320 221 1680 281 CANTUAR.
1721 221 2049 279 ARCHl-EP.
2094 222 2246 280 OPP.
2290 223 2471 279 PARS
2513 225 2556 280 Ι.
2585 254 2653 265 -
2693 222 3117 281 DOGMATICA.

3548 229 3653 285 186

385 332 517 390 nihil
542 340 628 389 εει
655 334 924 404 posterius
947 337 1147 406 seipso'.
1183 336 1525 408 Relinquitur
1554 338 1736 409 itaque
1761 346 1823 393 ut
1845 338 1963 393 haec
1995 344 2042 400 Α
2137 336 2255 409 ipso
2291 338 2460 411 magis
2486 339 2559 394 sit
2585 349 2640 394 et
2669 339 3030 410 praestantior,
3063 355 3171 411 quo
3200 341 3431 398 similior
3456 355 3543 401 est
3574 347 3650 402 illi

383 424 580 480 summi
617 425 841 495 spiritus
870 425 1090 491 locutio,
1127 441 1249 482 cum
1278 437 1531 484 creatura
1556 443 1678 485 esse
1701 443 1808 483 non
1846 442 1970 497 pos-

385 517 475 582 sit,
522 531 627 571 non
658 515 729 573 sit
757 514 902 572 aliud
944 531 1107 587 quam
1152 531 1398 574 summus
1422 519 1667 590 spiritus.
1704 519 1964 590 Denique,

383 607 501 664 haec
542 607 658 676 ipsa
698 606 902 663 locutio
942 607 1077 663 nihil
1119 607 1265 665 aliud
1313 617 1494 679 potest
1533 610 1759 681 intelligi
1802 625 1967 680 quam
2058 616 2063 621 '

383 697 623 763 ejusdem
657 697 884 768 spiritus
912 698 1287 771 intelligentia,
1328 714 1433 771 qua
1462 712 1659 757 cuncta
1692 700 1964 774 intelligit.

384 787 522 852 Quid
551 787 696 841 enim
727 797 813 843 est
838 787 982 844 aliud
1026 788 1104 843 illi
1144 805 1258 845 rem
1296 790 1441 861 loqui
1472 792 1726 864 aliquam,
1760 792 1863 848 hoc
1889 793 1969 849 lo-

385 877 581 946 quendi
608 878 793 943 modo,
815 894 978 950 quam
1006 880 1342 953 intelligere?
1378 882 1511 937 Nam
1540 899 1668 951 non,
1692 892 1755 939 ut
1782 885 1963 952 homo,

384 984 491 1024 non
522 984 737 1039 semper
757 970 890 1027 dicit
910 971 980 1004 “°
1006 975 1151 1044 quod
1177 973 1448 1046 intelligit.
1481 975 1539 1030 Si
1572 976 1737 1047 igitur
1756 991 1968 1032 summe

384 1059 612 1129 simplex
648 1069 851 1135 natura?
868 1077 980 1131 non
1011 1071 1094 1119 est
1119 1063 1266 1119 aliud
1288 1079 1451 1135 quam
1476 1067 1620 1136 quod
1646 1075 1731 1121 est
1758 1082 1856 1121 sua
1886 1067 1968 1122 in-

385 1149 700 1221 telligentia,
724 1153 1175 1222 quemadmodum
1198 1163 1282 1210 est
1312 1156 1452 1212 idem
1485 1157 1630 1227 quod
1656 1167 1741 1212 est
1767 1156 1835 1189 “‘
1866 1173 1964 1213 sua

381 1242 669 1313 sapientia,
694 1258 922 1300 necesse
947 1254 1030 1301 est
1051 1255 1110 1300 ut
1133 1245 1385 1303 similiter
1407 1264 1515 1305 non
1542 1248 1617 1304 sit
1634 1248 1777 1304 aliud
1801 1264 1964 1319 quam

382 1333 527 1403 quod
557 1344 641 1390 est
673 1350 771 1391 sua
797 1334 1019 1393 locutio.
1050 1336 1157 1393 Sed
1190 1338 1448 1409 quoniam
1473 1339 1587 1410 jam
1619 1339 1965 1396 manifestum

381 1438 469 1487 est
500 1446 771 1487 summum
802 1433 1055 1504 spiritum
1085 1450 1253 1490 unum
1289 1444 1495 1492 tantum
1523 1453 1667 1504 esse,
1702 1447 1760 1495 et
1791 1439 1967 1496 omni-

383 1520 543 1576 mode
572 1522 927 1590 individuum,
963 1539 1184 1581 necesse
1210 1534 1296 1583 est
1323 1536 1383 1583 ut
1406 1529 1487 1584 sic
1512 1529 1590 1584 illi
1615 1531 1732 1587 haec
1756 1546 1855 1587 sua
1884 1531 1965 1587 lo-

384 1615 530 1670 cutio
562 1617 633 1671 sit
667 1616 1147 1675 consubstantialis
1176 1617 1269 1689 “‘,
1305 1629 1367 1677 ut
1399 1635 1508 1678 non
1543 1622 1655 1679 sint
1690 1624 1829 1691 duo,
1869 1625 1963 1681 sed

383 1721 525 1763 unus
553 1709 796 1780 spiritus.

708 1822 937 1882 CAPUT
976 1825 1127 1883 xxx
1165 1826 1261 1901 [αι.
1293 1829 1490 1903 XXIX]
1529 1832 1621 1885 ιη.

385 1909 541 1979 Quod
574 1915 753 1973 eadem
793 1916 1133 1995 locul_io_nou
1169 1932 1367 1995 constet
1408 1940 1473 1979 ea:
1503 1924 1742 1995 pluribus
1776 1925 1964 1993 verbis,

847 1989 939 2044 sed
966 1991 1033 2043 sit
1061 2007 1223 2046 unum
1260 1989 1507 2049 Verbum.

381 2069 726 2131 Cossrsc-rus
759 2091 987 2133 CAPITIS.
1013 2108 1087 2121 --
1107 2080 1241 2136 Cum
1272 2083 1373 2138 ista
1403 2084 1606 2140 locutio
1634 2085 1705 2140 sit
1732 2085 1968 2141 consub-

449 2146 736 2224 stantialis
753 2163 979 2224 summie
1007 2159 1215 2207 natura:
1240 2166 1363 2222 qua;
1390 2154 1618 2224 simplex
1652 2165 1707 2211 et
1729 2172 1833 2210 una
1859 2165 1964 2220 est,

450 2215 659 2298 pariter
691 2217 921 2298 simplex
952 2228 1022 2298 et_
1045 2236 1151 2284 una
1185 2215 1289 2289 est;
1325 2237 1427 2298 nec
1459 2215 1702 2298 pluribus
1739 2215 1967 2298 proinde

451 2294 668 2341 constat
693 2290 898 2354 verbis,
929 2290 1022 2344 sed
1049 2301 1132 2347 est
1158 2307 1324 2347 unum
1358 2290 1619 2350 Verbum.

450 2371 561 2429 Cur
587 2375 752 2448 igitur
792 2377 1034 2435 dubitem
1082 2383 1226 2450 quod
1272 2398 1435 2456 supra
1483 2385 1704 2441 dubium
1748 2387 1968 2444 dimise-

378 2476 524 2532 ram,
578 2466 811 2534 scilicet,
842 2479 1025 2525 utrum
1056 2470 1171 2526 haec
1199 2471 1397 2529 locutio
1429 2475 1482 2529 in
1516 2475 1761 2544 pluribus
1788 2479 1966 2534 verbis

376 2570 449 2611 an
488 2559 540 2612 in
583 2575 691 2614 uno
725 2561 893 2616 verbo
925 2563 1223 2618 consistat?
1259 2564 1392 2619 Nam
1429 2566 1473 2621 si
1504 2568 1585 2623 sic
1618 2577 1703 2625 est
1742 2584 1965 2627 summa:

379 2657 588 2705 natura:
616 2652 1113 2719 consubstantialis,
1153 2665 1212 2711 ut
1247 2672 1352 2711 non
1388 2657 1498 2712 sint
1532 2660 1658 2727 duo,
1695 2662 1791 2717 sed
1824 2675 1963 2716 unus

379 2738 623 2809 spiritus,
660 2743 846 2814 utique
873 2744 1015 2800 sicut
1039 2744 1128 2810 illa
1156 2746 1228 2779 “'
1256 2762 1467 2804 summe
1495 2749 1725 2820 simplex
1751 2760 1858 2817 est,
1888 2752 1964 2808 ita

381 2840 438 2885 et
476 2831 601 2887 ista.
630 2833 746 2890 Non
783 2837 948 2908 igitur
984 2848 1198 2896 constat
1229 2839 1474 2910 pluribus
1509 2842 1718 2908 verbis;
1751 2845 1847 2900 sed
1878 2853 1964 2901 est

379 2935 547 2978 unum
573 2922 645 2956 “’
676 2925 929 2994 Verbum,
959 2943 1057 2999 per
1079 2931 1221 3002 quod
1247 2928 1387 2987 facta
1419 2939 1547 2986 sunt
1571 2933 1771 2989 omnia.

761 3036 991 3094 CAPUT
1028 3039 1201 3095 XXXI
1240 3040 1336 3113 [αι.
1376 3040 1573 3116 XXX].

375 3120 446 3156 “'
481 3124 635 3207 Quod
660 3129 833 3207 ipsum
873 3129 1096 3207 Verbum
1128 3148 1231 3188 non
1260 3134 1327 3188 sit
1360 3134 1650 3207 similitudo
1682 3136 1963 3207 factorum,

446 3196 766 3278 scripserim:
780 3203 1037 3268 essentia,
1069 3201 1211 3271 facta
1243 3220 1364 3278 vero
1390 3206 1494 3278 sint
1530 3196 1706 3278 aliquo
1735 3196 1965 3266 veritatis

446 3266 705 3391 imitatio}
717 3269 787 3323 Et
813 3286 931 3341 quis
956 3266 1159 3328 natura:
1185 3275 1352 3345 magis
1378 3275 1481 3330 sint
1506 3285 1554 3331 et
1576 3266 1966 3347 p'rwstantiores

446 3352 605 3391 quam
633 3355 664 3391 a
686 3356 774 3391 me.

445 3352 605 3404 quam
633 3352 774 3394 atrae.

376 3425 724 3513 Coxsrscrus
753 3449 983 3490 CAPITIS.
1004 3466 1079 3513 —_
1094 3436 1332 3493 Verbum
1363 3453 1471 3513 quo
1498 3438 1756 3513 dicuntur
1786 3450 1843 3497 ει
1869 3454 1966 3513 per

448 3502 594 3569 quod
618 3502 758 3558 facta
785 3515 912 3559 sunt
935 3507 1116 3561 omnia
1144 3515 1229 3563 est
1252 3502 1716 3565 consubstantiale
1738 3502 1965 3569 summa;

448 3570 1141 3647 incommutabilitati,quia
1159 3579 1620 3635 consubstantiale
1636 3590 1721 3635 est
1740 3596 1965 3639 summa:

448 3650 656 3724 natura:
694 3659 814 3724 quae
839 3655 928 3724 est
960 3647 1073 3714 ipsa
1115 3662 1212 3701 sua
1250 3648 1965 3724 incommutabilitas.AErgo

450 3709 684 3767 Verbum
713 3709 996 3789 'illudgrion'
1010 3725 1094 3771 est
1121 3731 1248 3771 vera
1271 3717 1571 3789 similitudo
1595 3709 1958 3789 mutabilium,

448 3793 569 3848 quae
599 3790 777 3860 tamen
806 3787 873 3840 ad
907 3785 1048 3860 illius
1074 3787 1379 3860 exemplum
1411 3788 1554 3845 facta
1584 3799 1728 3846 sunt.
1761 3785 1960 3848 Verum

446 3868 568 3930 cum
609 3853 749 3908 illius
788 3857 1023 3930 essentia
1067 3853 1278 3914 summe
1317 3858 1419 3924 sit,
1454 3867 1510 3914 et
1550 3861 1664 3916 sola
1703 3874 1831 3916 vere
1870 3863 1960 3930 sit,

445 3922 621 3991 ipsum
648 3934 730 3979 est
757 3927 1022 3981 existendi
1051 3930 1278 3993 veritas,
1307 3922 1503 3984 cietera
1536 3946 1665 3987 vero
1696 3946 1800 3985 non
1835 3922 1963 3987 sunt

444 3993 548 4047 nisi
582 3993 726 4051 illius
754 3997 1002 4070 imitatio.
1037 3995 1190 4054 Unde
1212 4008 1471 4070 creatura
1489 4008 1637 4055 tanto
1662 4001 1831 4070 magis
1854 4011 1959 4069 est,

444 4073 501 4117 ει
523 4074 672 4119 tanto
702 4068 1065 4135 praestantior,
1091 4076 1297 4135 quanto
1314 4068 1545 4123 similior
1572 4081 1654 4125 est
1682 4068 1771 4124 illi
1785 4068 1960 4128 Verbo

445 4135 587 4207 quod
613 4150 821 4192 summe
843 4146 948 4200 est,
971 4150 1023 4192 et
1046 4151 1258 4207 summe
1286 4153 1562 4207 maguum.
1590 4139 1727 4197 Hinc
1751 4150 1960 4199 naturae

443 4204 691 4258 viventes
731 4214 989 4274 prmstant
1026 4220 1133 4258 non
1168 4204 1492 4271 viventibus,
1520 4211 1816 4265 sentientes
1852 4227 1957 4267 nou

444 4274 831 4337 sentientibus,
882 4274 1177 4329 rationales
1228 4290 1334 4329 non
1387 4279 1760 4333 rationalibus.
1821 4278 1958 4337 Hinc

2141 409 2533 481 essentiaequze
2564 409 2776 481 summe
2805 420 2889 481 est
2920 417 2977 466 et
3014 409 3225 467 summe
3264 422 3504 481 praestat,
3539 433 3654 481 ma-

2143 477 2396 550 nifestum
2426 477 2509 534 εει
2542 480 2668 550 quia
2702 479 2934 535 Verbum
2964 496 3070 538 non
3099 490 3186 537 est
3212 477 3655 541 creaturae—simi-

2140 546 2335 614 litudo,
2360 550 2455 603 sed
2482 546 2607 603 vera
2633 551 2902 616 essentia;
2930 560 2985 605 et
3014 551 3066 605 in
3093 553 3291 607 creatis
3315 570 3421 608 non
3450 566 3533 610 est
3558 556 3658 610 ab-

2140 617 2316 696 soluta
2340 620 2596 682 essentia,
2620 620 2715 696 sed
2739 634 2881 696 vera:
2900 622 3150 696 essentiae
3175 623 3404 678 imitatio
3427 638 3442 677 :
3466 625 3655 696 sicque

2142 687 2258 765 ipsa
2283 698 2462 765 creata
2488 704 2554 743 eo
2571 690 2747 765 inagis
2768 689 2850 745 vel
2877 690 3055 765 minus
3081 700 3208 747 sunt
3231 708 3380 761 vera,
3406 710 3512 765 quo
3538 687 3657 752 ma-

2138 758 2221 828 gis
2248 757 2335 812 vel
2364 759 2541 814 minus
2571 759 2644 813 illi
2671 757 3125 831 appropinquant.

2141 847 2248 904 Sed
2277 862 2405 904 ecce
2434 848 2649 904 videtur
2673 847 2743 882 “7
2773 849 2907 905 niibi
2944 850 3179 905 suboriri
3211 865 3309 907 nec
3342 850 3516 909 facilis
3552 869 3656 911 nrc

2068 938 2342 995 ullatenus
2381 938 2482 995 sub
2508 940 2861 1011 ambiguitate
2902 939 3250 1012 relinquenda
3278 945 3523 1013 quaestio.
3563 945 3658 1000 Et-

2067 1032 2210 1087 enim
2252 1031 2436 1086 omnia
2475 1031 2780 1101 bujusmodi
2816 1030 3006 1099 verba,
3044 1032 3241 1104 quibus
3269 1049 3357 1090 res
3384 1035 3655 1105 quaslibet

2067 1131 2250 1179 mente
2287 1123 2535 1188 dicimus,
2576 1123 2629 1178 id
2664 1132 2751 1179 est
2796 1124 3130 1195 cogitamus,
3180 1125 3562 1183 similitudines
3600 1139 3656 1184 ει

2067 1214 2330 1285 imagines
2369 1224 2497 1269 sunt
2537 1229 2718 1270 rerum
2746 1230 2975 1284 quarum
3006 1217 3174 1272 verba
3196 1226 3356 1284 sunt;
3390 1226 3446 1273 et
3476 1220 3660 1275 omnis

2067 1305 2384 1370 similitudo,
2428 1305 2513 1362 vel
2544 1304 2721 1376 imago
2744 1306 2838 1371 ⁸⁸³,
2873 1314 3025 1362 tanto
3055 1307 3225 1378 uagis
3253 1307 3337 1364 vel
3369 1308 3544 1363 minus
3572 1319 3660 1365 est

2065 1409 2218 1462 vera,
2243 1404 2447 1467 quanto
2474 1396 2647 1467 magis
2678 1394 2757 1451 vel
2789 1396 2967 1451 minus
2994 1396 3235 1452 imitatur
3260 1412 3372 1453 rem
3398 1397 3551 1466 cujus
3570 1408 3659 1455 est

2067 1487 2386 1547 similitudo.
2417 1488 2558 1557 Quid
2597 1488 2764 1558 igitur
2790 1486 2860 1520 “’
2891 1488 3178 1543 tenendum
3219 1497 3302 1545 est
3346 1489 3413 1544 de
3451 1489 3652 1554 Verbo,

2067 1595 2175 1651 quo
2201 1579 2457 1637 dicuntur
2480 1588 2536 1637 et
2558 1594 2655 1652 per
2681 1579 2823 1650 quod
2852 1577 2990 1633 facta
3021 1589 3146 1634 sunt
3170 1580 3390 1635 omnia?
3419 1579 3554 1645 Erit,
3583 1596 3653 1635 an

1992 1678 2041 1739 Β
2067 1688 2174 1728 non
2213 1672 2319 1731 erit
2342 1672 2412 1705 “°
2442 1672 2741 1729 similitudo
2779 1685 2969 1727 eorum
3008 1685 3127 1742 quae
3164 1686 3259 1742 per
3294 1672 3467 1742 ipsum
3509 1670 3656 1731 facta

2069 1765 2229 1822 sunt?
2270 1763 2327 1820 Si
2372 1764 2517 1821 enim
2566 1764 2740 1835 ipsum
2792 1772 2876 1821 est
2909 1776 3035 1820 vera
3078 1763 3414 1818 mutabilium
3456 1763 3657 1820 simili-

2068 1857 2219 1922 tudo,
2260 1871 2368 1911 non
2408 1864 2492 1911 est
2528 1852 2986 1912 consubstantiale
3029 1867 3254 1911 summie
3294 1854 3658 1911 incommuta-

2065 1947 2261 2004 bilitati
2292 1966 2306 2003 :
2339 1946 2485 2020 quod
2512 1946 2708 2003 falsum
2735 1955 2838 2004 εει.
2877 1945 2935 2001 Si
2965 1954 3145 2001 autem
3182 1959 3288 2001 non
3330 1945 3553 2002 omnino
3581 1945 3656 1979 ⁵³⁸

2069 2054 2231 2105 vera,
2267 2039 2362 2096 sed
2403 2038 2793 2110 qualiscunque
2836 2037 3131 2094 similitudo
3170 2037 3505 2093 mutabilium
3546 2046 3655 2107 εει.

2067 2142 2177 2184 non
2213 2137 2298 2185 est
2335 2126 2575 2184 Verbum
2615 2141 2840 2183 summie
2877 2126 3126 2184 veritatis
3163 2125 3382 2181 omnino
3415 2141 3607 2183 verum
3636 2143 3656 2184 :

2066 2220 2209 2293 quod
2239 2221 2535 2278 absurdu'm
2563 2228 2664 2275 εει.
2693 2219 2767 2274 Αι
2798 2219 2844 2275 si
2875 2219 3079 2274 nullam
3110 2218 3445 2275 mutabilium
3488 2218 3656 2274 liabet

2067 2310 2513 2377 similitudinem,
2558 2310 2827 2380 quomodo
2871 2311 2938 2365 ad
2982 2308 3127 2365 illius
3165 2309 3468 2379 exemplum
3511 2309 3656 2367 facta

2067 2402 2231 2458 sunt?
2257 2401 2455 2457 Verum
2492 2402 2718 2456 forsitan
2749 2400 2881 2456 nihil
2910 2401 3071 2471 hujus
3111 2401 3412 2458 remanebit
3434 2401 3505 2432 ⁸⁸²
3530 2417 3652 2458 am-

2066 2492 2364 2564 biguitatis.
2414 2492 2461 2549 si
2514 2488 2619 2565 ιθ
2661 2492 3117 2564 quemadmodum
3164 2492 3218 2547 in
3263 2492 3386 2549 vivo
3432 2493 3657 2551 homine

2065 2585 2268 2641 veritas
2294 2583 2527 2639 hominis
2553 2598 2676 2639 esse
2701 2583 2922 2649 dicitur,
2950 2583 3005 2638 in
3036 2582 3181 2653 picto
3208 2596 3336 2637 vero
3358 2582 3655 2641 similitudo

2066 2677 2181 2732 sive
2212 2676 2386 2746 imago
2418 2674 2559 2731 illius
2593 2673 2861 2740 veritatis,
2906 2674 2986 2729 sic
3022 2671 3287 2729 existendi
3331 2674 3531 2731 veritas
3568 2674 3658 2729 in-

2068 2769 2328 2840 telligitur
2353 2768 2424 2802 ⁸⁸³
2452 2768 2507 2823 in
2539 2765 2734 2832 Verbo,
2761 2763 2915 2834 cujus
2936 2765 3175 2821 essentia
3201 2764 3280 2821 sic
3308 2779 3519 2820 summe
3541 2776 3652 2833 εει,

2069 2861 2540 2935 utquodammodo
2567 2859 2655 2915 illa
2676 2859 2789 2915 sola
2823 2858 2913 2925 sit,
2943 2859 2998 2913 in
3030 2857 3116 2913 his
3142 2872 3270 2912 vero
3296 2872 3416 2928 qua:
3449 2858 3501 2911 in
3530 2858 3653 2929 ejus

2068 2954 2471 3026 comparatione
2499 2950 2895 3024 quodammodo
2923 2964 3029 3005 non
3067 2956 3220 3013 sunt,
3260 2956 3313 3002 et
3349 2955 3525 3003 tamen
3551 2962 3655 3017 per

2066 3048 2194 3105 illud
2246 3055 2303 3104 et
2352 3044 2647 3103 secundum
2701 3043 2829 3099 illud
2878 3042 3021 3097 facta
3073 3048 3198 3098 sunt
3247 3038 3487 3127 aliquid,
3546 3037 3654 3095 ali-

2066 3158 2172 3213 qua
2214 3141 2445 3198 imitatio
2482 3139 2553 3173 ⁵⁸⁵
2593 3138 2736 3195 Hlius
2788 3153 3012 3193 summa:
3053 3136 3303 3192 essentize
3345 3135 3652 3207 perpenda-

2066 3244 2173 3291 tur.
2225 3234 2319 3290 Sic
2365 3234 2564 3304 quippe
2606 3231 2843 3286 Verbum
2896 3243 3119 3284 summa:
3161 3227 3445 3296 veritatis,
3502 3226 3649 3299 quod

2064 3336 2121 3383 et
2180 3325 2356 3397 ipsum
2415 3332 2498 3379 est
2550 3336 2760 3378 summa
2821 3320 3061 3385 veritas,
3130 3318 3330 3374 nullum
3383 3333 3648 3391 augmen-

2067 3428 2179 3475 tum
2220 3416 2304 3471 vel
2353 3414 2735 3471 detrimentum
2786 3413 3001 3478 sentiet,
3052 3412 3346 3468 secundum
3374 3412 3475 3467 bor
3503 3412 3649 3482 quod

2067 3510 2239 3580 magis
2299 3507 2381 3563 vel
2441 3506 2621 3562 minus
2678 3505 2949 3563 creaturis
3010 3505 3081 3560 sit
3128 3503 3334 3569 simile;
3394 3504 3490 3562 sed
3546 3517 3648 3575 po-

2066 3603 2174 3658 tius
2215 3614 2438 3656 necesse
2462 3599 2567 3654 erit
2597 3612 2758 3655 omne
2782 3598 2924 3668 quod
2951 3605 3192 3653 creatum
3236 3604 3319 3652 est
3357 3602 3507 3651 tanto
3532 3608 3652 3650 ma—

2062 3694 2147 3766 gis
2180 3707 2299 3748 esse
2340 3697 2396 3744 et
2439 3699 2588 3745 tanto
2608 3705 2728 3746 esse
2771 3690 3136 3761 praestantius,
3178 3696 3380 3760 quanto
3420 3686 3653 3743 similius

2063 3794 2150 3842 est
2196 3784 2268 3839 illi
2313 3782 2457 3855 quod
2501 3797 2711 3837 summe
2747 3790 2862 3847 est,
2902 3789 2958 3837 et
2989 3795 3200 3835 summe
3243 3794 3497 3851 magnum
3539 3789 3647 3837 est.

2064 3875 2205 3931 Hinc
2247 3875 2445 3930 etenim
2491 3872 2743 3938 fortasse,
2790 3872 2900 3927 imo
2947 3886 3054 3937 non
3102 3871 3356 3938 fortasse,
3404 3870 3502 3927 sed
3548 3884 3651 3940 pro

2062 3979 2231 4034 certo,
2253 3968 2380 4022 hinc
2405 3964 2584 4022 omnis
2611 3964 2915 4020 intellectus
2938 3963 3009 3995 ⁸⁵⁸
3029 3963 3237 4035 judicat
3255 3972 3482 4018 naturas
3507 3976 3651 4033 quo-

2064 4061 2197 4116 libet
2240 4057 2399 4114 modo
2430 4058 2675 4113 viventes
2711 4063 2972 4126 praestare
3007 4070 3114 4109 non
3149 4053 3476 4120 viventibus,
3518 4068 3650 4110 sen-

2064 4152 2261 4207 tientes
2302 4164 2407 4204 non
2452 4146 2836 4212 sentientibus,
2881 4146 3174 4202 rationales
3216 4144 3648 4200 irrationalibus.

2063 4242 2330 4313 Quoniam
2361 4242 2506 4297 enim
2537 4252 2746 4296 summa
2778 4236 2850 4270 ⁸⁵⁶
2875 4247 3072 4292 natura
3099 4251 3199 4292 suo
3223 4235 3461 4307 quodam
3486 4234 3651 4291 modo

443 4343 608 4429 etiam
641 4326 1444 4429 liquet'quia'illaﬁmagisﬁuiit
1783 4368 1796 4404 :

2076 4333 2320 4404 singulari
2344 4332 2413 4366 ⁸³⁷
2441 4347 2547 4388 non
2577 4329 2750 4386 solum
2777 4338 2884 4396 est,
2909 4330 3003 4386 sed
3032 4338 3089 4385 et
3113 4329 3268 4395 vivit,
3291 4337 3349 4383 et
3378 4326 3569 4394 sentit,
3596 4334 3654 4383 et

440 4410 753 4494 malum?
785 4410 957 4486 ηιὰείε
989 4425 1074 4471 εει
1098 4410 1231 4494 ςιιιαῐ
1250 4410 1588 4494 εἰιιιὶῌρτ“εει
1611 4433 1837 4494 summa
1863 4435 1952 4477 εεο
1981 4410 2031 4429 υ
2060 4426 2343 4483 rationalis
2369 4436 2476 4492 est,
2505 4425 2676 4494 liquet
2701 4422 2954 4492 quoniam
2990 4422 3228 4477 omnium
3257 4436 3376 4491 qua:
3401 4428 3531 4476 sunt
3551 4418 3650 4487 ⁸⁸⁸,

442 4484 819 4590 ΞΞΨΞΈᾺῼΡἙ
837 4484 1019 4590 Ξῗίῖἰῗξ
1050 4486 1239 4590 Βῖῐξῖῖέ.
1258 4487 1834 4590 νὲἷὲῗέἓῗίξρῗῖἷδῗξς¹ἶ9ῗ
1857 4501 1950 4590 fi?!

2079 4520 2110 4575 ιι
2150 4519 2292 4590 quod
2328 4484 2510 4588 aliquo
2546 4484 2804 4571 ιίιοιιοίεο
2833 4513 2969 4569 vivit
3003 4520 3177 4585 magis
3212 4523 3297 4570 est
3328 4512 3406 4568 illi
3450 4512 3651 4579 simile,

441 4567 535 4608 seu
578 4556 629 4608 in
652 4556 903 4626 pluiibus
936 4566 1020 4611 est
1049 4556 1242 4612 similis
1264 4556 1507 4613 summa:
1542 4560 1822 4626 essentize;
1856 4560 1950 4617 illa

440 4604 767 4711 ἰνὲὲρῷιῗιέἇ
784 4604 1248 4711 "pigitum-{763i
1284 4604 1442 4696 Liui-ai
1463 4604 1723 4711 "Latii";
1743 4604 1950 4711 Eadth

2076 4624 2218 4680 luam
2259 4608 2313 4664 id
2346 4608 2488 4678 quod
2517 4605 2829 4662 nullatenus
2872 4604 3037 4671 vivit;
3068 4614 3126 4661 et
3150 4608 3292 4675 quod
3324 4609 3483 4665 modo
3508 4624 3649 4679 quo-

442 4693 766 4763 cOgitatLOne
800 4693 1021 4753 auferri}
1062 4697 1231 4753 Porro
1259 4693 1383 4753 cum
1412 4693 1589 4755 omnis
1615 4701 1853 4756 essentia
1883 4715 1947 4757 eo
2051 4701 2186 4761 libet
2229 4699 2317 4755 vel
2364 4711 2629 4768 corporeo
2669 4710 2831 4752 sensu
2873 4698 3154 4767 cognoscit
3193 4698 3431 4771 aliquid,
3474 4699 3651 4773 magis

1675 4810 1907 4867 VARIE
1942 4808 2345 4867 LECTIONES.

475 4915 743 4994 ‘fullomo,
786 4933 1000 4994 semper
1029 4920 1161 4994 dicit
1180 4938 1304 4976 mss.
1332 4924 1517 4994 homo,
1547 4937 1654 4978 non
1680 4938 1894 4994 semper
1917 4923 2065 4994 dicit,
2118 4922 2187 4961 W
2215 4922 2313 4977 Est
2336 4920 2396 4994 id
2417 4919 2560 4991 quod
2587 4927 2671 4994 εει
2706 4930 2947 4994 ιηξεηεει
2970 4921 3112 4994 idem
3145 4925 3290 4993 quod
3319 4934 3403 4982 est
3475 4924 3547 4960 “'
3580 4927 3649 4985 Ut

380 4990 454 5046 sit
497 4988 723 5061 illihuic
756 5003 872 5061 sua
906 4988 1118 5045 locutio
1155 4993 1435 5048 consubst.
1468 5009 1596 5048 mss.
1638 5003 1698 5048 ut
1719 4988 1897 5050 sic'illi
1928 5009 2024 5049 sua
2054 4993 2276 5058 locutio,
2304 4990 2375 5047 sit
2421 4988 2900 5061 consubstantialis
2968 4992 3043 5025 ⁸⁸³
3071 4988 3203 5061 Cap.
3229 4995 3300 5051 29
3322 4998 3476 5050 estin
3516 5014 3646 5052 nus.

377 5059 652 5145 capuam:
728 5060 799 5145 ζξδ
826 5059 1024 5145 Utique
1053 5061 1196 5116 sicut
1215 5062 1313 5145 ille
1340 5078 1465 5116 mss.
1498 5063 1690 5145 utique
1715 5065 1858 5145 sicut
1888 5065 1977 5145 illa
2009 5136 2021 5145 .
2303 5076 2466 5115 unum
2494 5059 2850 5145 russusednest
2877 5077 3039 5117 unum
3210 5063 3380 5136 Caput
3416 5066 3480 5145 ὃς
3549 5070 3647 5145 sub

371 5128 471 5211 [wh
516 5130 703 5211 ιὶιηξρς
731 5128 899 5211 Quod
910 5128 1088 5211 ipsum
1118 5132 1525 5211 verberateth
1553 5128 1613 5185 ui
1625 5134 1687 5211 in
1715 5135 1870 5189 titulo
1891 5134 2091 5211 Capitis
2111 5133 2200 5211 59.
2225 5135 2282 5188 in
2327 5130 2553 5211 esensis.
2593 5199 2606 5211 _
2633 5128 2701 5163 ’⁵⁸⁷
2885 5146 3014 5188 ecce
3033 5128 3430 5211 lvidetu_r_,"e_tc.
3457 5138 3646 5206 incipit

363 5200 421 5256 in
450 5218 580 5257 mss.
606 5199 755 5255 Gem.
785 5210 832 5254 et
859 5198 1046 5255 Cister.
1115 5200 1190 5234 ⁸⁸⁸
1217 5199 1525 5257 Similitudo
1548 5211 1605 5257 et
1624 5203 1802 5274 imago
1830 5198 2107 5260 mss.'TIiu.
2132 5204 2321 5287 Cisler.
2345 5199 2642 5256 similitudo
2670 5199 2754 5254 vel
2783 5199 2961 5282 imago
3029 5202 3099 5235 “9
3137 5198 3275 5287 Quid
3301 5207 3467 5330 igitur

364 5272 493 5330 quid
528 5282 707 5326 autent
777 5271 847 5303 ⁸⁸⁸
873 5270 989 5324 Erit
1029 5279 1124 5325 aut
1157 5287 1262 5327 non
1303 5272 1409 5328 erit
1432 5289 1531 5328 ms.
1573 5272 1706 5330 Sno.
1744 5275 1851 5329 erit
1894 5289 1963 5329 an
2017 5290 2125 5330 non
2163 5283 2269 5329 erit
2342 5270 2413 5303 ’⁵⁵⁸
2444 5270 2559 5325 Νοη
2590 5277 2675 5325 εει
2708 5284 2928 5326 omnino
2959 5288 3084 5328 mss.
3136 5271 3268 5328 Vict.
3379 5293 3428 5330 α.
3451 5275 3625 5330 Cutem

364 5272 493 5338 quid
528 5282 707 5353 entiam
754 5270 989 5353 ιξξῇξέιςίι
1029 5279 1262 5353 aut__non
1303 5272 1531 5353 erit_i_us.
1573 5272 1706 5353 Sag.
1738 5270 1851 5353 erit
1892 5289 1963 5353 an
2017 5290 2125 5330 non
2163 5274 2305 5353 erit
2342 5270 2559 5353 "l‘nNgn
2588 5277 2675 5353 εει
2708 5270 3084 5353 omninomss.
3136 5271 3268 5353 Vict.
3301 5270 3647 5353 Sag._Cist_er.

362 5354 471 5395 non
493 5343 728 5422 munitio
752 5342 823 5375 ⁸⁸³
850 5340 1162 5422 Huiusmodi
1181 5344 1486 5422 remanebit
1522 5339 1780 5422 παι-ξαρ.
1820 5343 1978 5422 hujus
2014 5344 2320 5422 remanebit
2383 5339 2455 5373 ⁸⁸³
2478 5340 2690 5422 Veritas
2714 5340 3026 5422 intelligitur
3050 5339 3417 5422 mss._Verit_a's
3438 5346 3644 5422 intelli-

363 5420 521 5491 gatur
592 5413 665 5444 ⁴⁸²
710 5413 1195 5491 lmmutatiomss.
1252 5410 1384 5491 Vict.
1419 5412 1549 5483 Sag.
1603 5409 2072 5491 Cistér._imitatio
2099 5486 2112 5491 _
2140 5414 2210 5447 ⁸⁸³
2257 5413 2395 5491 Hinc
2440 5410 2623 5491 omnis
2676 5409 2985 5491 intellectus
3026 5429 3152 5491 mss.
3179 5413 3316 5491 Tliu,
3347 5415 3437 5491 hic
3462 5417 3645 5491 omnis

362 5479 697 5555 intellectus
747 5483 819 5518 ⁵⁸⁸
870 5483 1136 5555 Quoniam
1191 5484 1334 5555 enim
1386 5479 1605 5555 summa
1631 5501 1758 5539 mss.
1790 5484 1923 5539 Thu.
1950 5486 2204 5554 quoniam
2225 5485 2370 5539 enim
2410 5482 2528 5555 sine
2564 5495 2773 5535 summa
2843 5479 3354 5555 “T‘thdammodo
3379 5486 3645 5555 singulari

361 5564 489 5604 mss.
513 5549 650 5679 νίιέ.
665 5552 794 5624 Sag.
820 5549 1080 5625 singulari
1103 5553 1337 5624 quodam
1363 5552 1523 5609 modo
1572 5553 1643 5631 Ψ
1669 5556 1859 5611 Omnia
1882 5549 2003 5627 quae
2031 5565 2159 5613 sunt
2180 5572 2307 5611 mss.
2335 5552 2573 5614 omnium
2602 5566 2722 5621 quis
2749 5559 2876 5608 sunt
2923 5552 2992 5588 “‘9
3015 5553 3080 5609 Et
3096 5554 3238 5624 quod
3255 5557 3413 5612 modo
3434 5549 3564 5612 mss.
3585 5566 3642 5612 ει

361 5634 471 5679 (ιιιο
496 5635 585 5676 mo
624 5637 658 5676 ο

361 5634 471 5693 quo
496 5634 658 5679 mouo
