3882 6050
405 265 503 323 191

915 267 975 324 S.
1014 267 1320 325 ANSELMI
1359 269 1717 326 CANTUAR.
1753 271 1995 327 ARCliii

2117 273 2273 332 opp.
2306 276 2485 333 PARS
2522 277 2563 333 I.
2602 307 2673 319 -
2714 276 3138 334 DOGMATICA.
3183 255 3202 266 ’

3572 279 3680 334 192

401 379 702 460 pluraliter,
730 383 856 451 quia
901 397 1006 436 non
1052 392 1175 437 sunt
1205 383 1386 454 plures
1433 386 1726 442 creatrices
1768 402 1991 441 summae
2019 395 2068 451 Α
2101 389 2342 444 tudinem
2389 392 2611 447 alterius
2646 393 2712 447 ad
2744 393 3002 457 alterum,
3033 393 3158 462 quia
3199 410 3299 450 nec
3335 395 3440 450 duo
3477 397 3672 458 verba,

401 473 672 528 essentite.
704 471 854 527 Sicut
877 474 1040 542 igitur
1065 473 1154 528 ille
1182 483 1398 530 creator
1418 485 1502 532 est
1531 493 1710 532 rerum
1740 486 1796 533 et
1831 479 1984 548 priu-

402 564 637 630 ripium;
667 564 747 617 sic
773 574 826 617 et
857 563 1090 617 Verbum
1127 565 1242 636 ejus
1270 583 1283 617 :
1313 571 1410 621 nec
1443 578 1620 622 tamen
1676 578 1804 624 sunt
1853 570 1982 635 duo,

402 654 498 708 sed
529 668 665 707 unus
697 661 932 718 creatur,
959 665 1013 708 et
1034 672 1196 710 unum
1225 657 1570 728 principium.

636 765 865 822 CAPUT
895 768 1156 825 XXXVIII
1188 770 1284 844 [αι.
1339 771 1605 847 XXXVII]
1637 775 1730 829 δι’.

405 855 558 919 Quod
589 858 696 911 dici
724 876 827 914 non
854 862 1015 929 possit
1039 862 1164 941 quid
1191 863 1295 986 άιᾶο
1333 866 1434 919 sint
1457 904 1473 932 ,
1511 867 1746 936 quamvis
1783 883 1988 922 necesse

1007 941 1070 985 sit
1106 949 1215 986 esse
1275 951 1386 986 uos.

1007 941 1070 985 stt
1106 949 1215 987 esse
1234 941 1386 990 duos.

406 1036 748 1119 Coa‘srgt'crps
784 1058 1014 1098 cspms.
1043 1076 1123 1119 ς-
1159 1044 1428 1114 Quidquid
1465 1063 1710 1104 summus
1749 1048 1986 1119 Spiritus

477 1116 533 1162 et
581 1111 835 1184 Verbum,
877 1123 1003 1168 sunt
1041 1114 1092 1168 in
1130 1111 1365 1171 essentia
1420 1126 1474 1171 et
1517 1119 1583 1172 ad
1641 1111 1983 1184 creaturam,

476 1194 671 1266 nempe
698 1183 936 1266 quod-sit
973 1185 1208 1266 veritas,
1234 1196 1291 1240 et
1329 1187 1470 1266 quod
1511 1190 1580 1242 sit
1612 1199 1844 1255 creator,
1881 1183 1986 1246 hoc

475 1257 769 1329 unicuique
798 1262 851 1306 et
881 1257 1096 1329 utrique
1135 1257 1212 1329 sic
1245 1258 1524 1322 convenit;
1561 1270 1624 1329 ut
1665 1269 1844 1316 tamen
1875 1275 1982 1316 non

477 1321 588 1398 sint
616 1321 750 1389 duo,
793 1332 886 1398 aut
925 1321 1368 1398 duaeveritatcs,
1413 1321 1519 1398 aut,
1540 1328 1645 1384 duo
1675 1340 1981 1398 creatorcs;

477 1393 572 1442 sed
618 1407 783 1446 unum
830 1393 958 1447 sint.
1005 1393 1100 1467 Ille
1143 1407 1343 1458 tamen,
1377 1396 1531 1465 cujus
1581 1407 1662 1454 est
1717 1393 1981 1467 Verbum,

478 1473 586 1514 non
617 1471 793 1540 potest
817 1477 936 1540 esse
959 1466 1182 1540 verbum
1212 1482 1405 1540 suum_:
1441 1483 1540 1540 nec
1561 1470 1779 1540 verbum
1807 1481 1985 1540 palest

478 1543 601 1609 esse
630 1530 740 1598 ille,
773 1534 927 1604 cujus
947 1542 1036 1609 est
1062 1538 1306 1609 verbum.
1343 1537 1486 1608 Ergo
1516 1539 1567 1592 in
1591 1555 1656 1594 eo
1695 1530 1981 1609 solo'quod

483 1597 572 1678 ille
607 1597 922 1678 nonest'cX
946 1605 1068 1678 isto,
1096 1607 1198 1662 hoc
1227 1597 1528 1662 autemvest
1550 1625 1616 1663 ex
1647 1610 1754 1671 illo,
1788 1597 1984 1666 admit-

480 1670 936 1750 titur_pluralitus.
985 1675 1209 1750 Constat
1236 1693 1364 1750 ergo
1392 1679 1534 1746 quod
1569 1680 1680 1733 sint
1721 1670 1860 1750 duo;
1889 1681 1982 1737 sed

480 1743 708 1814 exprimi
735 1757 841 1797 nou
869 1755 1044 1812 potest
1073 1748 1200 1814 quid
1225 1743 1331 1802 duo
1361 1743 1470 1803 sint
1499 1767 1510 1801 :
1544 1765 1649 1804 non
1687 1743 1990 1806 enim'sunt
2021 1743 2067 1802 Β

387 1875 398 1883 _
480 1808 586 1864 duo
615 1812 839 1889 spiritus
854 1808 883 1879 ,⁷
900 1830 1000 1889 nec
1027 1808 1133 1872 duo
1181 1828 1486 1886 creatores,
1517 1833 1617 1875 nec
1654 1821 1760 1876 duo
1792 1823 1992 1889 verba,

482 1895 581 1932 nec
607 1882 725 1936 dua:
756 1883 1041 1955 imagines.

483 1969 738 2028 Studiose
780 1975 960 2046 itaque
986 1980 1370 2036 attendendum
1399 1991 1481 2038 est
1507 1983 1784 2053 quiddam,
1827 1983 1992 2054 quod,

409 2062 568 2118 valde
607 2064 884 2123 insolitum
924 2069 1045 2127 aliis
1092 2072 1284 2139 rebus,
1332 2073 1385 2127 in
1431 2089 1646 2130 summo
1697 2075 1904 2146 Spiritu
1942 2084 1996 2132 et

407 2153 589 2209 Verbo
639 2154 756 2224 ejus
803 2157 1017 2213 videtur
1071 2161 1312 2216 evenire.
1362 2161 1497 2217 Nam
1551 2173 1760 2218 certum
1801 2165 1998 2220 estsic

407 2245 700 2317 unicuique
722 2249 792 2280 ⁸³⁸
815 2250 1152 2322 singulatim,
1177 2261 1232 2308 et
1260 2253 1505 2323 utrisque
1534 2255 1601 2288 5”
1628 2255 1789 2310 simul
1817 2256 1998 2311 inesse

408 2337 667 2408 quidquid
699 2349 825 2395 sunt
851 2341 905 2397 in
945 2343 1204 2408 essentia,
1225 2352 1281 2399 et
1307 2345 1568 2414 quidquid
1590 2355 1714 2402 sunt
1743 2347 1810 2401 ad
1841 2361 1998 2402 crea-

408 2434 618 2494 turam,
652 2440 712 2485 ut
756 2441 808 2488 et
838 2432 1149 2506 singulatim
1191 2423 1490 2505 perfectum
1519 2438 1587 2469 ⁶³⁰
1617 2438 1687 2493 sit
1713 2437 1995 2504 ambobus,

409 2529 464 2574 et
485 2528 666 2576 tamen
682 2522 1048 2592 pluralitatem
1080 2541 1186 2580 non
1215 2526 1465 2581 admittat
1491 2528 1543 2582 in
1575 2527 1804 2583 duobus.
1842 2528 1996 2584 Licet

409 2611 557 2665 enim
588 2612 900 2682 singulatim
929 2621 984 2668 et
1012 2614 1101 2670 ille
1130 2613 1368 2684 perfecte
1393 2617 1462 2672 sit
1486 2634 1697 2672 summa
1720 2619 1921 2675 veritas
1941 2629 1998 2676 et

410 2699 664 2766 Creator,
696 2710 752 2756 et
777 2703 1000 2758 verbum
1033 2705 1151 2774 ejus
1180 2706 1490 2774 sitsumma
1521 2711 1724 2764 veritas
1756 2720 1810 2764 et
1841 2725 1998 2766 crea-

413 2800 534 2858 tor;
560 2807 666 2848 non
699 2802 878 2850 tamen
905 2797 1069 2852 ambo
1097 2796 1258 2853 simul
1283 2810 1413 2855 sunt
1448 2802 1567 2856 duas
1592 2803 1868 2868 veritates,
1905 2812 1998 2858 aut

411 2881 522 2936 duo
549 2891 849 2940 creatures.
898 2885 1006 2941 Sed
1035 2901 1158 2941 cum
1206 2885 1322 2942 haec
1373 2889 1446 2944 ita
1476 2891 1608 2957 sint,
1650 2892 1789 2946 miro
1819 2899 1997 2947 tamen

415 2975 576 3030 modo
602 2976 1002 3044 apertissimum
1033 2991 1117 3036 est
1143 2985 1268 3052 quia
1301 2999 1400 3041 nec
1427 2983 1536 3050 ille,
1565 2983 1721 3054 cujus
1749 2992 1834 3040 est
1862 2983 1998 3040 Ver-

2092 495 2192 534 nec
2221 481 2336 535 diue
2363 481 2645 552 imagines.
2676 482 2910 537 Verbum
2941 499 3172 551 namque
3203 485 3303 538 hoc
3335 485 3507 555 ipsum
3529 487 3675 555 quod

2091 571 2328 629 Verbum
2365 587 2478 640 est,
2523 585 2617 630 aut
2658 577 2852 648 imago,
2881 577 2946 632 ad
2977 575 3206 630 alterum
3246 587 3361 642 est;
3403 579 3529 646 quia
3564 594 3675 633 non

2092 666 2194 721 nisi
2231 666 2460 738 alicujus
2494 669 2729 723 Verbqu
2759 679 2839 724 est
2876 678 2971 723 aut
3006 667 3221 738 imago;
3253 679 3305 722 et
3337 670 3417 723 sic
3453 672 3677 740 propria

2091 765 2218 812 sunt
2242 757 2356 814 haec
2383 759 2642 825 alterius,
2676 771 2734 814 ut
2761 776 3099 830 nequaquam
3137 760 3295 814 alteri
3327 771 3674 831 coaptcntur.

2091 849 2225 904 Nam
2259 850 2374 917 ille,
2405 853 2557 922 cujus
2577 853 2644 884 ⁵⁸⁷
2667 861 2749 905 est
2767 852 2999 907 Verbum
3025 860 3117 905 aut
3141 852 3316 923 imago
3342 869 3441 908 nec
3468 854 3677 924 imago,

2053 964 2058 972 ’
2089 958 2191 1000 nec
2219 945 2454 1001 Verbum
2490 953 2591 999 est.
2621 945 2734 1014 (56)
2761 945 2984 1000 Constat
3011 946 3175 1018 igitur
3195 947 3320 1016 quia
3345 947 3414 978 ⁸³⁸
3440 947 3676 1015 exprimi

2092 1049 2198 1089 non
2214 1044 2391 1105 potest
2412 1035 2539 1105 quid
2565 1036 2670 1090 duo
2699 1036 2827 1101 sint,
2844 1051 3088 1091 summus
3112 1036 3347 1108 Spiritus
3366 1046 3421 1090 et
3438 1037 3676 1091 Verbum

2091 1125 2239 1194 ejus,
2287 1127 2536 1196 quamvis
2578 1127 2900 1196 quibusdam
2950 1127 3284 1195 singulorum
3323 1129 3674 1198 preprielati-

2091 1218 2193 1273 bus
2213 1229 2478 1289 cogantur
2505 1233 2628 1297 esse
2670 1220 2796 1274 duo.
2830 1219 3041 1273 Etenim
3081 1220 3356 1288 proprium
3398 1220 3556 1273 unius
3592 1229 3680 1274 est

2091 1325 2214 1366 esse
2241 1326 2305 1365 ex
2335 1311 2527 1379 altero,
2558 1320 2613 1366 et
2638 1312 2917 1383 proprium
2948 1320 3030 1366 est
3059 1311 3281 1368 alterius
3299 1311 3529 1367 alterum
3555 1327 3680 1368 esse

2090 1417 2155 1459 cx
2180 1403 2271 1459 illo
2300 1403 2393 1461 ³³³.

2547 1495 2776 1552 CAPUT
2815 1496 2857 1552 X
2871 1495 3038 1552 XXIX
3075 1495 3210 1568 (57).

2095 1584 2249 1651 Quod
2284 1588 2422 1643 idem
2461 1585 2685 1642 Verbum
2724 1591 2790 1642 sit
2823 1607 2856 1642 ιι
2894 1606 3099 1644 summo
3132 1587 3356 1658 Spiritu,
3393 1587 3680 1645 nascendo.

2093 1681 2439 1736 CONSPECTUS
2472 1695 2702 1734 (τηετις.
2733 1709 2804 1719 -
2832 1680 3066 1735 Verbum
3098 1679 3293 1734 summi
3335 1677 3571 1747 Spiritus
3595 1677 3679 1734 sic

2162 1767 2227 1806 ex
2261 1766 2325 1806 eo
2349 1759 2460 1815 est,
2485 1750 2637 1819 quasi
2668 1750 2807 1804 idem
2839 1749 3010 1818 ipsum
3039 1750 3104 1803 de
3134 1749 3322 1803 eodem
3349 1749 3485 1816 ipso.
3513 1747 3575 1819 Et
3603 1747 3678 1819 ita

2205 1820 2464 1876 erfectam
2495 1817 2631 1886 ejus,
2662 1821 2816 1890 quasi
2848 1817 3025 1888 proles
3049 1819 3307 1886 parentis,
3340 1827 3488 1890 tenet
3517 1817 3676 1871 simi-

2190 1893 2472 1947 itudinem.
2502 1891 2644 1960 Ergo
2669 1888 2772 1945 non
2801 1891 3212 1960 convenientius
3241 1888 3466 1958 cogitari
3500 1897 3681 1957 potest

2167 1977 2234 2016 ex
2261 1961 2348 2017 illo
2372 1976 2511 2024 esse,
2540 1959 2700 2030 quam
2730 1961 3025 2015 nascendo.
3053 1959 3118 2013 Et
3136 1960 3353 2030 quidem
3379 1972 3681 2030 congruen-

2167 2033 2277 2088 tius
2320 2033 2382 2087 de
2429 2031 2519 2086 illo
2559 2028 2708 2086 nasci
2746 2031 2973 2094 dicitur;
3013 2028 3174 2100 quam
3217 2028 3680 2100 multagdicantur

2169 2102 2318 2159 nasci
2349 2103 2416 2157 de
2441 2101 2624 2170 aliquo
2645 2115 2674 2155 a
2705 2115 2812 2169 quo
2838 2098 3044 2154 habent
3071 2108 3128 2153 ut
3153 2099 3281 2164 sint,
3313 2098 3547 2170 sericum
3571 2113 3681 2170 quo

2170 2173 2372 2228 nullam
2416 2167 2618 2226 habent
2657 2167 3069 2226 similitudinem
3106 2188 3120 2224 :
3165 2179 3223 2224 ut
3264 2167 3446 2238 capilli
3479 2171 3571 2236 qui
3613 2167 3683 2222 de

2169 2244 2345 2313 capite
2375 2243 2524 2308 nasci
2553 2242 2824 2296 dicuntur.

2167 2335 2322 2402 Quod
2364 2334 2537 2405 ipsum
2570 2333 2716 2388 nullo
2741 2332 2811 2364 “°
2839 2333 3027 2402 utique
3065 2332 3234 2387 verbo
3259 2331 3475 2386 videtur
3512 2329 3680 2385 fami-

2096 2423 2287 2480 liarius
2305 2439 2465 2494 posse
2487 2423 2743 2494 proferri,
2761 2437 2923 2492 quam
2952 2423 2998 2479 si
3019 2422 3230 2478 dicatur
3254 2422 3531 2493 proprium
3554 2436 3679 2476 esse

2096 2518 2261 2575 unius
2305 2516 2452 2571 nasci
2483 2531 2550 2571 ex
2582 2515 2789 2580 altero;
2829 2523 2886 2571 et
2924 2513 3204 2584 proprium
3241 2513 3494 2577 alterius,
3531 2511 3683 2567 nasci

2097 2610 2328 2666 alterum
2375 2624 2442 2663 ex
2489 2609 2629 2678 ipso.
2661 2607 2884 2663 Certum
2935 2619 3168 2675 namque
3211 2604 3322 2674 jam
3371 2612 3585 2659 constat
3614 2603 3683 2636 ⁵⁸⁸

2097 2699 2224 2768 quia
2246 2697 2482 2753 Verbum
2507 2697 2703 2753 summi
2731 2694 2967 2767 Spiritus
2988 2710 3096 2749 non
3116 2696 3194 2749 sic
3211 2703 3295 2751 est
3311 2710 3376 2750 cx
3394 2710 3478 2761 eo,
3493 2709 3688 2764 quem-

2097 2789 2388 2845 admodum
2418 2804 2483 2845 ea
2513 2804 2633 2860 quae
2686 2789 2754 2844 ab
2807 2788 2898 2842 illo
2937 2785 3082 2841 facta
3106 2786 3393 2853 sunt;'sed
3427 2787 3689 2856 quemad-

2096 2886 2317 2942 modum
2337 2885 2568 2940 Creator
2580 2885 2649 2941 de
2667 2883 2930 2942 Creatore
2953 2886 3046 2953 “',
3073 2898 3342 2942 summum
3366 2885 3432 2937 de
3449 2894 3684 2956 summo.

2096 2979 2166 3034 Et
2196 2987 2258 3034 ut
2296 2980 2459 3050 plena
2498 2977 2768 3033 brevitate
2807 2978 3118 3034 omnimoda
3156 2974 3463 3031 absolvatur
3493 2972 3688 3027 simili-

412 3063 563 3126 bum.
606 3073 784 3136 potest
813 3083 934 3126 esse
982 3071 1220 3131 Verbum
1260 3091 1448 3142 suum;
1489 3089 1591 3130 nec
1621 3076 1856 3131 Verbum
1901 3091 2000 3146 po-
2025 3101 2071 3165 ο
2101 3073 2230 3128 tudo
2245 3070 2568 3142 “’,penitus
2589 3069 2729 3124 idem
2762 3071 2935 3151 ipsum
2961 3077 3044 3123 est
3071 3069 3138 3122 de
3169 3066 3515 3165 eodemipso,
3535 3072 3590 3165 et
3612 3063 3687 3116 ita

417 3161 523 3208 test
549 3169 670 3210 esse
702 3157 804 3213 iste
854 3160 1009 3230 cujus
1054 3173 1140 3219 est
1165 3165 1234 3197 ⁵⁸¹
1259 3164 1517 3234 Verbum,
1561 3173 1623 3221 ut
1672 3165 1726 3220 in
1761 3181 1828 3222 eo
1853 3168 1999 3238 quod

413 3246 682 3316 signiﬁcat
710 3248 793 3302 vel
821 3252 949 3322 quid
987 3253 1098 3309 sint
1127 3254 1696 3322 substantialiter,vel
1731 3258 1861 3327 quid
1887 3258 2000 3313 sint

419 3339 487 3392 ad
519 3349 827 3396 creaturam
859 3359 1076 3415 semper
1106 3347 1434 3403 individuam
1461 3358 1681 3404 teneant
1707 3351 1995 3406 unitatem.

415 3427 474 3483 In
505 3446 571 3485 eo
604 3447 755 3498 vero,
781 3429 926 3504 quod
949 3435 1041 3490 ille
1069 3453 1176 3493 non
1205 3447 1379 3494 estex
1403 3441 1536 3496 isto:
1563 3439 1666 3495 hoc
1705 3451 1887 3497 autem
1917 3451 2002 3499 est

415 3517 487 3550 ⁸⁸¹
512 3535 579 3574 ex
605 3521 726 3587 illo;
760 3521 1082 3580 ineﬂ‘abilem
1113 3529 1405 3584 admittant
1428 3529 1795 3600 pluralitatem
1823 3551 1836 3586 :
1867 3533 2003 3588 inef-

414 3611 632 3666 fabilem
673 3623 848 3681 certe;
890 3619 1140 3686 quamvis
1215 3622 1360 3676 enim
1398 3624 1692 3680 necessitas
1738 3633 1900 3695 cogat
1941 3633 2001 3680 ut

413 3699 523 3754 sint
559 3701 684 3765 duo,
734 3705 880 3762 nullo
939 3717 1120 3763 tamen
1160 3711 1321 3767 modo
1359 3716 1586 3784 exprimi
1633 3724 1813 3787 potest
1867 3716 1999 3787 quid

417 3790 522 3847 duo
547 3794 657 3848 sint
682 3796 773 3850 ⁸³³.
801 3797 936 3854 Nam
971 3801 1073 3856 etsi
1098 3802 1238 3859 forte
1257 3805 1328 3836 ⁸³⁸
1355 3807 1462 3862 duo
1491 3823 1648 3878 pares
1681 3817 1776 3864 aut
1794 3808 2000 3878 aliquid

415 3882 561 3940 aliud
609 3885 862 3945 similiter
897 3892 1198 3949 adinvicem
1239 3897 1447 3965 possint
1480 3899 1620 3966 dici,
1653 3900 1706 3955 in
1738 3900 1825 3956 his
1871 3901 2002 3970 ipsis

420 3983 603 4029 tamen
637 3979 880 4034 relativis
920 3984 966 4036 si
1009 3995 1283 4052 quaeratur
1347 3989 1479 4057 quid
1523 3990 1596 4044 sit
1633 3990 1762 4044 illud
1799 3990 1866 4045 de
1891 4005 2000 4060 quo

417 4064 693 4137 dicuntur,
733 4087 839 4126 non
865 4083 1044 4142 potest
1069 4077 1176 4130 dici
1205 4078 1275 4109 ⁵³⁸
1306 4079 1611 4147 pluraliter,
1651 4081 2003 4150 quemadmo-

399 4155 549 4211 dum
591 4157 847 4214 dicuntur
888 4162 1008 4217 duae
1040 4178 1200 4231 pares
1239 4166 1429 4232 lineae,
1478 4177 1572 4223 aut
1611 4169 1717 4226 duo
1756 4171 2003 4228 homines

419 4244 648 4302 similes.
672 4249 883 4319 Quippe
917 4266 1019 4305 nec
1046 4263 1175 4308 sunt
1202 4256 1308 4310 duo
1329 4257 1402 4310 ω
1431 4273 1589 4324 pares
1615 4260 1838 4330 spiritus
1859 4300 1875 4326 ,
1903 4277 2004 4318 nec

419 4338 528 4393 duo
553 4354 714 4408 pares
738 4356 1038 4412 creatores,
1069 4361 1170 4403 nec
1194 4349 1300 4404 duo
1320 4350 1544 4421 aliquid,
1569 4355 1713 4422 quod
1736 4353 2005 4424 signiﬁcet

2100 3171 2160 3218 ut
2181 3163 2490 3218 nullatenus
2505 3159 2575 3214 sit
2595 3161 2700 3216 nisi
2721 3175 2789 3214 ex
2812 3174 2898 3214 eo.
2913 3158 3048 3213 Cum
3065 3157 3229 3228 igitur
3248 3163 3430 3226 pateat
3449 3153 3685 3208 Verbum

2101 3254 2298 3309 summi
2347 3251 2583 3324 Spiritus
2620 3251 2700 3306 sic
2725 3264 2847 3304 esse
2875 3263 2944 3304 ex
2984 3247 3102 3318 ipso
3126 3246 3263 3312 solo,
3299 3255 3357 3306 ut
3387 3244 3688 3317 perfectam

2103 3343 2219 3413 ejus
2247 3344 2401 3414 quasi
2430 3342 2612 3413 proles
2639 3340 2882 3411 parentis
2905 3345 3088 3394 teneat
3107 3337 3516 3392 similitudinem
3543 3351 3558 3390 :
3587 3351 3691 3391 nec

2103 3436 2148 3491 si
2171 3450 2290 3491 esse
2311 3451 2377 3491 ex
2409 3436 2525 3506 ipso
2552 3444 2611 3488 ut
2637 3433 2706 3466 W
2736 3434 2830 3486 flat
2859 3432 2927 3486 ab
2957 3444 3045 3497 eo,
3075 3431 3320 3501 profecto
3349 3430 3496 3484 nullo
3525 3427 3688 3484 modo

2101 3527 2512 3582 convenientius
2543 3525 2772 3598 cogitari
2798 3530 2975 3594 potest
3011 3536 3079 3575 ex
3120 3523 3211 3579 illo
3239 3538 3360 3580 esse
3380 3538 3543 3593 quam
3589 3538 3690 3577 ua-

2103 3617 2326 3671 scendo.
2372 3616 2580 3687 Nempe
2619 3617 2665 3672 si
2716 3617 3144 3682 innumerabiles
3187 3631 3275 3673 res
3320 3616 3690 3671 indubitanter

2103 3709 2358 3763 dicuntur
2383 3707 2529 3763 nasci
2551 3723 2618 3764 ex
2649 3707 2734 3763 his
2751 3723 2819 3762 eX
2848 3711 3045 3779 quibus
3085 3709 3287 3764 habent
3314 3717 3373 3762 ut
3399 3707 3536 3772 sint;
3563 3720 3688 3760 cum

2103 3800 2309 3855 nullam
2357 3815 2581 3866 eorum,
2621 3801 2688 3855 de
2726 3801 2925 3871 quibus
2961 3803 3112 3858 nasci
3154 3802 3424 3862 dicuntur,
3470 3806 3693 3852 teneant

2105 3893 2518 3952 similitudinem
2563 3893 2705 3948 sicut
2744 3893 2923 3963 proles
2960 3892 3221 3964 parentis.
3266 3890 3506 3945 Dicimus
3543 3887 3690 3942 enim

2105 3987 2333 4058 capillos
2365 3987 2514 4042 nasci
2541 3987 2609 4042 de
2635 3989 2813 4060 capite
2838 3997 2894 4044 et
2920 4003 3078 4058 poma
3109 4004 3173 4043 ex
3197 3987 3411 4049 arbore,
3437 3983 3565 4038 licet
3591 3997 3691 4038 nec

2105 4076 2180 4133 illi
2209 4075 2423 4146 capitis,
2450 4092 2552 4133 nec
2578 4078 2681 4132 ista
2709 4079 2923 4134 arboris
2943 4079 3139 4134 similia
3163 4077 3290 4132 sint.
3322 4075 3404 4140 Si,
3446 4074 3688 4143 inquam,

2105 4169 2275 4224 multa
2305 4166 2612 4235 bujusmodi
2632 4186 2736 4226 non
2769 4171 3004 4225 absurde
3037 4170 3292 4224 dicuntur
3323 4167 3506 4230 nasci,
3542 4173 3692 4219 tauto

2106 4260 2496 4332 congruentius
2527 4263 2633 4317 dici
2673 4271 2851 4332 potest
2872 4259 3109 4317 Verbum
3137 4260 3331 4316 summi
3364 4258 3602 4328 Spiritus
3623 4271 3690 4310 ex

2111 4355 2203 4412 illo
2228 4357 2464 4414 existere
2493 4357 2584 4423 5”,
2617 4356 2924 4420 nascendo;
2956 4361 3160 4422 quanto
3188 4351 3501 4421 perfectius,
3533 4346 3691 4418 quasi

418 4443 608 4484 eorum
631 4443 725 4488 aut
747 4439 1040 4494 essentiam
1065 4448 1158 4496 aut
1177 4439 1550 4498 habitudinem
1580 4444 1648 4499 ad
1669 4454 2002 4512 creaturam;
2037 4463 2087 4524 ι)
2112 4450 2294 4518 proles
2320 4450 2586 4520 parentis,
2618 4448 2786 4503 trahit
2819 4446 2936 4518 ejus
2973 4445 3044 4478 “°
3069 4441 3480 4501 similitudinem
3505 4455 3572 4494 ex
3605 4438 3694 4493 illo

421 4524 516 4578 sed
544 4540 643 4581 nec
673 4528 780 4584 duo
811 4530 1013 4602 aliquid
1032 4574 1047 4599 ,
1075 4535 1218 4604 quod
1246 4533 1492 4606 designet
1534 4538 1810 4609 propriam
1843 4538 2002 4595 habi-

2112 4537 2418 4593 existendo.

1729 4673 1820 4728 VA
1829 4669 1967 4727 8le
2005 4671 2413 4730 LECTIONES.

495 4777 562 4854 ’τ’
584 4777 714 4848 Cap.
745 4779 822 4854 {37
850 4792 942 4854 _est
971 4784 1026 4836 in
1053 4800 1180 4840 mss.
1209 4795 1362 4854 caput
1384 4785 1454 4841 58
1525 4785 1597 4818 ⁵⁹⁸
1626 4785 1740 4846 Est.
1770 4784 2066 4853 unicuique
2093 4801 2222 4839 mss.
2247 4793 2354 4854 est,
2387 4783 2457 4837 sit
2483 4780 2783 4854 unicuique
2820 4779 2920 4854 _'”
2942 4780 3010 4836 Et
3035 4781 3283 4854 utrisque
3311 4795 3438 4833 mss.
3464 4775 3697 4854 Thu._ex

421 4848 670 4925 utrisque
743 4849 1168 4925 'ff’_SjngIIlatim
1197 4848 1496 4925 perfectum
1527 4873 1657 4910 mss.
1687 4855 1824 4909 Thu.
1866 4848 2184 4920 singulatim
2224 4853 2644 4925 perfectumque
2691 4848 2787 4925 ’Ὗ
2820 4851 2955 4907 Esse
2982 4852 3139 4925 cujus
3173 4848 3258 4925 est
3300 4863 3580 4925 mss._e§se
3607 4848 3698 4925 ille

420 4914 690 4985 cujus'est
761 4920 831 4952 '”
862 4914 1158 4979 Sicvautem
1185 4914 1271 4980 ést
1309 4943 1435 4980 mss.
1470 4928 1574 4980 hoc
1598 4935 1781 4981 autem
1803 4934 1890 4980 est
1957 4914 2034 4957 ’⁸³³

424 4985 566 5041 forte
591 5005 716 5066 mss.
757 4989 1194 5066 Vict.__Sag.unam
1217 4996 1318 5066 etsi
1347 4994 1488 5049 forte
1562 4997 1633 5030 ⁸⁸⁸
1665 4995 1780 5051 Non
1813 5006 1994 5066 potest
2040 4985 2310 5066 dicimss.
2356 4992 2498 5048 Vict.
2537 4990 2668 5066 Sag.
2703 4991 2889 5046 Cister.
2909 4985 3036 5046 'non
3068 4989 3268 5066 poterit
3295 4988 3397 5066 dici

2063 4925 2204 4991 Quid
2227 4917 2344 4979 ’duo
2387 4924 2500 4976 siut
2542 4917 2670 4991 mss.
2722 4921 2857 4976 Thu.
2891 4917 3181 4991 quod'duo
3209 4923 3346 4991 sint_
3387 4919 3458 4991 Ψ
3479 4917 3624 4991 ﬁam
3650 4918 3694 4972 si

3476 4987 3548 5019 ⁵³⁸
3579 4987 3698 5041 Non

423 5068 552 5134 sunt
579 5059 684 5114 duo
703 5076 829 5116 mss.
865 5051 1013 5134 Tha."
1041 5063 1178 5118 Vict.
1209 5065 1335 5134 Sag.
1370 5081 1470 5120 nec
1500 5077 1630 5121 sunt
1657 5067 1763 5120 duo
1813 5051 1908 5099 ’⁵³⁷
1937 5066 2081 5134 Cap.
2109 5065 2197 5119 '58.
2225 5064 2292 5118 In
2323 5080 2450 5116 mss.
2478 5051 2821 5116 contiimatur
2841 5071 2998 5130 caput
3020 5051 3529 5134 prcrcedcns._QtIod
3555 5058 3696 5112 idem

424 5129 651 5183 verbum
681 5147 808 5205 mss.
852 5132 913 5187 S.
949 5133 1112 5205 Ψειι.
1140 5127 1456 5204 ψιοιΓὶιίεηι
1479 5137 1648 5191 verbo
1723 5137 1794 5169 ⁵³⁸
1823 5127 2054 5191 Constat
2103 5135 2268 5205 igitur
2311 5133 2456 5204 quod
2505 5127 3291 5205 mss._constatLautem‘quia‘
3324 5127 3421 5205 _°”
3448 5128 3693 5182 Alterum

426 5213 646 5277 esseest
679 5201 779 5277 illo_
798 5220 923 5256 mss.
958 5203 1093 5257 Thu.
1123 5198 1273 5260 omit.
1302 5221 1424 5277 esse
1473 5206 1563 5277 4'”
1600 5205 1754 5272 Quod
1788 5209 1961 5277 ipsum
1989 5198 2257 5260 nullo'ctc.
2287 5198 2344 5258 iii
2366 5220 2494 5258 mss.
2528 5203 2612 5256 hic
2643 5203 2825 5277 i_nci_p_it
2881 5200 3050 5270 Caput
3079 5198 3180 5277 39—
3227 5199 3294 5277 '_“
3318 5198 3436 5277 lam
3460 5205 3697 5277 constat.

427 5271 573 5344 quod
608 5287 736 5326 mss.
760 5271 872 5344 jam
905 5283 1122 5344 constat
1151 5276 1276 5344 quia
1349 5276 1419 5307 ’δ’

426 5337 688 5395 Creatore

1456 5267 1923 5343 Quemadmodum
1955 5278 2021 5330 de
2046 5284 2294 5330 creatore
2315 5291 2443 5328 mss.
2473 5273 2698 5341 exceptis
2717 5267 2868 5343 Tha.
2899 5267 3351 5343 quemadmodum
3377 5269 3604 5343 (greater
3631 5267 3698 5321 dc

757 5343 828 5375 ⁵⁸³
858 5337 1186 5398 Absolvatur
1223 5337 1522 5401 similitudo
1545 5363 1672 5401 mss.
1716 5345 1853 5401 Tltu.
1890 5346 1979 5401 90.
2015 5345 2334 5401 absolvatur
2355 5337 2636 5414 plenitudo
2712 5341 2784 5374 ‘“
2804 5341 2882 5414 EX
2902 5337 2985 5414 eq
2995 5342 3112 5414 ipso
3141 5351 3203 5414 ut
3229 5357 3353 5394 mss.
3397 5338 3526 5414 Vict.
3563 5337 3696 5414 39g.

432 5406 567 5484 Tha.
595 5409 697 5484 30.,
716 5411 906 5468 Cister.
933 5430 999 5470 ex
1027 5415 1145 5484 ipso
1166 5423 1226 5470 ut
1295 5415 1367 5448 ⁵⁸⁵
1389 5416 1468 5472 EX
1494 5417 1586 5472 illo
1605 5420 1842 5474 existere
1862 5433 1961 5472 ms.
1998 5415 2131 5471 Vict.
2157 5417 2245 5470 13.
2271 5432 2339 5471 ex
2356 5406 2452 5471 illo
2472 5412 2772 5470 subsistere
2844 5411 2915 5443 ‘“
2944 5406 3135 5468 Trahit
3159 5411 3278 5481 ejus
3303 5426 3401 5464 ms.
3443 5407 3579 5463 Vict.
3606 5407 3697 5462 15.

432 5479 608 5535 trahat
652 5482 764 5552 ejus

1939 5599 2168 5659 ΝΟΤᾹΞ.

505 5687 616 5760 (50)
661 5687 802 5746 Alias
832 5691 916 5747 hic
947 5691 1134 5762 incipit
1159 5706 1277 5764 cap.
1307 5692 1394 5749 58.

2183 5689 2295 5759 (57)
2337 5688 2479 5744 Alias
2503 5697 2584 5743 est
2613 5701 2737 5756 pars
2763 5698 2881 5757 cap.
2909 5685 2997 5740 '58.
