3916 6054
428 223 534 280 195

949 217 1010 275 S.
1046 215 1349 274 ANSELMI
1387 215 1743 273 CANTUAR.
1784 212 2009 270 ARCllll

2149 214 2299 271 OPP.
2341 216 2521 274 PARS
2549 218 2588 273 Ι.
2630 250 2700 258 -
2737 218 3141 276 ΒΟΕΜΑΤΙΟΛ

3585 228 3697 286 196

498 333 733 391 Inventis
764 341 844 390 tot
885 341 942 388 et
985 331 1149 387 tantis
1186 330 1258 363 '“
1286 328 1621 400 singulorum
1658 328 2006 400 proprietati-
2036 329 2083 385 Α
2181 329 2283 384 dici
2352 340 2529 411 potest
2602 341 2661 387 ut
2723 349 2931 411 summa
3011 337 3232 411 unitas__
3259 337 3694 411 simplicitasque

425 430 550 493 bus,
605 429 800 498 quibus
854 426 988 480 mira
1053 422 1299 493 quantam
1349 430 1458 475 tant
1509 419 1793 476 inelTabilis
1845 436 2008 489 quam

427 518 750 575 inevitabilis
768 517 818 570 iu
835 529 1043 571 summa
1058 512 1264 567 unitate
1280 510 1536 579 probatur
1554 524 1675 565 esse
1701 510 1788 579 plu
1798 509 2006 573 ralitas,

424 612 581 665 valde
614 610 744 665 mibi
775 608 987 668 videtur
1018 604 1335 659 delectabile
1360 611 1654 671 retractare
1679 602 1877 671 saepius
1901 612 2008 657 tam

426 700 834 772 impenetrabile
860 708 1150 753 secretum.
1196 696 1334 751 Ecce
1376 696 1522 750 enim
1563 711 1684 749 cum
1708 694 1788 750 sic
1810 695 2010 765 impos-

422 788 578 843 sibile
620 786 783 841 sit‘“
812 785 1061 840 eumdem
1090 799 1211 839 esse
1262 783 1355 853 qui
1407 783 1599 854 gignit,
1653 791 1706 836 et
1747 797 1869 836 eum
1916 780 2010 851 qui

423 880 693 949 gignitur;
723 887 886 947 atque
910 876 1159 932 eumdem
1190 891 1312 931 esse
1358 884 1638 945 parentem
1679 882 1733 929 et
1755 874 1958 943 prolem
1992 889 2005 925 :

422 979 482 1023 ιιι
508 983 728 1024 necesse
758 969 831 1025 sit
852 968 1012 1023 alium
1036 983 1156 1023 esse
1178 968 1500 1039 genitorem,
1537 965 1701 1019 alium
1732 966 2005 1037 genitum;

421 1071 477 1115 et
500 1060 665 1114 alium
688 1074 809 1115 esse
836 1059 1075 1123 Patrem,
1119 1058 1283 1111 alium
1331 1056 1524 1111 Filium
1555 1074 1568 1112 :
1599 1056 1677 1112 sic
1706 1066 1883 1110 tamen
1911 1071 2009 1110 ne-

420 1165 575 1206 cesse
608 1150 679 1182 ⁵⁸⁸
726 1160 811 1206 εει
838 1150 979 1205 idem
1006 1165 1127 1205 esse
1158 1149 1304 1203 illum
1329 1148 1421 1219 qui
1442 1148 1632 1219 gignit,
1665 1156 1721 1202 et
1746 1148 1894 1203 illum
1919 1148 2010 1217 qui

420 1239 676 1310 gignitur,
711 1254 809 1294 nec
833 1254 937 1293 non
969 1245 1248 1309 parentem
1296 1245 1351 1291 et
1379 1238 1607 1307 prolem,
1652 1244 1712 1292 ut
1757 1237 2010 1307 impossi-

420 1330 527 1387 bile
557 1331 631 1386 sit
657 1331 803 1385 aliud
824 1345 945 1386 esse
971 1331 1268 1402 genitorem
1304 1330 1406 1395 ⁸⁸⁵⁷,
1436 1344 1600 1399 quam
1639 1329 1783 1399 quod
1808 1338 1891 1383 est
1920 1344 2012 1398 ge-

422 1427 597 1490 nitus;
656 1426 802 1480 aliud
856 1439 977 1481 esse
1043 1424 1306 1486 Patrem,
1361 1438 1522 1491 quam
1580 1422 1725 1493 quod
1772 1430 1856 1477 est
1915 1420 2010 1476 Fi-

422 1518 547 1573 lius.
587 1518 698 1588 (6i)
728 1517 799 1549 ⁸⁸⁸
826 1517 894 1570 Ει
920 1532 1041 1571 cum
1075 1516 1145 1570 ita
1170 1516 1239 1569 sit
1264 1515 1403 1569 alius
1427 1514 1534 1581 ille,
1566 1524 1621 1570 et
1648 1514 1786 1570 alius
1814 1515 1923 1579 ille,
1951 1524 2012 1572 ut

420 1611 642 1664 omnino
686 1618 867 1683 pateat
899 1608 1042 1678 quod
1072 1608 1176 1662 duo
1208 1607 1318 1662 sint
1351 1607 1454 1673 Im;
1494 1607 1574 1662 sic
1620 1615 1803 1661 tamen
1835 1623 2003 1661 unum

2174 405 2586 458 commendetur
2612 406 2913 459 communis
2941 417 3165 461 naturae.
3190 408 3303 463 Non
3336 405 3513 467 tamen
3551 405 3692 468 dici-

2182 477 2270 525 tur
2306 471 2466 549 Pater
2493 474 2727 528 essentia
2766 474 2916 539 Filii,
2951 488 3003 549 et
3032 476 3197 531 Filius
3224 482 3457 535 essentia
3483 482 3692 549 Patris;

2180 542 2334 610 quasi
2362 543 2501 598 alter
2521 559 2624 597 non
2667 560 2763 613 per
2784 559 2863 611 se,
2912 546 3004 600 sed
3033 561 3128 615 per
3171 549 3400 604 alterum
3445 542 3687 609 existati

2180 626 2390 667 summa
2432 615 2575 667 enini
2614 616 2846 687 essentia
2871 629 3097 685 semper
3143 628 3225 673 est
3272 635 3369 687 per
3417 637 3497 684 se,
3552 626 3693 678 sicut

2180 696 2391 744 summa
2415 685 2676 751 sapientia
2699 700 2915 756 semper
2954 687 3095 755 sapit
3123 702 3219 756 per
3246 685 3323 744 se.
3358 689 3509 747 Unde
3530 692 3697 748 Pater

2181 766 2278 820 per
2303 768 2361 808 se
2383 763 2483 817 est,
2515 763 2568 808 et
2594 754 2797 830 pariter
2822 755 2993 809 Filius
3014 754 3208 830 pense
3226 768 3348 830 est;
3380 762 3504 830 quia
3530 762 3698 819 Pater

2180 832 2266 876 est
2296 835 2514 896 Summa
2542 825 2799 896 essentia,
2826 835 2880 880 et
2913 826 3114 896 pariter
3156 828 3324 885 Filius
3363 825 3449 886 est
3477 848 3692 887 summa

2181 895 2434 948 essentia.
2477 893 2643 948 Filius
2669 896 2886 963 quidem
2914 893 3004 950 est
3049 900 3283 953 essentia
3319 910 3443 955 nata
3477 903 3544 957 de
3591 903 3695 958 Pa-

2185 964 2283 1038 tris
2309 965 2568 1038 essentia,
2616 976 2673 1019 et
2719 966 2979 1038 sapientia
3010 966 3078 1022 de
3120 971 3417 1038 sapientia;
3455 974 3547 1028 sed
3580 990 3691 1028 non

2183 1033 2384 1089 idcirco
2408 1036 2587 1089 minus
2606 1033 2852 1114 perfecta
2891 1046 2999 1114 est,
3027 1033 3376 1114 iiiliilominus
3401 1033 3543 1097 enim
3573 1044 3692 1114 ipsa

2181 1119 2278 1227 per
2307 1120 2365 1159 se
2411 1115 2514 1169 est,
2564 1113 2620 1158 et
2655 1120 2750 1173 per
2779 1120 2838 1188 se
2887 1108 3045 1175 sapit.
3088 1108 3196 1163 Nec
3236 1122 3497 1181 repugnat
3544 1108 3694 1181 quod

2228 1175 2348 1227 tltus
2377 1184 2428 1227 et
2455 1190 2551 1227 Der
2579 1188 2638 1227 se
2668 1178 2947 1227 submstat.
2976 1188 3031 1227 et
3059 1182 3126 1227 de
3152 1179 3307 1227 Patre
3333 1182 3528 1227 haheat
3546 1198 3689 1227 nam-

2211 1175 2348 1252 :ilius
2377 1184 2435 1252 et
2455 1190 2551 1244 per
2579 1188 2638 1252 se
2668 1176 2947 1252 subsistat,
2976 1188 3031 1231 et
3059 1175 3313 1252 dePatre
3331 1175 3690 1239 habeatésse.

2181 1243 2316 1320 Nam
2346 1262 2378 1320 ιι
2401 1243 2563 1299 Patre
2604 1246 2765 1320 liabet
2787 1256 2858 1320 Διιι
2890 1264 2987 1317 per
3016 1264 3075 1320 se
3097 1250 3240 1304 silet
3264 1266 3360 1320 per
3385 1268 3443 1306 se
3472 1256 3650 1320 sapiat
3675 1271 3691 1319 ;

2179 1315 2419 1384 alioquin
2444 1330 2550 1368 non
2579 1326 2721 1370 esset
2749 1315 3029 1373 ideinfesse
3057 1319 3235 1374 Patris
3260 1315 3310 1375 et
3349 1321 3490 1377 Filii.
3528 1315 3695 1379 Ueni;

2180 1400 2285 1455 que
2316 1386 2528 1462 utrique
2559 1401 2663 1439 non
2689 1386 2833 1462 aliud
2862 1394 2942 1462 est
2972 1389 3173 1462 habere
3193 1392 3503 1462 essentiam,
3527 1409 3692 1462 quam

2180 1456 2471 1510 essentiam
2524 1456 2844 1527 esscsErgo
2888 1458 3028 1512 sicut
3072 1460 3234 1515 habet
3285 1460 3421 1516 alter
3468 1456 3697 1520 altarius

2180 1527 2506 1602 essentiam;
2536 1526 2609 1578 ita
2635 1526 2774 1602 alter
2790 1526 2882 1581 est
2910 1528 3134 1602 alterius
3157 1532 3420 1602 essentia,
3450 1534 3555 1590 hoc
3583 1547 3692 1602 est,

2182 1596 2322 1649 idem
2344 1612 2466 1651 esse
2493 1606 2576 1650 est
2600 1596 2779 1660 alteri,
2802 1599 2945 1667 quod
2973 1608 3058 1653 est
3087 1599 3264 1655 alteri.

422 1711 478 1757 ει
530 1702 671 1756 idem
705 1682 874 1770 ipsum
904 1702 973 1732 ατο
1019 1709 1124 1765 es"
1165 1700 1216 1754 id
1261 1700 1403 1769 quod
1442 1708 1525 1754 υει
1574 1698 1663 1753 me
1702 1710 1758 1754 ει
1806 1699 1916 1766 me,
1949 1707 2009 1753 ui
2038 1682 2082 1737 Β
2183 1685 2337 1742 Unde
2365 1687 2527 1742 etiam
2550 1686 2597 1741 si
2627 1687 2698 1718 ⁵⁷⁸
2726 1687 2863 1742 alter
2899 1687 3124 1744 alterius
3167 1692 3383 1745 dicatur
3428 1695 3691 1759 essentia,

421 1794 635 1863 penitus
670 1793 835 1847 lateat
861 1792 951 1861 qui
983 1792 1088 1845 duo
1118 1800 1244 1844 sint.
1273 1788 1407 1843 Nam
1445 1789 1524 1843 sic
1552 1798 1635 1843 est
1661 1788 1798 1843 alius
1825 1787 2005 1854 Pater,

424 1885 565 1940 alius
592 1885 777 1947 Filius,
802 1892 1016 1948 ut,cum
1044 1882 1233 1936 ambos
1255 1880 1506 1946 dixerim,
1529 1881 1739 1935 videam
1764 1895 1850 1934 me
1875 1880 2009 1935 duos

422 1978 654 2042 dixisse;
687 1985 744 2032 et
770 1976 850 2032 sic
888 1983 972 2030 est
1017 1975 1252 2044 idipsum
1301 1974 1444 2042 quod
1479 1983 1583 2037 est,
1635 1980 1690 2026 et
1737 1971 1900 2026 Pater
1953 1981 2008 2027 et

423 2069 615 2133 Filius,
650 2078 710 2122 ut
744 2082 849 2122 non
880 2065 1175 2134 intelligam
1200 2064 1329 2134 quid
1358 2064 1494 2118 duos
1525 2063 1777 2117 dixerim.
1804 2062 2008 2129 Quam-

420 2158 503 2211 vis
554 2171 789 2226 namque
844 2155 1086 2226 singiilus
1140 2154 1303 2209 Pater
1349 2155 1422 2208 sit
1482 2153 1721 2222 perfecte
1764 2168 2009 2209 summus

423 2248 679 2319 Spiritus,
706 2256 762 2302 ct
783 2245 1027 2317 singnlus
1053 2244 1222 2300 Filius
1252 2244 1323 2300 sit
1347 2242 1585 2314 perfecte
1621 2256 1866 2298 summus
1889 2241 2012 2313 Spi-

422 2342 592 2407 ritus;
626 2341 706 2396 sie
737 2348 915 2393 tamen
948 2352 1113 2392 unum
1142 2337 1396 2405 idemque
1421 2336 1490 2367 ’τι
1535 2344 1619 2389 εει
1665 2333 1903 2404 Spiritus
1936 2335 2007 2366 ⁸η

420 2428 585 2488 Pater
608 2440 662 2486 et
688 2430 927 2500 Spiritus
956 2429 1149 2493 Filius,
1192 2436 1250 2481 ut
1278 2426 1438 2479 Pater
1465 2435 1518 2479 et
1545 2425 1714 2479 Filius
1756 2441 1860 2479 non
1902 2426 2012 2480 sint

423 2522 530 2577 duo
559 2521 815 2591 Spiritus,
870 2520 965 2575 sed
1013 2532 1153 2573 unus
1209 2517 1484 2586 Spiritus:
1519 2525 1577 2568 iit
1610 2516 1749 2570 sicut
1798 2516 2010 2584 singula

423 2615 640 2685 propria
670 2612 1008 2682 singulorum
1037 2624 1144 2663 nou
1172 2608 1437 2677 recipiunt
1462 2606 1852 2675 pluralitatem,
1884 2608 2013 2676 quia

424 2720 532 2759 non
560 2714 685 2760 sunt
719 2704 981 2767 duorum;
1015 2700 1088 2754 ita
1117 2700 1169 2754 id
1198 2698 1338 2767 quod
1375 2713 1661 2753 commune
1701 2707 1785 2752 est
1818 2700 2010 2754 ambo-

425 2809 569 2857 rum,
602 2792 933 2848 individuam
991 2797 1173 2845 tcneat
1219 2787 1505 2853 unitatem,
1548 2788 1799 2856 quamvis
1842 2797 2010 2844 totum

425 2886 497 2940 sit
523 2885 877 2956 singulorum.
927 2882 1060 2936 Nam
1089 2881 1229 2935 sicut
1262 2894 1369 2934 non
1402 2890 1530 2934 sunt
1557 2880 1663 2933 duo
1687 2889 1890 2949 patres,
1921 2889 2016 2937 aut

425 2978 531 3032 duo
563 2977 688 3042 lilii;
735 2975 831 3030 sed
863 2988 1002 3029 unus
1036 2971 1216 3038 Pater,
1262 2980 1318 3025 et
1346 2984 1486 3024 unus
1534 2968 1721 3034 Filius,
1754 2972 2009 3041 quoniam

423 3068 627 3139 singula
666 3076 794 3124 sunt
818 3064 1155 3137 singulorum
1198 3062 1450 3132 propria;
1480 3062 1552 3115 ita
1578 3076 1685 3117 non
1726 3073 1854 3117 sunt
1881 3062 2006 3130 duo,
2037 3031 2083 3094 ο

423 3162 519 3215 sed
561 3174 698 3213 unus
752 3156 1014 3228 Spiritus;
1068 3153 1317 3224 quamvis
1365 3162 1420 3207 et
1470 3152 1665 3222 singuli
1720 3152 1922 3219 Patris,
1955 3164 2012 3210 et

424 3252 617 3323 singuli
650 3251 793 3318 Filii,
823 3250 894 3305 sit
922 3248 1222 3320 perlectum
1271 3259 1394 3302 esse
1434 3244 1718 3315 Spiritum.
1762 3244 1853 3300 Sic
1883 3256 2012 3301 sunt

425 3345 655 3415 oppositi
697 3341 1072 3405 relationibus,
1122 3348 1183 3394 ut
1236 3338 1375 3394 alter
1416 3353 1690 3407 nunquam
1752 3338 2011 3407 suscipiat

427 3435 705 3507 proprium
757 3432 1007 3497 alterius;
1054 3429 1134 3485 sic
1183 3439 1312 3485 sunt
1358 3428 1659 3485 concordes
1709 3436 1905 3481 natura
1953 3438 2013 3483 ut

427 3526 565 3580 alter
589 3522 661 3556 ⁵⁷³
691 3537 904 3592 semper
950 3530 1133 3576 teneat
1173 3520 1464 3576 essentiam
1503 3520 1753 3575 alterius.
1806 3519 1917 3590 (ϐξ)
1941 3520 2013 3553 ⁸⁷⁸

427 3617 522 3672 Sic
539 3615 682 3671 enim
713 3615 911 3670 diversi
938 3621 1082 3679 sunt,
1124 3627 1223 3683 per
1248 3613 1352 3668 lioc
1381 3612 1525 3683 quod
1549 3612 1692 3667 alter
1715 3620 1799 3666 est
1826 3611 2008 3679 Pater,

427 3714 484 3761 et
521 3705 658 3761 alter
703 3704 872 3760 Filius
901 3703 994 3771 ⁸⁷⁸,
1041 3713 1102 3758 ιιι
1134 3718 1411 3773 nunquam
1457 3702 1672 3757 dicatur
1724 3712 1815 3757 aut
1851 3701 2014 3758 Pater

426 3794 621 3862 Filius,
667 3803 761 3850 aut
785 3794 955 3850 Filius
978 3793 1173 3861 Pater;
1221 3803 1273 3849 et
1304 3794 1384 3848 sic
1430 3793 1571 3847 idem
1597 3801 1723 3847 sunt
1764 3808 1861 3861 per
1884 3795 2015 3849 sub-

427 3885 706 3952 stantiam,
734 3893 794 3941 ut
817 3899 1033 3955 semper
1051 3883 1125 3939 sit
1161 3883 1214 3937 in
1246 3882 1411 3938 Patre
1436 3882 1677 3937 essentia
1705 3881 1849 3948 Filii,
1874 3892 1929 3938 et
1957 3882 2011 3938 in

428 3978 567 4034 Filio
615 3978 851 4034 essentia
895 3977 1094 4032 Patris.
1144 3975 1241 4032 ESt
1280 3976 1427 4032 enim
1475 3989 1584 4029 non
1620 3975 1865 4042 diversa,
1916 3977 2012 4033 sed

425 4070 649 4137 eadem;
682 4084 788 4126 non
820 4067 1022 4138 plures.
1048 4068 1141 4123 sed
1168 4082 1273 4122 una
1300 4067 1587 4137 utriusque
1613 4066 1877 4123 essentia.

921 4177 1149 4232 CAPUT
1186 4176 1345 4231 xuv
1379 4177 1512 4249 (65).

688 4267 963 4333 Quomodo
994 4267 1128 4321 alter
1157 4267 1375 4321 alterius
1398 4268 1466 4320 sit
1486 4267 1731 4323 essentia.

2111 1791 2218 1831 non
2242 1788 2460 1833 erratur
2480 1796 2510 1833 a
2539 1781 2801 1847 veritate;
2832 1783 2929 1838 sed
2976 1796 3189 1836 summa
3226 1782 3405 1838 unitas
3427 1785 3692 1854 simplici-

2111 1876 2305 1939 tasque
2328 1874 2741 1928 commendatur
2773 1876 3076 1929 communis
3122 1883 3346 1929 naturae.
3388 1873 3502 1930 Non
3544 1877 3693 1931 enini

2110 1963 2564 2030 quemadmodum
2608 1964 2925 2035 intelligitur
2973 1967 3237 2037 sapientia
3291 1968 3556 2035 hominis,
3596 1985 3698 2039 per

2110 2066 2273 2121 quam
2305 2053 2468 2109 homo
2498 2056 2715 2126 sapiens
2743 2064 2847 2121 est,
2872 2057 2964 2127 qui
2992 2073 3090 2127 per
3116 2073 3176 2113 se
3200 2074 3307 2113 non
3356 2069 3535 2128 potest
3573 2074 3697 2116 esse

2110 2142 2179 2174 ⁸⁷⁷
2209 2145 2457 2215 sapiens;
2495 2148 2567 2201 ita
2607 2147 2834 2220 intelligi
2866 2159 3068 2227 potest,
3100 2150 3148 2205 si
3169 2150 3382 2208 dicatur
3400 2151 3569 2209 Pater
3599 2170 3695 2211 es-

2110 2242 2285 2297 sentia
2314 2244 2459 2311 Filii,
2515 2255 2569 2300 et
2600 2245 2772 2301 Filius
2797 2250 3031 2303 essentia
3060 2249 3259 2317 Patris,
3313 2259 3374 2305 ut
3421 2265 3489 2307 eo
3531 2254 3695 2310 modo

2110 2334 2180 2369 ³⁷⁸
2212 2335 2285 2389 sit
2309 2335 2478 2392 Filius
2504 2338 2745 2392 existens
2789 2354 2887 2408 per
2924 2349 3163 2410 patrem,
3209 2350 3265 2395 et
3292 2340 3454 2396 Pater
3476 2356 3575 2412 per
3604 2343 3693 2398 Fi-

2111 2425 2262 2491 lium,
2294 2428 2447 2495 quasi
2496 2443 2604 2482 non
2653 2430 2821 2497 possit
2860 2430 2999 2484 alter
3020 2430 3262 2486 existens
3288 2444 3410 2487 esse
3456 2431 3561 2486 nisi
3597 2447 3703 2502 per

2112 2514 2381 2582 alterunt;
2416 2517 2557 2572 sicut
2602 2518 2766 2573 homo
2805 2533 2911 2580 son
2945 2526 3122 2588 potest
3152 2533 3274 2575 esse
3320 2520 3559 2589 sapiens,
3586 2520 3697 2575 nisi

2112 2622 2209 2677 per
2252 2610 2596 2678 sapientiam.
2650 2608 2801 2665 Sicut
2833 2626 3067 2682 namque
3099 2627 3309 2668 summa
3339 2613 3601 2683 sapientia
3621 2613 3697 2645 '"

2112 2712 2326 2768 semper
2357 2702 2500 2770 sapit
2523 2717 2620 2772 per
2644 2716 2736 2766 se;
2770 2702 2842 2755 ita
2870 2716 3079 2757 summa
3110 2702 3344 2757 essentia
3376 2716 3590 2773 semper
3610 2710 3699 2757 est

2114 2805 2213 2859 per
2259 2805 2340 2846 se.
2393 2793 2489 2847 Est
2539 2803 2719 2847 autem
2772 2793 3016 2862 perfecte
3056 2793 3128 2825 "°
3177 2807 3387 2847 summa
3453 2803 3696 2847 essenta

2112 2882 2297 2953 Pater,
2344 2894 2400 2941 et
2429 2884 2669 2956 perfecte
2715 2902 2926 2941 summa
2978 2886 3209 2941 essentia
3233 2884 3432 2955 Filius;
3487 2886 3698 2955 pariter

2115 2991 2244 3047 ergo
2270 2978 2544 3047 perfectus
2574 2978 2736 3033 Pater
2779 2994 2872 3048 per
2898 2992 2958 3032 se
2983 2985 3084 3043 est,
3104 2986 3159 3031 et
3187 2977 3393 3047 pariter
3421 2976 3694 3048 perfectus

2114 3070 2183 3100 ⁸⁸¹
2206 3068 2376 3125 Filius
2397 3086 2494 3141 per
2521 3084 2579 3125 se
2601 3080 2703 3135 est,
2738 3071 2879 3125 sicut
2904 3081 3133 3141 uterque
3160 3071 3304 3140 sapit
3331 3084 3429 3141 per
3457 3085 3538 3125 se.
3568 3068 3688 3126 Non

2112 3163 2257 3217 enim
2284 3163 2488 3219 idcirco
2511 3163 2691 3218 minus
2713 3161 2953 3234 perfecta
2989 3172 3073 3218 est
3100 3163 3337 3217 essentia
3367 3162 3452 3217 vel
3474 3164 3691 3233 sapien-

2112 3253 2186 3310 tia
2208 3253 2399 3319 Filius,
2429 3256 2557 3325 quia
2580 3264 2662 3309 est
2688 3255 2923 3310 essentia
2963 3238 3086 3309 nata
3117 3255 3185 3309 de
3222 3254 3400 3310 Patris
3429 3256 3695 3322 essentia,

2111 3356 2165 3402 et
2192 3347 2453 3418 sapientia
2489 3347 2555 3403 de
2584 3347 2876 3417 sapientia;
2925 3347 3016 3402 sed
3068 3356 3198 3404 tunc
3236 3348 3413 3403 minus
3453 3348 3697 3418 perfecta

2110 3440 2349 3493 essentia
2374 3439 2454 3495 vel
2487 3440 2752 3511 sapientia
2782 3449 2950 3508 esset,
2986 3441 3031 3497 si
3062 3456 3167 3496 non
3207 3452 3353 3498 esset
3383 3456 3482 3512 per
3513 3458 3574 3498 se
3598 3455 3695 3498 aut

2115 3544 2219 3585 non
2253 3541 2469 3601 saperet
2511 3546 2607 3602 per
2634 3545 2715 3587 se.
2746 3531 3098 3603 Nequaquam
3146 3534 3291 3588 enim
3322 3544 3587 3604 repugnat
3634 3546 3695 3592 ut

2113 3621 2285 3677 Filius
2334 3632 2389 3678 et
2417 3638 2514 3693 per
2555 3638 2614 3678 se
2640 3623 2711 3655 ’δ’
2760 3622 3041 3689 subsistat,
3095 3632 3152 3679 et
3203 3625 3270 3680 de
3312 3623 3476 3680 Patre
3496 3626 3696 3683 habeat

2112 3729 2251 3769 esse.
2286 3713 2441 3770 Sicut
2467 3715 2610 3771 enim
2652 3715 2815 3771 Pater
2858 3714 3020 3771 liabet
3059 3717 3377 3785 essentiam,
3402 3728 3459 3774 et
3479 3720 3699 3789 sapien-

2115 3805 2266 3872 tiam,
2310 3815 2367 3861 et
2410 3808 2578 3863 vitam
2608 3809 2660 3863 in
2691 3809 3016 3879 semetipso;
3065 3818 3127 3864 ut
3160 3825 3268 3865 non
3315 3825 3411 3881 per
3436 3811 3694 3881 alienam,

2113 3901 2207 3956 sed
2238 3915 2335 3971 per
2362 3916 2518 3957 suam
2566 3902 2856 3957 essentiam
2894 3902 2985 3970 sit,
3034 3917 3135 3972 per
3179 3918 3333 3959 suam
3370 3906 3695 3975 sapientiam

2113 3991 2311 4062 sapiat,
2352 4008 2450 4063 per
2492 4009 2646 4049 suam
2688 3993 2855 4049 vitam
2918 3995 3092 4061 vivat;
3144 3995 3219 4050 ita
3268 3996 3560 4068 gignendo,
3602 3998 3697 4054 dat

2113 4085 2254 4141 Filio
2290 4086 2586 4140 essentiam
2641 4087 2865 4154 habere,
2911 4096 2967 4142 et
3003 4087 3324 4158 sapientiam
3352 4097 3404 4143 et
3441 4088 3606 4143 vitam
3638 4090 3693 4145 in

2114 4178 2436 4249 semetipso;
2476 4189 2538 4232 ut
2562 4194 2666 4233 non
2698 4193 2795 4248 per
2820 4187 3158 4245 extraneam,
3200 4180 3296 4237 sed
3320 4195 3473 4235 suam
3504 4196 3694 4239 essen-

2120 4270 2273 4337 tiam,
2307 4270 2631 4341 sapientiam
2657 4278 2713 4325 et
2731 4271 2895 4325 vitam
2918 4272 3202 4338 subsistat,
3231 4271 3411 4342 sapiat
3434 4279 3489 4326 et
3512 4272 3691 4339 vivat;

426 4358 766 4415 CONSI'ECTUS
789 4374 1021 4414 CAPITIS.
1048 4388 1120 4400 ——
1143 4357 1297 4413 Alter
1324 4357 1550 4414 alterius
1592 4357 1829 4414 essentia
1858 4369 2008 4417 recte

2138 4362 2352 4433 tlioquin
2388 4378 2493 4418 non
2532 4363 2635 4418 erit
2666 4362 2807 4419 idem
2850 4379 2971 4419 esse
2996 4363 3179 4420 Patris
3206 4373 3264 4420 et
3287 4363 3430 4431 Filii,
3465 4380 3568 4419 nec
3589 4367 3701 4422 eri.

1708 4470 1942 4528 VARl/E
1982 4474 2381 4533 LECTIONES.

500 4561 838 4638 ‘f‘_li'iveiitis
865 4572 941 4617 tot
964 4572 1039 4638 et_
1062 4563 1375 4638 tantis,_et_c.
1406 4562 1461 4616 in
1491 4578 1615 4638 mss.
1641 4563 1750 4617 hic.
1776 4563 1953 4638 incipit
1982 4580 2136 4638 caput
2181 4570 2270 4623 45.
2307 4569 2400 4623 sub
2440 4570 2538 4622 hoc
2566 4567 2717 4621 titulo
2745 4586 2762 4623 :
2795 4568 3149 4636 Retractatio,
3214 4579 3312 4625 etc.
3344 4581 3401 4625 ut
3453 4572 3506 4625 in
3541 4572 3699 4626 titulo

430 4632 618 4700 capitis
648 4631 738 4685 42.
765 4634 821 4685 in
861 4634 1084 4687 excusis.

429 4711 609 4756 tamen
672 4716 895 4757 necesse
944 4718 1070 4756 mss.
1134 4700 1269 4755 Tliu.
1321 4703 1365 4756 si
1421 4712 1599 4757 tamen
1647 4700 1897 4759 necesse

428 4842 565 4895 Tliu.
596 4842 736 4910 quod
796 4844 902 4897 duo
960 4842 1068 4897 sint

425 4913 675 4987 idemque
728 4930 852 4968 mss.
903 4929 1064 4967 unum
1112 4913 1367 4987 idemque

1194 4633 1263 4709 Ψ
1298 4633 1434 4709 (litin
1471 4633 1541 4686 sit
1567 4634 1909 4703 impossibile
1954 4633 2206 4709 siefmss.
2276 4639 2414 4693 Vict.
2448 4638 2603 4707 'Sag.
2646 4654 2767 4692 cum
2831 4638 2912 4693 sic
2960 4633 3293 4709 impossibile
3334 4641 3406 4696 sit
3502 4642 3575 4674 “‘
3602 4642 3698 4699 Sic

2009 4707 2077 4739 ⁵⁵⁷
2135 4711 2314 4765 Alium
2377 4724 2499 4764 esse
2551 4709 2919 4779 genitorem...
2977 4707 3142 4764 alium
3189 4725 3313 4767 esse
3359 4728 3485 4767 mss.
3541 4712 3694 4768 aliud

428 4786 552 4847 esse
616 4772 1001 4847 genitorem...‘
1048 4772 1359 4847 aliud__es§_e
1495 4772 1565 4804 ⁸⁸⁸
1610 4772 2228 4847 Ιιι-ηιεςεεοιιιίηιιαιιιν
2284 4790 2438 4847 caput
2496 4772 2812 4847 pra'cedens.

1169 4843 1237 4873 ⁵⁷⁰
1300 4841 1618 4922 Unum___et_
1658 4844 1798 4898 idetn
1860 4846 2031 4922 ipsum
2082 4866 2207 4903 mss.
2270 4841 2426 4922 Gem.
2461 4841 2662 4922 _Cister.
2723 4866 2885 4904 unum
2951 4859 3007 4906 et
3062 4841 3115 4905 iii
3166 4852 3340 4922 ipsum

1472 4913 1541 4944 ⁵⁷²
1587 4913 1843 4969 Summus
1878 4913 2123 4984 'spiritus
2186 4936 2281 4974 ms.
2329 4921 2391 4975 S.
2450 4920 2613 4974 Micli.
2672 4922 2819 4973 omit.
2886 4937 3131 4975 summus

2942 4780 3010 4812 ⁸⁸9
3055 4780 3193 4847 Quid
3239 4782 3347 4837 duo
3403 4783 3512 4837 sint
3566 4800 3694 4838 mss.

2951 4859 3007 4906 ct
3062 4851 3115 4905 id
3166 4852 3340 4909 ipsum
3442 4853 3511 4884 ⁸⁷¹
3545 4852 3694 4909 Unus

3238 4870 3340 4906 tum
3442 4870 3702 4909 munus

3238 4922 3309 4953 ⁵⁷³
3368 4922 3522 4979 Sicut
3569 4934 3701 4980 sunt

424 4984 725 5038 concordes
754 4996 965 5045 natura,
996 4993 1050 5038 et
1078 4985 1214 5039 alter
1240 5001 1366 5038 mss.
1401 4984 1479 5039 sic
1505 4995 1629 5039 sunt
1668 4994 1861 5041 natura
1894 4990 2191 5045 concordes
2220 5000 2277 5044 ut
2308 4992 2445 5046 alter
2490 5006 2591 5044 ms.
2617 4989 2804 5044 Cister.
2838 4993 2985 5045 omit.
3021 5000 3149 5046 sunt
3223 4994 3295 5037 ‘7‘
3324 4992 3388 5048 In
3410 5010 3535 5048 mss.
3568 5011 3699 5047 con-

426 5056 666 5135 tinuatur
692 5053 1201 5178 Caputfrwcedens.
1222 5125 1233 5136 .
1278 5055 1349 5086 ⁸⁷⁵
1381 5054 1449 5108 Ει
1477 5053 1637 5109 aliter
1667 5054 1807 5108 lilius
1832 5074 1961 5111 mss.
2007 5056 2136 5113 Vict.
2173 5060 2303 5129 Sag.
2337 5062 2485 5116 omit.
2511 5069 2565 5114 et
2640 5061 2709 5091 ⁵⁷⁸
2756 5060 2908 5117 Unde
2948 5063 3114 5117 etiam
3140 5063 3180 5116 si
3211 5075 3311 5118 etc.
3338 5064 3393 5118 in
3422 5065 3567 5118 miss.
3605 5065 3695 5118 hic

426 5127 604 5178 incinit
643 5124 810 5178 Caput
837 5125 868 5178 4
911 5164 924 5178 .
956 5142 1072 5178 cum
1101 5141 1161 5178 eo
1194 5125 1345 5178 titulo
1373 5140 1392 5178 :
1418 5123 1699 5178 Ouomodo
1724 5125 1879 5178 alter.
1902 5139 2000 5178 etc.
2029 5138 2085 5178 ut
2121 5130 2175 5178 in
2216 5130 2369 5178 titulo
2393 5129 2592 5178 Canilis
2622 5130 2693 5178 .53
2724 5132 2779 5178 in
2808 5134 3034 5178 excusis-
3113 5130 3180 5165 ⁸⁷⁷
3215 5134 3326 5178 Nnn
3361 5143 3542 5178 nntesl
3572 5150 3695 5178 ρςςρ

423 5126 604 5193 incipit
643 5124 810 5194 Caput

911 5164 924 5178 .
956 5142 1072 5179 cum
1101 5141 1161 5179 eo
1194 5125 1345 5179 titulo
1373 5140 1392 5178 :
1418 5123 1699 5203 Quomodo
1724 5125 1879 5191 alter,
1902 5139 2000 5203 et_c.
2029 5138 2085 5181 ut
2121 5123 2369 5203 in_titulo
2393 5129 2592 5202 Capitis
2622 5130 2693 5187 45
2724 5132 2779 5186 in
2808 5134 3035 5203 excusis.
3113 5130 3180 5165 ⁵⁷⁷
3211 5134 3326 5190 Non
3360 5143 3542 5203 potest
3572 5150 3698 5189 esse

427 5210 522 5274 per
551 5211 610 5251 se
636 5212 764 5275 mss.
798 5208 977 5275 perge
1009 5211 1125 5275 non.
1140 5205 1318 5263 potest
1346 5209 1465 5250 esse
1507 5194 1716 5275 λη’,οι
1737 5210 1801 5249 eo
1836 5198 1995 5252 modo
2020 5215 2145 5275 m‘ss.
2173 5199 2305 5254 Tliu.
2332 5194 2608 5275 uteodem
2638 5204 2795 5257 modo
2869 5199 2941 5235 δ”
2965 5203 3212 5271 Namque
3242 5194 3452 5260 sumina
3481 5204 3699 5275 sapien-

430 5266 497 5344 tia
528 5282 623 5319 ms.
659 5265 866 5344 Thurin.
897 5266 997 5344 30;
1020 5266 1187 5344 omi_t_t_.
1223 5281 1434 5344 summa
1505 5265 1587 5344 "ﬂ
1620 5266 1715 5321 Est
1745 5275 1925 5344 anteiit
1955 5267 2193 5336 perfecte
2226 5287 2334 5344 ms.
2374 5269 2510 5325 Vict.
2548 5271 2601 5324 5.
2630 5274 2774 5326 omit.
2808 5276 3048 5343 perfecte
3123 5265 3191 5307 5“
3224 5276 3287 5330 Et
3317 5276 3523 5344 pariter
3545 5265 3696 5342 ’μεν-

428 5332 599 5418 fectus
625 5334 923 5418 niss._'Vict.
960 5334 1088 5405 Sag.
1117 5334 1251 5388 Tliu.
1291 5336 1437 5391 omit.
1473 5336 1677 5407 pariter
1749 5336 1819 5367 ⁸⁸³
1859 5332 2143 5408 Repugnat
2173 5351 2230 5395 ut
2265 5341 2404 5397 filius
2434 5358 2532 5413 per
2561 5357 2619 5398 se
2646 5360 2769 5399 mss.
2808 5332 2953 5400 ‘Vict.
2981 5346 3112 5418 Sag.
3149 5345 3190 5400 Τ
3192 5346 3282 5402 Im.
3317 5332 3505 5401 Cistcr.
3532 5332 3691 5417 repu-

1900 5476 2126 5535 ΝΟΤιΕ.

429 5413 599 5471 guant
622 5414 681 5460 ut
707 5406 850 5462 ﬁlius
871 5417 924 5462 et
950 5421 1048 5477 per
1070 5420 1130 5461 se

500 5542 611 5618 (ει)
648 5544 796 5618 Alias
818 5546 907 5618 hic
940 5546 1129 5616 incipit
1155 5560 1275 5618 cap.
1308 5546 1399 5618 42.

499 5614 612 5686 (6:2)
650 5615 800 5670 Alias
823 5616 909 5671 hic
933 5614 1117 5689 incipit
1141 5614 1260 5688 cap.
1291 5617 1382 5672 43.

2184 5554 2297 5627 (65)
2337 5552 2484 5613 Alias
2506 5564 2587 5612 est
2611 5571 2736 5626 pars
2765 5570 2883 5628 cap.
2918 5541 3026 5611 45..
