3916 6054
391 199 494 267 199
921 188 981 245 S.
1020 187 1319 246 ANSELMI
1356 183 1715 246 CANTUAB.
1748 177 2065 237 ARCHIEP.
2105 173 2259 230 OPP.
2296 171 2480 230 PARS
2519 170 2563 226 Ι.
2600 199 2672 211 -
2711 164 3134 226 DOGMATICA.
3545 161 3657 219 200

386 324 444 371 ει
471 312 720 379 scientia,
769 320 826 368 et
877 308 1166 380 sapientia,
1195 313 1254 361 et
1297 302 1528 367 veritas,
1574 305 1970 369 consequenter
1995 295 2046 353 Α
2069 292 2185 361 ipsa
2211 298 2399 345 nostra
2423 286 2495 380 ﬁ”
2517 285 2815 351 memoria;
2866 286 2963 340 sed
3004 283 3088 340 sic
3108 289 3195 339 εει
3220 295 3429 339 memor
3443 281 3552 345 sui,
3594 294 3657 341 ut

389 407 663 478 colligitur
683 374 811 476 quia
843 374 988 459 sicut
1010 400 1179 458 Filius
1200 404 1285 453 est
1310 392 1688 465 intelligentia,
1723 398 1778 448 et
1794 389 1972 446 scien-
2072 384 2188 455 ipse
2230 376 2491 436 memoria
2528 392 2627 432 sua
2657 377 2744 432 sit.
2789 374 3150 444 Consequitur
3198 374 3382 443 itaque
3422 383 3481 428 ut
3510 389 3655 445 quo-

392 499 489 564 tia,
516 466 572 552 et
598 466 887 564 sapientia,
918 499 980 548 ἐι
1010 489 1210 544 veritas
1236 494 1476 556 paternae
1505 482 1863 547 substantiae;
1894 481 1972 537 ita
2070 479 2235 536 modo
2255 477 2424 534 Filius
2447 486 2533 533 est
2553 469 2908 543 intelligentia
2930 469 3043 524 sive
3060 467 3327 536 sapientia
3353 466 3554 531 Patris,
3579 469 3659 523 ita

390 558 486 645 est
504 558 858 656 intelligentia
897 578 1289 649 intelligentiae,
1337 574 1566 632 scientia
1593 574 1857 641 scientiae,
1885 587 1973 630 sa-
2072 573 2144 629 sit
2167 579 2224 626 et
2258 577 2505 640 paterna:
2551 565 2849 622 memoriae.
2900 562 2973 618 At
3017 559 3279 628 quidquid
3301 558 3471 618 Filius
3492 559 3654 656 sapit.

388 677 592 750 pientia
621 648 922 746 sapientiae,
951 679 1006 726 et
1037 648 1239 725 veritas
1267 665 1536 723 veritatis.
2072 670 2167 719 aut
2190 660 2480 731 intelligit;
2513 657 2630 727 ejus
2656 657 2908 712 similiter
2933 663 2989 711 (τι
3017 653 3289 711 meminit.
3315 650 3430 721 (65)
3463 649 3534 682 sos
3555 648 3658 703 Εςι

702 795 931 854 CAPUT
968 793 1170 851 XLVI"
1196 792 1292 866 [aL
1349 791 1536 865 XLVI]
1562 792 1653 846 ut.
2255 749 2427 806 Filius
2452 747 2718 854 memoria
2747 746 2957 866 Patris,
2979 753 3035 851 et
3062 743 3328 866 memoria
3352 739 3659 866 minimi?

392 910 548 979 Quod
580 919 628 965 et
659 908 918 981 quomodo
960 906 1133 962 Filius
1163 909 1232 981 sit
1261 905 1603 981 intelligentia
1637 911 1721 966 vel
1758 906 1967 981 sapien-

500 983 577 1036 tia
605 974 894 1046 memoriis,
920 987 968 1034 et
1000 977 1253 1032 memoria
1280 974 1463 1031 Patris
1492 986 1541 1030 et
1576 974 1862 1032 memoriae.

390 1089 738 1146 Conseccrus
765 1100 1086 1142 CAPlTls.-—-
1105 1083 1342 1139 Verbum
1365 1082 1550 1154 reiest
1574 1082 1687 1153 ipsa
1717 1082 1972 1154 cogitatio

458 1161 528 1213 ad
563 1158 681 1227 ejus
702 1156 1108 1227 similitudinem
1139 1169 1209 1227 er
1234 1153 1494 1227 memoria
1526 1151 1809 1227 formatae:
1830 1153 1973 1227 Ergo

463 1222 695 1284 Verbum
716 1244 782 1283 ex
794 1226 1051 1282 memoria
1066 1225 1325 1281 nascitur.
1346 1223 1486 1293 Ergo
1499 1223 1642 1279 sicut
1655 1222 1823 1278 Filius
1835 1224 1975 1282 dici.

462 1308 553 1353 tur
565 1297 833 1363 Verbum;
859 1298 938 1353 sic
951 1296 1130 1356 Pater,
1162 1310 1229 1350 ex
1249 1309 1358 1364 quo
1383 1294 1645 1364 gignitur,
1671 1293 1774 1348 dici
1796 1301 1974 1364 potest

459 1369 745 1424 memoria.
756 1366 900 1437 Ergo
912 1364 1227 1437 sicutFilins
1239 1363 1321 1437 est
1334 1363 1686 1437 intelligentia
1699 1363 1973 1431 etsapien-

464 1440 538 1492 tia
566 1438 764 1505 Patris,
796 1433 871 1491 ita
900 1445 982 1491 est
1001 1434 1350 1505 intelligentia
1372 1433 1708 1505 etsapientia
1734 1441 1972 1505 paternae

461 1502 759 1563 memoriae.
771 1507 837 1561 Et
855 1507 981 1576 quia
994 1504 1164 1576 Filius
1178 1502 1443 1575 quidquid
1466 1502 1608 1576 sapit
1626 1502 1967 1576 et_inte_lligit,

465 1577 584 1645 ejus
613 1586 671 1632 et
711 1572 988 1640 meminit;
1032 1572 1613 1645 Filins‘est’memoria
1665 1572 1897 1645 Patris._
1916 1580 1973 1627 et

2073 845 2127 903 id
2155 853 2261 912 est,
2307 842 2570 900 memoria
2602 857 2816 898 memor
2861 840 3064 905 Patris,
3093 839 3185 909 qui
3236 845 3323 893 est
3365 834 3658 903 memoria,

2072 938 2213 994 sicut
2238 944 2323 993 est
2341 933 2611 1004 sapientia
2638 933 2839 998 Patris,
2869 939 2928 987 et
2953 929 3221 1002 sapientia
3260 926 3557 999 sapientiae,
3596 924 3655 981 id

2072 1039 2176 1095 est,
2206 1030 2472 1101 sapientia
2498 1026 2718 1097 sapiens
2741 1023 2958 1079 Patrem
2986 1019 3306 1091 sapientiam
3336 1032 3353 1073 :
3396 1028 3453 1072 et
3481 1015 3656 1072 Filius

2072 1121 2293 1193 quidem
2324 1117 2584 1176 memoria
2615 1124 2742 1171 nata
2771 1114 2839 1171 de
2861 1111 3151 1176 memoria,
3198 1109 3343 1165 sicut
3384 1106 3656 1177 sapientia

2073 1219 2200 1266 nata
2230 1210 2297 1265 de
2322 1209 2617 1280 sapientia;
2648 1206 2815 1262 Pater
2843 1219 2972 1260 vero
3018 1204 3085 1260 de
3114 1201 3263 1258 nullo
3293 1208 3423 1256 nata
3446 1211 3656 1255 memo-

2074 1299 2157 1355 ria
2181 1298 2267 1354 vel
2300 1298 2588 1369 sapientia.

2587 1385 2814 1444 CAPUT
2851 1385 3016 1440 xux
3038 1384 3175 1458 (om.

2391 1482 2545 1549 Quod
2569 1498 2804 1537 summus
2835 1478 3064 1549 Spiritus
3093 1496 3148 1532 se
3175 1486 3333 1532 amet.

2073 1574 2416 1633 Conspectus
2450 1588 2679 1630 CAPITIS.
2710 1603 2779 1614 —
2806 1571 3063 1626 Summus
3085 1569 3341 1640 Spiritus,
3384 1566 3528 1640 sicut
3568 1565 3657 1621 sui

464 1636 726 1703 memoria
760 1636 1057 1709 memoriae,
1096 1645 1146 1699 id
1174 1654 1258 1699 est
1324 1643 1584 1697 memoria
1618 1656 1826 1697 memor
1867 1641 1968 1695 Pa—
2002 1645 2049 1702 Β
2147 1662 2353 1701 memor
2380 1656 2464 1701 est
2496 1654 2550 1701 et
2587 1657 2645 1697 se
2681 1642 2953 1711 intelligit,
2985 1642 3057 1695 ita
3089 1636 3147 1694 se
3176 1647 3341 1694 amat.
3390 1636 3525 1691 Nam
3600 1647 3659 1690 et

465 1719 565 1773 tris
587 1719 679 1787 qui
709 1725 794 1772 est
828 1715 1089 1787 memoria
1136 1714 1203 1770 de
1248 1712 1396 1787 nullo
1440 1723 1600 1787 nata;
1634 1712 1819 1787 Filius
1840 1726 1972 1766 vero

463 1796 548 1843 est
578 1781 839 1842 memoria
868 1793 995 1840 nata
1019 1785 1090 1840 de
1115 1783 1398 1849 memoria,
1440 1784 1543 1839 hoc
1571 1791 1656 1838 est
1699 1783 1766 1839 de
1785 1781 1971 1838 Patre.

465 1896 542 1954 De
574 1897 837 1953 memoria
862 1910 990 1952 vero
1032 1894 1160 1966 quid
1190 1894 1533 1951 sentiendum
1566 1894 1679 1951 est?
1710 1909 1780 1948 an
1827 1894 1977 1948 testi-

393 1990 625 2044 mandus
661 1999 745 2043 est
770 1988 942 2044 Filius
995 1987 1348 2057 intelligentia
1376 1986 1668 2051 memoriae.
1718 1985 1834 2041 sive
1862 2002 1977 2042 me-

394 2083 565 2136 moria
596 2079 796 2146 Patris,
826 2087 918 2134 aut
942 2078 1201 2135 memoria
1225 2076 1532 2133 memoriae?
1560 2076 1823 2147 Equidem
1849 2092 1973 2133 cum

393 2185 601 2225 summa
627 2168 891 2239 sapientia
924 2168 1006 2223 sui
1049 2181 1261 2223 memor
1288 2181 1408 2222 esse
1438 2167 1623 2236 negari
1654 2181 1758 2222 non
1783 2167 1972 2236 possit,

394 2257 530 2313 nihil
556 2257 952 2328 competentius
974 2271 1136 2326 quam
1160 2255 1214 2311 in
1240 2255 1500 2311 memoria
1525 2254 1720 2322 Pater,
1748 2255 1887 2311 sicut
1918 2256 1974 2310 in

394 2347 575 2404 Verbo
595 2347 765 2402 Filius
788 2346 1143 2417 intelligitur;
1168 2344 1422 2416 quoniam
1447 2344 1514 2399 de
1537 2344 1799 2399 memoria
1821 2343 1974 2400 nasci

395 2436 632 2494 Verbum
655 2438 893 2503 videtur,
923 2436 1067 2508 quod
1098 2436 1299 2491 clarius
1329 2435 1384 2490 in
1420 2443 1607 2491 nostra
1644 2444 1826 2491 mente
1848 2450 1972 2506 per-

395 2526 610 2597 cipitur.
645 2524 910 2592 Quoniam
950 2538 1189 2594 namque
1230 2538 1384 2579 mens
1412 2525 1648 2578 humana
1688 2539 1796 2580 non
1827 2539 1975 2580 sem-

393 2629 580 2686 perse
624 2615 847 2686 cogitat,
879 2614 1020 2669 sicut
1073 2612 1157 2668 sui
1209 2628 1425 2683 semper
1472 2614 1751 2681 meminit,
1782 2613 1976 2684 liquet.

397 2719 523 2762 cum
573 2718 635 2760 se
664 2706 886 2777 cogitat,
921 2704 1048 2775 quia
1096 2704 1321 2761 verbum
1371 2702 1487 2774 ejus
1518 2703 1587 2735 ⁶⁰¹
1621 2704 1865 2760 nascitur
1911 2705 1978 2762 de

396 2796 680 2853 memoria.
714 2790 869 2854 Unde
893 2806 1116 2869 apparet
1142 2796 1266 2867 quia
1297 2795 1343 2852 si
1366 2810 1580 2867 semper
1607 2809 1666 2852 se
1688 2796 1976 2866 cogitaret,

396 2904 613 2960 semper
638 2890 862 2946 verbum
898 2890 1017 2959 ejus
1044 2890 1110 2945 de
1138 2889 1400 2947 memoria
1451 2898 1789 2945 nasceretur.
1840 2888 1975 2946 Rem

2145 1716 2260 1785 ipsa
2292 1732 2445 1772 mens
2473 1712 2750 1770 rationalis
2779 1728 2839 1769 se
2873 1722 2928 1767 et
2957 1711 3106 1785 illum
3137 1722 3498 1785 amareposse
3527 1723 3661 1760 ron-

2147 1778 2384 1842 vincitur
2413 1800 2478 1840 ex
2514 1800 2583 1841 eo
2608 1786 2750 1853 quod
2780 1798 2840 1840 se
2875 1792 2933 1838 et
2957 1782 3106 1838 illum
3134 1781 3306 1849 possit
3332 1778 3657 1848 intelligere.

2148 1898 2255 1955 Sed
2285 1914 2413 1956 ecce
2433 1900 2560 1954 dum
2592 1897 2662 1930 “°
2690 1895 2850 1965 hujus
2879 1895 3059 1950 Patris
3092 1894 3323 1962 Filiique
3352 1891 3659 1963 proprieta-

2079 2002 2161 2049 tes
2205 1991 2752 2059 communionemque
2801 1986 3190 2044 delectabiliter
3234 1987 3462 2042 intueor.
3516 1979 3657 2036 nihil

2077 2083 2447 2140 delectabilius
2469 2083 2521 2137 in
2540 2082 2645 2138 illis
2666 2079 3143 2150 contemplandum
3168 2076 3382 2131 invenio
3396 2089 3559 2145 quam
3574 2072 3649 2105 ⁶¹¹

2077 2179 2253 2235 mutui
2283 2179 2486 2234 amoris
2513 2177 2787 2235 all‘ectum.
2820 2177 2994 2245 Quam
3018 2175 3163 2229 enim
3186 2164 3265 2204 ’ω
3291 2171 3529 2227 absurde
3558 2183 3658 2223 ne-

2077 2280 2234 2342 getur
2258 2285 2503 2326 summus
2547 2270 2782 2341 Spiritus
2825 2284 2886 2326 se
2916 2281 3123 2332 amare,
3158 2265 3299 2321 sicut
3326 2264 3408 2319 sui
3445 2276 3661 2318 memor

2077 2371 2186 2428 est,
2216 2372 2271 2417 et
2301 2378 2359 2418 se
2387 2362 2664 2434 intelligit!
2699 2377 2820 2419 eum
2846 2370 2902 2416 et
2924 2376 3077 2415 utens
3107 2358 3177 2390 ‘“
3207 2355 3486 2412 rationalis
3515 2363 3569 2410 et
3596 2367 3659 2409 se

2077 2462 2133 2510 et
2158 2455 2304 2510 illum
2331 2471 2514 2510 amare
2534 2470 2695 2527 posse
2720 2453 3076 2511 convincatur
3100 2467 3165 2508 ex
3194 2465 3279 2515 eo,
3327 2451 3448 2520 quia
3477 2448 3557 2502 sui
3600 2458 3661 2503 et

2078 2547 2223 2605 illius
2246 2562 2455 2604 memor
2483 2563 2627 2615 esse,
2662 2557 2718 2603 et
2741 2562 2799 2603 se
2842 2556 2896 2602 et
2919 2545 3067 2602 illum
3109 2543 3409 2610 intelligere
3431 2548 3607 2612 potest
3640 2558 3654 2594 :

2078 2641 2254 2695 otiosa
2302 2654 2559 2709 namque,
2604 2647 2660 2692 et
2689 2638 2906 2709 penitus
2950 2635 3155 2691 inutilis
3194 2642 3280 2690 εει
3310 2633 3569 2691 memoria
3603 2640 3663 2686 et

2078 2732 2437 2803 intelligentia
2468 2728 2762 2800 cujuslibet
2792 2729 2900 2795 rei;
2929 2728 3058 2793 nisi,
3089 2735 3250 2797 prout
3298 2724 3438 2780 ratio
3462 2722 3660 2793 exigit,

2082 2839 2170 2880 res
2198 2826 2311 2895 ipsa
2350 2834 2566 2881 ametur
2591 2832 2683 2880 aut
2708 2824 3052 2894 reprobetur.
3078 2824 3239 2876 Amat
3262 2835 3394 2892 ergo
3418 2819 3661 2888 seipsum
3682 2842 3699 2895 θ

2079 2930 2324 2972 summus
2376 2915 2641 2988 Spiritus;
2697 2916 2839 2971 sicut
2889 2915 2972 2971 sui
3024 2913 3287 2979 meminit,
3348 2920 3403 2967 et
3449 2924 3510 2967 se
3568 2909 3661 2964 in—

394 2976 602 3040 etenim
646 2982 907 3052 cogitare,
946 2981 1115 3079 cujus
1166 2980 1484 3036 memoriam
1529 2980 1811 3045 habemus,
1872 2981 1978 3037 hoc
2004 2985 2047 3044 C
2081 3007 2290 3079 ιεηίεει,

393 3083 483 3130 εει
525 3083 708 3132 mente
756 3089 878 3132 eam
927 3074 1139 3141 dicere;
1190 3073 1415 3129 verbum
1445 3085 1576 3128 vero
1615 3071 1715 3137 rei,
1744 3080 1830 3127 est
1858 3071 1974 3142 ipsa

396 3163 656 3236 cogitatio
685 3165 756 3220 ad
792 3162 911 3233 eius
959 3162 1371 3237 similitudinem
1417 3175 1486 3216 ex
1542 3161 1805 3217 memoria
1860 3160 1976 3216 for-

396 3264 562 3314 mata.
616 3255 754 3311 Hinc
781 3256 964 3326 itaque
1019 3254 1223 3326 liquido
1270 3252 1636 3309 animadverti
1685 3260 1866 3323 potest
1909 3251 1978 3307 de

398 3359 612 3401 summa
647 3345 937 3417 sapientia,
990 3360 1111 3415 qua:
1160 3344 1240 3399 sic
1288 3357 1505 3414 semper
1545 3356 1605 3398 se
1649 3342 1803 3408 dicit,
1834 3342 1979 3398 sicut

397 3451 612 3507 semper
661 3437 745 3491 sui
794 3451 1005 3492 memor
1053 3445 1162 3501 est,
1215 3438 1341 3506 quia
1372 3437 1441 3491 de
1474 3443 1677 3492 aeterna
1714 3436 1979 3493 memoria

398 3525 517 3594 ejus
545 3533 875 3581 coaeternum
920 3525 992 3557 ⁸⁸³
1024 3525 1262 3582 Verbum
1313 3525 1580 3581 nascitur.
1627 3524 1780 3580 Sicut
1814 3526 1979 3596 igitur

397 3615 636 3673 Verbum
672 3630 910 3688 congrue
961 3615 1280 3688 intelligitur
1324 3615 1534 3687 proles;
1577 3617 1656 3672 ita
1690 3618 1976 3687 memoria,

397 3709 642 3780 parentis
670 3724 871 3765 nomen
916 3708 1201 3780 aptissime
1228 3710 1475 3781 suscipit.
1506 3708 1568 3767 Si
1599 3724 1730 3781 ergo
1776 3708 1973 3780 proles,

396 3815 519 3870 quas
542 3801 764 3856 omnino
789 3801 854 3857 de
876 3800 993 3857 solo
1028 3816 1241 3857 summo
1269 3801 1475 3874 Spiritu
1506 3810 1631 3857 nata
1666 3810 1767 3866 est,
1797 3802 1977 3872 proles

397 3890 483 3949 est
528 3892 803 3948 memoria:
831 3892 980 3964 ejus;
1037 3895 1173 3951 nihil
1224 3894 1651 3965 consequentius
1686 3893 1778 3960 ⁸⁸⁵,
1814 3909 1976 3963 quam

399 3983 525 4054 quia
551 3986 812 4041 memoria
837 4002 933 4043 sua
956 3997 1040 4043 est
1064 3988 1136 4020 ⁶⁰³
1180 3986 1323 4044 idem
1371 3987 1508 4056 ipse.
1539 3985 1750 4055 Quippe
1771 3999 1878 4039 non
1923 3985 1980 4040 iu

395 4089 462 4131 eo
491 4074 561 4108 ⁸⁸⁸
582 4077 726 4146 quod
757 4078 841 4132 sui
872 4092 1081 4134 ntemor
1125 4085 1231 4145 est,
1277 4077 1358 4133 sic
1399 4085 1483 4131 est
1527 4075 1582 4129 in
1630 4090 1729 4131 sua
1770 4088 1979 4130 memo-

396 4167 477 4221 ria
505 4167 596 4233 ⁸⁸⁷,
620 4168 768 4223 velut
791 4167 899 4224 alia
926 4183 1015 4224 res
1037 4170 1090 4224 in
1120 4168 1261 4234 alia;
1293 4166 1749 4238 quemadmodum
1773 4180 1837 4221 ea
1859 4180 1981 4237 qua:

398 4256 479 4313 sic
502 4266 630 4313 sunt
658 4258 713 4314 in
760 4258 1011 4314 humana:
1043 4259 1241 4316 mentis
1271 4257 1563 4321 memoria,
1611 4264 1672 4311 ut
1712 4270 1821 4311 non
1867 4255 1980 4311 sint

2452 3098 2681 3156 CAPUT
2720 3098 2762 3154 L
2793 3098 2893 3172 [αι.
2917 3094 3151 3169 XLVIII]
3191 3094 3258 3128 ‘“

2081 3189 2235 3259 Quod
2259 3191 2397 3247 idem
2423 3210 2574 3247 amor
2599 3193 2797 3264 pariter
2822 3191 3071 3263 procedat
3115 3209 3149 3245 a
3202 3188 3365 3245 Patre
3407 3197 3456 3245 et
3490 3185 3657 3242 Filio.

2077 3303 2419 3361 Cousrscrus
2444 3319 2671 3360 ελεγι-ιε.
2694 3302 2934 3359 -—-Patet
2976 3309 3156 3357 autem
3195 3298 3389 3356 summi
3425 3297 3663 3367 Spiritus

2149 3390 2388 3431 amorem
2419 3389 2489 3430 ex
2511 3390 2576 3429 eo
2602 3375 2897 3444 procedere
2924 3374 3048 3443 quia
3071 3372 3154 3426 sui
3186 3385 3392 3444 memor
3416 3379 3500 3425 est
3519 3382 3566 3424 ε’
3600 3383 3666 3424 εε

2148 3444 2508 3517 21intelligit
2522 3459 2536 3498 :
2552 3440 2693 3500 nulla
2710 3447 2854 3517 enim
2870 3440 2959 3500 res
2972 3452 3184 3517 amatur
3196 3441 3313 3496 sine
3327 3440 3442 3517 ejus
3458 3454 3665 3517 nmina-

2147 3510 2252 3572 Fia—
2255 3525 2312 3571 et
2333 3510 2708 3586 intelligentia.
2724 3514 2875 3586 Ergo
2894 3528 3048 3586 amor
3064 3513 3152 3586 ille
3171 3510 3414 3586 procedit
3439 3527 3471 3565 a
3498 3510 3666 3586 Patre

2106 3636 2114 3642 .
2148 3587 2242 3658 qui
2266 3597 2352 3644 est
2379 3580 2662 3654 memoria,
2696 3595 2753 3643 et
2775 3580 2824 3639 ε’
2836 3584 2972 3640 Filio
2991 3584 3084 3655 qui
3109 3580 3195 3640 est
3225 3580 3609 3652 intelligentia.

2148 3680 2334 3739 Palam
2367 3688 2515 3736 certe
2551 3689 2635 3734 est
2661 3677 2927 3733 rationem
2973 3675 3217 3743 babenti,
3261 3690 3386 3730 eum
3422 3690 3530 3729 non
3570 3673 3661 3728 id-

2077 3781 2228 3838 circo
2256 3780 2325 3813 ⁶¹⁸
2354 3780 2439 3836 ευί
2479 3793 2774 3835 memorem
2824 3789 2947 3834 esse
2969 3781 3068 3829 aut
3093 3786 3152 3828 se
3182 3768 3504 3839 intelligere,
3533 3765 3661 3834 quia

2079 3888 2140 3931 se
2167 3882 2328 3938 amat,
2355 3872 2451 3929 sed
2480 3871 2601 3928 ideo
2620 3886 2682 3928 se
2704 3883 2912 3933 amare,
2936 3866 3063 3937 quia
3107 3862 3190 3920 sui
3226 3860 3493 3922 meminit,
3528 3867 3665 3911 etse

2080 3964 2359 4034 intelligit;
2395 3978 2497 4019 nec
2533 3977 2660 4018 eum
2701 3976 2761 4017 se
2804 3972 2965 4031 posse
3010 3970 3225 4020 amare,
3248 3953 3294 4008 si
3318 3953 3401 4007 sui
3453 3966 3558 4006 non
3591 3951 3667 4005 sit

2080 4072 2307 4121 memor,
2324 4064 2417 4110 aut
2445 4069 2505 4110 se
2526 4068 2632 4110 non
2654 4051 2919 4123 intelligat
2939 4050 3030 4103 “‘.
3055 4047 3210 4103 Nulla
3232 4046 3376 4101 enim
3400 4059 3486 4099 res
3511 4059 3668 4097 ama-

2081 4162 2190 4221 tur,
2224 4149 2343 4205 sine
2360 4148 2479 4218 ejus
2501 4146 2763 4202 memoria
2786 4154 2881 4200 aut
2900 4140 3255 4211 intelligentia
3286 4136 3391 4205 6";
3416 4146 3471 4192 et
3492 4135 3664 4190 multa

2082 4253 2336 4301 tenentur
2359 4239 2618 4297 memoria
2638 4247 2694 4295 et
2721 4235 3098 4307 intelliguntur
3117 4246 3239 4304 quae
3257 4243 3365 4287 non
3384 4235 3661 4283 amantur.

1721 4385 1908 4511 [\le
1946 4377 2329 4442 LECTlONES

472 4528 543 4563 σοι
566 4524 694 4597 Cap.
732 4525 802 4580 46
823 4535 897 4581 est
928 4542 987 4580 ιη
1015 4542 1141 4597 mss.
1172 4531 1324 4597 cqput
1342 4519 1416 4597 d8
1443 4519 1538 4574 sub
1574 4521 1672 4575 hoc
1701 4519 1855 4597 titulo
1892 4516 2097 4597 τρηριί
2125 4524 2181 4597 et_
2205 4516 2473 4597 quomodo

403 4570 673 4651 memoriae
710 4611 725 4660 ;
797 4570 877 4651 εἶ’
914 4570 1171 4650 memoria
1212 4570 1388 4648 Patris
1442 4598 1499 4644 et
1553 4570 1845 4646 memerita
1893 4570 1996 4660 λδ
2026 4570 2184 4654 Ωιιοά
2221 4570 2450 4638 ἶτενιηιῐη
2489 4576 2606 4660 οἱ]Ῑὲ
2643 4592 2798 4660 νζεξξτ,
2835 4570 2967 4660 νὲςι-

619 4634 689 4697 τῖε
711 4634 1388 4720 λίθεοέε·έιν··;ῖεεῖεῖειῑιςκῑ
1444 4634 1891 4716 εει-ηιλςεκδῑίς.
1934 4634 2427 4724 curassem
2656 4644 2801 4700 Νειιίι
2865 4634 3274 4724 commemini
3540 4634 3684 4718 νέειν

619 4738 712 4780 ina-
753 4733 812 4780 S-
858 4733 1016 4780 Mich-
1053 4734 1242 4780 Hister-
1283 4731 1415 4780 nihil
1443 4731 1866 4780 consenuenlitts
1935 4729 2004 4760 ⁸⁸⁸
2033 4724 2291 4780 Memoria
2319 4720 2436 4780 eius
2461 4730 2544 4775 est
2584 4734 2710 4772 mss.
2762 4720 3024 4769 memoria
3055 4725 3149 4766 sua
3179 4720 3263 4766 est
3309 4708 3406 4780 7‘"
3453 4707 3667 4780 Quippe

1935 4722 2004 4760 ⁸⁸⁸
2033 4724 2291 4781 Memoria
2319 4722 2436 4789 ejus
2461 4730 2544 4775 est
2584 4734 2710 4772 mss.
2762 4722 3024 4769 memoria
3055 4725 3149 4766 sua
3179 4722 3263 4766 est
3335 4722 3406 4741 ον’
3453 4722 3667 4777 quippe

1902 4799 1974 4833 ⁶⁰¹
2004 4797 2096 4853 Sic
2115 4803 2198 4851 est
2225 4795 2278 4848 in
2339 4791 2421 4844 sui
2469 4790 2729 4844 memoria
2786 4801 2913 4839 mss.
2972 4780 3121 4837 Gem.
3144 4779 3236 4853 S._
3266 4779 3427 4834 Mich.
3469 4779 3663 4853 C_ister.

395 4677 517 4733 ejus
619 4677 689 4697 °"
714 4677 973 4719 memoria
1040 4677 1368 4720 romternum
1449 4677 1577 4714 mss.
1631 4677 1866 4716 memori:

401 4754 540 4807 gent.
582 4733 712 4805 Sag.
752 4733 813 4790 S.
853 4733 1242 4807 Mich._Cister.
1282 4731 1415 4807 nihil
1443 4731 1866 4807 consequentins

399 4802 508 4882 non
541 4802 733 4882 est,'in
762 4818 826 4859 eo
856 4821 982 4858 mss.
1012 4803 1272 4882 δηθιίεζεἒ
1308 4802 1518 4882 _quippe
1541 4818 1645 4856 non
1683 4803 1734 4856 in
1767 4815 1833 4856 eo

394 4861 479 4939 sic
522 4885 594 4933 est
630 4861 683 4930 in
729 4891 826 4931 sua
868 4878 1132 4945 memoria
1202 4874 1273 4906 ⁵⁸⁸
1308 4861 1509 4945 Ιῤεῖη
1542 4883 1730 4928 nostra
1767 4888 1895 4926 mss.
1934 4871 2047 4945 ipsa
2106 4876 2300 4945 nostra
2329 4861 2591 4945 memoria

858 4924 1274 5001 “Rw-Sedwecce
1508 4924 1730 4998 statin—
1763 4924 1892 4996 mss.
1955 4924 2065 4992 'ﬂic
2120 4936 2303 5005 incipit
2357 4933 2427 4988 49
2481 4931 2575 4986 sub
2626 4931 2738 5005 hoc
2774 4924 2923 5005 titulo
2973 4939 2995 4979 :

391 4946 710 5029 prwcedeus.

400 5007 533 5074 ritus
580 5031 639 5071 se
683 5025 847 5071 amet.
889 5024 945 5070 ut
993 5016 1049 5070 in
1093 5016 1245 5070 titulo
1283 5014 1483 5082 Capitis
1523 5014 1594 5070 48
1624 5016 1679 5069 in
1710 5014 1886 5068 editis.
1929 5009 2035 5082 ‘7‘“
2063 5007 2271 5082 Inveni,

1994 4517 2097 4571 uod
2125 4524 2176 4570 et
2205 4508 2473 4583 quomodo
2524 4505 2694 4570 Filius
2733 4505 2806 4559 sit
2855 4497 3211 4625 intelligentia
3248 4496 3332 4552 vel
3392 4496 3663 4568 sapientia

1994 4585 2183 4625 :nmut
2227 4585 2450 4625 νρι-ιιιιηι
2489 4576 2606 4625 eius
2643 4592 2770 4625 mss.
2835 4570 2967 4625 Vict.
3064 4588 3149 4625 au.
3230 4569 3359 4625 auia
3435 4568 3662 4623 verbum

3064 4588 3149 4639 ag.
3230 4569 3359 4639 quia
3435 4568 3662 4639 verbum

2708 4856 2778 4890 ⁸⁸⁸
2810 4854 2878 4908 In
2918 4870 3045 4908 mss.
3097 4851 3436 4906 continuatur
3491 4847 3666 4915 Caput

3055 4921 3207 4990 Quod
3233 4935 3476 4976 summus
3535 4917 3668 4990 Spi-

3285 4991 3352 5022 ‘"
3393 4989 3668 5058 Quoniam

2337 5017 2499 5072 quam
2555 5016 2680 5052 mss.
2727 4997 2962 5072 invenio,
2992 5008 3179 5072 “quam

394 5061 538 5142 enim
567 5104 665 5142 ms.
711 5085 861 5141 Gem.
888 5101 1051 5155 quam
1081 5061 1225 5141 enim
1298 5061 1374 5116 ἰί
1394 5061 1886 5155 ch'm'ﬁte'ﬁsfiiii's'.‘
1927 5061 2242 5155 Vict;VSag~.‘
2257 5061 2394 5155 Thr}.
2423 5079 2631 5155 cumet
2659 5082 2811 5155 tuens
2983 5061 3110 5134 Cap.
3237 5071 3311 5155 eis:
3334 5061 3667 5155 immissis:-

695 5130 1225 5223 ILE'iEtZIo"?
1248 5130 1843 5226 idem’iﬁo'r'iliiiiér'
1857 5130 2367 5226 _aTPatre
2392 5151 2448 5197 et
2486 5140 2648 5222 Filio,
2672 5130 3667 5226 tttlinﬁtitulo'egpitis‘

398 5202 483 5259 cf;
507 5202 1028 5300 “ritas:
1056 5202 1579 5300 «S‘difa'ubiﬁiicfféé’
1619 5202 1947 5280 WuB'n'
1966 5202 2225 5287 intelligit
2255 5231 2380 5269 mss.
2405 5227 2464 5269 se
2487 5227 2591 5266 non
2616 5202 2883 5279 intelligat
2951 5206 3020 5239 ἰτ
3050 5202 3119 5260 Et
3149 5202 3505 5273 intelligentia
3528 5213 3665 5254 mss.

400 5310 492 5352 atrt
512 5298 862 5368 intelligentia

1921 5402 2150 5464 NOTAE}.

470 5519 585 5590 (65)
616 5523 765 5581 Alias
802 5525 891 5581 hic
912 5525 1101 5599 incipit
1125 5540 1245 5597 cap.
1275 5525 1365 5581 47.

2147 5512 2262 5582 (ϐϐὶ
2298 5513 2449 5573 Alias
2484 5520 2568 5570 est
2600 5526 2726 5583 pars
2754 5524 2873 5587 cap.
2902 5504 2992 5562 47.
