3926 6054
251 203 354 260 901

1635 202 2111 258 ilONOLOGIUM.

3401 203 3468 257 ΞΟ
3477 203 3508 256 '2

253 320 408 376 Patet
457 319 620 390 igitur
675 335 914 376 amorem
945 321 1139 376 summi
1187 321 1418 390 Spiritus
1447 337 1512 376 ex
1543 337 1606 374 eo
1637 335 1830 390 proce-
1869 330 1908 382 Α
1943 319 2192 387 Spiritus.
2227 319 2464 390 Denique
2495 321 2537 374 si
2581 320 2720 374 nulla
2749 335 2984 391 unquam
3027 331 3300 385 creatura.
3340 323 3391 379 id
3427 335 3515 382 est

251 413 406 476 dere,
435 413 560 480 quia
589 411 672 466 sui
730 427 936 468 memor
964 423 1066 474 est,
1093 421 1148 468 et
1184 427 1242 467 se
1297 411 1560 481 intelligit.
1608 409 1760 477 Quod
1789 413 1833 464 si

253 506 308 558 in
336 507 596 559 memoria
617 504 814 558 summi
841 503 1075 574 Spiritus
1105 505 1420 575 intelligitur
1445 503 1624 566 Pater,
1659 503 1710 556 in
1749 506 1830 556 in-

255 595 542 665 telligentia:
573 595 744 650 Filius
781 595 1128 650 manifestum
1159 605 1242 650 est
1279 595 1405 664 quia
1439 611 1464 648 a
1493 593 1658 648 Patre
1687 593 1826 660 pari-

255 699 336 742 ter
367 696 424 742 et
449 702 482 740 a
509 686 648 742 Filio
675 686 769 750 5“,
799 687 996 740 summi
1023 687 1258 756 Spiritus
1289 703 1440 740 amor
1465 687 1722 757 procedit.

637 777 864 833 CAPUT
901 777 966 830 Ll
1005 777 1104 850 [al.
1131 777 1316 850 XLlX]
1361 777 1448 830 ⁸η.

335 869 492 935 Quod
513 879 730 938 uterque
753 869 871 938 pari
899 885 1076 922 amore
1103 869 1290 937 diligat
1313 885 1387 933 se,
1413 879 1460 922 et
1492 869 1733 922 alterum.

249 961 592 1016 Cousrscrus
619 959 1217 1016 caetris—Summus
1269 959 1502 1029 Spiritus
1561 977 1618 1016 se
1666 971 1830 1012 amat.

325 1033 470 1102 Ergo
499 1031 660 1085 Pater
711 1047 770 1086 se
823 1041 989 1094 amat,
1021 1041 1076 1084 et
1105 1029 1272 1102 Filius
1312 1040 1582 1102 sepamat;
1615 1039 1670 1084 et
1699 1029 1836 1102 alter

319 1099 552 1155 alterum
597 1111 746 1154 amat
776 1119 789 1151 :
819 1117 1061 1154 smnmus
1110 1101 1253 1154 enim
1298 1111 1347 1155 et
1381 1101 1686 1154 individuus
1715 1099 1836 1167 Spi-

323 1173 460 1224 ritus
489 1181 572 1224 est
607 1169 768 1223 Pater
795 1181 848 1224 et
877 1170 1066 1233 Filius,
1095 1185 1148 1224 et
1176 1169 1336 1224 ambo
1366 1171 1522 1224 simul
1551 1181 1672 1223 sunt
1698 1184 1834 1222 unus

321 1242 566 1309 Spiritus.
625 1239 858 1310 Uterque
898 1243 1062 1294 etiam
1107 1255 1164 1293 se
1200 1253 1256 1310 et
1283 1241 1510 1293 alterunt
1565 1239 1832 1306 intelligit,

321 1311 450 1378 quia
481 1311 562 1363 sui
585 1319 638 1364 et
661 1309 884 1363 alterius
905 1311 1166 1362 meminit.
1197 1309 1264 1362 Et
1291 1311 1546 1377 quoniam
1596 1311 1646 1361 in
1687 1319 1834 1362 utro-

319 1397 426 1450 que
457 1381 602 1446 quod
625 1389 774 1433 amat
804 1381 1033 1450 idipsum
1064 1387 1150 1450 est
1169 1380 1310 1450 quod
1342 1389 1572 1442 amatur,
1608 1387 1836 1448 uterque

321 1449 439 1518 pari
479 1465 665 1503 amore
693 1465 750 1503 se
780 1459 832 1503 et
865 1449 1093 1502 alterum
1124 1449 1316 1518 diligit.

269 1555 272 1558 '
319 1541 432 1594 Sed
465 1541 510 1594 si
547 1555 608 1594 se
638 1551 785 1594 autat
809 1555 1054 1594 sumnms
1086 1539 1346 1609 Spiritus,
1367 1539 1564 1609 'procul
1591 1540 1752 1594 dubio
1781 1555 1836 1594 se

247 1643 398 1687 amat
427 1633 604 1699 Pater,
634 1643 780 1688 amat
829 1649 887 1688 se
919 1633 1110 1700 Filius,

247 1725 496 1795 singulas
541 1725 700 1780 Pater
728 1735 812 1780 est
857 1741 1100 1780 summus
1132 1726 1200 1757 ⁶¹⁰
1233 1726 1486 1794 Spiritus,
1518 1737 1569 1782 et
1601 1727 1842 1797 singnlus

251 1814 444 1878 Filius,
479 1829 722 1868 summus
752 1813 1026 1882 Spiritus;
1070 1823 1124 1868 et
1159 1814 1316 1869 ambo
1346 1815 1528 1878 simul,
1561 1831 1700 1870 unus
1730 1817 1839 1884 Spi-

251 1909 412 1960 ritus.
439 1905 506 1960 Et
533 1906 658 1974 quia
688 1915 914 1974 uterque
945 1906 1148 1974 pariter
1177 1907 1260 1960 sui
1289 1917 1346 1959 et
1392 1905 1618 1960 alterius
1646 1907 1838 1960 metui-

251 1999 350 2056 nit,
385 2006 440 2050 et
467 2010 528 2050 se
557 2006 609 2049 et
657 1994 884 2048 alterum
931 1994 1176 2064 intelligit
1203 2011 1214 2046 :
1245 2003 1300 2048 et
1325 1995 1579 2063 quoniam
1620 1997 1842 2052 omnino

253 2087 486 2156 “ipsum
511 2095 594 2140 est
617 2087 760 2153 quod
789 2095 958 2149 amat,
1001 2084 1086 2138 vel
1129 2093 1344 2138 amatur
1379 2085 1429 2138 in
1473 2085 1636 2138 Patre
1661 2085 1754 2148 6",
1787 2097 1842 2139 et

251 2177 398 2248 quod
427 2178 482 2232 in
515 2175 649 2232 Filio
681 2191 903 2231 necesse
936 2185 1020 2230 est
1047 2183 1106 2230 ut
1135 2176 1250 2244 pari
1282 2190 1466 2231 amore
1511 2185 1742 2246 uterque
1763 2178 1842 2232 di-

253 2271 386 2340 ligat
413 2283 472 2325 se
495 2277 550 2324 et
579 2268 834 2324 alterum.

679 2380 906 2436 CAPUT
949 2379 1030 2435 ιιι
1063 2379 1161 2454 [αι.
1225 2381 1286 2454 L]
1325 2382 1394 2414 εει

255 2467 412 2535 Quod
433 2477 610 2524 tantus
637 2471 704 2524 sit
725 2471 822 2524 iste
851 2486 1018 2542 amor,
1065 2481 1296 2540 quantus
1344 2481 1419 2526 est
1447 2474 1554 2542 ipse
1603 2489 1840 2528 summus

929 2539 1177 2612 Spiritus.

253 2630 600 2686 Cossrecrns
630 2647 857 2686 CAPITIS.
893 2631 1042 2686 —ld
1089 2642 1300 2688 constat
1346 2633 1470 2702 quia
1529 2643 1710 2690 tantus
1760 2645 1844 2690 est

325 2715 485 2776 amor
517 2703 640 2776 iste,
682 2713 944 2776 quantum
975 2703 1065 2758 ille
1099 2717 1160 2758 se
1190 2703 1472 2773 intelligit;
1503 2713 1712 2758 tantum
1743 2721 1838 2760 au-

329 2781 438 2824 tent
471 2771 742 2840 intelligit,
769 2783 1010 2840 quantus
1041 2782 1146 2828 est.

327 2859 578 2926 Quantus
612 2877 744 2935 ergo
769 2871 854 2917 est
903 2877 1059 2918 amor
1107 2864 1206 2919 iste
1258 2867 1454 2918 summi
1489 2865 1556 2896 ⁶²³
1585 2865 1840 2935 Spiritus,

257 2951 336 3006 sic
363 2933 682 3007 communis.
700 2952 846 3008 Patri
881 2962 936 3008 et
961 2955 1127 3010 Filio!
1177 2957 1282 3010 Sed
1308 2957 1350 3010 si
1385 2973 1444 3010 se
1482 2933 1688 3012 tantum
1717 2958 1842 3012 dili-

259 3044 354 3114 git,
397 3051 660 3110 quantum
691 3045 772 3098 sui
822 3045 1070 3100 meminit
1115 3057 1168 3100 et
1211 3063 1268 3102 se
1299 3049 1588 3119 intelligit:
1631 3057 1842 3106 tantum
1871 3041 1916 3064 ”

259 3147 440 3190 autem
473 3136 556 3190 sui
585 3149 790 3192 memor
815 3147 900 3193 est
927 3147 980 3192 et
1006 3139 1254 3210 intelligit
1281 3155 1364 3203 se,
1391 3151 1590 3208 quanta
1617 3151 1700 3198 est
1727 3141 1844 3210 ejus

259 3227 522 3292 essentia,
547 3227 688 3296 quod
716 3228 874 3282 aliter
897 3245 1018 3283 esse
1063 3245 1169 3284 non
1203 3241 1379 3300 potest
1409 3252 1420 3284 :
1453 3231 1696 3301 profecto
1725 3241 1844 3288 tan-

263 3329 350 3376 tus
377 3329 462 3374 est
492 3333 646 3374 amor
667 3319 806 3387 ejus,
829 3331 1064 3390 quantus
1093 3323 1206 3392 ipse
1245 3333 1347 3378 est.

674 3430 904 3488 CAPUT
941 3433 1050 3488 Llll
1082 3433 1178 3506 [αι.
1215 3433 1300 3507 LI]
1336 3435 1428 3488 ω.

265 3529 422 3596 Quod
447 3529 584 3584 idem
615 3547 771 3606 amor_
791 3534 856 3586 sit
887 3533 1113 3606 idipsum
1139 3537 1280 3606 quod
1303 3546 1378 3590 est
1401 3553 1644 3606 summus
1679 3537 1847 3606 Spiri-

333 3611 450 3678 tus;
479 3611 526 3654 et
553 3612 725 3656 tamen
755 3603 861 3670 ipse
889 3605 952 3658 sit
981 3621 1097 3658 cum
1131 3603 1290 3660 Patre
1311 3617 1356 3661 et
1395 3605 1532 3661 Filio
1557 3625 1692 3662 unus
1719 3603 1846 3678 spi—

333 3681 490 3724 ritus.

263 3775 612 3858 Cogsrsc'rns
639 3793 868 3858 ςιιιιτιε.
897 3811 967 3822 —-
996 3781 1149 3858 Nihil
1163 3795 1340 3858 potest
1367 3799 1490 3858 esse
1515 3803 1612 3856 par
1637 3802 1848 3842 sunnno

337 3847 564 3926 Spiritui
605 3849 1004 3926 nisi_summus
1060 3847 1310 3922 Spiritus.
1363 3847 1656 3926 Cum-ergo
1695 3873 1850 3911 amor

337 3919 446 3971 iste
476 3927 660 3995 tantus
700 3921 790 3982 sit,
828 3933 1063 3990 quantus
1089 3919 1172 3977 est
1199 3941 1442 3980 summus
1475 3919 1745 3995 Spiritus,
1780 3927 1847 3980 li-

333 3995 472 4068 quet
499 3989 622 4068 quia
649 3990 750 4043 iste
781 4006 932 4044 amor
959 4003 1042 4068 est
1069 4009 1310 4050 smmnns
1357 3989 1614 4065 Spiritus.
1645 3997 1848 4068 Deinde

333 4058 440 4110 etsi
469 4058 604 4136 nihil
635 4075 866 4136 unquam
893 4061 1154 4136 existeret
1177 4081 1354 4136 quam
1386 4058 1630 4121 summus
1671 4067 1846 4136 Spiri-

339 4136 432 4205 tus
451 4167 464 4190 ,
491 4127 654 4182 Pater
675 4127 737 4205 et
753 4129 918 4185 Filius
945 4127 1294 4205 nihilon'titius
1315 4136 1522 4205 seipsos
1545 4148 1600 4190 et
1617 4127 1846 4192 invicem

335 4195 651 4276 diligerent;
699 4199 839 4268 Ergo
871 4217 1038 4276 gignor
1074 4203 1172 4258 iste
1218 4219 1328 4276 non
1380 4195 1465 4260 est
1513 4207 1657 4260 aliud
1683 4222 1845 4276 quam

333 4268 484 4342 quod
507 4277 590 4321 est
617 4268 776 4322 Pater
795 4279 848 4324 et
871 4270 1064 4336 Filius,
1088 4275 1227 4342 quod
1249 4283 1332 4328 est
1352 4291 1560 4329 summa
1587 4268 1844 4330 essentia.

339 4337 584 4412 genique
612 4353 848 4412 summa:
889 4337 1140 4396 essentia).
1177 4343 1356 4412 plures
1403 4361 1524 4400 esse
1551 4357 1843 4411 nequeunt.
1881 4354 1924 4406 Ι)

333 4407 484 4476 Ergo
517 4407 802 4477 utriusque
828 4423 982 4464 amor
1021 4427 1124 4466 una
1155 4407 1238 4467 est
1284 4429 1404 4468 cum
1431 4415 1593 4468 Patre
1619 4407 1672 4470 et
1715 4415 1850 4468 Filio

333 4492 552 4556 summa
583 4479 840 4532 essentia.
890 4479 1030 4556 Ergo
1076 4499 1227 4537 amor
1255 4483 1373 4556 ipse
1398 4493 1482 4539 est
1529 4501 1734 4540 summa
1765 4501 1848 4538 sa-

333 4553 568 4624 pientia,
593 4553 1048 4624 summaj'eritas,
1074 4568 1339 4624 sumntum
1361 4555 1579 4618 bonum,
1611 4563 1666 4608 et
1690 4556 1850 4624 quid-

333 4617 468 4685 quid
489 4617 556 4670 de
581 4619 776 4672 summi
804 4617 1038 4687 Spiritus
1074 4623 1370 4678 substantia
1414 4625 1518 4679 dici
1549 4617 1742 4694 potesi.

337 4728 542 4784 Verum
576 4729 702 4798 quid
731 4741 904 4799 potest
926 4745 1048 4788 esse
1079 4749 1176 4802 par
1207 4751 1420 4792 summo
1448 4736 1698 4808 Spiritui,
1743 4741 1848 4794 nisi

260 4833 516 4873 summus
547 4819 816 4888 Spiritus?
840 4821 946 4876 lste
978 4823 1160 4892 itaque
1189 4825 1258 4855 ⁸⁵⁸
1292 4841 1446 4881 amor
1487 4839 1572 4882 est
1600 4845 1846 4882 summus

1939 410 1982 462 si
2024 409 2155 462 nihil
2188 425 2424 480 unquam
2457 411 2600 465 aliud
2629 419 2774 467 esset
2795 427 2955 482 quant
2980 429 3224 467 summus
3257 413 3512 484 Spiritus.

1939 499 2098 554 Pater
2125 511 2180 554 et
2207 501 2378 556 Filius
2405 502 2752 558 nihilominus
2777 504 2983 572 seips’os
3006 513 3060 558 et
3091 505 3319 560 invicem
3356 507 3518 562 Pater

1939 601 1994 646 et
2025 592 2190 646 Filius
2211 593 2512 663 diligerent.
2541 594 3092 664 Consequiturilaque
3117 598 3259 651 lumc
3279 613 3518 656 amorem

1939 697 2046 735 non
2075 697 2193 736 esse
2215 681 2358 736 aliud
2389 699 2548 751 quam
2575 684 2720 751 quod
2747 693 2828 738 est
2859 683 3019 739 Pater
3053 695 3106 740 et
3137 685 3325 754 Filius,
3376 692 3522 758 quod

1937 783 2022 828 est
2051 789 2261 828 summa
2294 775 2554 829 essentia.
2599 779 2668 828 At
2717 776 2976 844 quoniam
3009 791 3234 831 summa:
3269 781 3522 834 essentia:

1939 865 2120 934 plures
2159 881 2281 920 esse
2309 881 2412 920 non
2443 876 2692 934 possunt,
2745 867 2874 936 quid
2931 869 3100 938 magis
3150 871 3519 924 necessarium

1939 971 2098 1025 quam
2138 957 2352 1011 Patrem
2377 965 2430 1010 et.
2457 955 2672 1017 Filium.
2708 969 2762 1010 et.
2784 959 3064 1026 utriusque
3089 974 3328 1014 amorem
3359 977 3520 1014 unam

1939 1064 2059 1104 esse
2087 1063 2352 1104 summam
2401 1048 2734 1103 essentiam?
2791 1049 2885 1102 Est
2938 1049 3100 1119 igitur
3150 1051 3292 1105 idem
3368 1069 3520 1106 amor

1941 1155 2148 1193 summa
2181 1139 2468 1208 sapientia,
2499 1153 2708 1192 summa
2735 1140 2956 1202 veritas,
2996 1155 3261 1194 summum
3296 1143 3517 1206 bonum,

1939 1235 1992 1279 et
2042 1227 2299 1296 quidquid
2353 1229 2418 1282 de
2453 1228 2646 1282 summi
2697 1229 2934 1298 Spiritus
2965 1229 3264 1284 substantia
3292 1233 3392 1285 dici
3425 1247 3519 1300 po-

1944 1325 2064 1372 test.
3469 1325 3482 1340 ‘

2299 1375 2560 1464 .CAPUT
2605 1409 2708 1462 Ltv
2745 1407 2840 1480 [aL
2877 1409 2982 1480 LII]
3039 1409 3128 1442 m-

1943 1499 2095 1564 Quoa
2129 1511 2268 1554 totus
2302 1503 2604 1580 procedata
2633 1501 2812 1582 ιξηινρ,
2838 1511 2974 1554 totus
3007 1519 3036 1554 a
3067 1499 3242 1566 Filio;
3270 1511 3316 1555 et
3349 1511 3522 1558 tamen

2382 1589 2484 1625 non
2512 1583 2576 1625 8H
2625 1589 2722 1624 ιιιιςι
2759 1587 2894 1623 unus
2931 1587 3098 1624 arnor.

1225 1635 1372 1730 ‘1“?
1399 1645 1666 1730 auorum}
1707 1638 1833 1730 mli“
1873 1663 1915 1722 Β
1943 1659 2281 1716 Cousrecrus
2321 1679 2552 1716 CAPITIS.
2577 1692 2648 1702 -—
2677 1663 2840 1716 Amor
2863 1663 2964 1716 iste
2989 1677 3092 1715 non
3117 1677 3182 1716 eo
3202 1663 3443 1730 procedit
3469 1664 3522 1717 in

2013 1746 2122 1798 quo
2147 1731 2304 1786 l’ater
2333 1732 2570 1802 etFilins
2599 1733 2777 1800 plures
2807 1741 2966 1796 sunt,
2998 1734 3089 1802 sed
3123 1750 3188 1786 ex
3211 1751 3274 1785 eo
3319 1733 3370 1785 in
3419 1749 3526 1802 quo

2015 1813 2136 1854 sunt
2151 1817 2336 1854 umun.
2368 1801 2480 1856 Non
2504 1803 2646 1856 enim
2671 1803 2909 1870 procedit
2929 1819 2993 1856 ex
3011 1801 3380 1866 relationibus,
3400 1801 3522 1871 qiue

1983 1869 1990 1878 '
2020 1871 2200 1938 plures
2228 1882 2374 1934 sunt,
2410 1887 2531 1924 cum
2580 1869 2686 1925 alia
2720 1871 2789 1924 sit
2847 1871 3036 1926 relatio
3090 1871 3283 1936 Patris,
3337 1881 3390 1926 et
3419 1869 3526 1927 alia

2021 1941 2208 1992 relatio
2231 1940 2348 1994 Filii
2377 1958 2390 2004 ;
2424 1943 2516 1995 sed
2551 1957 2618 1996 ex
2653 1941 2766 2062 ipsa
2795 1955 2891 1995 sua
2923 1942 3174 2005 essentia,
3205 1957 3322 2009 quae
3347 1941 3526 2010 plura-

2021 2010 2224 2062 litatem
2256 2025 2362 2062 non
2383 2012 2638 2062 admittit.
2685 2015 2821 2062 ’ater
2845 2021 2900 2062 et
2937 2009 3105 2062 Filius
3127 2015 3380 2062 emittunt
3409 2021 3526 2062 tan-

2017 2010 2224 2063 litatem
2256 2025 2362 2064 non
2383 2012 2638 2074 admittit,
2663 2009 2821 2064 Pater
2845 2021 2900 2065 et
2937 2009 3105 2064 Filius
3127 2009 3380 2065 emittunt
3409 2021 3526 2066 tan-

2025 2089 2134 2132 tum
2167 2079 2401 2144 bonum;
2439 2081 2518 2134 sic
2545 2091 2746 2142 tamen,
2784 2090 2842 2132 ut
2889 2089 3032 2132 totus
3060 2097 3088 2132 a
3123 2079 3279 2134 Patre
3305 2091 3360 2134 et
3381 2089 3526 2134 totus

2017 2163 2046 2201 a
2075 2147 2209 2202 Filio
2248 2160 2298 2203 et
2331 2159 2476 2204 totus
2505 2150 2572 2202 ab
2603 2157 2830 2217 utroque
2859 2165 2997 2219 unus
3053 2149 3300 2218 idemque
3333 2166 3527 2219 proce-

2018 2221 2138 2280 dat;
2173 2220 2299 2288 quia
2334 2235 2361 2272 a
2395 2219 2571 2277 Patre.
2605 2219 2694 2287 qui
2754 2218 2997 2288 singulus
3043 2226 3096 2271 et
3127 2218 3371 2288 snnnnus
3403 2220 3526 2288 Spi-

2019 2287 2338 2358 ritus,’non
2381 2288 2623 2358 procedit
2672 2289 2774 2342 nisi
2830 2287 3072 2342 summus
3124 2287 3384 2358 Spiritus,
3415 2287 3526 2342 eta

2019 2357 2154 2412 Filio
2182 2361 2274 2428 qui
2304 2357 2546 2428 sin’gulus
2597 2358 2800 2427 pariter
2846 2361 2934 2428 est
2981 2373 3224 2412 summus
3267 2357 3526 2428 Spiritus,

2023 2443 2130 2498 non
2161 2427 2413 2498 procedit
2435 2428 2536 2482 nisi
2571 2443 2814 2482 smnmus
2837 2427 3100 2497 Spiritus;
3133 2436 3185 2498 et
3222 2442 3263 2498 a
3287 2427 3442 2482 Patre
3468 2439 3524 2483 et

2025 2497 2184 2562 Filio,
2212 2500 2302 2567 qui
2355 2513 2460 2552 non
2489 2499 2594 2553 duo
2644 2499 2736 2551 sed
2783 2513 2920 2550 unus
2969 2507 3094 2550 sunt
3127 2497 3383 2564 Spiritus,
3417 2515 3525 2552 non

2023 2570 2312 2638 procedere
2341 2578 2520 2639 potest
2553 2569 2656 2621 nisi
2685 2583 2824 2622 unus
2861 2583 3105 2621 smnmus
3134 2567 3380 2637 spiritus.

2027 2681 2348 2736 lnluendmn
2379 2690 2465 2736 est
2495 2681 2780 2751 diligenter
2811 2689 2990 2734 utrum
3020 2681 3130 2736 sint
3156 2680 3262 2736 duo
3289 2697 3528 2746 amores,

1947 2789 2088 2828 unus
2117 2789 2146 2827 a
2177 2773 2336 2828 Patre
2364 2775 2685 2844 procedens,
2708 2773 2846 2827 alter
2866 2787 2894 2826 a
2917 2772 3055 2827 Filio
3087 2789 3101 2828 :
3133 2787 3201 2827 an
3229 2789 3387 2840 unus,
3421 2789 3530 2828 non

1949 2875 2094 2921 totus
2119 2865 2188 2919 ah
2217 2880 2326 2920 uno
2353 2865 2674 2935 procedens,
2704 2865 2796 2920 sed
2825 2865 3021 2934 partim
3062 2879 3092 2918 a
3119 2864 3305 2926 Patre,
3331 2866 3528 2934 partim

1948 2976 1976 3012 a
2005 2959 2141 3014 Filio
2167 2975 2182 3015 :
2214 2973 2280 3012 an
2305 2972 2406 3012 nec
2435 2957 2636 3028 plures,
2669 2971 2768 3010 nec
2810 2971 2947 3010 unus
2993 2955 3187 3024 partim
3231 2955 3529 3025 procedens

1946 3070 1977 3108 a
2009 3053 2256 3124 singulis,
2285 3051 2379 3107 sed
2409 3067 2548 3106 unus
2572 3058 2714 3104 totus
2739 3064 2768 3102 a
2795 3048 3037 3118 singulis,
3067 3057 3120 3102 et
3150 3049 3290 3102 idem
3335 3057 3478 3102 totus
3501 3063 3530 3102 a

1948 3146 2154 3200 duobus
2179 3143 2356 3199 simul.
2393 3143 2498 3197 Sed
2526 3141 2829 3213 hujusmodi
2861 3139 3214 3195 dubitationis
3263 3139 3531 3196 certitudo

1947 3233 2076 3289 hinc
2105 3232 2476 3286 indubitanter
2499 3231 2868 3300 cognoscitur,
2889 3229 3014 3299 quia
3037 3243 3142 3284 non
3173 3245 3238 3283 ex
3263 3244 3326 3283 eo
3349 3243 3530 3298 proce-

1949 3326 2044 3390 dit,
2077 3325 2128 3378 in
2173 3339 2281 3393 quo
2309 3324 2492 3394 plures
2519 3333 2647 3376 sunt
2681 3321 2842 3376 Pater
2864 3331 2918 3376 et
2947 3321 3136 3383 Filius,
3173 3323 3264 3374 sed
3294 3336 3358 3376 ex
3385 3336 3450 3376 eo
3475 3322 3530 3374 in

1949 3429 2055 3482 quo
2085 3429 2250 3468 unum
2289 3421 2432 3468 sunt.
2461 3411 2596 3466 Nam
2641 3427 2747 3468 non
2775 3426 2842 3466 ex
2877 3411 3225 3466 relationibus
3253 3413 3386 3474 suis,
3413 3427 3532 3480 qua:

1951 3505 2131 3574 plures
2159 3513 2284 3559 sunt
2311 3545 2325 3570 ,
2351 3504 2454 3558 alia
2487 3515 2571 3558 est
2595 3504 2738 3558 enim
2771 3503 2962 3556 relatio
2993 3501 3188 3570 Patris,
3243 3503 3346 3556 alia
3378 3503 3528 3566 Filii;

1950 3595 2042 3650 sed
2059 3611 2124 3650 ex
2142 3597 2250 3665 ipsa
2267 3611 2362 3650 sua
2379 3599 2608 3665 essentia
2621 3637 2634 3658 ,
2648 3611 2766 3666 quae
2777 3593 3138 3664 pluralitatem
3157 3610 3260 3650 non
3274 3595 3528 3656 admittit,

1951 3688 2201 3740 emittunt
2224 3686 2386 3740 Pater
2400 3695 2454 3740 et
2477 3685 2642 3740 Filius
2667 3693 2872 3738 tantum
2897 3685 3100 3754 pariter
3122 3686 3342 3740 bonum.
3375 3685 3530 3738 Sicut

1950 3791 2080 3846 ergo
2104 3777 2348 3846 singnlns
2369 3777 2530 3830 Pater
2569 3785 2652 3830 est
2674 3791 2920 3830 summus
2947 3776 3181 3844 Spiritus
3201 3785 3254 3830 et
3277 3777 3523 3842 singulus

1950 3867 2116 3922 Filius
2145 3875 2229 3921 est
2275 3882 2520 3919 summus
2575 3866 2812 3934 Spiritus
2842 3875 2896 3918 et
2924 3865 3084 3918 simul
3107 3865 3268 3920 Pater
3289 3875 3340 3920 et
3363 3866 3533 3919 Filius

1951 3975 2056 4012 non
2081 3959 2208 4022 duo,
2245 3958 2340 4012 sed
2373 3973 2511 4010 unus
2541 3957 2610 3988 ⁶²⁷
2679 3955 2932 4026 spiritus;
2969 3955 3042 4008 ila
3078 3971 3106 4008 a
3136 3955 3348 4024 singulo
3373 3955 3533 4008 Patre

1949 4059 2137 4104 manat
2158 4059 2300 4103 totus
2326 4063 2478 4102 amor
2511 4049 2706 4104 summi
2755 4047 2990 4116 Spiritus
3019 4056 3074 4100 et
3101 4063 3128 4100 a
3154 4047 3367 4116 singulo
3397 4046 3532 4100 Filio

1951 4151 2122 4205 totus;
2158 4151 2211 4196 et
2251 4141 2468 4194 simula
2495 4140 2659 4195 Patre
2689 4149 2743 4194 et
2792 4139 2925 4194 Filio
2953 4153 3057 4194 non
3109 4140 3216 4194 duo
3263 4139 3381 4204 toti,
3437 4140 3532 4193 sed

1950 4249 2086 4288 unus
2119 4234 2366 4303 idemque
2400 4241 2562 4288 totus.

2337 4346 2564 4402 CAPUT
2601 4345 2688 4399 LV
2720 4345 2815 4416 [aL
2865 4344 2994 4416 LIII]
3049 4345 3138 4398 ωδ.

2246 4459 2397 4526 Quod
2431 4475 2531 4512 non
2563 4461 2626 4510 sit
2658 4475 2836 4510 eorum
2882 4455 3054 4508 Filius
3079 4473 3218 4508 amor

1959 4549 2301 4605 Coxsrscrus
2333 4564 2558 4603 (:APITIS.
2595 4580 2662 4587 —
2691 4549 2856 4602 Amor
2894 4557 3072 4601 tamen
3107 4550 3208 4601 iste
3237 4562 3336 4602 nec
3363 4549 3536 4602 Patris

2035 4639 2131 4675 nec
2161 4620 2343 4682 Verbi,
2391 4637 2418 4672 a
2447 4620 2640 4686 quibus
2675 4617 2940 4688 procedit,
2979 4629 3060 4670 est
3091 4619 3278 4684 Filius,
3313 4621 3436 4688 quia
3468 4635 3534 4672 cx

2033 4707 2140 4758 quo
2167 4693 2232 4744 ab
2263 4691 2367 4744 illis
2407 4691 2670 4758 procedit,
2709 4703 2814 4740 non
2845 4689 3010 4742 refert
3047 4705 3232 4742 eorum
3279 4691 3534 4743 similitu-

2039 4763 2214 4814 dinem
2243 4761 2418 4813 :.lit-.et
2454 4759 2674 4812 omnino
2719 4759 2859 4812 idem
2903 4759 2974 4812 sit
3005 4760 3146 4828 quod
3179 4769 3261 4812 est
3291 4759 3450 4816 Pater
3477 4767 3534 4811 et

2038 4829 2224 4884 Filius.
2251 4831 2450 4884 Deinde
2475 4831 2516 4882 si
2545 4829 2916 4896 proleseorum
2939 4839 3014 4883 est
3039 4869 3052 4892 ,
3082 4829 3323 4884 autalter
3347 4845 3532 4884 eorum

1557 4939 1793 4994 VAlll/E
1837 4941 2247 4998 LECTIONES.

331 5063 405 5095 ⁶¹⁸
437 5061 502 5115 Et
549 5078 578 5115 a
635 5063 769 5138 [filio
811 5082 936 5138 mss.
997 5065 1145 5138 Vict.
1181 5066 1307 5138 Sag.
1364 5078 1419 5123 et
1467 5071 1602 5124 Filio

658 5070 769 5144 filio
811 5082 936 5144 mss.
997 5070 1307 5144 Yict.__Sag.
1356 5078 1426 5144 et
1467 5071 1659 5144 Filiot
1714 5070 1957 5144 φίλῳ.
2007 5073 2076 5126 49
2121 5083 2194 5144 est
2239 5075 2294 5126 in
2348 5089 2473 5144 mss.
2510 5073 2586 5144 75A!
2639 5073 2732 5125 sub
2778 5073 2874 5126 hoc
2927 5073 3077 5126 titulo
3121 5091 3139 5128 :
3185 5073 3336 5140 Quod
3389 5083 3534 5128 uter-

259 5151 402 5206 que,
449 5143 550 5186 etc.
577 5135 707 5206 utiu
733 5135 884 5188 titulo
907 5138 1092 5206 capitis
1121 5137 1192 5206 49
1223 5135 1278 5190 in
1303 5140 1454 5192 editis
1471 5157 1568 5194 ms.
1597 5139 1732 5194 Thu.
1757 5142 1825 5194 90
1857 5135 2026 5195 omitt.
2055 5155 2104 5196 et
2137 5143 2378 5196 alterum.

2459 5143 2526 5174 ⁶²⁰
2559 5141 2719 5196 Pater
2745 5159 2988 5196 sunmius
3018 5153 3100 5196 est
3129 5161 3252 5196 mss.
3275 5151 3428 5210 pater
3448 5155 3536 5199 est

258 5203 519 5284 s'tumnus
573 5203 658 5284 A‘“
692 5203 1093 5284 ln.pat_re_insrs.
1129 5205 1412 5284 νίφα-ξαρ.
1443 5221 1662 5284 ειχριιιτθ
1739 5209 1972 5284 "'__Cap.
2001 5213 2170 5284 5t)_est
2215 5214 2268 5264 in
2294 5229 2423 5284 tttss.
2451 5222 2604 5284 caput
2633 5211 2701 5266 52
2747 5214 2838 5266 sub
2871 5215 2966 5266 hoc
2999 5214 3152 5265 titulo
3185 5228 3204 5264 :
3232 5203 3384 5277 Quod
3417 5203 3536 5268 ian-

260 5285 356 5350 t_us
391 5276 492 5350 sit,
535 5282 636 5328 etc.
679 5276 814 5350 u_t_in
841 5276 991 5350 titulo
1027 5276 1226 5350 Capitis
1258 5278 1326 5331 50
1358 5276 1414 5331 in
1442 5276 1594 5334 editis
1621 5295 1746 5334 mss.
1795 5276 2002 5335 'lhuan.
2035 5281 2124 5337 90.
2157 5282 2310 5350 Quod
2343 5276 2524 5336 tantus
2563 5283 2634 5336 sit
2669 5299 2822 5336 amor
2865 5284 2986 5346 iste,
3015 5276 3533 5350 quantusStttnmtts

257 5344 532 5414 Spiritus.
548 5359 656 5414 ius.
685 5344 892 5397 Tlman.
914 5345 1017 5414 7750.

1050 5346 1414 5421 Quodtantus
1441 5351 1512 5402 sit
1539 5365 1693 5404 amor
1723 5351 1842 5415 iste,
1874 5361 2110 5421 quantus
2137 5346 2220 5406 est
2245 5353 2358 5421 ipse
2389 5351 2622 5421 Spiritus
2649 5367 2908 5406 summus.
2979 5346 3174 5421 “ibist
3206 5367 3358 5405 amor
3387 5367 3535 5406 sum-

257 5411 502 5491 i_u'i_u_tss.
523 5411 676 5491 Δνξιίςι.
706 5415 847 5491 _Sag.
891 5413 1024 5468 Tltu.
1054 5411 1306 5491 S_.__.l!iclt__.
1331 5427 1586 5491 cstamor
1607 5421 1725 5490 iste
1756 5411 1949 5491 summi
2027 5422 2097 5452 °“
2121 5411 2340 5491 σψέςι
2372 5413 2444 5474 esi
2473 5423 2524 5476 in
2549 5439 2670 5475 mss.
2705 5432 2868 5491 rnpnt_
2885 5421 2972 5474 55.
3051 5419 3120 5452 ⁶²⁵
3151 5421 3262 5476 Nisi
3292 5437 3536 5476 summus

257 5483 546 5560 Spiritus?
573 5481 676 5560 Iste
705 5484 886 5560 itaque
915 5501 1038 5540 mss.
1087 5485 1220 5560 i’ict.
1265 5489 1391 5560 Sttg.
1425 5489 1534 5542 Nisi
1569 5483 2044 5560 summiSpiritus
2076 5481 2262 5544 altior?
2293 5493 2394 5545 Iste
2427 5507 2656 5560 namque
2731 5481 2798 5520 ⁸³⁷⁸
2829 5489 2958 5559 Cap.
3000 5491 3070 5544 5'2
3091 5503 3166 5546 est
3197 5495 3249 5546 in
3285 5509 3407 5545 mss.
3443 5509 3533 5544 ra-

255 5550 356 5618 pui
411 5550 486 5606 54

591 5551 686 5634 “"7"
705 5551 894 5634 Filius,
931 5571 1038 5634 non
1074 5557 1198 5634 duo,
1239 5551 1504 5634 sedinnus
1533 5575 1657 5634 mss.
1701 5551 1962 5634 ΤΙηιίῼρ,Δ
1985 5561 2174 5630 Filius,
2207 5578 2310 5616 non
2337 5563 2477 5628 dico,
2509 5551 2636 5626 du'o,
2661 5561 2756 5615 sed
2787 5551 2924 5618 unus
3001 5561 3072 5592 ⁶²⁸
3104 5563 3238 5634 Cap.
3271 5563 3334 5618 55
3369 5573 3442 5616 cst
3477 5563 3530 5614 in

257 5641 396 5677 mss.
431 5633 589 5686 caput
620 5621 689 5675 55
713 5640 830 5676 cum
862 5625 957 5678 hoe
983 5629 1133 5680 titulo
1165 5642 1182 5678 :
1214 5629 1366 5694 Quod
1397 5644 1500 5685 non
1543 5631 1616 5684 sit
1641 5645 1834 5686 eorum
1867 5629 2056 5686 Filius.

517 5717 770 5778 Parum.
834 5717 1100 5780 CLVIII.

3115 5745 3134 5783 ι
