3916 6054
428 213 532 268 9'05

1074 218 1371 274 ANSELMI
1412 215 1758 270 CANTUAR.
1804 210 2122 267 ARClllEP.
2167 209 2318 267 OPP.
2354 212 2533 268 PARS
2566 214 2605 268 Ι.
2647 246 2709 258 -
2756 216 3180 279 DOGMATICA.

3556 226 3669 280 QN

496 331 600 386 erit
624 339 772 407 pater
802 330 939 407 eius,
970 332 1104 386 alter
1134 330 1499 407 tuater,__qttod
1537 338 1829 407 repugnat;
1863 342 1985 381 cum
2022 334 2064 388 Α
2095 336 2298 395 potest;
2334 328 2457 396 quia
2495 328 2727 383 Verbum
2780 333 3115 388 verissimam
3167 349 3288 391 esse
3334 336 3566 407 prolem,
3618 354 3679 397 et

496 417 601 456 non
628 400 783 455 aliter
804 416 832 454 a
855 401 1012 455 Patre
1031 416 1190 471 quam
1213 400 1304 471 aAF
1310 401 1401 453 ilio
1415 402 1669 471 procedat
1688 416 1701 452 :
1726 408 1817 451 aut
1847 408 1991 451 uter-

495 485 600 540 que
649 482 805 540 pater
850 472 963 525 sive
1003 468 1174 524 mater
1205 468 1320 537 ejus
1348 468 1431 524 est
1464 487 1476 522 :
1507 468 1649 540 nulla
1685 478 1864 540 autem
1898 483 1994 520 na-

496 537 1003 620 tura_admittit_duo
1028 540 1206 620 aliqua
1237 553 1359 620 quas
1388 537 1908 620 singulaperfectam
1938 546 1994 613 et

491 610 711 664 omnino
737 610 991 679 eamdem
1008 609 1073 662 ad
1104 608 1304 678 aliquid
1326 608 1512 674 unum,
1532 608 1700 679 patris
1724 617 1780 662 et
1805 608 1991 662 matris

491 680 726 735 habeant
757 678 1142 733 habitudinem.

487 768 627 837 Quid
655 769 817 837 ergo?
844 783 965 823 cum
1015 769 1104 823 hic
1141 783 1293 825 amor
1322 767 1527 840 pariter
1575 768 1772 823 habeat
1813 782 1932 822 esse
1960 782 1990 821 a

418 860 577 916 Pal-re
598 871 651 914 et
674 860 831 925 Filio,
848 860 992 914 etsic
1016 859 1208 913 similis
1232 860 1302 914 sit
1323 859 1585 914 ambobus
1607 868 1666 913 ut
1689 858 1992 916 nullatenus

416 950 694 1007 dissimilis
742 951 812 1006 sit
843 949 966 1016 illis,
1008 951 1102 1005 sed
1145 950 1365 1005 omnino
1414 949 1555 1005 idem
1600 951 1671 1004 sit
1697 949 1840 1017 quod
1869 949 1988 1002 illi:

416 1042 652 1111 nunquid
681 1040 850 1097 Filius
889 1055 1100 1107 eorum,
1130 1052 1223 1095 aut
1252 1040 1450 1111 proles.
1491 1041 1844 1097 aestimandus
1871 1041 1990 1096 est?

414 1135 518 1189 Sed
549 1134 690 1189 sicut
721 1132 977 1197 Verbum,
1005 1147 1126 1187 mox
1155 1142 1212 1187 ut
1250 1132 1627 1187 consideratur
1656 1131 1748 1198 “’,
1783 1147 1840 1187 se
1864 1146 1991 1202 pro-

405 1226 516 1281 lem
574 1238 693 1279 esse
739 1221 875 1292 ejus,
903 1238 934 1277 a
976 1239 1082 1294 quo
1141 1233 1260 1290 est,
1308 1224 1713 1280 evidentissime
1774 1225 1987 1293 probat,

412 1324 715 1385 promptam
742 1314 1078 1385 prteferendo
1113 1314 1202 1381 “°,
1254 1316 1496 1385 parentis
1546 1316 1867 1387 imaginem;
1910 1317 1991 1371 sic

411 1421 561 1459 amor
591 1414 777 1475 aperte
801 1420 860 1460 se
904 1404 1109 1474 prolem
1160 1413 1349 1475 negat;
1389 1405 1513 1474 quia
1537 1406 1664 1460 dum
1692 1421 1722 1459 a
1751 1406 1909 1461 Patre
1935 1416 1991 1461 et

412 1497 543 1551 Filio
557 1497 848 1566 procedere
860 1495 1190 1566 intelligitur,
1207 1511 1310 1552 non
1326 1497 1507 1551 statim
1528 1507 1635 1551 tam
1649 1497 1988 1567 perspicuam

407 1589 625 1644 exhibet
654 1604 712 1643 se
739 1588 1118 1658 contemplanti
1148 1588 1285 1659 eius,
1316 1603 1383 1644 ex
1417 1603 1524 1657 quo
1543 1597 1641 1652 est,
1683 1588 1990 1643 similitudi-

2097 417 2433 473 verissimnm
2463 417 2669 485 tilium;
2707 435 2946 477 amorem
2978 439 3106 479 vero
3150 426 3457 484 nullatenus
3500 429 3672 485 tilium

2095 513 2188 557 aut
2232 504 2436 571 prolem
2487 521 2631 572 esse,
2694 509 3039 565 manifestum
3073 521 3175 568 est.
3232 513 3417 572 Potest
3464 520 3674 587 itaque,

2094 594 2203 647 imo
2237 595 2394 649 debet
2443 596 2548 651 diei
2601 597 2747 653 solus
2790 598 2902 663 ille,
2942 601 3098 671 cujus
3130 600 3363 660 Verbum
3390 616 3489 669 est,
3523 609 3677 678 geni-

2095 691 2179 735 tor
2206 693 2259 736 et
2292 684 2590 753 ingenitus;
2618 687 2743 755 quia
2775 687 2922 743 solus
2967 698 3053 743 est
3100 687 3265 746 Pater
3293 704 3349 747 et
3370 708 3587 763 parens,
3617 705 3677 751 et

2092 772 2239 826 nullo
2267 774 2425 829 modo
2454 775 2523 830 ab
2544 777 2651 831 alio
2678 787 2761 833 est
2795 796 2807 832 :
2838 778 3011 834 solum
3043 792 3225 836 autem
3260 781 3494 838 Verbum
3520 786 3677 856 geni-

2102 870 2214 914 tum
2233 900 2250 926 ,
2275 862 2366 931 qui
2402 863 2574 918 solum
2604 864 2743 920 filius
2770 876 2823 921 et
2854 869 3033 937 proles
3057 879 3159 925 est.
3185 869 3346 927 Solus
3373 888 3497 929 vero
3517 889 3677 929 amor

2093 952 2395 1022 utriusque,
2416 969 2515 1009 nec
2529 956 2765 1025 genitus,
2791 973 2892 1013 nec
2911 959 3203 1030 ingenitus,
3230 964 3355 1032 quia
3387 979 3487 1019 nec
3522 966 3674 1021 filius

2090 1052 2190 1108 est,
2221 1059 2319 1100 nec
2343 1046 2520 1115 proles
2546 1057 2630 1103 est
2656 1048 2746 1112 ηδ,
2783 1063 2883 1105 nec
2925 1053 3146 1106 omnino
3175 1069 3280 1108 non
3306 1064 3390 1110 est
3418 1055 3488 1109 ab
3531 1055 3666 1111 alio.

2490 1175 2716 1234 CAPUT
2748 1179 2883 1234 Lvu
2914 1180 3012 1253 [αι.
3041 1182 3152 1256 LV]
3184 1183 3275 1237 ιιι.

2093 1271 2245 1351 Quod
2276 1288 2424 1327 amor
2441 1276 2603 1351 idem
2651 1279 2727 1331 sic
2773 1282 2839 1333 sit
2867 1281 3131 1338 iurreatus
3158 1294 3204 1336 et
3258 1294 3484 1351 creator,
3531 1286 3672 1342 sicut

2164 1340 2326 1422 Po_ter
2352 1354 2399 1396 et
2432 1343 2606 1422 ilius
2632 1362 2654 1399 :
2683 1358 2730 1400 et
2761 1359 2936 1403 tamen
2967 1351 3074 1419 ipse
3108 1368 3224 1405 cum
3263 1354 3368 1422 illis
3399 1340 3500 1408 nou
3526 1340 3670 1422 tres,

2160 1412 2251 1464 sed
2282 1428 2416 1493 unus
2443 1416 2727 1493 infreatus,
2756 1430 2808 1493 et
2838 1412 3221 1493 uuus'crueator.
3258 1421 3326 1477 Et
3356 1427 3495 1493 quod
3523 1412 3667 1481 idem,

2108 1550 2109 1555 η
2159 1483 2317 1550 possit
2348 1484 2452 1538 dici
2476 1484 2708 1553 Spiritus
2748 1486 2922 1542 Patris
2944 1502 2990 1543 et
3021 1489 3173 1545 Filii.

2089 1593 2916 1680 Coasrscrusncsrtrts.:__Cum
2941 1618 3093 1658 amor
3116 1604 3216 1659 iste
3241 1621 3345 1680 una
3369 1607 3671 1680 eademque

410 1694 555 1745 nem,
579 1678 827 1747 quamvis
853 1676 1377 1747 ipsumzconsiderata
1405 1676 1543 1731 ratio
1562 1676 1754 1732 doceat
1770 1677 1990 1734 omnino
2023 1671 2066 1726 Β
2163 1666 2232 1720 Sil
2264 1666 2578 1747 (‘ﬂmf’all‘e
2604 1680 2657 1723 θι
2703 1670 2839 1725 Filio
2867 1688 3073 1747 SMN“?
3108 1676 3369 1747 βεεθηιίθι
3401 1692 3519 1745 fl":le
3549 1666 3664 1736 εἶ)ιᾶ

409 1772 636 1839 idipsum
669 1782 810 1833 esse,
836 1770 979 1837 quod
1019 1776 1101 1822 est
1138 1767 1301 1824 Pater
1343 1776 1400 1823 et
1429 1765 1617 1822 Filius.
1668 1766 1909 1838 Denique
1936 1771 1982 1824 si

399 1862 583 1933 proles
609 1874 797 1916 eorum
851 1866 952 1926 est,
985 1867 1080 1913 aut
1114 1858 1251 1913 alter
1303 1872 1492 1914 eorum
1540 1860 1645 1914 erit
1670 1868 1823 1930 pater
1846 1857 1981 1927 ejus,

406 1952 544 2006 alter
570 1961 777 2015 mater;
811 1959 905 2004 aut
930 1958 1156 2019 uterque
1181 1956 1356 2019 pater,
1379 1950 1495 2005 sive
1525 1958 1698 2006 mater
1718 1958 1839 2006 est:
1865 1966 1985 2021 quae

405 2042 586 2098 omnia
610 2041 824 2095 veritati
853 2054 1155 2110 repugnare
1178 2040 1446 2094 videntur.
1469 2040 1730 2107 Quoniam
1753 2055 1984 2112 namque

407 2132 708 2187 nullatenus
762 2131 975 2186 alitera
1026 2130 1188 2186 Patre
1236 2132 1499 2200 procedit,
1558 2146 1718 2200 quam
1752 2147 1781 2186 a
1813 2131 1979 2195 Filio;

403 2222 543 2278 nulla
578 2222 778 2277 veritas
827 2220 1032 2289 patitur
1061 2228 1118 2274 ut
1162 2218 1414 2274 dissimili
1447 2219 1706 2275 vocabulo
1734 2221 1799 2275 ad
1830 2220 1979 2275 illum

405 2314 560 2369 Pater
574 2322 629 2368 et
652 2312 818 2367 Filius
847 2311 1148 2366 referantur
1174 2328 1186 2363 :
1216 2325 1323 2365 non
1352 2318 1434 2365 est
1462 2310 1626 2379 igitur
1653 2310 1792 2366 alter
1823 2320 1979 2382 pater

390 2404 540 2473 ejus,
590 2402 726 2457 alter
760 2410 952 2456 mater.
985 2398 1055 2455 Ut
1083 2408 1264 2453 autem
1308 2400 1416 2454 duo
1461 2399 1640 2468 aliqua
1669 2400 1796 2464 sint,
1853 2416 1973 2472 qua:

398 2490 607 2561 singula
642 2489 967 2559 perfectam,
997 2498 1053 2543 et
1074 2488 1217 2543 nulla
1247 2489 1683 2545 consideratione
1721 2489 1976 2547 diti‘eren-

398 2594 508 2640 tem
538 2582 771 2637 habeant
820 2579 1024 2649 pariter
1054 2579 1123 2634 ad
1174 2579 1374 2649 aliquid
1422 2596 1610 2648 unum,
1662 2583 1832 2652 patris
1886 2593 1980 2638 aut

404 2672 595 2725 mat-ris
630 2670 1023 2738 habitudinem,
1059 2670 1204 2725 nulla
1237 2681 1429 2725 natura
1460 2672 1639 2742 aliquo
1684 2677 1977 2731 monstrari

401 2762 649 2818 concedit
696 2760 963 2831 exemplo.
1006 2760 1150 2832 Ergo
1204 2776 1309 2816 non
1354 2771 1437 2817 est
1466 2770 1729 2834 uterque,
1770 2764 1979 2821 scilicet

402 2853 559 2908 Pater
583 2862 638 2908 et
666 2852 855 2917 Filius,
883 2861 1036 2921 pater
1060 2863 1152 2907 aut
1183 2862 1355 2908 mater
1376 2854 1577 2909 amoris
1604 2871 1633 2909 a
1664 2869 1725 2911 se
1752 2870 1976 2911 manan-

399 2946 488 3000 tis.
521 2942 869 3014 Nequaquam
901 2943 1082 3013 itaque
1103 2944 1311 2999 vidctur
1336 2945 1547 2999 veritati
1576 2946 1890 3013 convenire,
1916 2954 1975 3001 ut

400 3034 540 3090 idem
568 3050 721 3090 amor
745 3050 933 3089 eorum
965 3035 1107 3089 illius
1131 3035 1201 3091 sit
1222 3044 1315 3090 aut
1345 3036 1545 3106 proles.

785 3146 1014 3203 CAPUT
1052 3146 1163 3201 LVI
1198 3145 1293 3218 [aL
1328 3148 1464 3221 LIV]
1495 3150 1585 3204 ⁸³⁸.

401 3237 578 3309 Quod”
616 3235 962 3309 solusAPater
1003 3239 1074 3309 sit
1117 3240 1344 3307 genitor,
1392 3250 1438 3292 et
1480 3240 1773 3309 ingenitus;
1835 3241 1978 3296 solus

476 3306 644 3359 Filius
672 3306 876 3375 genitus
892 3347 906 3371 ,
931 3307 1073 3361 solus
1096 3306 1247 3362 amor
1270 3324 1359 3363 nec
1381 3306 1604 3379 genitus,
1649 3326 1740 3365 uec
1774 3311 1975 3381 ingeni-

474 3388 581 3428 “18.

399 3488 1002 3565 Cousrscruscsrt'rts.
1032 3521 1101 3530 ——
1132 3492 1273 3565 Ergo
1302 3507 1478 3565 _:_tmor
1531 3492 1633 3549 iste
1664 3510 1768 3550 non
1798 3504 1974 3565 potest

469 3560 682 3636 proprie
710 3559 814 3636 dici
866 3561 1101 3636 genitus,
1133 3559 1272 3636 sicut
1302 3562 1579 3636 Verbum:
1614 3565 1707 3618 sed
1736 3559 1835 3619 nec
1863 3566 1972 3636 22

468 3628 691 3682 omnino
723 3629 1290 3701 ingenitusglicendus
1315 3641 1430 3698 est;
1460 3634 1585 3701 quia
1617 3648 1722 3687 non
1749 3628 1973 3690 omnTnTt

472 3707 697 3770 nonest
727 3698 796 3752 ab
835 3698 963 3770 alio.
1009 3699 1121 3754 Hoc
1151 3700 1332 3770 itaque
1376 3698 1495 3756 soli'
1525 3702 1665 3757 Patri
1698 3706 1970 3770 convenit,

466 3769 605 3844 quod
636 3770 706 3844 sit
751 3768 961 3844 genitor
993 3780 1047 3823 et
1101 3768 1391 3844 ingenitus;
1433 3772 1530 3827 soli
1579 3771 1755 3828 Verbo
1780 3813 1794 3836 ,
1827 3768 1972 3844 quod

467 3839 535 3891 sit
559 3837 795 3913 genitum
817 3837 961 3913 ;_soli
994 3837 1189 3913 amori,
1221 3842 1362 3913 quod
1392 3858 1490 3897 nec
1514 3844 1726 3913 proprie
1758 3837 1972 3913 genitus

465 3908 808 3982 uee_omnino
836 3908 1123 3982 ingenitus,
1146 3908 1254 3965 sed‘
1268 3908 1565 3981 procedens
1587 3908 1685 3977 sit;
1719 3908 1840 3982 quia
1873 3927 1972 3968 nec

462 3978 645 4048 proles
670 3988 749 4033 est
774 3991 874 4033 nec
900 3980 1124 4034 omnino
1150 3978 1367 4037 nou—cst
1394 3982 1463 4035 ab
1487 3984 1613 4035 alio.

461 4068 568 4125 Sed
597 4068 812 4124 videtur
840 4077 1020 4123 tamen
1067 4080 1220 4124 amor
1244 4071 1411 4136 idem,
1457 4084 1558 4125 nec
1598 4072 1843 4139 omnino,
1884 4089 1969 4130 se-

391 4163 627 4217 cundum
673 4163 977 4218 communis
1018 4160 1305 4216 locutionis
1351 4177 1508 4217 usum
1533 4163 1622 4229 °“,
1654 4164 1759 4220 dici
1808 4180 1970 4236 posse

391 4259 699 4327 ingenitus;
735 4261 929 4316 necita
957 4263 1198 4333 preprie,
1237 4259 1377 4314 sicut
1421 4256 1677 4324 Verbum,
1721 4261 1962 4329 genitus.

2160 1750 2191 1789 a
2221 1737 2367 1809 nullo
2394 1737 2559 1809 facta.
2585 1755 2681 1807 per
2712 1755 2769 1795 se
2798 1744 2977 1795 omnia
3034 1744 3192 1809 fecit;
3224 1737 3449 1801 necesse
3469 1758 3552 1802 est
3581 1753 3662 1805 si-

2157 1806 2420 1861 cutPater
2439 1817 2493 1862 et
2510 1806 2697 1877 Filius,
2729 1812 2803 1865 ita
2831 1821 2886 1866 et
2917 1812 3016 1867 iste
3034 1806 3188 1869 amor
3215 1816 3286 1870 sit
3306 1816 3580 1873 increatus
3608 1831 3669 1877 et

2160 1885 2372 1949 creator
2401 1891 2416 1930 :
2446 1887 2500 1933 et
2544 1880 2644 1934 iste
2697 1890 2828 1946 tres,
2864 1897 2968 1935 non
3018 1883 3219 1949 plures,
3254 1887 3349 1939 sed
3390 1903 3529 1941 unus
3553 1891 3668 1947 sint

2158 1945 2433 2024 increatus
2470 1956 2523 2002 et
2552 1964 2689 2005 unus
2715 1945 2948 2024 creator.
2993 1945 3215 2024 Patrem
3256 1955 3437 2024 itaque
3483 1945 3664 2015 nullus

2157 2014 2306 2092 facit,
2338 2016 2469 2092 sive
2512 2029 2680 2092 creat,
2725 2021 3042 2092 ‘autggiguit.
3080 2023 3272 2077 Filiutn
3307 2014 3467 2079 Pater
3511 2014 3661 2084 solus

2155 2088 2348 2167 gignit,
2377 2088 2470 2141 sed
2498 2103 2601 2142 non
2631 2090 2779 2167 facit.
2820 2088 2982 2145 Pater
3023 2102 3072 2147 et
3116 2092 3285 2148 Filius
3315 2111 3421 2150 non
3455 2095 3663 2153 faciunt

2155 2166 2249 2235 aut
2277 2160 2521 2235 gignunt,
2551 2160 2645 2214 sed
2666 2160 2900 2235 _spirant
2921 2176 3098 2235 _suum
3129 2177 3392 2235 amorem,
3424 2168 3551 2235 quia
3588 2170 3663 2224 ab

2153 2225 2624 2304 eis_pro_cedit_non
2649 2225 2970 2304 discedendo
2991 2246 3019 2284 a
3050 2248 3257 2286 summa
3278 2234 3363 2287 illa
3382 2225 3659 2304 essentia,

2152 2296 2248 2375 sed
2273 2298 2553 2351 existendo
2585 2314 2649 2353 ex
2672 2299 3198 2375 illa._Hinc.summae
3218 2304 3464 2375 essentia:
3487 2296 3663 2375 Spiri;

2156 2373 2261 2438 tus_
2272 2376 2419 2438 recte
2440 2377 2613 2436 potest
2644 2370 2921 2438 appellari.
2945 2369 3263 2427 Communio
3298 2376 3461 2430 etiam
3483 2369 3662 2433 Patris

2152 2444 2206 2509 et
2222 2434 2805 2509 Filiidigipotestftum
2827 2440 2949 2509 quia
2970 2456 3160 2496 nomen
3186 2443 3348 2500 habet
3370 2460 3663 2502 commune

2152 2502 2297 2559 Patri
2325 2508 2379 2560 et
2403 2502 2540 2583 Filio
2616 2502 2878 2583 tumﬂui'a
2911 2510 3024 2580 ipse
3063 2511 3193 2566 illud
3224 2515 3399 2583 ipsum
3432 2516 3662 2572 omnino

2150 2585 2252 2641 est,
2280 2577 2422 2646 quod
2452 2576 2621 2656 Pater
2644 2589 2697 2633 et
2728 2576 2913 2636 Filius.

2149 2708 2415 2777 Quoniam
2446 2720 2626 2767 autem
2675 2712 2814 2767 idem
2861 2727 3013 2767 amor
3060 2714 3301 2785 singulus
3325 2724 3407 2771 est
3439 2732 3655 2775 summa

2077 2803 2330 2867 essentia,
2356 2802 2496 2858 sicut
2518 2802 2681 2858 Pater
2701 2813 2754 2859 et
2773 2802 2960 2869 Filius,
2987 2814 3041 2859 et
3063 2812 3260 2859 tamem
3282 2804 3440 2860 simul
3470 2805 3657 2876 Pater,

2075 2903 2131 2949 et
2150 2892 2336 2958 Filius,
2364 2904 2418 2949 et
2448 2895 2730 2965 utriusque
2765 2908 2920 2949 amor
2946 2911 3051 2950 non
3094 2898 3276 2966 plures
3295 2900 3385 2967 ”‘,
3416 2904 3508 2957 sed
3539 2920 3651 2960 una

2004 3027 2051 3090 ο
2078 3000 2291 3042 summa
2323 2986 2577 3053 essentia,
2627 3002 2748 3057 quae
2791 2987 2905 3042 sola
2944 3002 2974 3041 a
3002 2986 3148 3044 nullo
3194 2989 3359 3058 facta,
3408 3006 3513 3047 non
3557 3011 3660 3065 per

2079 3076 2225 3133 aliud
2249 3092 2409 3149 quam
2434 3093 2532 3149 per
2555 3092 2614 3133 se
2637 3079 2817 3133 omnia
2846 3076 2990 3134 fecit.
3022 3078 3254 3136 Necesse
3281 3092 3362 3161 est
3389 3094 3443 3139 ut
3465 3101 3659 3155 quem-

2078 3169 2367 3224 admodum
2393 3169 2637 3239 singulus
2679 3166 2862 3234 Pater,
2892 3178 2946 3225 et
2978 3168 3219 3240 singulas
3247 3170 3416 3228 Filius
3439 3186 3522 3230 est
3572 3176 3660 3230 in-

2080 3269 2298 3315 creatus
2331 3266 2386 3314 et
2424 3267 2669 3323 creator;
2731 3259 2805 3313 ita
2847 3268 2903 3313 et
2954 3274 3110 3315 amor
3159 3260 3402 3333 singulus
3443 3263 3515 3318 sit
3567 3265 3656 3318 in-

2079 3358 2294 3406 creatus
2346 3358 2402 3404 et
2446 3358 2695 3418 creator,
2750 3358 2806 3405 et
2848 3359 3027 3408 tamen
3070 3366 3259 3408 onmes
3309 3362 3419 3409 tres
3465 3354 3652 3423 simul,

2078 3456 2186 3497 non
2224 3440 2292 3472 ⁸³⁷
2322 3439 2525 3509 plures,
2552 3442 2647 3496 sed
2678 3450 2815 3496 unus
2847 3441 3123 3498 increatus
3158 3452 3213 3497 et
3233 3458 3376 3499 unus
3412 3454 3651 3500 creator.

2076 3531 2294 3588 Patrem
2341 3532 2523 3601 itaque
2556 3531 2733 3587 nullus
2764 3530 2919 3599 facit,
2951 3534 3066 3590 sive
3109 3544 3280 3602 creat,
3306 3544 3401 3590 aut
3435 3537 3649 3608 gignit;

2075 3621 2269 3677 Filium
2296 3637 2427 3678 vero
2474 3621 2635 3677 Pater
2676 3622 2829 3678 solus
2855 3624 3046 3695 gignit,
3091 3625 3183 3681 sed
3234 3640 3340 3681 non
3376 3625 3504 3682 facit
3534 3626 3648 3680 m:

2073 3711 2237 3767 Pater
2275 3721 2455 3767 autem
2500 3712 2709 3783 pariter
2751 3722 2805 3767 et
2830 3712 2999 3769 Filius
3045 3730 3152 3769 non
3201 3716 3425 3783 faciunt,
3470 3734 3651 3787 neque

2071 3804 2324 3875 gignunt;
2351 3805 2446 3860 sed
2466 3802 2864 3875 quodamnodo,
2907 3806 2950 3859 si
2975 3807 3053 3862 sic
3077 3808 3180 3862 dici
3213 3818 3407 3878 potest,
3436 3810 3650 3879 spirant

2071 3906 2226 3947 suum
2256 3907 2499 3950 amorem
2530 3912 2543 3949 :
2570 3895 2817 3964 quamvis
2853 3894 2996 3951 enim
3032 3913 3136 3952 non
3168 3909 3355 3954 nostro
3396 3899 3553 3953 modo
3576 3901 3649 3932 ⁸³⁸

2070 3983 2238 4052 spiret
2262 3998 2471 4039 summe
2496 3984 2951 4039 incommutabilis
2978 3989 3234 4053 essentia,
3262 3997 3441 4044 tamen
3467 3990 3647 4059 ipsum

2068 4084 2228 4125 suum
2276 4086 2519 4126 amorem
2564 4071 2632 4105 διο
2662 4087 2694 4126 a
2722 4088 2783 4128 se
2825 4073 3169 4129 inetl'abiliter
3225 4079 3606 4146 procedentem
3631 4122 3647 4143 ,

2068 4176 2176 4217 non
2200 4160 2524 4219 discedendo
2540 4164 2609 4218 ab
2630 4163 2740 4231 illa,
2770 4165 2863 4220 sed
2884 4166 3165 4221 existendo
3188 4181 3254 4221 ex
3282 4167 3389 4229 illa,
3416 4168 3648 4225 forsitan

2070 4268 2178 4311 non
2209 4256 2316 4311 alio
2345 4257 2505 4312 modo
2534 4257 2748 4313 videtur
2775 4272 2935 4328 posse
2971 4258 3074 4313 diei
3105 4258 3282 4328 aptius
3309 4273 3376 4313 ex
3401 4272 3461 4312 se
3486 4260 3651 4313 emit-

392 4348 638 4404 Solemus
660 4351 803 4406 enim
829 4368 971 4424 sepe
988 4355 1175 4410 dicere
1204 4350 1406 4421 aliquid
1436 4351 1583 4421 gigni
1623 4370 1688 4410 ex
1710 4368 1774 4408 ea
1812 4368 1871 4409 re
1900 4355 1965 4409 de
1992 4372 2042 4430 υ
2070 4356 2185 4403 tere
2217 4362 2380 4418 quam
2407 4348 2683 4419 spirando.
2727 4348 2881 4415 Quod
2910 4348 2956 4403 si
2988 4349 3092 4403 dici
3119 4356 3317 4419 potest,
3346 4349 3487 4404 sicut
3514 4348 3648 4403 Ver-

388 4454 492 4507 qua
517 4441 699 4496 existit
729 4458 742 4496 :
771 4452 830 4497 ut
858 4459 981 4498 cum
1013 4444 1242 4500 dicimus
1289 4439 1633 4511 splendorem
1680 4453 1772 4499 aut
1812 4444 1961 4501 calo—

389 4544 504 4586 rem
529 4532 672 4602 gigni
697 4533 765 4588 ab
796 4535 939 4601 igne,
962 4549 1058 4590 seu
1082 4532 1298 4603 aliquod
1322 4536 1574 4593 efl'cctum
1598 4535 1667 4569 °”
1700 4552 1766 4591 ex
1796 4551 1961 4593 causa

389 4634 505 4673 sua.
535 4618 841 4678 Secundum
863 4623 1004 4679 hanc
1030 4624 1192 4694 igitur
1214 4626 1503 4693 rationem,
1530 4642 1685 4682 amor
1705 4642 1963 4684 asummo

389 4709 595 4780 Spiritu
622 4713 811 4768 exiens
835 4753 850 4779 ,
874 4728 982 4769 non
1009 4716 1232 4771 omnino
1256 4718 1425 4773 asseri
1455 4726 1633 4788 potest
1660 4718 1962 4789 ingenitus;

385 4802 462 4856 ita
497 4817 629 4858 vero
679 4806 919 4875 proprie,
966 4806 1110 4861 sicut
1152 4805 1407 4874 Verbum,
1458 4809 1564 4864 dici
1595 4811 1808 4880 genitus
1855 4823 1962 4863 non

2067 4440 2194 4494 bum
2219 4452 2442 4495 summa:
2485 4440 2735 4493 essentia:
2775 4438 2942 4494 Filius
2986 4449 3071 4494 cst
3120 4439 3271 4509 ejus;
3305 4439 3376 4493 ita
3403 4440 3647 4509 ejusdem

2069 4544 2223 4585 amor
2275 4531 2407 4585 satis
2436 4529 2822 4584 convenienter
2876 4528 3135 4599 appellari
3176 4536 3354 4598 potest
3411 4527 3649 4598 Spiritus

2066 4622 2227 4693 ejus:
2259 4631 2464 4677 utcum
2511 4610 2878 4675 cssentialiter
2929 4621 3043 4690 ipse
3083 4620 3157 4675 sit
3206 4618 3450 4690 spiritus,
3498 4621 3645 4673 sicut

2065 4713 2228 4768 Pater
2251 4722 2307 4767 et
2326 4713 2515 4777 Filius,
2546 4713 2621 4767 illi
2671 4728 2777 4767 non
2812 4720 3069 4781 putentur
3094 4710 3321 4779 alicujus
3369 4712 3602 4780 spiritus
3629 4730 3645 4776 ;

2067 4807 2193 4877 quia
2224 4821 2324 4862 nec
2349 4806 2514 4861 Pater
2540 4807 2608 4861 ab
2650 4805 2759 4859 ullo
2814 4802 2919 4861 alio
2956 4813 3060 4870 est,
3102 4820 3203 4858 nec
3235 4803 3403 4857 Filius
3427 4821 3455 4856 a
3483 4802 3652 4859 Patre

1677 4985 1907 5041 VARIJE
1948 4981 2350 5040 LECTIONES.

453 5140 523 5171 °”
554 5138 672 5192 Mox
702 5146 759 5192 ut
785 5134 1159 5193 consideratur
1179 5155 1303 5192 mss.
1345 5152 1468 5192 nios
1509 5138 1888 5195 consideratur

383 5208 669 5264 referendo
777 5207 843 5239 ⁶³¹
876 5207 1004 5275 Cap.
1042 5207 1110 5262 54
1140 5221 1211 5262 est
1242 5210 1294 5261 iu
1349 5224 1475 5261 mss.
1529 5218 1686 5275 caput
1733 5208 1804 5263 56

1992 5140 2061 5171 "°
2110 5138 2418 5205 Promptam
2464 5136 2821 5207 prteferendog
2845 5153 2990 5207 mss:
3021 5135 3159 5207 Tha.
3201 5136 3291 5192 90.
3331 5134 3646 5207 Promptum

1918 5210 1987 5241 ⁶³¹
2029 5203 2335 5263 Locutionis
2375 5203 2592 5260 modum
2621 5224 2745 5262 mss.
2784 5203 2918 5260 Thu.
2950 5204 3098 5261 Gem.
3124 5205 3316 5262 Cister.
3357 5203 3650 5262 locutionis

383 5294 537 5333 usum
609 5278 679 5310 ⁸³³
700 5274 1214 5348 A‘liquenteﬂ‘ectum
1244 5294 1367 5331 mss.
1407 5274 1691 5348 Victtsag.
1727 5277 1898 5348 Thuc.
1932 5277 2120 5333 Cister.
2147 5276 2364 5346 aliquod
2393 5274 2646 5348 etl‘ectum
2718 5276 2789 5309 ⁸³⁸
2812 5275 2923 5348 Nec
2946 5277 3089 5348 ﬁlius
3118 5293 3218 5332 nec
3261 5277 3529 5347 ingenitus
3558 5290 3649 5332 est

381 5364 505 5401 mss.
530 5363 629 5403 nec
658 5345 926 5411 filius‘est,
957 5361 1054 5400 nec
1086 5345 1261 5416 proles
1286 5348 1391 5407 est,

381 5418 451 5469 sit
485 5417 775 5481 increatus,
808 5428 908 5471 etc.
981 5426 1035 5470 ut
1063 5414 1115 5469 in
1169 5416 1317 5469 titulo
1374 5414 1655 5484 rapitisr55
1677 5414 1731 5471 iu
1756 5420 1929 5473 editis.

1499 5345 1567 5418 θὲδ
1590 5342 1729 5418 cap.
1760 5342 1830 5401 35
1877 5358 1953 5403 est
1987 5349 2038 5402 in
2068 5342 2197 5418 mss.
2240 5342 2398 5416 caput
2427 5346 2493 5400 57
2522 5347 2617 5418 sub
2659 5347 2756 5401 hoc
2786 5346 2936 5418 titulo
2974 5364 2993 5401 :
3025 5346 3176 5418 Quod
3203 5342 3356 5401 amor
3379 5348 3533 5418 idem
3563 5349 3648 5402 sic

2043 5415 2112 5449 ⁸⁵⁸
2162 5414 2329 5485 Amor
2369 5434 2472 5471 non
2505 5416 2683 5485 plures
2718 5434 2817 5471 ms.
2872 5415 3006 5470 Thu.
3038 5417 3127 5470 90.
3158 5431 3313 5469 amor
3353 5432 3461 5470 non
3488 5417 3646 5485 plura

381 5486 449 5558 ‘7"
484 5486 677 5558 Simul,
702 5478 892 5558 et'nou
914 5502 1039 5558 mss.
1078 5484 1208 5558 Vict.
1242 5485 1366 5557 Sag.
1394 5478 1607 5558 ηυξ-8.
1644 5486 1806 5542 ΜὶτΙι.
1839 5487 2024 5556 simul,
2063 5503 2171 5543 non
2266 5478 2333 5519 ⁸⁸⁸
2360 5478 2520 5542 Pater
2542 5487 2687 5541 solus
2708 5486 2910 5558 gignit;
2939 5488 3029 5558 sed
3054 5501 3163 5540 non
3182 5486 3322 5558 facit
3344 5503 3469 5541 mss.
3488 5478 3645 5541 'Tlm.
3705 5519 3711 5524 -

318 5578 335 5587 κ
379 5557 541 5609 Pater
551 5555 841 5627 solusnon
870 5554 1015 5627 facit,
1040 5556 1133 5610 sed
1158 5554 1331 5625 gignit
1395 5555 1462 5588 σθ’
1491 5554 1606 5608 Non
1639 5568 1825 5613 nostro
1845 5554 2032 5615 amore
2060 5576 2185 5615 mss.
2214 5572 2322 5627 pou
2356 5567 2542 5613 nostro
2581 5554 2739 5612 modo
2767 5554 2786 5558 θ
2824 5556 2895 5593 ⁸³⁸
2938 5555 3138 5611 Tamen
3178 5556 3353 5625 ipsum
3398 5569 3647 5613 amorem

381 5636 504 5678 mss.
540 5623 597 5677 S.
648 5623 811 5677 Mich.
859 5623 1043 5677 (λῆξεν.
1085 5623 1261 5679 tamen
1296 5629 1466 5696 ipsum
1513 5641 1667 5680 suum
1707 5643 1945 5684 amorem
