  <div class='ocr_page' id='page_1' title='image "/cluster/home/n/w/nwhite01/storage/ocr_20150623/158/hvd.32044054760160/108.png"; bbox 0 0 3926 6054; ppageno 0'>
   <div class='ocr_carea' id='block_1_1' title="bbox 290 207 454 268">
    <p class='ocr_par' dir='ltr' id='par_1_1' title="bbox 290 207 454 268">
     <span class='ocr_line' id='line_1_1' title="bbox 290 207 454 268; baseline 0 0"><span class='ocrx_word' id='word_1_1' title='bbox 290 207 454 268; x_wconf 78' lang='grc'><strong>205’</strong></span> 
     </span>
    </p>
   </div>
   <div class='ocr_carea' id='block_1_2' title="bbox 1678 205 2157 262">
    <p class='ocr_par' dir='ltr' id='par_1_2' title="bbox 1678 205 2157 262">
     <span class='ocr_line' id='line_1_2' title="bbox 1678 205 2157 262; baseline -0.002 -2"><span class='ocrx_word' id='word_1_2' title='bbox 1678 205 2076 262; x_wconf 72' lang='lat' dir='ltr'><strong>MONOI.OGIU</strong></span> <span class='ocrx_word' id='word_1_3' title='bbox 2091 207 2157 260; x_wconf 76' lang='grc' dir='ltr'><strong>Μ.</strong></span> 
     </span>
    </p>
   </div>
   <div class='ocr_carea' id='block_1_3' title="bbox 3441 216 3548 270">
    <p class='ocr_par' dir='ltr' id='par_1_3' title="bbox 3441 216 3548 270">
     <span class='ocr_line' id='line_1_3' title="bbox 3441 216 3548 270; baseline 0 -1"><span class='ocrx_word' id='word_1_4' title='bbox 3441 216 3548 270; x_wconf 68' lang='lat'><strong>‘206</strong></span> 
     </span>
    </p>
   </div>
   <div class='ocr_carea' id='block_1_4' title="bbox 289 323 1874 398">
    <p class='ocr_par' dir='ltr' id='par_1_4' title="bbox 289 323 1872 398">
     <span class='ocr_line' id='line_1_4' title="bbox 289 323 1872 398; baseline -0.003 -18"><span class='ocrx_word' id='word_1_5' title='bbox 289 329 446 398; x_wconf 79' lang='lat' dir='ltr'><strong>quasi</strong></span> <span class='ocrx_word' id='word_1_6' title='bbox 477 329 718 398; x_wconf 75' lang='lat' dir='ltr'><strong>Spiraute</strong></span> <span class='ocrx_word' id='word_1_7' title='bbox 739 327 1004 392; x_wconf 83' lang='lat' dir='ltr'><strong>nascitur;</strong></span> <span class='ocrx_word' id='word_1_8' title='bbox 1038 326 1138 380; x_wconf 86' lang='lat' dir='ltr'><strong>iste</strong></span> <span class='ocrx_word' id='word_1_9' title='bbox 1169 335 1348 386; x_wconf 82' lang='lat' dir='ltr'><strong>autem</strong></span> <span class='ocrx_word' id='word_1_10' title='bbox 1371 323 1672 378; x_wconf 79' lang='lat' dir='ltr'><strong>:estimetur</strong></span> <span class='ocrx_word' id='word_1_11' title='bbox 1697 323 1872 392; x_wconf 77' lang='lat' dir='ltr'><strong>Spiri-</strong></span> 
     </span>
    </p>
   </div>
   <div class='ocr_carea' id='block_1_5' title="bbox 2007 323 3552 398">
    <p class='ocr_par' dir='ltr' id='par_1_5' title="bbox 2009 325 3552 394">
     <span class='ocr_line' id='line_1_5' title="bbox 2009 325 3552 394; baseline 0.004 -16"><span class='ocrx_word' id='word_1_12' title='bbox 2009 325 2166 378; x_wconf 72' lang='lat' dir='ltr'><strong>entia:</strong></span> <span class='ocrx_word' id='word_1_13' title='bbox 2213 326 2476 391; x_wconf 86' lang='lat' dir='ltr'><strong>meminit,</strong></span> <span class='ocrx_word' id='word_1_14' title='bbox 2509 337 2563 380; x_wconf 88' lang='lat' dir='ltr'><strong>et</strong></span> <span class='ocrx_word' id='word_1_15' title='bbox 2614 335 2782 382; x_wconf 87' lang='lat' dir='ltr'><strong>totam</strong></span> <span class='ocrx_word' id='word_1_16' title='bbox 2826 337 3006 394; x_wconf 89' lang='lat' dir='ltr'><strong>amat;</strong></span> <span class='ocrx_word' id='word_1_17' title='bbox 3056 335 3109 382; x_wconf 90' lang='lat' dir='ltr'><strong>et</strong></span> <span class='ocrx_word' id='word_1_18' title='bbox 3150 328 3312 384; x_wconf 89' lang='lat' dir='ltr'><strong>totius</strong></span> <span class='ocrx_word' id='word_1_19' title='bbox 3350 337 3552 386; x_wconf 85' lang='lat' dir='ltr'><strong>amoris</strong></span> 
     </span>
    </p>
   </div>
   <div class='ocr_carea' id='block_1_6' title="bbox 293 411 1872 486">
    <p class='ocr_par' dir='ltr' id='par_1_6' title="bbox 293 411 1872 486">
     <span class='ocr_line' id='line_1_6' title="bbox 293 411 1872 486; baseline -0.004 -14"><span class='ocrx_word' id='word_1_20' title='bbox 293 430 376 472; x_wconf 89' lang='lat' dir='ltr'><strong>tus</strong></span> <span class='ocrx_word' id='word_1_21' title='bbox 389 418 698 486; x_wconf 87' lang='lat' dir='ltr'><strong>utriusque;</strong></span> <span class='ocrx_word' id='word_1_22' title='bbox 723 417 848 484; x_wconf 83' lang='lat' dir='ltr'><strong>quia</strong></span> <span class='ocrx_word' id='word_1_23' title='bbox 872 415 938 472; x_wconf 84' lang='lat' dir='ltr'><strong>ab</strong></span> <span class='ocrx_word' id='word_1_24' title='bbox 953 423 1206 484; x_wconf 88' lang='lat' dir='ltr'><strong>utroque,</strong></span> <span class='ocrx_word' id='word_1_25' title='bbox 1229 429 1326 468; x_wconf 81' lang='lat' dir='ltr'><strong>suo</strong></span> <span class='ocrx_word' id='word_1_26' title='bbox 1348 411 1578 484; x_wconf 85' lang='lat' dir='ltr'><strong>quodam</strong></span> <span class='ocrx_word' id='word_1_27' title='bbox 1596 411 1872 466; x_wconf 84' lang='lat' dir='ltr'><strong>inenarra-</strong></span> 
     </span>
    </p>
   </div>
   <div class='ocr_carea' id='block_1_7' title="bbox 293 505 1870 576">
    <p class='ocr_par' dir='ltr' id='par_1_7' title="bbox 293 505 1870 576">
     <span class='ocr_line' id='line_1_7' title="bbox 293 505 1870 576; baseline -0.003 -13"><span class='ocrx_word' id='word_1_28' title='bbox 293 510 388 564; x_wconf 88' lang='lat' dir='ltr'><strong>bili</strong></span> <span class='ocrx_word' id='word_1_29' title='bbox 415 509 600 574; x_wconf 89' lang='lat' dir='ltr'><strong>modo,</strong></span> <span class='ocrx_word' id='word_1_30' title='bbox 639 506 883 576; x_wconf 85' lang='lat' dir='ltr'><strong>spirante</strong></span> <span class='ocrx_word' id='word_1_31' title='bbox 905 505 1232 562; x_wconf 83' lang='lat' dir='ltr'><strong>mirabiliter</strong></span> <span class='ocrx_word' id='word_1_32' title='bbox 1260 508 1526 575; x_wconf 90' lang='lat' dir='ltr'><strong>procedit.</strong></span> <span class='ocrx_word' id='word_1_33' title='bbox 1569 507 1670 572; x_wconf 90' lang='lat' dir='ltr'><strong>Qui</strong></span> <span class='ocrx_word' id='word_1_34' title='bbox 1706 507 1870 560; x_wconf 87' lang='lat' dir='ltr'><strong>etiam</strong></span> 
     </span>
    </p>
   </div>
   <div class='ocr_carea' id='block_1_8' title="bbox 285 595 1870 669">
    <p class='ocr_par' dir='ltr' id='par_1_8' title="bbox 285 595 1870 669">
     <span class='ocr_line' id='line_1_8' title="bbox 285 595 1870 669; baseline -0.004 -12"><span class='ocrx_word' id='word_1_35' title='bbox 285 616 354 658; x_wconf 74' lang='lat' dir='ltr'><strong>ex</strong></span> <span class='ocrx_word' id='word_1_36' title='bbox 379 615 446 656; x_wconf 89' lang='lat' dir='ltr'><strong>eo</strong></span> <span class='ocrx_word' id='word_1_37' title='bbox 473 599 600 669; x_wconf 86' lang='lat' dir='ltr'><strong>quia</strong></span> <span class='ocrx_word' id='word_1_38' title='bbox 621 609 706 654; x_wconf 88' lang='lat' dir='ltr'><strong>est</strong></span> <span class='ocrx_word' id='word_1_39' title='bbox 733 597 1046 654; x_wconf 84' lang='lat' dir='ltr'><strong>communio</strong></span> <span class='ocrx_word' id='word_1_40' title='bbox 1071 595 1252 652; x_wconf 87' lang='lat' dir='ltr'><strong>Patris</strong></span> <span class='ocrx_word' id='word_1_41' title='bbox 1273 607 1328 654; x_wconf 85' lang='lat' dir='ltr'><strong>et</strong></span> <span class='ocrx_word' id='word_1_42' title='bbox 1357 596 1498 664; x_wconf 84' lang='lat' dir='ltr'><strong>Filii,</strong></span> <span class='ocrx_word' id='word_1_43' title='bbox 1530 613 1636 652; x_wconf 90' lang='lat' dir='ltr'><strong>non</strong></span> <span class='ocrx_word' id='word_1_44' title='bbox 1667 598 1870 665; x_wconf 88' lang='lat' dir='ltr'><strong>absque</strong></span> 
     </span>
    </p>
   </div>
   <div class='ocr_carea' id='block_1_9' title="bbox 287 687 1864 759">
    <p class='ocr_par' dir='ltr' id='par_1_9' title="bbox 287 687 1864 759">
     <span class='ocr_line' id='line_1_9' title="bbox 287 687 1864 759; baseline -0.004 -13"><span class='ocrx_word' id='word_1_45' title='bbox 287 692 500 746; x_wconf 83' lang='lat' dir='ltr'><strong>ratione</strong></span> <span class='ocrx_word' id='word_1_46' title='bbox 531 690 686 759; x_wconf 88' lang='lat' dir='ltr'><strong>quasi</strong></span> <span class='ocrx_word' id='word_1_47' title='bbox 715 690 994 759; x_wconf 80' lang='lat' dir='ltr'><strong>proprium</strong></span> <span class='ocrx_word' id='word_1_48' title='bbox 1026 701 1303 744; x_wconf 79' lang='lat' dir='ltr'><strong>assumere</strong></span> <span class='ocrx_word' id='word_1_49' title='bbox 1329 701 1493 757; x_wconf 85' lang='lat' dir='ltr'><strong>posse</strong></span> <span class='ocrx_word' id='word_1_50' title='bbox 1519 688 1735 744; x_wconf 87' lang='lat' dir='ltr'><strong>videtur</strong></span> <span class='ocrx_word' id='word_1_51' title='bbox 1763 687 1864 740; x_wconf 87' lang='lat' dir='ltr'><strong>ali-</strong></span> 
     </span>
    </p>
   </div>
   <div class='ocr_carea' id='block_1_10' title="bbox 289 776 1870 850">
    <p class='ocr_par' dir='ltr' id='par_1_10' title="bbox 289 776 1870 850">
     <span class='ocr_line' id='line_1_10' title="bbox 289 776 1870 850; baseline -0.003 -16"><span class='ocrx_word' id='word_1_52' title='bbox 289 781 438 850; x_wconf 89' lang='lat' dir='ltr'><strong>quod</strong></span> <span class='ocrx_word' id='word_1_53' title='bbox 477 794 698 846; x_wconf 85' lang='lat' dir='ltr'><strong>nomen,</strong></span> <span class='ocrx_word' id='word_1_54' title='bbox 741 779 886 848; x_wconf 88' lang='lat' dir='ltr'><strong>quod</strong></span> <span class='ocrx_word' id='word_1_55' title='bbox 917 776 1066 834; x_wconf 83' lang='lat' dir='ltr'><strong>Patri</strong></span> <span class='ocrx_word' id='word_1_56' title='bbox 1113 777 1358 846; x_wconf 84' lang='lat' dir='ltr'><strong>Filioque</strong></span> <span class='ocrx_word' id='word_1_57' title='bbox 1379 793 1667 834; x_wconf 84' lang='lat' dir='ltr'><strong>commune</strong></span> <span class='ocrx_word' id='word_1_58' title='bbox 1695 778 1790 841; x_wconf 88' lang='lat' dir='ltr'><strong>sit;</strong></span> <span class='ocrx_word' id='word_1_59' title='bbox 1825 777 1870 831; x_wconf 90' lang='lat' dir='ltr'><strong>si</strong></span> 
     </span>
    </p>
   </div>
   <div class='ocr_carea' id='block_1_11' title="bbox 283 867 1870 942">
    <p class='ocr_par' dir='ltr' id='par_1_11' title="bbox 283 867 1870 942">
     <span class='ocr_line' id='line_1_11' title="bbox 283 867 1870 942; baseline -0.004 -16"><span class='ocrx_word' id='word_1_60' title='bbox 283 872 492 942; x_wconf 82' lang='lat' dir='ltr'><strong>proprii</strong></span> <span class='ocrx_word' id='word_1_61' title='bbox 551 871 791 926; x_wconf 86' lang='lat' dir='ltr'><strong>nominis</strong></span> <span class='ocrx_word' id='word_1_62' title='bbox 853 869 1024 938; x_wconf 74' lang='lat' dir='ltr'><strong>exigit</strong></span> <span class='ocrx_word' id='word_1_63' title='bbox 1074 867 1392 938; x_wconf 78' lang='lat' dir='ltr'><strong>indigentia.</strong></span> <span class='ocrx_word' id='word_1_64' title='bbox 1445 867 1596 934; x_wconf 85' lang='lat' dir='ltr'><strong>Quod</strong></span> <span class='ocrx_word' id='word_1_65' title='bbox 1652 868 1870 936; x_wconf 81' lang='lat' dir='ltr'><strong>quidem</strong></span> 
     </span>
    </p>
   </div>
   <div class='ocr_carea' id='block_1_12' title="bbox 283 961 1866 1032">
    <p class='ocr_par' dir='ltr' id='par_1_12' title="bbox 283 961 1866 1032">
     <span class='ocr_line' id='line_1_12' title="bbox 283 961 1866 1032; baseline -0.004 -13"><span class='ocrx_word' id='word_1_66' title='bbox 283 967 330 1019; x_wconf 89' lang='lat' dir='ltr'><strong>si</strong></span> <span class='ocrx_word' id='word_1_67' title='bbox 360 964 571 1028; x_wconf 71' lang='lat' dir='ltr'><strong>6“fiat,</strong></span> <span class='ocrx_word' id='word_1_68' title='bbox 616 964 842 1026; x_wconf 82' lang='lat' dir='ltr'><strong>scilicet,</strong></span> <span class='ocrx_word' id='word_1_69' title='bbox 875 971 932 1017; x_wconf 91' lang='lat' dir='ltr'><strong>ut</strong></span> <span class='ocrx_word' id='word_1_70' title='bbox 980 963 1098 1032; x_wconf 90' lang='lat' dir='ltr'><strong>ipse</strong></span> <span class='ocrx_word' id='word_1_71' title='bbox 1141 977 1296 1018; x_wconf 87' lang='lat' dir='ltr'><strong>amor</strong></span> <span class='ocrx_word' id='word_1_72' title='bbox 1345 963 1563 1018; x_wconf 85' lang='lat' dir='ltr'><strong>nomine</strong></span> <span class='ocrx_word' id='word_1_73' title='bbox 1611 961 1866 1030; x_wconf 85' lang='lat' dir='ltr'><strong>Spiritus,</strong></span> 
     </span>
    </p>
   </div>
   <div class='ocr_carea' id='block_1_13' title="bbox 281 1052 1864 1124">
    <p class='ocr_par' dir='ltr' id='par_1_13' title="bbox 281 1052 1864 1124">
     <span class='ocr_line' id='line_1_13' title="bbox 281 1052 1864 1124; baseline -0.001 -16"><span class='ocrx_word' id='word_1_74' title='bbox 281 1057 430 1124; x_wconf 88' lang='lat' dir='ltr'><strong>quod</strong></span> <span class='ocrx_word' id='word_1_75' title='bbox 475 1056 836 1112; x_wconf 77' lang='lat' dir='ltr'><strong>substantiam</strong></span> <span class='ocrx_word' id='word_1_76' title='bbox 873 1054 1079 1124; x_wconf 80' lang='lat' dir='ltr'><strong>pariter</strong></span> <span class='ocrx_word' id='word_1_77' title='bbox 1109 1053 1289 1112; x_wconf 77' lang='lat' dir='ltr'><strong>Patris</strong></span> <span class='ocrx_word' id='word_1_78' title='bbox 1333 1063 1388 1108; x_wconf 90' lang='lat' dir='ltr'><strong>et</strong></span> <span class='ocrx_word' id='word_1_79' title='bbox 1417 1052 1544 1108; x_wconf 81' lang='lat' dir='ltr'><strong>Filii</strong></span> <span class='ocrx_word' id='word_1_80' title='bbox 1569 1053 1864 1123; x_wconf 80' lang='lat' dir='ltr'><strong>signiﬁcat,</strong></span> 
     </span>
    </p>
   </div>
   <div class='ocr_carea' id='block_1_14' title="bbox 283 1145 1866 1218">
    <p class='ocr_par' dir='ltr' id='par_1_14' title="bbox 283 1145 1866 1218">
     <span class='ocr_line' id='line_1_14' title="bbox 283 1145 1866 1218; baseline -0.004 -16"><span class='ocrx_word' id='word_1_81' title='bbox 283 1147 442 1216; x_wconf 87' lang='lat' dir='ltr'><strong>quasi</strong></span> <span class='ocrx_word' id='word_1_82' title='bbox 497 1147 718 1218; x_wconf 86' lang='lat' dir='ltr'><strong>proprio</strong></span> <span class='ocrx_word' id='word_1_83' title='bbox 755 1146 1066 1217; x_wconf 83' lang='lat' dir='ltr'><strong>designetur</strong></span> <span class='ocrx_word' id='word_1_84' title='bbox 1095 1164 1108 1198; x_wconf 90' lang='lat'><strong>:</strong></span> <span class='ocrx_word' id='word_1_85' title='bbox 1137 1145 1203 1202; x_wconf 88' lang='lat' dir='ltr'><strong>ad</strong></span> <span class='ocrx_word' id='word_1_86' title='bbox 1233 1145 1338 1200; x_wconf 83' lang='lat' dir='ltr'><strong>hoc</strong></span> <span class='ocrx_word' id='word_1_87' title='bbox 1375 1159 1591 1214; x_wconf 88' lang='lat' dir='ltr'><strong>quoque</strong></span> <span class='ocrx_word' id='word_1_88' title='bbox 1621 1159 1728 1198; x_wconf 88' lang='lat' dir='ltr'><strong>non</strong></span> <span class='ocrx_word' id='word_1_89' title='bbox 1780 1145 1866 1197; x_wconf 57' lang='lat' dir='ltr'><strong>in-</strong></span> 
     </span>
    </p>
   </div>
   <div class='ocr_carea' id='block_1_15' title="bbox 283 1232 1870 1304">
    <p class='ocr_par' dir='ltr' id='par_1_15' title="bbox 283 1232 1870 1304">
     <span class='ocr_line' id='line_1_15' title="bbox 283 1232 1870 1304; baseline -0.003 -16"><span class='ocrx_word' id='word_1_90' title='bbox 283 1236 494 1290; x_wconf 86' lang='lat' dir='ltr'><strong>utiliter</strong></span> <span class='ocrx_word' id='word_1_91' title='bbox 519 1235 740 1298; x_wconf 81' lang='lat' dir='ltr'><strong>valebit,</strong></span> <span class='ocrx_word' id='word_1_92' title='bbox 791 1244 849 1290; x_wconf 92' lang='lat' dir='ltr'><strong>ut</strong></span> <span class='ocrx_word' id='word_1_93' title='bbox 895 1248 992 1304; x_wconf 89' lang='lat' dir='ltr'><strong>per</strong></span> <span class='ocrx_word' id='word_1_94' title='bbox 1021 1235 1124 1288; x_wconf 88' lang='lat' dir='ltr'><strong>hoc</strong></span> <span class='ocrx_word' id='word_1_95' title='bbox 1173 1233 1404 1302; x_wconf 84' lang='lat' dir='ltr'><strong>idipsum</strong></span> <span class='ocrx_word' id='word_1_96' title='bbox 1441 1248 1586 1298; x_wconf 87' lang='lat' dir='ltr'><strong>esse,</strong></span> <span class='ocrx_word' id='word_1_97' title='bbox 1613 1232 1760 1301; x_wconf 87' lang='lat' dir='ltr'><strong>quod</strong></span> <span class='ocrx_word' id='word_1_98' title='bbox 1788 1240 1870 1285; x_wconf 89' lang='lat' dir='ltr'><strong>est</strong></span> 
     </span>
    </p>
   </div>
   <div class='ocr_carea' id='block_1_16' title="bbox 281 1320 1860 1392">
    <p class='ocr_par' dir='ltr' id='par_1_16' title="bbox 281 1320 1860 1392">
     <span class='ocr_line' id='line_1_16' title="bbox 281 1320 1860 1392; baseline -0.005 -14"><span class='ocrx_word' id='word_1_99' title='bbox 281 1325 446 1379; x_wconf 85' lang='lat' dir='ltr'><strong>Pater</strong></span> <span class='ocrx_word' id='word_1_100' title='bbox 469 1334 528 1378; x_wconf 89' lang='lat' dir='ltr'><strong>et</strong></span> <span class='ocrx_word' id='word_1_101' title='bbox 566 1324 756 1388; x_wconf 84' lang='lat' dir='ltr'><strong>Filius,</strong></span> <span class='ocrx_word' id='word_1_102' title='bbox 789 1323 1036 1392; x_wconf 84' lang='lat' dir='ltr'><strong>quamvis</strong></span> <span class='ocrx_word' id='word_1_103' title='bbox 1065 1321 1134 1378; x_wconf 85' lang='lat' dir='ltr'><strong>ab</strong></span> <span class='ocrx_word' id='word_1_104' title='bbox 1163 1321 1268 1376; x_wconf 82' lang='lat' dir='ltr'><strong>illis</strong></span> <span class='ocrx_word' id='word_1_105' title='bbox 1303 1335 1424 1378; x_wconf 88' lang='lat' dir='ltr'><strong>esse</strong></span> <span class='ocrx_word' id='word_1_106' title='bbox 1453 1336 1610 1378; x_wconf 87' lang='lat' dir='ltr'><strong>suum</strong></span> <span class='ocrx_word' id='word_1_107' title='bbox 1643 1320 1860 1386; x_wconf 86' lang='lat' dir='ltr'><strong>habeat,</strong></span> 
     </span>
    </p>
   </div>
   <div class='ocr_carea' id='block_1_17' title="bbox 281 1417 592 1471">
    <p class='ocr_par' dir='ltr' id='par_1_17' title="bbox 281 1417 592 1471">
     <span class='ocr_line' id='line_1_17' title="bbox 281 1417 592 1471; baseline 0 -1"><span class='ocrx_word' id='word_1_108' title='bbox 281 1417 592 1471; x_wconf 74' lang='lat' dir='ltr'><strong>‘ntimetur.</strong></span> 
     </span>
    </p>
   </div>
   <div class='ocr_carea' id='block_1_18' title="bbox 655 1523 1498 1596">
    <p class='ocr_par' dir='ltr' id='par_1_18' title="bbox 655 1523 1498 1596">
     <span class='ocr_line' id='line_1_18' title="bbox 655 1523 1498 1596; baseline -0.008 -14"><span class='ocrx_word' id='word_1_109' title='bbox 655 1525 887 1584; x_wconf 79' lang='lat' dir='ltr'><strong>CAPUT</strong></span> <span class='ocrx_word' id='word_1_110' title='bbox 927 1523 1082 1579; x_wconf 80' lang='lat' dir='ltr'>LVIII</span> <span class='ocrx_word' id='word_1_111' title='bbox 1113 1523 1210 1596; x_wconf 77' lang='lat' dir='ltr'><strong>[aL</strong></span> <span class='ocrx_word' id='word_1_112' title='bbox 1241 1523 1373 1596; x_wconf 79' lang='lat' dir='ltr'><strong>LVI]</strong></span> <span class='ocrx_word' id='word_1_113' title='bbox 1405 1525 1498 1576; x_wconf 76' lang='lat'><strong>°“.</strong></span> 
     </span>
    </p>
   </div>
   <div class='ocr_carea' id='block_1_19' title="bbox 281 1635 1858 1707">
    <p class='ocr_par' dir='ltr' id='par_1_19' title="bbox 281 1635 1858 1707">
     <span class='ocr_line' id='line_1_19' title="bbox 281 1635 1858 1707; baseline -0.005 -13"><span class='ocrx_word' id='word_1_114' title='bbox 281 1641 440 1707; x_wconf 81' lang='lat' dir='ltr'><strong>Quod</strong></span> <span class='ocrx_word' id='word_1_115' title='bbox 466 1643 600 1696; x_wconf 82' lang='lat' dir='ltr'><strong>sicut</strong></span> <span class='ocrx_word' id='word_1_116' title='bbox 633 1639 803 1694; x_wconf 83' lang='lat' dir='ltr'><strong>Filius</strong></span> <span class='ocrx_word' id='word_1_117' title='bbox 837 1648 912 1694; x_wconf 81' lang='lat' dir='ltr'><strong>est</strong></span> <span class='ocrx_word' id='word_1_118' title='bbox 935 1637 1158 1692; x_wconf 75' lang='lat' dir='ltr'><strong>essentia</strong></span> <span class='ocrx_word' id='word_1_119' title='bbox 1181 1637 1260 1690; x_wconf 78' lang='lat' dir='ltr'><strong>vel</strong></span> <span class='ocrx_word' id='word_1_120' title='bbox 1279 1637 1536 1707; x_wconf 72' lang='lat' dir='ltr'><strong>sapientia</strong></span> <span class='ocrx_word' id='word_1_121' title='bbox 1573 1635 1773 1707; x_wconf 79' lang='lat' dir='ltr'><strong>Patris,</strong></span> <span class='ocrx_word' id='word_1_122' title='bbox 1800 1651 1858 1686; x_wconf 87' lang='lat' dir='ltr'><strong>eo</strong></span> 
     </span>
    </p>
   </div>
   <div class='ocr_carea' id='block_1_20' title="bbox 353 1699 1938 1780">
    <p class='ocr_par' dir='ltr' id='par_1_20' title="bbox 353 1699 1938 1780">
     <span class='ocr_line' id='line_1_20' title="bbox 353 1699 1938 1780; baseline -0.007 -14"><span class='ocrx_word' id='word_1_123' title='bbox 353 1729 536 1774; x_wconf 75' lang='lat' dir='ltr'><strong>sensu,</strong></span> <span class='ocrx_word' id='word_1_124' title='bbox 565 1713 690 1780; x_wconf 83' lang='lat' dir='ltr'><strong>quia</strong></span> <span class='ocrx_word' id='word_1_125' title='bbox 705 1712 854 1766; x_wconf 77' lang='lat' dir='ltr'><strong>habet</strong></span> <span class='ocrx_word' id='word_1_126' title='bbox 881 1709 1120 1780; x_wconf 55' lang='lat' dir='ltr'><strong>eamdem</strong></span> <span class='ocrx_word' id='word_1_127' title='bbox 1151 1699 1428 1780; x_wconf 69' lang='lat' dir='ltr'><strong>essentiam</strong></span> <span class='ocrx_word' id='word_1_128' title='bbox 1453 1705 1526 1780; x_wconf 54' lang='lat' dir='ltr'><strong>uel</strong></span> <span class='ocrx_word' id='word_1_129' title='bbox 1549 1705 1862 1780; x_wconf 59' lang='lat' dir='ltr'><strong>sapientium</strong></span> <span class='ocrx_word' id='word_1_130' title='bbox 1897 1699 1938 1752; x_wconf 82' lang='grc' dir='ltr'><strong><em>Β</em></strong></span> 
     </span>
    </p>
   </div>
   <div class='ocr_carea' id='block_1_21' title="bbox 351 1772 1862 1852">
    <p class='ocr_par' dir='ltr' id='par_1_21' title="bbox 351 1772 1862 1852">
     <span class='ocr_line' id='line_1_21' title="bbox 351 1772 1862 1852; baseline -0.007 -17"><span class='ocrx_word' id='word_1_131' title='bbox 351 1772 530 1852; x_wconf 70' lang='lat' dir='ltr'><strong>quant</strong></span> <span class='ocrx_word' id='word_1_132' title='bbox 557 1772 752 1846; x_wconf 79' lang='lat' dir='ltr'><strong>Pater;</strong></span> <span class='ocrx_word' id='word_1_133' title='bbox 791 1782 868 1833; x_wconf 84' lang='lat' dir='ltr'><strong>sic</strong></span> <span class='ocrx_word' id='word_1_134' title='bbox 892 1779 1042 1852; x_wconf 78' lang='lat' dir='ltr'><strong>idem</strong></span> <span class='ocrx_word' id='word_1_135' title='bbox 1081 1775 1314 1852; x_wconf 66' lang='lat' dir='ltr'><strong>Spiritus</strong></span> <span class='ocrx_word' id='word_1_136' title='bbox 1341 1776 1408 1830; x_wconf 79' lang='lat' dir='ltr'><strong>sit</strong></span> <span class='ocrx_word' id='word_1_137' title='bbox 1447 1774 1627 1834; x_wconf 79' lang='lat' dir='ltr'><strong>Patris</strong></span> <span class='ocrx_word' id='word_1_138' title='bbox 1653 1783 1702 1828; x_wconf 76' lang='lat' dir='ltr'><strong>et</strong></span> <span class='ocrx_word' id='word_1_139' title='bbox 1735 1772 1862 1825; x_wconf 82' lang='lat' dir='ltr'><strong>Filii</strong></span> 
     </span>
    </p>
   </div>
   <div class='ocr_carea' id='block_1_22' title="bbox 355 1845 1282 1920">
    <p class='ocr_par' dir='ltr' id='par_1_22' title="bbox 355 1845 1282 1920">
     <span class='ocr_line' id='line_1_22' title="bbox 355 1845 1282 1920; baseline -0.005 -15"><span class='ocrx_word' id='word_1_140' title='bbox 355 1845 583 1905; x_wconf 65' lang='lat' dir='ltr'><strong>essentia</strong></span> <span class='ocrx_word' id='word_1_141' title='bbox 611 1862 658 1904; x_wconf 86' lang='lat' dir='ltr'><strong>et</strong></span> <span class='ocrx_word' id='word_1_142' title='bbox 679 1845 958 1920; x_wconf 70' lang='lat' dir='ltr'><strong>sapientia,</strong></span> <span class='ocrx_word' id='word_1_143' title='bbox 983 1857 1030 1900; x_wconf 84' lang='lat' dir='ltr'><strong>et</strong></span> <span class='ocrx_word' id='word_1_144' title='bbox 1067 1845 1282 1900; x_wconf 80' lang='lat' dir='ltr'><strong>similia.</strong></span> 
     </span>
    </p>
   </div>
   <div class='ocr_carea' id='block_1_23' title="bbox 359 1933 1868 2012">
    <p class='ocr_par' dir='ltr' id='par_1_23' title="bbox 359 1933 1868 2012">
     <span class='ocr_line' id='line_1_23' title="bbox 359 1933 1868 2012; baseline -0.006 -15"><span class='ocrx_word' id='word_1_145' title='bbox 359 1943 548 1999; x_wconf 88' lang='lat' dir='ltr'><strong>Potest</strong></span> <span class='ocrx_word' id='word_1_146' title='bbox 576 1956 793 2012; x_wconf 83' lang='lat' dir='ltr'><strong>quoque</strong></span> <span class='ocrx_word' id='word_1_147' title='bbox 819 1936 1270 2010; x_wconf 84' lang='lat' dir='ltr'><strong>quemadmodum</strong></span> <span class='ocrx_word' id='word_1_148' title='bbox 1305 1936 1474 1990; x_wconf 90' lang='lat' dir='ltr'><strong>Filius</strong></span> <span class='ocrx_word' id='word_1_149' title='bbox 1498 1943 1582 1990; x_wconf 90' lang='lat' dir='ltr'><strong>est</strong></span> <span class='ocrx_word' id='word_1_150' title='bbox 1613 1933 1868 1992; x_wconf 83' lang='lat' dir='ltr'><strong>substan-</strong></span> 
     </span>
    </p>
   </div>
   <div class='ocr_carea' id='block_1_24' title="bbox 285 2024 1869 2102">
    <p class='ocr_par' dir='ltr' id='par_1_24' title="bbox 285 2024 1869 2102">
     <span class='ocr_line' id='line_1_24' title="bbox 285 2024 1869 2102; baseline -0.006 -16"><span class='ocrx_word' id='word_1_151' title='bbox 285 2035 390 2098; x_wconf 86' lang='lat' dir='ltr'><strong>tia,</strong></span> <span class='ocrx_word' id='word_1_152' title='bbox 443 2042 496 2089; x_wconf 91' lang='lat' dir='ltr'><strong>et</strong></span> <span class='ocrx_word' id='word_1_153' title='bbox 548 2033 836 2102; x_wconf 81' lang='lat' dir='ltr'><strong>sapientia,</strong></span> <span class='ocrx_word' id='word_1_154' title='bbox 881 2039 939 2084; x_wconf 90' lang='lat' dir='ltr'><strong>et</strong></span> <span class='ocrx_word' id='word_1_155' title='bbox 988 2031 1162 2086; x_wconf 84' lang='lat' dir='ltr'><strong>virtus</strong></span> <span class='ocrx_word' id='word_1_156' title='bbox 1202 2029 1400 2093; x_wconf 83' lang='lat' dir='ltr'><strong>Patris,</strong></span> <span class='ocrx_word' id='word_1_157' title='bbox 1436 2041 1501 2082; x_wconf 90' lang='lat' dir='ltr'><strong>eo</strong></span> <span class='ocrx_word' id='word_1_158' title='bbox 1542 2040 1704 2080; x_wconf 86' lang='lat' dir='ltr'><strong>sensu</strong></span> <span class='ocrx_word' id='word_1_159' title='bbox 1743 2024 1869 2091; x_wconf 86' lang='lat' dir='ltr'><strong>quia</strong></span> 
     </span>
    </p>
   </div>
   <div class='ocr_carea' id='block_1_25' title="bbox 285 2117 1870 2194">
    <p class='ocr_par' dir='ltr' id='par_1_25' title="bbox 285 2117 1870 2194">
     <span class='ocr_line' id='line_1_25' title="bbox 285 2117 1870 2194; baseline -0.011 -9"><span class='ocrx_word' id='word_1_160' title='bbox 285 2132 454 2185; x_wconf 82' lang='lat' dir='ltr'><strong>habet</strong></span> <span class='ocrx_word' id='word_1_161' title='bbox 482 2129 550 2162; x_wconf 62' lang='grc' dir='ltr'><strong>⁶ι³</strong></span> <span class='ocrx_word' id='word_1_162' title='bbox 583 2129 830 2184; x_wconf 81' lang='lat' dir='ltr'><strong>eamdem</strong></span> <span class='ocrx_word' id='word_1_163' title='bbox 852 2129 1170 2194; x_wconf 84' lang='lat' dir='ltr'><strong>essentiam,</strong></span> <span class='ocrx_word' id='word_1_164' title='bbox 1212 2133 1268 2179; x_wconf 91' lang='lat' dir='ltr'><strong>et</strong></span> <span class='ocrx_word' id='word_1_165' title='bbox 1297 2120 1644 2192; x_wconf 87' lang='lat' dir='ltr'><strong>sapientiam,</strong></span> <span class='ocrx_word' id='word_1_166' title='bbox 1678 2125 1735 2172; x_wconf 90' lang='lat' dir='ltr'><strong>et</strong></span> <span class='ocrx_word' id='word_1_167' title='bbox 1763 2117 1870 2168; x_wconf 85' lang='lat' dir='ltr'><strong>vir-</strong></span> 
     </span>
    </p>
   </div>
   <div class='ocr_carea' id='block_1_26' title="bbox 285 2205 1864 2292">
    <p class='ocr_par' dir='ltr' id='par_1_26' title="bbox 285 2205 1864 2292">
     <span class='ocr_line' id='line_1_26' title="bbox 285 2205 1864 2292; baseline -0.013 -15"><span class='ocrx_word' id='word_1_168' title='bbox 285 2225 484 2285; x_wconf 88' lang='lat' dir='ltr'><strong>tutem,</strong></span> <span class='ocrx_word' id='word_1_169' title='bbox 521 2237 682 2292; x_wconf 91' lang='lat' dir='ltr'><strong>quam</strong></span> <span class='ocrx_word' id='word_1_170' title='bbox 713 2221 905 2286; x_wconf 86' lang='lat' dir='ltr'><strong>Pater;</strong></span> <span class='ocrx_word' id='word_1_171' title='bbox 939 2219 1012 2272; x_wconf 91' lang='lat' dir='ltr'><strong>ita</strong></span> <span class='ocrx_word' id='word_1_172' title='bbox 1055 2219 1339 2286; x_wconf 87' lang='lat' dir='ltr'><strong>utriusque</strong></span> <span class='ocrx_word' id='word_1_173' title='bbox 1371 2211 1608 2282; x_wconf 84' lang='lat' dir='ltr'><strong>Spiritus</strong></span> <span class='ocrx_word' id='word_1_174' title='bbox 1641 2205 1864 2274; x_wconf 79' lang='lat' dir='ltr'><strong>intelligi</strong></span> 
     </span>
    </p>
   </div>
   <div class='ocr_carea' id='block_1_27' title="bbox 286 2295 1870 2380">
    <p class='ocr_par' dir='ltr' id='par_1_27' title="bbox 286 2295 1870 2380">
     <span class='ocr_line' id='line_1_27' title="bbox 286 2295 1870 2380; baseline -0.013 -12"><span class='ocrx_word' id='word_1_175' title='bbox 286 2313 546 2372; x_wconf 85' lang='lat' dir='ltr'><strong>essentia,</strong></span> <span class='ocrx_word' id='word_1_176' title='bbox 609 2311 692 2366; x_wconf 90' lang='lat' dir='ltr'><strong>vel</strong></span> <span class='ocrx_word' id='word_1_177' title='bbox 742 2309 1027 2380; x_wconf 87' lang='lat' dir='ltr'><strong>sapientia,</strong></span> <span class='ocrx_word' id='word_1_178' title='bbox 1081 2306 1166 2362; x_wconf 89' lang='lat' dir='ltr'><strong>vel</strong></span> <span class='ocrx_word' id='word_1_179' title='bbox 1209 2307 1382 2362; x_wconf 91' lang='lat' dir='ltr'><strong>virtus</strong></span> <span class='ocrx_word' id='word_1_180' title='bbox 1425 2299 1604 2362; x_wconf 85' lang='lat' dir='ltr'><strong>Patris</strong></span> <span class='ocrx_word' id='word_1_181' title='bbox 1635 2307 1689 2356; x_wconf 90' lang='lat' dir='ltr'><strong>et</strong></span> <span class='ocrx_word' id='word_1_182' title='bbox 1716 2295 1870 2358; x_wconf 86' lang='lat' dir='ltr'><strong>Filii,</strong></span> 
     </span>
    </p>
   </div>
   <div class='ocr_carea' id='block_1_28' title="bbox 283 2390 1648 2478">
    <p class='ocr_par' dir='ltr' id='par_1_28' title="bbox 283 2390 1648 2478">
     <span class='ocr_line' id='line_1_28' title="bbox 283 2390 1648 2478; baseline -0.013 -16"><span class='ocrx_word' id='word_1_183' title='bbox 283 2409 417 2478; x_wconf 85' lang='lat' dir='ltr'><strong>quia</strong></span> <span class='ocrx_word' id='word_1_184' title='bbox 449 2407 614 2462; x_wconf 84' lang='lat' dir='ltr'><strong>habet</strong></span> <span class='ocrx_word' id='word_1_185' title='bbox 634 2405 858 2459; x_wconf 87' lang='lat' dir='ltr'><strong>omnino</strong></span> <span class='ocrx_word' id='word_1_186' title='bbox 883 2403 1130 2458; x_wconf 83' lang='lat' dir='ltr'><strong>eamdem</strong></span> <span class='ocrx_word' id='word_1_187' title='bbox 1160 2413 1324 2469; x_wconf 89' lang='lat' dir='ltr'><strong>quam</strong></span> <span class='ocrx_word' id='word_1_188' title='bbox 1351 2395 1552 2454; x_wconf 84' lang='lat' dir='ltr'><strong>habent</strong></span> <span class='ocrx_word' id='word_1_189' title='bbox 1573 2390 1648 2444; x_wconf 89' lang='lat' dir='ltr'><strong>illi</strong></span> 
     </span>
    </p>
   </div>
   <div class='ocr_carea' id='block_1_29' title="bbox 663 2505 1494 2584">
    <p class='ocr_par' dir='ltr' id='par_1_29' title="bbox 663 2505 1494 2584">
     <span class='ocr_line' id='line_1_29' title="bbox 663 2505 1494 2584; baseline -0.017 -12"><span class='ocrx_word' id='word_1_190' title='bbox 663 2513 894 2572; x_wconf 76' lang='lat' dir='ltr'><strong>CAPUT</strong></span> <span class='ocrx_word' id='word_1_191' title='bbox 935 2513 1047 2567; x_wconf 80' lang='lat' dir='ltr'><strong>LIX</strong></span> <span class='ocrx_word' id='word_1_192' title='bbox 1079 2511 1177 2584; x_wconf 82' lang='grc' dir='ltr'><strong>[αι.</strong></span> <span class='ocrx_word' id='word_1_193' title='bbox 1209 2505 1364 2580; x_wconf 80' lang='lat' dir='ltr'>LVII)</span> <span class='ocrx_word' id='word_1_194' title='bbox 1399 2507 1494 2558; x_wconf 66' lang='grc' dir='ltr'>ω.</span> 
     </span>
    </p>
   </div>
   <div class='ocr_carea' id='block_1_30' title="bbox 357 2617 1802 2710">
    <p class='ocr_par' dir='ltr' id='par_1_30' title="bbox 357 2617 1802 2710">
     <span class='ocr_line' id='line_1_30' title="bbox 357 2617 1802 2710; baseline -0.016 -19"><span class='ocrx_word' id='word_1_195' title='bbox 357 2634 516 2700; x_wconf 71' lang='grc' dir='ltr'><strong>Ωιιοὰ</strong></span> <span class='ocrx_word' id='word_1_196' title='bbox 547 2632 722 2696; x_wconf 81' lang='lat' dir='ltr'><strong>Pater,</strong></span> <span class='ocrx_word' id='word_1_197' title='bbox 747 2640 798 2684; x_wconf 72' lang='lat' dir='ltr'><strong>et</strong></span> <span class='ocrx_word' id='word_1_198' title='bbox 825 2625 1018 2710; x_wconf 72' lang='lat' dir='ltr'><strong>ilius,</strong></span> <span class='ocrx_word' id='word_1_199' title='bbox 1041 2635 1090 2679; x_wconf 86' lang='lat' dir='ltr'><strong>et</strong></span> <span class='ocrx_word' id='word_1_200' title='bbox 1109 2639 1290 2704; x_wconf 69' lang='lat' dir='ltr'><strong>eorum</strong></span> <span class='ocrx_word' id='word_1_201' title='bbox 1321 2619 1573 2690; x_wconf 73' lang='lat' dir='ltr'><strong>Spiritus,</strong></span> <span class='ocrx_word' id='word_1_202' title='bbox 1607 2617 1802 2685; x_wconf 79' lang='lat' dir='ltr'><strong>pariter</strong></span> 
     </span>
    </p>
   </div>
   <div class='ocr_carea' id='block_1_31' title="bbox 821 2707 1340 2754">
    <p class='ocr_par' dir='ltr' id='par_1_31' title="bbox 821 2707 1340 2754">
     <span class='ocr_line' id='line_1_31' title="bbox 821 2707 1340 2754; baseline -0.013 -1"><span class='ocrx_word' id='word_1_203' title='bbox 821 2707 927 2754; x_wconf 74' lang='lat' dir='ltr'><strong>sint</strong></span> <span class='ocrx_word' id='word_1_204' title='bbox 953 2707 1008 2750; x_wconf 78' lang='lat' dir='ltr'><strong>in</strong></span> <span class='ocrx_word' id='word_1_205' title='bbox 1027 2711 1082 2748; x_wconf 82' lang='lat' dir='ltr'><strong>se</strong></span> <span class='ocrx_word' id='word_1_206' title='bbox 1101 2708 1340 2748; x_wconf 72' lang='lat' dir='ltr'><strong>marcent.</strong></span> 
     </span>
    </p>
   </div>
   <div class='ocr_carea' id='block_1_32' title="bbox 281 2794 1877 2872">
    <p class='ocr_par' dir='ltr' id='par_1_32' title="bbox 281 2794 1877 2872">
     <span class='ocr_line' id='line_1_32' title="bbox 281 2794 1877 2872; baseline -0.017 1"><span class='ocrx_word' id='word_1_207' title='bbox 281 2817 634 2872; x_wconf 70' lang='lat' dir='ltr'><strong>Cossrscms</strong></span> <span class='ocrx_word' id='word_1_208' title='bbox 677 2824 908 2866; x_wconf 69' lang='grc' dir='ltr'><strong>ωριτες.</strong></span> <span class='ocrx_word' id='word_1_209' title='bbox 949 2836 1010 2847; x_wconf 93' lang='grc'><strong>-</strong></span> <span class='ocrx_word' id='word_1_210' title='bbox 1067 2807 1131 2860; x_wconf 83' lang='grc' dir='ltr'><strong>1ιί</strong></span> <span class='ocrx_word' id='word_1_211' title='bbox 1191 2813 1301 2858; x_wconf 89' lang='lat' dir='ltr'><strong>tres</strong></span> <span class='ocrx_word' id='word_1_212' title='bbox 1353 2809 1478 2856; x_wconf 77' lang='lat' dir='ltr'><strong>sum</strong></span> <span class='ocrx_word' id='word_1_213' title='bbox 1528 2813 1634 2854; x_wconf 88' lang='lat' dir='ltr'><strong>una</strong></span> <span class='ocrx_word' id='word_1_214' title='bbox 1686 2794 1877 2850; x_wconf 83' lang='lat' dir='ltr'><strong>eadem</strong></span> 
     </span>
    </p>
   </div>
   <div class='ocr_carea' id='block_1_33' title="bbox 359 2875 1872 2946">
    <p class='ocr_par' dir='ltr' id='par_1_33' title="bbox 359 2875 1872 2946">
     <span class='ocr_line' id='line_1_33' title="bbox 359 2875 1872 2946; baseline -0.015 -9"><span class='ocrx_word' id='word_1_215' title='bbox 359 2901 574 2942; x_wconf 81' lang='lat' dir='ltr'><strong>summa</strong></span> <span class='ocrx_word' id='word_1_216' title='bbox 616 2881 874 2944; x_wconf 75' lang='lat' dir='ltr'><strong>essentia,</strong></span> <span class='ocrx_word' id='word_1_217' title='bbox 906 2891 1026 2946; x_wconf 76' lang='lat' dir='ltr'><strong>quae</strong></span> <span class='ocrx_word' id='word_1_218' title='bbox 1057 2891 1156 2930; x_wconf 89' lang='lat' dir='ltr'><strong>nec</strong></span> <span class='ocrx_word' id='word_1_219' title='bbox 1200 2875 1318 2928; x_wconf 87' lang='lat' dir='ltr'><strong>sine</strong></span> <span class='ocrx_word' id='word_1_220' title='bbox 1343 2886 1420 2936; x_wconf 87' lang='lat' dir='ltr'><strong>se,</strong></span> <span class='ocrx_word' id='word_1_221' title='bbox 1465 2884 1566 2924; x_wconf 87' lang='lat' dir='ltr'><strong>nec</strong></span> <span class='ocrx_word' id='word_1_222' title='bbox 1606 2875 1758 2946; x_wconf 43' lang='lat' dir='ltr'><strong>citra</strong></span> <span class='ocrx_word' id='word_1_223' title='bbox 1788 2879 1872 2946; x_wconf 70' lang='lat' dir='ltr'><strong>se,</strong></span> 
     </span>
    </p>
   </div>
   <div class='ocr_carea' id='block_1_34' title="bbox 359 2935 1874 3018">
    <p class='ocr_par' dir='ltr' id='par_1_34' title="bbox 359 2935 1874 3018">
     <span class='ocr_line' id='line_1_34' title="bbox 359 2935 1874 3018; baseline -0.015 -10"><span class='ocrx_word' id='word_1_224' title='bbox 359 2935 788 3018; x_wconf 13' lang='lat' dir='ltr'><strong>nee—imajorivel</strong></span> <span class='ocrx_word' id='word_1_225' title='bbox 825 2935 1003 3002; x_wconf 75' lang='lat' dir='ltr'><strong>mitior</strong></span> <span class='ocrx_word' id='word_1_226' title='bbox 1029 2946 1204 3018; x_wconf 88' lang='lat' dir='ltr'><strong>seipsa</strong></span> <span class='ocrx_word' id='word_1_227' title='bbox 1256 2947 1604 3018; x_wconf 48' lang='lat' dir='ltr'><strong>essenpotest.</strong></span> <span class='ocrx_word' id='word_1_228' title='bbox 1641 2937 1784 3004; x_wconf 81' lang='lat' dir='ltr'><strong>Ergo</strong></span> <span class='ocrx_word' id='word_1_229' title='bbox 1822 2935 1874 2986; x_wconf 86' lang='lat' dir='ltr'><strong>III</strong></span> 
     </span>
    </p>
   </div>
   <div class='ocr_carea' id='block_1_35' title="bbox 361 3007 1876 3083">
    <p class='ocr_par' dir='ltr' id='par_1_35' title="bbox 361 3007 1876 3083">
     <span class='ocr_line' id='line_1_35' title="bbox 361 3007 1876 3083; baseline -0.015 -5"><span class='ocrx_word' id='word_1_230' title='bbox 361 3007 476 3080; x_wconf 69' lang='lat' dir='ltr'><strong>tres</strong></span> <span class='ocrx_word' id='word_1_231' title='bbox 506 3007 632 3076; x_wconf 75' lang='lat' dir='ltr'><strong>sunt</strong></span> <span class='ocrx_word' id='word_1_232' title='bbox 659 3021 709 3074; x_wconf 92' lang='lat' dir='ltr'><strong>in</strong></span> <span class='ocrx_word' id='word_1_233' title='bbox 740 3035 798 3074; x_wconf 91' lang='lat' dir='ltr'><strong>se</strong></span> <span class='ocrx_word' id='word_1_234' title='bbox 823 3018 1084 3078; x_wconf 79' lang='lat' dir='ltr'><strong>invicem;</strong></span> <span class='ocrx_word' id='word_1_235' title='bbox 1112 3007 1191 3067; x_wconf 80' lang='lat' dir='ltr'><strong>ita</strong></span> <span class='ocrx_word' id='word_1_236' title='bbox 1219 3020 1278 3068; x_wconf 88' lang='lat' dir='ltr'><strong>ut</strong></span> <span class='ocrx_word' id='word_1_237' title='bbox 1303 3007 1480 3083; x_wconf 78' lang='lat' dir='ltr'><strong>nullus</strong></span> <span class='ocrx_word' id='word_1_238' title='bbox 1523 3007 1686 3064; x_wconf 80' lang='lat' dir='ltr'><strong>alium</strong></span> <span class='ocrx_word' id='word_1_239' title='bbox 1718 3018 1876 3083; x_wconf 77' lang='lat' dir='ltr'><strong>exce-</strong></span> 
     </span>
    </p>
   </div>
   <div class='ocr_carea' id='block_1_36' title="bbox 359 3081 1868 3154">
    <p class='ocr_par' dir='ltr' id='par_1_36' title="bbox 359 3081 1868 3154">
     <span class='ocr_line' id='line_1_36' title="bbox 359 3081 1868 3154; baseline -0.015 -6"><span class='ocrx_word' id='word_1_240' title='bbox 359 3097 479 3148; x_wconf 87' lang='lat' dir='ltr'><strong>dat.</strong></span> <span class='ocrx_word' id='word_1_241' title='bbox 511 3094 712 3147; x_wconf 82' lang='lat' dir='ltr'><strong>Deinde</strong></span> <span class='ocrx_word' id='word_1_242' title='bbox 747 3087 1006 3143; x_wconf 86' lang='lat' dir='ltr'><strong>memoria</strong></span> <span class='ocrx_word' id='word_1_243' title='bbox 1032 3099 1256 3138; x_wconf 77' lang='lat' dir='ltr'><strong>summa:</strong></span> <span class='ocrx_word' id='word_1_244' title='bbox 1282 3081 1532 3154; x_wconf 76' lang='lat' dir='ltr'><strong>essentia:</strong></span> <span class='ocrx_word' id='word_1_245' title='bbox 1571 3087 1679 3154; x_wconf 75' lang='lat' dir='ltr'><strong>tota</strong></span> <span class='ocrx_word' id='word_1_246' title='bbox 1705 3083 1800 3152; x_wconf 39' lang='lat' dir='ltr'><strong>est.</strong></span> <span class='ocrx_word' id='word_1_247' title='bbox 1818 3081 1868 3126; x_wconf 87' lang='lat' dir='ltr'><strong>in</strong></span> 
     </span>
    </p>
   </div>
   <div class='ocr_carea' id='block_1_37' title="bbox 356 3147 1872 3234">
    <p class='ocr_par' dir='ltr' id='par_1_37' title="bbox 356 3147 1872 3234">
     <span class='ocr_line' id='line_1_37' title="bbox 356 3147 1872 3234; baseline -0.015 -16"><span class='ocrx_word' id='word_1_248' title='bbox 356 3147 483 3234; x_wconf 71' lang='lat' dir='ltr'><strong>ejus</strong></span> <span class='ocrx_word' id='word_1_249' title='bbox 511 3160 856 3230; x_wconf 70' lang='lat' dir='ltr'><strong>intelligentia</strong></span> <span class='ocrx_word' id='word_1_250' title='bbox 881 3165 934 3211; x_wconf 90' lang='lat' dir='ltr'><strong>et</strong></span> <span class='ocrx_word' id='word_1_251' title='bbox 961 3169 1175 3220; x_wconf 88' lang='lat' dir='ltr'><strong>amore,</strong></span> <span class='ocrx_word' id='word_1_252' title='bbox 1200 3161 1254 3206; x_wconf 88' lang='lat' dir='ltr'><strong>et</strong></span> <span class='ocrx_word' id='word_1_253' title='bbox 1289 3147 1639 3232; x_wconf 72' lang='lat' dir='ltr'><strong>intelligentia</strong></span> <span class='ocrx_word' id='word_1_254' title='bbox 1665 3147 1872 3234; x_wconf 43' lang='grc' dir='ltr'><strong>ἰπὶ-(δρας</strong></span> 
     </span>
    </p>
   </div>
   <div class='ocr_carea' id='block_1_38' title="bbox 359 3221 1871 3289">
    <p class='ocr_par' dir='ltr' id='par_1_38' title="bbox 359 3221 1871 3289">
     <span class='ocr_line' id='line_1_38' title="bbox 359 3221 1871 3289; baseline -0.016 -1"><span class='ocrx_word' id='word_1_255' title='bbox 359 3221 626 3288; x_wconf 71' lang='grc' dir='ltr'><strong>ιῦριηοτὶτι</strong></span> <span class='ocrx_word' id='word_1_256' title='bbox 651 3221 710 3286; x_wconf 70' lang='grc' dir='ltr'><strong>εἴ</strong></span> <span class='ocrx_word' id='word_1_257' title='bbox 737 3243 952 3289; x_wconf 84' lang='lat' dir='ltr'><strong>amore,</strong></span> <span class='ocrx_word' id='word_1_258' title='bbox 985 3237 1041 3278; x_wconf 90' lang='lat' dir='ltr'><strong>et</strong></span> <span class='ocrx_word' id='word_1_259' title='bbox 1091 3239 1246 3277; x_wconf 85' lang='lat' dir='ltr'><strong>amor</strong></span> <span class='ocrx_word' id='word_1_260' title='bbox 1294 3221 1346 3274; x_wconf 91' lang='lat' dir='ltr'><strong>in</strong></span> <span class='ocrx_word' id='word_1_261' title='bbox 1394 3221 1652 3289; x_wconf 75' lang='lat' dir='ltr'><strong>utetnoria</strong></span> <span class='ocrx_word' id='word_1_262' title='bbox 1695 3223 1750 3266; x_wconf 88' lang='lat' dir='ltr'><strong>et</strong></span> <span class='ocrx_word' id='word_1_263' title='bbox 1791 3221 1871 3289; x_wconf 74' lang='lat' dir='ltr'><strong>in-</strong></span> 
     </span>
    </p>
   </div>
   <div class='ocr_carea' id='block_1_39' title="bbox 359 3285 1868 3372">
    <p class='ocr_par' dir='ltr' id='par_1_39' title="bbox 359 3285 1868 3372">
     <span class='ocr_line' id='line_1_39' title="bbox 359 3285 1868 3372; baseline -0.017 -14"><span class='ocrx_word' id='word_1_264' title='bbox 359 3285 820 3372; x_wconf 57' lang='lat' dir='ltr'><strong>telligentiaejus.</strong></span> <span class='ocrx_word' id='word_1_265' title='bbox 846 3285 988 3372; x_wconf 69' lang='lat' dir='ltr'><strong>Ergo</strong></span> <span class='ocrx_word' id='word_1_266' title='bbox 1013 3287 1452 3372; x_wconf 35' lang='lat' dir='ltr'><strong>totusuPaterIqui</strong></span> <span class='ocrx_word' id='word_1_267' title='bbox 1477 3297 1560 3372; x_wconf 73' lang='lat' dir='ltr'><strong>est</strong></span> <span class='ocrx_word' id='word_1_268' title='bbox 1587 3285 1868 3372; x_wconf 62' lang='lat' dir='ltr'><strong>memoria,</strong></span> 
     </span>
    </p>
   </div>
   <div class='ocr_carea' id='block_1_40' title="bbox 365 3354 1870 3438">
    <p class='ocr_par' dir='ltr' id='par_1_40' title="bbox 365 3354 1870 3438">
     <span class='ocr_line' id='line_1_40' title="bbox 365 3354 1870 3438; baseline -0.017 -10"><span class='ocrx_word' id='word_1_269' title='bbox 365 3354 546 3428; x_wconf 52' lang='lat' dir='ltr'><strong>estin</strong></span> <span class='ocrx_word' id='word_1_270' title='bbox 581 3354 738 3432; x_wconf 49' lang='lat' dir='ltr'><strong>Filio:</strong></span> <span class='ocrx_word' id='word_1_271' title='bbox 793 3369 884 3438; x_wconf 89' lang='lat' dir='ltr'><strong>qui</strong></span> <span class='ocrx_word' id='word_1_272' title='bbox 914 3354 998 3422; x_wconf 61' lang='lat' dir='ltr'><strong>Est</strong></span> <span class='ocrx_word' id='word_1_273' title='bbox 1027 3354 1410 3438; x_wconf 45' lang='lat' dir='ltr'><strong>intelligentia-3</strong></span> <span class='ocrx_word' id='word_1_274' title='bbox 1459 3367 1514 3438; x_wconf 67' lang='lat' dir='ltr'><strong>et</strong></span> <span class='ocrx_word' id='word_1_275' title='bbox 1543 3357 1601 3438; x_wconf 74' lang='lat' dir='ltr'><strong>in</strong></span> <span class='ocrx_word' id='word_1_276' title='bbox 1641 3354 1870 3438; x_wconf 56' lang='lat' dir='ltr'><strong>Spiritu,</strong></span> 
     </span>
    </p>
   </div>
   <div class='ocr_carea' id='block_1_41' title="bbox 365 3422 1870 3510">
    <p class='ocr_par' dir='ltr' id='par_1_41' title="bbox 365 3422 1870 3510">
     <span class='ocr_line' id='line_1_41' title="bbox 365 3422 1870 3510; baseline -0.016 -13"><span class='ocrx_word' id='word_1_277' title='bbox 365 3422 461 3510; x_wconf 59' lang='lat' dir='ltr'><strong>«iiii</strong></span> <span class='ocrx_word' id='word_1_278' title='bbox 493 3422 748 3498; x_wconf 53' lang='lat' dir='ltr'><strong>Euhias}</strong></span> <span class='ocrx_word' id='word_1_279' title='bbox 781 3422 877 3510; x_wconf 56' lang='lat' dir='ltr'><strong>z&#39;e_t</strong></span> <span class='ocrx_word' id='word_1_280' title='bbox 913 3445 1056 3510; x_wconf 78' lang='lat' dir='ltr'><strong>totus</strong></span> <span class='ocrx_word' id='word_1_281' title='bbox 1084 3422 1261 3510; x_wconf 58' lang='lat' dir='ltr'><strong>Filius</strong></span> <span class='ocrx_word' id='word_1_282' title='bbox 1282 3437 1364 3486; x_wconf 84' lang='lat' dir='ltr'><strong>est</strong></span> <span class='ocrx_word' id='word_1_283' title='bbox 1390 3426 1638 3510; x_wconf 47' lang='lat' dir='ltr'><strong>inﬁgatre</strong></span> <span class='ocrx_word' id='word_1_284' title='bbox 1660 3422 1718 3510; x_wconf 72' lang='lat' dir='ltr'><strong>et</strong></span> 
     </span>
    </p>
   </div>
   <div class='ocr_carea' id='block_1_42' title="bbox 363 3496 1874 3576">
    <p class='ocr_par' dir='ltr' id='par_1_42' title="bbox 363 3496 1874 3576">
     <span class='ocr_line' id='line_1_42' title="bbox 363 3496 1874 3576; baseline -0.013 -10"><span class='ocrx_word' id='word_1_285' title='bbox 363 3496 514 3574; x_wconf 48' lang='lat' dir='ltr'><strong>nitu,</strong></span> <span class='ocrx_word' id='word_1_286' title='bbox 557 3521 615 3566; x_wconf 89' lang='lat' dir='ltr'><strong>et</strong></span> <span class='ocrx_word' id='word_1_287' title='bbox 643 3519 789 3564; x_wconf 86' lang='lat' dir='ltr'><strong>totus</strong></span> <span class='ocrx_word' id='word_1_288' title='bbox 838 3507 1073 3576; x_wconf 87' lang='lat' dir='ltr'><strong>Spiritus</strong></span> <span class='ocrx_word' id='word_1_289' title='bbox 1097 3505 1148 3576; x_wconf 87' lang='lat' dir='ltr'><strong>in</strong></span> <span class='ocrx_word' id='word_1_290' title='bbox 1175 3503 1406 3576; x_wconf 67' lang='lat' dir='ltr'><strong>Patr-eet</strong></span> <span class='ocrx_word' id='word_1_291' title='bbox 1435 3496 1572 3552; x_wconf 80' lang='lat' dir='ltr'><strong>Filio</strong></span> <span class='ocrx_word' id='word_1_292' title='bbox 1602 3511 1615 3548; x_wconf 95' lang='lat'>:</span> <span class='ocrx_word' id='word_1_293' title='bbox 1649 3503 1702 3548; x_wconf 89' lang='lat' dir='ltr'><strong>et.</strong></span> <span class='ocrx_word' id='word_1_294' title='bbox 1733 3507 1874 3546; x_wconf 88' lang='lat' dir='ltr'><strong>unus</strong></span> 
     </span>
    </p>
   </div>
   <div class='ocr_carea' id='block_1_43' title="bbox 367 3570 1388 3648">
    <p class='ocr_par' dir='ltr' id='par_1_43' title="bbox 367 3570 1388 3648">
     <span class='ocr_line' id='line_1_43' title="bbox 367 3570 1388 3648; baseline -0.014 -11"><span class='ocrx_word' id='word_1_295' title='bbox 367 3570 582 3642; x_wconf 81' lang='lat' dir='ltr'><strong>illorum</strong></span> <span class='ocrx_word' id='word_1_296' title='bbox 611 3595 718 3636; x_wconf 87' lang='lat' dir='ltr'><strong>non</strong></span> <span class='ocrx_word' id='word_1_297' title='bbox 753 3570 932 3648; x_wconf 78' lang='lat' dir='ltr'><strong>potest</strong></span> <span class='ocrx_word' id='word_1_298' title='bbox 961 3589 1082 3630; x_wconf 83' lang='lat' dir='ltr'><strong>esse</strong></span> <span class='ocrx_word' id='word_1_299' title='bbox 1106 3575 1222 3628; x_wconf 87' lang='lat' dir='ltr'><strong>sine</strong></span> <span class='ocrx_word' id='word_1_300' title='bbox 1249 3570 1388 3628; x_wconf 80' lang='lat' dir='ltr'><strong>aliis.</strong></span> 
     </span>
    </p>
   </div>
   <div class='ocr_carea' id='block_1_44' title="bbox 364 3677 1872 3751">
    <p class='ocr_par' dir='ltr' id='par_1_44' title="bbox 364 3677 1872 3751">
     <span class='ocr_line' id='line_1_44' title="bbox 364 3677 1872 3751; baseline -0.014 -2"><span class='ocrx_word' id='word_1_301' title='bbox 364 3693 670 3751; x_wconf 66' lang='lat' dir='ltr'><strong>Iucundum</strong></span> <span class='ocrx_word' id='word_1_302' title='bbox 693 3699 779 3746; x_wconf 87' lang='lat' dir='ltr'><strong>est</strong></span> <span class='ocrx_word' id='word_1_303' title='bbox 801 3689 998 3743; x_wconf 87' lang='lat' dir='ltr'><strong>intueri</strong></span> <span class='ocrx_word' id='word_1_304' title='bbox 1031 3687 1085 3740; x_wconf 90' lang='lat' dir='ltr'><strong>in</strong></span> <span class='ocrx_word' id='word_1_305' title='bbox 1119 3685 1302 3748; x_wconf 83' lang='lat' dir='ltr'><strong>Patre,</strong></span> <span class='ocrx_word' id='word_1_306' title='bbox 1337 3691 1394 3737; x_wconf 92' lang='lat' dir='ltr'><strong>et</strong></span> <span class='ocrx_word' id='word_1_307' title='bbox 1421 3680 1560 3736; x_wconf 80' lang='lat' dir='ltr'><strong>Filio</strong></span> <span class='ocrx_word' id='word_1_308' title='bbox 1593 3685 1648 3732; x_wconf 91' lang='lat' dir='ltr'><strong>et</strong></span> <span class='ocrx_word' id='word_1_309' title='bbox 1669 3677 1872 3730; x_wconf 88' lang='lat' dir='ltr'><strong>utrius-</strong></span> 
     </span>
    </p>
   </div>
   <div class='ocr_carea' id='block_1_45' title="bbox 293 3771 1876 3854">
    <p class='ocr_par' dir='ltr' id='par_1_45' title="bbox 293 3771 1876 3854">
     <span class='ocr_line' id='line_1_45' title="bbox 293 3771 1876 3854; baseline -0.013 -15"><span class='ocrx_word' id='word_1_310' title='bbox 293 3799 408 3854; x_wconf 81' lang='lat' dir='ltr'><strong>que</strong></span> <span class='ocrx_word' id='word_1_311' title='bbox 475 3781 702 3853; x_wconf 81' lang='lat' dir='ltr'><strong>Spiritu,</strong></span> <span class='ocrx_word' id='word_1_312' title='bbox 751 3777 1022 3849; x_wconf 87' lang='lat' dir='ltr'><strong>quomodo</strong></span> <span class='ocrx_word' id='word_1_313' title='bbox 1074 3775 1184 3830; x_wconf 88' lang='lat' dir='ltr'><strong>sint</strong></span> <span class='ocrx_word' id='word_1_314' title='bbox 1221 3773 1276 3826; x_wconf 90' lang='lat' dir='ltr'><strong>in</strong></span> <span class='ocrx_word' id='word_1_315' title='bbox 1325 3785 1385 3826; x_wconf 90' lang='lat' dir='ltr'><strong>se</strong></span> <span class='ocrx_word' id='word_1_316' title='bbox 1447 3771 1677 3824; x_wconf 81' lang='lat' dir='ltr'><strong>invicem</strong></span> <span class='ocrx_word' id='word_1_317' title='bbox 1727 3775 1876 3820; x_wconf 89' lang='lat' dir='ltr'><strong>tanta</strong></span> 
     </span>
    </p>
   </div>
   <div class='ocr_carea' id='block_1_46' title="bbox 293 3861 1871 3946">
    <p class='ocr_par' dir='ltr' id='par_1_46' title="bbox 293 3861 1871 3946">
     <span class='ocr_line' id='line_1_46' title="bbox 293 3861 1871 3946; baseline -0.013 -14"><span class='ocrx_word' id='word_1_318' title='bbox 293 3875 610 3946; x_wconf 68' lang='lat' dir='ltr'><strong>aequalitate</strong></span> <span class='ocrx_word' id='word_1_319' title='bbox 633 3883 692 3926; x_wconf 89' lang='lat' dir='ltr'><strong>ut</strong></span> <span class='ocrx_word' id='word_1_320' title='bbox 713 3871 888 3926; x_wconf 86' lang='lat' dir='ltr'><strong>nullus</strong></span> <span class='ocrx_word' id='word_1_321' title='bbox 909 3869 1075 3922; x_wconf 85' lang='lat' dir='ltr'><strong>alium</strong></span> <span class='ocrx_word' id='word_1_322' title='bbox 1099 3867 1343 3920; x_wconf 73' lang='lat' dir='ltr'><strong>excedat.</strong></span> <span class='ocrx_word' id='word_1_323' title='bbox 1367 3863 1570 3917; x_wconf 66' lang='lat' dir='ltr'><strong>Pratter</strong></span> <span class='ocrx_word' id='word_1_324' title='bbox 1591 3863 1690 3914; x_wconf 83' lang='lat' dir='ltr'><strong>hoc</strong></span> <span class='ocrx_word' id='word_1_325' title='bbox 1709 3861 1871 3920; x_wconf 90' lang='lat' dir='ltr'><strong>enim,</strong></span> 
     </span>
    </p>
   </div>
   <div class='ocr_carea' id='block_1_47' title="bbox 295 3949 1878 4036">
    <p class='ocr_par' dir='ltr' id='par_1_47' title="bbox 295 3949 1878 4036">
     <span class='ocr_line' id='line_1_47' title="bbox 295 3949 1878 4036; baseline -0.013 -15"><span class='ocrx_word' id='word_1_326' title='bbox 295 3968 430 4036; x_wconf 84' lang='lat' dir='ltr'><strong>quia</strong></span> <span class='ocrx_word' id='word_1_327' title='bbox 469 3961 842 4032; x_wconf 85' lang='lat' dir='ltr'><strong>unusquisque</strong></span> <span class='ocrx_word' id='word_1_328' title='bbox 882 3972 1068 4014; x_wconf 83' lang='lat' dir='ltr'><strong>eorum</strong></span> <span class='ocrx_word' id='word_1_329' title='bbox 1123 3955 1204 4010; x_wconf 91' lang='lat' dir='ltr'><strong>sic</strong></span> <span class='ocrx_word' id='word_1_330' title='bbox 1250 3959 1333 4008; x_wconf 89' lang='lat' dir='ltr'><strong>est</strong></span> <span class='ocrx_word' id='word_1_331' title='bbox 1389 3949 1630 4022; x_wconf 73' lang='lat' dir='ltr'><strong>per-tecte</strong></span> <span class='ocrx_word' id='word_1_332' title='bbox 1667 3963 1878 4003; x_wconf 86' lang='lat' dir='ltr'><strong>summa</strong></span> 
     </span>
    </p>
   </div>
   <div class='ocr_carea' id='block_1_48' title="bbox 295 4041 1877 4116">
    <p class='ocr_par' dir='ltr' id='par_1_48' title="bbox 295 4041 1877 4116">
     <span class='ocr_line' id='line_1_48' title="bbox 295 4041 1877 4116; baseline -0.014 -3"><span class='ocrx_word' id='word_1_333' title='bbox 295 4057 556 4116; x_wconf 86' lang='lat' dir='ltr'><strong>essentia,</strong></span> <span class='ocrx_word' id='word_1_334' title='bbox 605 4063 666 4108; x_wconf 89' lang='lat' dir='ltr'><strong>ut</strong></span> <span class='ocrx_word' id='word_1_335' title='bbox 711 4063 888 4108; x_wconf 87' lang='lat' dir='ltr'><strong>tamen</strong></span> <span class='ocrx_word' id='word_1_336' title='bbox 921 4063 1114 4106; x_wconf 87' lang='lat' dir='ltr'><strong>omnes</strong></span> <span class='ocrx_word' id='word_1_337' title='bbox 1159 4057 1270 4101; x_wconf 85' lang='lat' dir='ltr'><strong>tres</strong></span> <span class='ocrx_word' id='word_1_338' title='bbox 1298 4043 1458 4100; x_wconf 84' lang='lat' dir='ltr'><strong>simul</strong></span> <span class='ocrx_word' id='word_1_339' title='bbox 1489 4059 1594 4098; x_wconf 86' lang='lat' dir='ltr'><strong>non</strong></span> <span class='ocrx_word' id='word_1_340' title='bbox 1635 4041 1748 4096; x_wconf 87' lang='lat' dir='ltr'><strong>sint</strong></span> <span class='ocrx_word' id='word_1_341' title='bbox 1777 4041 1877 4093; x_wconf 85' lang='lat' dir='ltr'><strong>nisi</strong></span> 
     </span>
    </p>
   </div>
   <div class='ocr_carea' id='block_1_49' title="bbox 295 4133 1879 4209">
    <p class='ocr_par' dir='ltr' id='par_1_49' title="bbox 295 4133 1879 4209">
     <span class='ocr_line' id='line_1_49' title="bbox 295 4133 1879 4209; baseline -0.015 -4"><span class='ocrx_word' id='word_1_342' title='bbox 295 4148 540 4205; x_wconf 83' lang='lat' dir='ltr'><strong>essentia</strong></span> <span class='ocrx_word' id='word_1_343' title='bbox 571 4161 674 4198; x_wconf 84' lang='lat' dir='ltr'><strong>una</strong></span> <span class='ocrx_word' id='word_1_344' title='bbox 705 4157 938 4207; x_wconf 81' lang='lat' dir='ltr'><strong>summa,</strong></span> <span class='ocrx_word' id='word_1_345' title='bbox 969 4155 1090 4209; x_wconf 76' lang='lat' dir='ltr'><strong>qua:</strong></span> <span class='ocrx_word' id='word_1_346' title='bbox 1123 4153 1224 4192; x_wconf 90' lang='lat' dir='ltr'><strong>nec</strong></span> <span class='ocrx_word' id='word_1_347' title='bbox 1249 4137 1368 4191; x_wconf 84' lang='lat' dir='ltr'><strong>sine</strong></span> <span class='ocrx_word' id='word_1_348' title='bbox 1399 4150 1458 4190; x_wconf 85' lang='lat' dir='ltr'><strong>se</strong></span> <span class='ocrx_word' id='word_1_349' title='bbox 1499 4133 1587 4188; x_wconf 75' lang='lat' dir='ltr'><strong>vei</strong></span> <span class='ocrx_word' id='word_1_350' title='bbox 1619 4141 1774 4186; x_wconf 81' lang='lat' dir='ltr'><strong>extra</strong></span> <span class='ocrx_word' id='word_1_351' title='bbox 1799 4146 1879 4192; x_wconf 88' lang='lat' dir='ltr'><strong>se,</strong></span> 
     </span>
    </p>
   </div>
   <div class='ocr_carea' id='block_1_50' title="bbox 297 4221 1883 4307">
    <p class='ocr_par' dir='ltr' id='par_1_50' title="bbox 297 4221 1883 4307">
     <span class='ocr_line' id='line_1_50' title="bbox 297 4221 1883 4307; baseline -0.015 -12"><span class='ocrx_word' id='word_1_352' title='bbox 297 4255 406 4295; x_wconf 83' lang='lat' dir='ltr'><strong>nec</strong></span> <span class='ocrx_word' id='word_1_353' title='bbox 429 4239 604 4307; x_wconf 81' lang='lat' dir='ltr'><strong>major</strong></span> <span class='ocrx_word' id='word_1_354' title='bbox 619 4236 704 4290; x_wconf 80' lang='lat' dir='ltr'><strong>vel</strong></span> <span class='ocrx_word' id='word_1_355' title='bbox 729 4233 906 4287; x_wconf 79' lang='lat' dir='ltr'><strong>minor</strong></span> <span class='ocrx_word' id='word_1_356' title='bbox 928 4231 1106 4300; x_wconf 86' lang='lat' dir='ltr'><strong>seipsa</strong></span> <span class='ocrx_word' id='word_1_357' title='bbox 1128 4243 1250 4283; x_wconf 83' lang='lat' dir='ltr'><strong>esse</strong></span> <span class='ocrx_word' id='word_1_358' title='bbox 1273 4235 1451 4296; x_wconf 86' lang='lat' dir='ltr'><strong>potest</strong></span> <span class='ocrx_word' id='word_1_359' title='bbox 1482 4243 1494 4277; x_wconf 92' lang='lat'>:</span> <span class='ocrx_word' id='word_1_360' title='bbox 1527 4239 1623 4294; x_wconf 85' lang='lat' dir='ltr'><strong>per</strong></span> <span class='ocrx_word' id='word_1_361' title='bbox 1641 4221 1883 4291; x_wconf 81' lang='lat' dir='ltr'><strong>singulos</strong></span> 
     </span>
    </p>
   </div>
   <div class='ocr_carea' id='block_1_51' title="bbox 299 4310 1882 4396">
    <p class='ocr_par' dir='ltr' id='par_1_51' title="bbox 299 4310 1882 4396">
     <span class='ocr_line' id='line_1_51' title="bbox 299 4310 1882 4396; baseline -0.014 -12"><span class='ocrx_word' id='word_1_362' title='bbox 299 4340 486 4384; x_wconf 82' lang='lat' dir='ltr'><strong>tamen</strong></span> <span class='ocrx_word' id='word_1_363' title='bbox 517 4327 746 4396; x_wconf 87' lang='lat' dir='ltr'><strong>idipsum</strong></span> <span class='ocrx_word' id='word_1_364' title='bbox 779 4339 884 4377; x_wconf 88' lang='lat' dir='ltr'><strong>non</strong></span> <span class='ocrx_word' id='word_1_365' title='bbox 913 4322 1091 4376; x_wconf 83' lang='lat' dir='ltr'><strong>minus</strong></span> <span class='ocrx_word' id='word_1_366' title='bbox 1120 4319 1264 4372; x_wconf 85' lang='lat' dir='ltr'><strong>valet</strong></span> <span class='ocrx_word' id='word_1_367' title='bbox 1293 4315 1530 4384; x_wconf 85' lang='lat' dir='ltr'><strong>probari.</strong></span> <span class='ocrx_word' id='word_1_368' title='bbox 1557 4313 1652 4366; x_wconf 84' lang='lat' dir='ltr'><strong>Est</strong></span> <span class='ocrx_word' id='word_1_369' title='bbox 1679 4310 1882 4366; x_wconf 83' lang='lat' dir='ltr'><strong>etenim</strong></span> 
     </span>
    </p>
   </div>
   <div class='ocr_carea' id='block_1_52' title="bbox 303 4394 1957 4473">
    <p class='ocr_par' dir='ltr' id='par_1_52' title="bbox 303 4394 1957 4473">
     <span class='ocr_line' id='line_1_52' title="bbox 303 4394 1957 4473; baseline -0.012 0"><span class='ocrx_word' id='word_1_370' title='bbox 303 4427 458 4472; x_wconf 89' lang='lat' dir='ltr'><strong>totus</strong></span> <span class='ocrx_word' id='word_1_371' title='bbox 495 4394 658 4471; x_wconf 77' lang='lat' dir='ltr'><strong>Pater</strong></span> <span class='ocrx_word' id='word_1_372' title='bbox 690 4417 742 4468; x_wconf 91' lang='lat' dir='ltr'><strong>in</strong></span> <span class='ocrx_word' id='word_1_373' title='bbox 777 4413 914 4467; x_wconf 80' lang='lat' dir='ltr'><strong>Filio</strong></span> <span class='ocrx_word' id='word_1_374' title='bbox 947 4423 1003 4466; x_wconf 90' lang='lat' dir='ltr'><strong>et</strong></span> <span class='ocrx_word' id='word_1_375' title='bbox 1029 4409 1303 4466; x_wconf 86' lang='lat' dir='ltr'><strong>communi</strong></span> <span class='ocrx_word' id='word_1_376' title='bbox 1347 4404 1584 4473; x_wconf 86' lang='lat' dir='ltr'><strong>Spiritu;</strong></span> <span class='ocrx_word' id='word_1_377' title='bbox 1615 4412 1675 4456; x_wconf 87' lang='lat' dir='ltr'><strong>et</strong></span> <span class='ocrx_word' id='word_1_378' title='bbox 1709 4401 1882 4456; x_wconf 81' lang='lat' dir='ltr'><strong>Filius</strong></span> <span class='ocrx_word' id='word_1_379' title='bbox 1915 4394 1957 4446; x_wconf 70' lang='grc' dir='ltr'><strong>Β</strong></span> 
     </span>
    </p>
   </div>
   <div class='ocr_carea' id='block_1_53' title="bbox 301 4490 1884 4571">
    <p class='ocr_par' dir='ltr' id='par_1_53' title="bbox 301 4490 1884 4571">
     <span class='ocr_line' id='line_1_53' title="bbox 301 4490 1884 4571; baseline -0.014 -8"><span class='ocrx_word' id='word_1_380' title='bbox 301 4511 356 4564; x_wconf 80' lang='lat' dir='ltr'><strong>in</strong></span> <span class='ocrx_word' id='word_1_381' title='bbox 389 4508 578 4570; x_wconf 80' lang='lat' dir='ltr'><strong>Patre,</strong></span> <span class='ocrx_word' id='word_1_382' title='bbox 603 4514 658 4560; x_wconf 83' lang='lat' dir='ltr'><strong>et</strong></span> <span class='ocrx_word' id='word_1_383' title='bbox 682 4505 870 4558; x_wconf 78' lang='lat' dir='ltr'><strong>eodem</strong></span> <span class='ocrx_word' id='word_1_384' title='bbox 899 4501 1140 4571; x_wconf 82' lang='lat' dir='ltr'><strong>Spiritu;</strong></span> <span class='ocrx_word' id='word_1_385' title='bbox 1175 4507 1228 4552; x_wconf 87' lang='lat' dir='ltr'><strong>et</strong></span> <span class='ocrx_word' id='word_1_386' title='bbox 1255 4495 1394 4550; x_wconf 80' lang='lat' dir='ltr'><strong>idem</strong></span> <span class='ocrx_word' id='word_1_387' title='bbox 1437 4493 1674 4562; x_wconf 79' lang='lat' dir='ltr'><strong>Spiritus</strong></span> <span class='ocrx_word' id='word_1_388' title='bbox 1706 4493 1756 4543; x_wconf 91' lang='lat' dir='ltr'><strong>in</strong></span> <span class='ocrx_word' id='word_1_389' title='bbox 1783 4490 1884 4542; x_wconf 84' lang='lat' dir='ltr'><strong>Pa-</strong></span> 
     </span>
    </p>
   </div>
   <div class='ocr_carea' id='block_1_54' title="bbox 305 4581 1882 4664">
    <p class='ocr_par' dir='ltr' id='par_1_54' title="bbox 305 4581 1882 4664">
     <span class='ocr_line' id='line_1_54' title="bbox 305 4581 1882 4664; baseline -0.013 -11"><span class='ocrx_word' id='word_1_390' title='bbox 305 4609 388 4654; x_wconf 82' lang='lat' dir='ltr'><strong>tre</strong></span> <span class='ocrx_word' id='word_1_391' title='bbox 413 4607 470 4652; x_wconf 86' lang='lat' dir='ltr'><strong>et</strong></span> <span class='ocrx_word' id='word_1_392' title='bbox 499 4596 668 4658; x_wconf 84' lang='lat' dir='ltr'><strong>Filio;</strong></span> <span class='ocrx_word' id='word_1_393' title='bbox 723 4595 852 4664; x_wconf 83' lang='lat' dir='ltr'><strong>quia</strong></span> <span class='ocrx_word' id='word_1_394' title='bbox 893 4591 1152 4646; x_wconf 81' lang='lat' dir='ltr'><strong>memoria</strong></span> <span class='ocrx_word' id='word_1_395' title='bbox 1203 4599 1432 4642; x_wconf 68' lang='lat' dir='ltr'><strong>sentina:</strong></span> <span class='ocrx_word' id='word_1_396' title='bbox 1479 4581 1730 4637; x_wconf 77' lang='lat' dir='ltr'><strong>essentia:</strong></span> <span class='ocrx_word' id='word_1_397' title='bbox 1767 4589 1882 4633; x_wconf 75' lang='lat' dir='ltr'><strong>tota</strong></span> 
     </span>
    </p>
   </div>
   <div class='ocr_carea' id='block_1_55' title="bbox 303 4671 1884 4758">
    <p class='ocr_par' dir='ltr' id='par_1_55' title="bbox 303 4671 1884 4758">
     <span class='ocr_line' id='line_1_55' title="bbox 303 4671 1884 4758; baseline -0.013 -16"><span class='ocrx_word' id='word_1_398' title='bbox 303 4701 388 4744; x_wconf 85' lang='lat' dir='ltr'><strong>est</strong></span> <span class='ocrx_word' id='word_1_399' title='bbox 411 4693 464 4744; x_wconf 89' lang='lat' dir='ltr'><strong>in</strong></span> <span class='ocrx_word' id='word_1_400' title='bbox 482 4690 602 4758; x_wconf 86' lang='lat' dir='ltr'><strong>ejus</strong></span> <span class='ocrx_word' id='word_1_401' title='bbox 624 4686 975 4755; x_wconf 79' lang='lat' dir='ltr'><strong>intelligentia</strong></span> <span class='ocrx_word' id='word_1_402' title='bbox 993 4693 1046 4738; x_wconf 90' lang='lat' dir='ltr'><strong>et</strong></span> <span class='ocrx_word' id='word_1_403' title='bbox 1069 4683 1122 4736; x_wconf 86' lang='lat' dir='ltr'><strong>in</strong></span> <span class='ocrx_word' id='word_1_404' title='bbox 1146 4693 1352 4741; x_wconf 84' lang='lat' dir='ltr'><strong>amore,</strong></span> <span class='ocrx_word' id='word_1_405' title='bbox 1367 4687 1421 4732; x_wconf 87' lang='lat' dir='ltr'><strong>et</strong></span> <span class='ocrx_word' id='word_1_406' title='bbox 1445 4673 1797 4744; x_wconf 75' lang='lat' dir='ltr'><strong>intelligentia</strong></span> <span class='ocrx_word' id='word_1_407' title='bbox 1816 4671 1884 4700; x_wconf 61' lang='grc'><strong>⁵³⁸</strong></span> 
     </span>
    </p>
   </div>
   <div class='ocr_carea' id='block_1_56' title="bbox 306 4763 1884 4839">
    <p class='ocr_par' dir='ltr' id='par_1_56' title="bbox 306 4763 1884 4839">
     <span class='ocr_line' id='line_1_56' title="bbox 306 4763 1884 4839; baseline -0.013 -3"><span class='ocrx_word' id='word_1_408' title='bbox 306 4785 362 4836; x_wconf 89' lang='lat' dir='ltr'><strong>in</strong></span> <span class='ocrx_word' id='word_1_409' title='bbox 389 4781 654 4835; x_wconf 86' lang='lat' dir='ltr'><strong>memoria</strong></span> <span class='ocrx_word' id='word_1_410' title='bbox 685 4790 740 4832; x_wconf 90' lang='lat' dir='ltr'><strong>et</strong></span> <span class='ocrx_word' id='word_1_411' title='bbox 773 4779 825 4832; x_wconf 89' lang='lat' dir='ltr'><strong>in</strong></span> <span class='ocrx_word' id='word_1_412' title='bbox 864 4790 1071 4839; x_wconf 85' lang='lat' dir='ltr'><strong>amore,</strong></span> <span class='ocrx_word' id='word_1_413' title='bbox 1101 4783 1154 4828; x_wconf 86' lang='lat' dir='ltr'><strong>et</strong></span> <span class='ocrx_word' id='word_1_414' title='bbox 1183 4786 1336 4826; x_wconf 86' lang='lat' dir='ltr'><strong>amor</strong></span> <span class='ocrx_word' id='word_1_415' title='bbox 1367 4771 1420 4823; x_wconf 89' lang='lat' dir='ltr'><strong>in</strong></span> <span class='ocrx_word' id='word_1_416' title='bbox 1457 4767 1718 4822; x_wconf 79' lang='lat' dir='ltr'><strong>memoria</strong></span> <span class='ocrx_word' id='word_1_417' title='bbox 1745 4773 1800 4818; x_wconf 87' lang='lat' dir='ltr'><strong>et</strong></span> <span class='ocrx_word' id='word_1_418' title='bbox 1829 4763 1884 4816; x_wconf 88' lang='lat' dir='ltr'><strong>in</strong></span> 
     </span>
    </p>
   </div>
   <div class='ocr_carea' id='block_1_57' title="bbox 305 4857 1886 4942">
    <p class='ocr_par' dir='ltr' id='par_1_57' title="bbox 305 4857 1886 4942">
     <span class='ocr_line' id='line_1_57' title="bbox 305 4857 1886 4942; baseline -0.012 -16"><span class='ocrx_word' id='word_1_419' title='bbox 305 4870 688 4942; x_wconf 87' lang='lat' dir='ltr'><strong>intelligentia.</strong></span> <span class='ocrx_word' id='word_1_420' title='bbox 743 4867 932 4922; x_wconf 87' lang='lat' dir='ltr'><strong>Totam</strong></span> <span class='ocrx_word' id='word_1_421' title='bbox 989 4866 1188 4934; x_wconf 90' lang='lat' dir='ltr'><strong>quippe</strong></span> <span class='ocrx_word' id='word_1_422' title='bbox 1245 4877 1400 4916; x_wconf 89' lang='lat' dir='ltr'><strong>suam</strong></span> <span class='ocrx_word' id='word_1_423' title='bbox 1448 4859 1518 4890; x_wconf 72' lang='grc'><strong>⁵⁸⁸</strong></span> <span class='ocrx_word' id='word_1_424' title='bbox 1570 4857 1886 4912; x_wconf 86' lang='lat' dir='ltr'><strong>memoriam</strong></span> 
     </span>
    </p>
   </div>
   <div class='ocr_carea' id='block_1_58' title="bbox 305 4945 1886 5028">
    <p class='ocr_par' dir='ltr' id='par_1_58' title="bbox 305 4945 1886 5028">
     <span class='ocr_line' id='line_1_58' title="bbox 305 4945 1886 5028; baseline -0.012 -11"><span class='ocrx_word' id='word_1_425' title='bbox 305 4975 558 5017; x_wconf 82' lang='lat' dir='ltr'><strong>summus</strong></span> <span class='ocrx_word' id='word_1_426' title='bbox 579 4959 832 5028; x_wconf 71' lang='lat' dir='ltr'><strong>intelligit</strong></span> <span class='ocrx_word' id='word_1_427' title='bbox 851 4956 1178 5026; x_wconf 84' lang='lat' dir='ltr'><strong>Spiritus,et</strong></span> <span class='ocrx_word' id='word_1_428' title='bbox 1201 4960 1379 5014; x_wconf 79' lang='lat' dir='ltr'><strong>amat;</strong></span> <span class='ocrx_word' id='word_1_429' title='bbox 1409 4959 1464 5005; x_wconf 90' lang='lat' dir='ltr'><strong>et</strong></span> <span class='ocrx_word' id='word_1_430' title='bbox 1493 4947 1657 5003; x_wconf 88' lang='lat' dir='ltr'><strong>totius</strong></span> <span class='ocrx_word' id='word_1_431' title='bbox 1681 4945 1886 5000; x_wconf 85' lang='lat' dir='ltr'><strong>intelli-</strong></span> 
     </span>
    </p>
   </div>
   <div class='ocr_carea' id='block_1_59' title="bbox 1975 414 3548 486">
    <p class='ocr_par' dir='ltr' id='par_1_59' title="bbox 1975 414 3548 486">
     <span class='ocr_line' id='line_1_59' title="bbox 1975 414 3548 486; baseline 0.004 -20"><span class='ocrx_word' id='word_1_432' title='bbox 1975 414 2244 479; x_wconf 86' lang='lat' dir='ltr'><strong>meminit,</strong></span> <span class='ocrx_word' id='word_1_433' title='bbox 2274 423 2329 468; x_wconf 92' lang='lat' dir='ltr'><strong>et</strong></span> <span class='ocrx_word' id='word_1_434' title='bbox 2361 424 2528 469; x_wconf 90' lang='lat' dir='ltr'><strong>totum</strong></span> <span class='ocrx_word' id='word_1_435' title='bbox 2585 416 2857 486; x_wconf 85' lang='lat' dir='ltr'><strong>intelligit.</strong></span> <span class='ocrx_word' id='word_1_436' title='bbox 2907 416 3228 486; x_wconf 86' lang='lat' dir='ltr'><strong>Intelligitur</strong></span> <span class='ocrx_word' id='word_1_437' title='bbox 3273 430 3454 474; x_wconf 89' lang='lat' dir='ltr'><strong>autem</strong></span> <span class='ocrx_word' id='word_1_438' title='bbox 3495 421 3548 474; x_wconf 88' lang='lat' dir='ltr'><strong>in</strong></span> 
     </span>
    </p>
   </div>
   <div class='ocr_carea' id='block_1_60' title="bbox 1975 502 3546 574">
    <p class='ocr_par' dir='ltr' id='par_1_60' title="bbox 1975 502 3546 574">
     <span class='ocr_line' id='line_1_60' title="bbox 1975 502 3546 574; baseline 0.004 -20"><span class='ocrx_word' id='word_1_439' title='bbox 1975 503 2232 556; x_wconf 85' lang='lat' dir='ltr'><strong>memoria</strong></span> <span class='ocrx_word' id='word_1_440' title='bbox 2261 502 2449 570; x_wconf 87' lang='lat' dir='ltr'><strong>Pater;</strong></span> <span class='ocrx_word' id='word_1_441' title='bbox 2497 504 2551 557; x_wconf 89' lang='lat' dir='ltr'><strong>in</strong></span> <span class='ocrx_word' id='word_1_442' title='bbox 2599 504 2956 574; x_wconf 84' lang='lat' dir='ltr'><strong>intelligentia</strong></span> <span class='ocrx_word' id='word_1_443' title='bbox 2995 505 3192 572; x_wconf 88' lang='lat' dir='ltr'><strong>Filius;</strong></span> <span class='ocrx_word' id='word_1_444' title='bbox 3237 507 3290 562; x_wconf 88' lang='lat' dir='ltr'><strong>in</strong></span> <span class='ocrx_word' id='word_1_445' title='bbox 3334 522 3546 568; x_wconf 88' lang='lat' dir='ltr'><strong>amore.</strong></span> 
     </span>
    </p>
   </div>
   <div class='ocr_carea' id='block_1_61' title="bbox 1975 590 3552 664">
    <p class='ocr_par' dir='ltr' id='par_1_61' title="bbox 1975 590 3552 664">
     <span class='ocr_line' id='line_1_61' title="bbox 1975 590 3552 664; baseline 0.006 -22"><span class='ocrx_word' id='word_1_446' title='bbox 1975 590 2258 658; x_wconf 88' lang='lat' dir='ltr'><strong>utriusque</strong></span> <span class='ocrx_word' id='word_1_447' title='bbox 2289 590 2549 659; x_wconf 84' lang='lat' dir='ltr'><strong>Spiritus.</strong></span> <span class='ocrx_word' id='word_1_448' title='bbox 2591 591 2762 646; x_wconf 86' lang='lat' dir='ltr'><strong>Tanta</strong></span> <span class='ocrx_word' id='word_1_449' title='bbox 2797 593 2961 664; x_wconf 81' lang='lat' dir='ltr'><strong>igitur</strong></span> <span class='ocrx_word' id='word_1_450' title='bbox 2987 594 3148 650; x_wconf 87' lang='lat' dir='ltr'><strong>Pater</strong></span> <span class='ocrx_word' id='word_1_451' title='bbox 3191 605 3247 650; x_wconf 90' lang='lat' dir='ltr'><strong>et</strong></span> <span class='ocrx_word' id='word_1_452' title='bbox 3277 595 3465 662; x_wconf 87' lang='lat' dir='ltr'><strong>Filius,</strong></span> <span class='ocrx_word' id='word_1_453' title='bbox 3497 609 3552 652; x_wconf 87' lang='lat' dir='ltr'><strong>et</strong></span> 
     </span>
    </p>
   </div>
   <div class='ocr_carea' id='block_1_62' title="bbox 1975 678 3546 756">
    <p class='ocr_par' dir='ltr' id='par_1_62' title="bbox 1975 678 3546 756">
     <span class='ocr_line' id='line_1_62' title="bbox 1975 678 3546 756; baseline 0.007 -26"><span class='ocrx_word' id='word_1_454' title='bbox 1975 678 2255 748; x_wconf 86' lang='lat' dir='ltr'><strong>utriusque</strong></span> <span class='ocrx_word' id='word_1_455' title='bbox 2283 679 2542 750; x_wconf 87' lang='lat' dir='ltr'><strong>Spiritus,</strong></span> <span class='ocrx_word' id='word_1_456' title='bbox 2566 683 2876 751; x_wconf 69' lang='lat' dir='ltr'><strong>aequalitate</strong></span> <span class='ocrx_word' id='word_1_457' title='bbox 2918 699 3038 738; x_wconf 89' lang='lat' dir='ltr'><strong>sese</strong></span> <span class='ocrx_word' id='word_1_458' title='bbox 3085 680 3546 756; x_wconf 81' lang='lat' dir='ltr'><strong>complectuntur,</strong></span> 
     </span>
    </p>
   </div>
   <div class='ocr_carea' id='block_1_63' title="bbox 1973 771 3549 832">
    <p class='ocr_par' dir='ltr' id='par_1_63' title="bbox 1973 771 3549 832">
     <span class='ocr_line' id='line_1_63' title="bbox 1973 771 3549 832; baseline 0.009 -13"><span class='ocrx_word' id='word_1_459' title='bbox 1973 777 2178 822; x_wconf 91' lang='lat' dir='ltr'><strong>etsunt</strong></span> <span class='ocrx_word' id='word_1_460' title='bbox 2205 771 2256 822; x_wconf 88' lang='lat' dir='ltr'><strong>in</strong></span> <span class='ocrx_word' id='word_1_461' title='bbox 2296 783 2356 823; x_wconf 90' lang='lat' dir='ltr'><strong>se</strong></span> <span class='ocrx_word' id='word_1_462' title='bbox 2407 771 2640 824; x_wconf 89' lang='lat' dir='ltr'><strong>invicem</strong></span> <span class='ocrx_word' id='word_1_463' title='bbox 2677 781 2734 824; x_wconf 90' lang='lat' dir='ltr'><strong>ut</strong></span> <span class='ocrx_word' id='word_1_464' title='bbox 2765 787 2956 827; x_wconf 87' lang='lat' dir='ltr'><strong>eorum</strong></span> <span class='ocrx_word' id='word_1_465' title='bbox 2991 774 3170 830; x_wconf 88' lang='lat' dir='ltr'><strong>nullus</strong></span> <span class='ocrx_word' id='word_1_466' title='bbox 3199 777 3362 829; x_wconf 87' lang='lat' dir='ltr'><strong>alium</strong></span> <span class='ocrx_word' id='word_1_467' title='bbox 3391 793 3549 832; x_wconf 84' lang='lat' dir='ltr'><strong>exce—</strong></span> 
     </span>
    </p>
   </div>
   <div class='ocr_carea' id='block_1_64' title="bbox 1973 859 2894 929">
    <p class='ocr_par' dir='ltr' id='par_1_64' title="bbox 1973 859 2894 929">
     <span class='ocr_line' id='line_1_64' title="bbox 1973 859 2894 929; baseline 0.002 -18"><span class='ocrx_word' id='word_1_468' title='bbox 1973 859 2100 911; x_wconf 84' lang='lat' dir='ltr'><strong>dere</strong></span> <span class='ocrx_word' id='word_1_469' title='bbox 2129 867 2223 912; x_wconf 88' lang='lat' dir='ltr'><strong>aut</strong></span> <span class='ocrx_word' id='word_1_470' title='bbox 2249 859 2366 913; x_wconf 86' lang='lat' dir='ltr'><strong>sine</strong></span> <span class='ocrx_word' id='word_1_471' title='bbox 2392 872 2455 914; x_wconf 87' lang='lat' dir='ltr'><strong>eo</strong></span> <span class='ocrx_word' id='word_1_472' title='bbox 2477 873 2597 914; x_wconf 89' lang='lat' dir='ltr'><strong>esse</strong></span> <span class='ocrx_word' id='word_1_473' title='bbox 2619 861 2894 929; x_wconf 86' lang='lat' dir='ltr'><strong>probetur.</strong></span> 
     </span>
    </p>
   </div>
   <div class='ocr_carea' id='block_1_65' title="bbox 2353 991 3169 1066">
    <p class='ocr_par' dir='ltr' id='par_1_65' title="bbox 2353 991 3169 1066">
     <span class='ocr_line' id='line_1_65' title="bbox 2353 991 3169 1066; baseline 0.002 -20"><span class='ocrx_word' id='word_1_474' title='bbox 2353 991 2579 1048; x_wconf 75' lang='lat' dir='ltr'><strong>CAPUT</strong></span> <span class='ocrx_word' id='word_1_475' title='bbox 2621 994 2710 1048; x_wconf 84' lang='lat' dir='ltr'><strong>LX</strong></span> <span class='ocrx_word' id='word_1_476' title='bbox 2741 994 2840 1065; x_wconf 75' lang='grc' dir='ltr'><strong>[ιιι.</strong></span> <span class='ocrx_word' id='word_1_477' title='bbox 2873 993 3053 1066; x_wconf 79' lang='lat' dir='ltr'>LVIII]</span> <span class='ocrx_word' id='word_1_478' title='bbox 3079 996 3169 1048; x_wconf 67' lang='grc' dir='ltr'><strong>ενι.</strong></span> 
     </span>
    </p>
   </div>
   <div class='ocr_carea' id='block_1_66' title="bbox 1975 1079 3546 1160">
    <p class='ocr_par' dir='ltr' id='par_1_66' title="bbox 1975 1079 3546 1160">
     <span class='ocr_line' id='line_1_66' title="bbox 1975 1079 3546 1160; baseline 0.005 -28"><span class='ocrx_word' id='word_1_479' title='bbox 1975 1079 2126 1160; x_wconf 71' lang='lat' dir='ltr'><strong>Quod</strong></span> <span class='ocrx_word' id='word_1_480' title='bbox 2175 1081 2356 1160; x_wconf 67' lang='lat' dir='ltr'><strong>nullus</strong></span> <span class='ocrx_word' id='word_1_481' title='bbox 2399 1099 2577 1160; x_wconf 72' lang='lat' dir='ltr'><strong>eorum</strong></span> <span class='ocrx_word' id='word_1_482' title='bbox 2625 1085 2730 1160; x_wconf 82' lang='lat' dir='ltr'><strong>alio</strong></span> <span class='ocrx_word' id='word_1_483' title='bbox 2771 1087 3000 1160; x_wconf 72' lang='lat' dir='ltr'><strong>indigent</strong></span> <span class='ocrx_word' id='word_1_484' title='bbox 3034 1089 3102 1140; x_wconf 85' lang='lat' dir='ltr'><strong>ad</strong></span> <span class='ocrx_word' id='word_1_485' title='bbox 3133 1090 3546 1153; x_wconf 75' lang='lat' dir='ltr'><strong>memorandum,</strong></span> 
     </span>
    </p>
   </div>
   <div class='ocr_carea' id='block_1_67' title="bbox 2043 1149 3547 1229">
    <p class='ocr_par' dir='ltr' id='par_1_67' title="bbox 2043 1149 3547 1229">
     <span class='ocr_line' id='line_1_67' title="bbox 2043 1149 3547 1229; baseline 0.007 -27"><span class='ocrx_word' id='word_1_486' title='bbox 2043 1149 2130 1229; x_wconf 62' lang='lat' dir='ltr'><strong>vet</strong></span> <span class='ocrx_word' id='word_1_487' title='bbox 2169 1151 2579 1220; x_wconf 81' lang='lat' dir='ltr'><strong>intelligendum,</strong></span> <span class='ocrx_word' id='word_1_488' title='bbox 2622 1155 2728 1229; x_wconf 80' lang='lat' dir='ltr'><strong>_vel</strong></span> <span class='ocrx_word' id='word_1_489' title='bbox 2771 1149 3104 1229; x_wconf 55' lang='lat' dir='ltr'><strong>amandum;</strong></span> <span class='ocrx_word' id='word_1_490' title='bbox 3138 1160 3260 1228; x_wconf 81' lang='lat' dir='ltr'><strong>quia</strong></span> <span class='ocrx_word' id='word_1_491' title='bbox 3313 1149 3547 1228; x_wconf 56' lang='lat' dir='ltr'><strong>singului</strong></span> 
     </span>
    </p>
   </div>
   <div class='ocr_carea' id='block_1_68' title="bbox 2039 1225 3546 1300">
    <p class='ocr_par' dir='ltr' id='par_1_68' title="bbox 2039 1225 3546 1300">
     <span class='ocr_line' id='line_1_68' title="bbox 2039 1225 3546 1300; baseline 0.009 -31"><span class='ocrx_word' id='word_1_492' title='bbox 2039 1225 2256 1300; x_wconf 63' lang='lat' dir='ltr'><strong>quisque</strong></span> <span class='ocrx_word' id='word_1_493' title='bbox 2278 1233 2350 1300; x_wconf 60' lang='lat' dir='ltr'><strong>est</strong></span> <span class='ocrx_word' id='word_1_494' title='bbox 2418 1225 2688 1300; x_wconf 62' lang='lat' dir='ltr'><strong>memoria,</strong></span> <span class='ocrx_word' id='word_1_495' title='bbox 2722 1235 2769 1278; x_wconf 87' lang='lat' dir='ltr'><strong>et</strong></span> <span class='ocrx_word' id='word_1_496' title='bbox 2797 1225 3162 1296; x_wconf 70' lang='lat' dir='ltr'><strong>iuteljigentia,</strong></span> <span class='ocrx_word' id='word_1_497' title='bbox 3205 1225 3460 1300; x_wconf 7' lang='lat' dir='ltr'><strong>etquor,</strong></span> <span class='ocrx_word' id='word_1_498' title='bbox 3500 1241 3546 1284; x_wconf 68' lang='lat' dir='ltr'><strong>et</strong></span> 
     </span>
    </p>
   </div>
   <div class='ocr_carea' id='block_1_69' title="bbox 2039 1291 3349 1358">
    <p class='ocr_par' dir='ltr' id='par_1_69' title="bbox 2039 1291 3349 1358">
     <span class='ocr_line' id='line_1_69' title="bbox 2039 1291 3349 1358; baseline 0.006 -16"><span class='ocrx_word' id='word_1_499' title='bbox 2039 1291 2292 1358; x_wconf 75' lang='lat' dir='ltr'><strong>quidquid</strong></span> <span class='ocrx_word' id='word_1_500' title='bbox 2323 1307 2526 1346; x_wconf 80' lang='lat' dir='ltr'><strong>necesse</strong></span> <span class='ocrx_word' id='word_1_501' title='bbox 2549 1304 2624 1354; x_wconf 76' lang='lat' dir='ltr'><strong>est</strong></span> <span class='ocrx_word' id='word_1_502' title='bbox 2653 1297 2818 1352; x_wconf 78' lang='lat' dir='ltr'><strong>inesse</strong></span> <span class='ocrx_word' id='word_1_503' title='bbox 2849 1291 3066 1348; x_wconf 67' lang='lat' dir='ltr'><strong>summa:</strong></span> <span class='ocrx_word' id='word_1_504' title='bbox 3097 1298 3349 1350; x_wconf 66' lang='lat' dir='ltr'><strong>essentia.</strong></span> 
     </span>
    </p>
   </div>
   <div class='ocr_carea' id='block_1_70' title="bbox 1975 1422 3545 1488">
    <p class='ocr_par' dir='ltr' id='par_1_70' title="bbox 1975 1422 3545 1488">
     <span class='ocr_line' id='line_1_70' title="bbox 1975 1422 3545 1488; baseline 0.004 -10"><span class='ocrx_word' id='word_1_505' title='bbox 1975 1422 2322 1482; x_wconf 73' lang='lat' dir='ltr'><strong>Cossrecws</strong></span> <span class='ocrx_word' id='word_1_506' title='bbox 2357 1442 2585 1484; x_wconf 59' lang='lat' dir='ltr'><strong>carms.</strong></span> <span class='ocrx_word' id='word_1_507' title='bbox 2619 1460 2687 1468; x_wconf 95' lang='lat'><strong>—</strong></span> <span class='ocrx_word' id='word_1_508' title='bbox 2733 1429 2844 1484; x_wconf 75' lang='lat' dir='ltr'><strong>Nec</strong></span> <span class='ocrx_word' id='word_1_509' title='bbox 2891 1439 3070 1488; x_wconf 87' lang='lat' dir='ltr'><strong>tamen</strong></span> <span class='ocrx_word' id='word_1_510' title='bbox 3129 1431 3311 1488; x_wconf 88' lang='lat' dir='ltr'><strong>nullus</strong></span> <span class='ocrx_word' id='word_1_511' title='bbox 3359 1447 3545 1488; x_wconf 86' lang='lat' dir='ltr'><strong>eorum</strong></span> 
     </span>
    </p>
   </div>
   <div class='ocr_carea' id='block_1_71' title="bbox 2041 1498 3546 1568">
    <p class='ocr_par' dir='ltr' id='par_1_71' title="bbox 2041 1498 3546 1568">
     <span class='ocr_line' id='line_1_71' title="bbox 2041 1498 3546 1568; baseline 0.005 -20"><span class='ocrx_word' id='word_1_512' title='bbox 2041 1499 2147 1550; x_wconf 82' lang='lat' dir='ltr'><strong>alio</strong></span> <span class='ocrx_word' id='word_1_513' title='bbox 2181 1498 2386 1568; x_wconf 88' lang='lat' dir='ltr'><strong>indiget</strong></span> <span class='ocrx_word' id='word_1_514' title='bbox 2411 1499 2524 1552; x_wconf 86' lang='lat' dir='ltr'><strong>sive</strong></span> <span class='ocrx_word' id='word_1_515' title='bbox 2555 1499 2620 1552; x_wconf 90' lang='lat' dir='ltr'><strong>ad</strong></span> <span class='ocrx_word' id='word_1_516' title='bbox 2649 1503 3077 1567; x_wconf 87' lang='lat' dir='ltr'><strong>memorandum,</strong></span> <span class='ocrx_word' id='word_1_517' title='bbox 3111 1503 3226 1556; x_wconf 89' lang='lat' dir='ltr'><strong>sive</strong></span> <span class='ocrx_word' id='word_1_518' title='bbox 3256 1503 3322 1556; x_wconf 89' lang='lat' dir='ltr'><strong>ad</strong></span> <span class='ocrx_word' id='word_1_519' title='bbox 3350 1503 3546 1558; x_wconf 88' lang='lat' dir='ltr'><strong>intelli-</strong></span> 
     </span>
    </p>
   </div>
   <div class='ocr_carea' id='block_1_72' title="bbox 2043 1569 3549 1641">
    <p class='ocr_par' dir='ltr' id='par_1_72' title="bbox 2043 1569 3549 1641">
     <span class='ocr_line' id='line_1_72' title="bbox 2043 1569 3549 1641; baseline 0.003 -21"><span class='ocrx_word' id='word_1_520' title='bbox 2043 1569 2305 1641; x_wconf 81' lang='lat' dir='ltr'><strong>gendum,</strong></span> <span class='ocrx_word' id='word_1_521' title='bbox 2339 1569 2455 1622; x_wconf 89' lang='lat' dir='ltr'><strong>sive</strong></span> <span class='ocrx_word' id='word_1_522' title='bbox 2483 1570 2549 1641; x_wconf 86' lang='lat' dir='ltr'><strong>ad</strong></span> <span class='ocrx_word' id='word_1_523' title='bbox 2582 1570 2896 1641; x_wconf 83' lang='lat' dir='ltr'><strong>amandum.</strong></span> <span class='ocrx_word' id='word_1_524' title='bbox 2945 1571 3078 1623; x_wconf 87' lang='lat' dir='ltr'><strong>Cum</strong></span> <span class='ocrx_word' id='word_1_525' title='bbox 3131 1571 3272 1625; x_wconf 88' lang='lat' dir='ltr'><strong>enim</strong></span> <span class='ocrx_word' id='word_1_526' title='bbox 3323 1573 3549 1641; x_wconf 87' lang='lat' dir='ltr'><strong>quisque</strong></span> 
     </span>
    </p>
   </div>
   <div class='ocr_carea' id='block_1_73' title="bbox 2045 1639 3546 1709">
    <p class='ocr_par' dir='ltr' id='par_1_73' title="bbox 2045 1639 3546 1709">
     <span class='ocr_line' id='line_1_73' title="bbox 2045 1639 3546 1709; baseline 0.003 -19"><span class='ocrx_word' id='word_1_527' title='bbox 2045 1639 2606 1709; x_wconf 70' lang='lat' dir='ltr'><strong>sitsummaessentia,</strong></span> <span class='ocrx_word' id='word_1_528' title='bbox 2623 1640 2863 1708; x_wconf 84' lang='lat' dir='ltr'><strong>singulus</strong></span> <span class='ocrx_word' id='word_1_529' title='bbox 2883 1641 3112 1708; x_wconf 84' lang='lat' dir='ltr'><strong>quisque</strong></span> <span class='ocrx_word' id='word_1_530' title='bbox 3137 1656 3234 1709; x_wconf 89' lang='lat' dir='ltr'><strong>per</strong></span> <span class='ocrx_word' id='word_1_531' title='bbox 3257 1657 3314 1695; x_wconf 85' lang='lat' dir='ltr'><strong>se</strong></span> <span class='ocrx_word' id='word_1_532' title='bbox 3331 1653 3417 1696; x_wconf 86' lang='lat' dir='ltr'><strong>est</strong></span> <span class='ocrx_word' id='word_1_533' title='bbox 3437 1639 3546 1695; x_wconf 67' lang='lat' dir='ltr'><strong>nie-</strong></span> 
     </span>
    </p>
   </div>
   <div class='ocr_carea' id='block_1_74' title="bbox 2047 1707 3548 1782">
    <p class='ocr_par' dir='ltr' id='par_1_74' title="bbox 2047 1707 3548 1782">
     <span class='ocr_line' id='line_1_74' title="bbox 2047 1707 3548 1782; baseline 0.004 -23"><span class='ocrx_word' id='word_1_534' title='bbox 2047 1709 2240 1772; x_wconf 88' lang='lat' dir='ltr'><strong>moria,</strong></span> <span class='ocrx_word' id='word_1_535' title='bbox 2273 1707 2624 1782; x_wconf 78' lang='lat' dir='ltr'><strong>intelligentia</strong></span> <span class='ocrx_word' id='word_1_536' title='bbox 2650 1707 2913 1776; x_wconf 73' lang='lat' dir='ltr'><strong>clamor;</strong></span> <span class='ocrx_word' id='word_1_537' title='bbox 2945 1719 3002 1782; x_wconf 82' lang='lat' dir='ltr'><strong>et</strong></span> <span class='ocrx_word' id='word_1_538' title='bbox 3023 1707 3373 1782; x_wconf 2' lang='lat' dir='ltr'><strong>itas—pinguius</strong></span> <span class='ocrx_word' id='word_1_539' title='bbox 3402 1712 3548 1780; x_wconf 88' lang='lat' dir='ltr'><strong>quis—</strong></span> 
     </span>
    </p>
   </div>
   <div class='ocr_carea' id='block_1_75' title="bbox 2045 1779 3546 1850">
    <p class='ocr_par' dir='ltr' id='par_1_75' title="bbox 2045 1779 3546 1850">
     <span class='ocr_line' id='line_1_75' title="bbox 2045 1779 3546 1850; baseline 0.005 -22"><span class='ocrx_word' id='word_1_540' title='bbox 2045 1793 2152 1846; x_wconf 87' lang='lat' dir='ltr'><strong>que</strong></span> <span class='ocrx_word' id='word_1_541' title='bbox 2181 1791 2370 1850; x_wconf 88' lang='lat' dir='ltr'><strong>per_se</strong></span> <span class='ocrx_word' id='word_1_542' title='bbox 2403 1779 2668 1842; x_wconf 85' lang='lat' dir='ltr'><strong>meminit,</strong></span> <span class='ocrx_word' id='word_1_543' title='bbox 2713 1793 2810 1847; x_wconf 86' lang='lat' dir='ltr'><strong>per</strong></span> <span class='ocrx_word' id='word_1_544' title='bbox 2839 1795 2899 1834; x_wconf 88' lang='lat' dir='ltr'><strong>se</strong></span> <span class='ocrx_word' id='word_1_545' title='bbox 2945 1779 3240 1848; x_wconf 39' lang='lat' dir='ltr'><strong>intelligit,‘</strong></span> <span class='ocrx_word' id='word_1_546' title='bbox 3263 1791 3316 1836; x_wconf 90' lang='lat' dir='ltr'><strong>et</strong></span> <span class='ocrx_word' id='word_1_547' title='bbox 3343 1779 3444 1850; x_wconf 81' lang='lat' dir='ltr'><strong>per</strong></span> <span class='ocrx_word' id='word_1_548' title='bbox 3488 1797 3546 1836; x_wconf 85' lang='lat' dir='ltr'><strong>se</strong></span> 
     </span>
    </p>
   </div>
   <div class='ocr_carea' id='block_1_76' title="bbox 2045 1847 2728 1918">
    <p class='ocr_par' dir='ltr' id='par_1_76' title="bbox 2045 1847 2728 1918">
     <span class='ocr_line' id='line_1_76' title="bbox 2045 1847 2728 1918; baseline 0.001 -19"><span class='ocrx_word' id='word_1_549' title='bbox 2045 1847 2224 1912; x_wconf 78' lang='lat' dir='ltr'><strong>amat;</strong></span> <span class='ocrx_word' id='word_1_550' title='bbox 2254 1847 2394 1902; x_wconf 90' lang='lat' dir='ltr'><strong>sicut</strong></span> <span class='ocrx_word' id='word_1_551' title='bbox 2421 1862 2518 1918; x_wconf 85' lang='lat' dir='ltr'><strong>per</strong></span> <span class='ocrx_word' id='word_1_552' title='bbox 2543 1863 2604 1902; x_wconf 89' lang='lat' dir='ltr'><strong>se</strong></span> <span class='ocrx_word' id='word_1_553' title='bbox 2625 1861 2728 1902; x_wconf 90' lang='lat' dir='ltr'><strong>est.</strong></span> 
     </span>
    </p>
   </div>
   <div class='ocr_carea' id='block_1_77' title="bbox 2043 1983 3542 2058">
    <p class='ocr_par' dir='ltr' id='par_1_77' title="bbox 2043 1983 3542 2058">
     <span class='ocr_line' id='line_1_77' title="bbox 2043 1983 3542 2058; baseline 0.005 -22"><span class='ocrx_word' id='word_1_554' title='bbox 2043 1983 2152 2036; x_wconf 87' lang='lat' dir='ltr'><strong>Sed</strong></span> <span class='ocrx_word' id='word_1_555' title='bbox 2179 1985 2232 2038; x_wconf 90' lang='lat' dir='ltr'><strong>in</strong></span> <span class='ocrx_word' id='word_1_556' title='bbox 2265 1984 2350 2038; x_wconf 87' lang='lat' dir='ltr'><strong>his</strong></span> <span class='ocrx_word' id='word_1_557' title='bbox 2375 1985 2681 2042; x_wconf 87' lang='lat' dir='ltr'><strong>nullatenus</strong></span> <span class='ocrx_word' id='word_1_558' title='bbox 2729 1985 3062 2058; x_wconf 80' lang='lat' dir='ltr'><strong>negligenter</strong></span> <span class='ocrx_word' id='word_1_559' title='bbox 3085 1992 3362 2050; x_wconf 75' lang='lat' dir='ltr'><strong>memoriae</strong></span> <span class='ocrx_word' id='word_1_560' title='bbox 3392 2007 3542 2046; x_wconf 82' lang='lat' dir='ltr'><strong>eum-</strong></span> 
     </span>
    </p>
   </div>
   <div class='ocr_carea' id='block_1_78' title="bbox 1975 2073 3542 2146">
    <p class='ocr_par' dir='ltr' id='par_1_78' title="bbox 1975 2073 3542 2146">
     <span class='ocr_line' id='line_1_78' title="bbox 1975 2073 3542 2146; baseline 0.006 -21"><span class='ocrx_word' id='word_1_561' title='bbox 1975 2073 2353 2138; x_wconf 88' lang='lat' dir='ltr'><strong>mendandum,</strong></span> <span class='ocrx_word' id='word_1_562' title='bbox 2394 2077 2537 2144; x_wconf 87' lang='lat' dir='ltr'><strong>quod</strong></span> <span class='ocrx_word' id='word_1_563' title='bbox 2567 2077 2795 2133; x_wconf 86' lang='lat' dir='ltr'><strong>intuenti</strong></span> <span class='ocrx_word' id='word_1_564' title='bbox 2819 2079 2949 2134; x_wconf 87' lang='lat' dir='ltr'><strong>mihi</strong></span> <span class='ocrx_word' id='word_1_565' title='bbox 2983 2081 3240 2146; x_wconf 86' lang='lat' dir='ltr'><strong>occurrit,</strong></span> <span class='ocrx_word' id='word_1_566' title='bbox 3274 2083 3542 2138; x_wconf 75' lang='lat' dir='ltr'><strong>existimo.</strong></span> 
     </span>
    </p>
   </div>
   <div class='ocr_carea' id='block_1_79' title="bbox 1979 2162 3543 2238">
    <p class='ocr_par' dir='ltr' id='par_1_79' title="bbox 1979 2162 3543 2238">
     <span class='ocr_line' id='line_1_79' title="bbox 1979 2162 3543 2238; baseline 0.006 -22"><span class='ocrx_word' id='word_1_567' title='bbox 1979 2162 2074 2216; x_wconf 88' lang='lat' dir='ltr'><strong>Sic</strong></span> <span class='ocrx_word' id='word_1_568' title='bbox 2097 2164 2242 2218; x_wconf 89' lang='lat' dir='ltr'><strong>enim</strong></span> <span class='ocrx_word' id='word_1_569' title='bbox 2273 2179 2496 2220; x_wconf 84' lang='lat' dir='ltr'><strong>necesse</strong></span> <span class='ocrx_word' id='word_1_570' title='bbox 2513 2175 2600 2222; x_wconf 90' lang='lat' dir='ltr'><strong>est</strong></span> <span class='ocrx_word' id='word_1_571' title='bbox 2623 2175 2680 2220; x_wconf 90' lang='lat' dir='ltr'><strong>ut</strong></span> <span class='ocrx_word' id='word_1_572' title='bbox 2710 2167 2871 2226; x_wconf 82' lang='lat' dir='ltr'><strong>Pater</strong></span> <span class='ocrx_word' id='word_1_573' title='bbox 2899 2168 3225 2238; x_wconf 81' lang='lat' dir='ltr'><strong>intelligatur</strong></span> <span class='ocrx_word' id='word_1_574' title='bbox 3251 2173 3508 2230; x_wconf 84' lang='lat' dir='ltr'><strong>memoria</strong></span> <span class='ocrx_word' id='word_1_575' title='bbox 3528 2214 3543 2234; x_wconf 86' lang='lat'><strong>,</strong></span> 
     </span>
    </p>
   </div>
   <div class='ocr_carea' id='block_1_80' title="bbox 1976 2251 3550 2324">
    <p class='ocr_par' dir='ltr' id='par_1_80' title="bbox 1976 2251 3550 2324">
     <span class='ocr_line' id='line_1_80' title="bbox 1976 2251 3550 2324; baseline 0.007 -21"><span class='ocrx_word' id='word_1_576' title='bbox 1976 2251 2143 2304; x_wconf 84' lang='lat' dir='ltr'><strong>Filius</strong></span> <span class='ocrx_word' id='word_1_577' title='bbox 2191 2251 2569 2322; x_wconf 84' lang='lat' dir='ltr'><strong>intelligentia,</strong></span> <span class='ocrx_word' id='word_1_578' title='bbox 2612 2253 2849 2324; x_wconf 80' lang='lat' dir='ltr'><strong>Spiritus</strong></span> <span class='ocrx_word' id='word_1_579' title='bbox 2897 2271 3078 2322; x_wconf 74' lang='lat' dir='ltr'><strong>arnor;</strong></span> <span class='ocrx_word' id='word_1_580' title='bbox 3130 2267 3186 2312; x_wconf 89' lang='lat' dir='ltr'><strong>ut</strong></span> <span class='ocrx_word' id='word_1_581' title='bbox 3237 2275 3338 2314; x_wconf 83' lang='lat' dir='ltr'><strong>nec</strong></span> <span class='ocrx_word' id='word_1_582' title='bbox 3385 2259 3550 2316; x_wconf 80' lang='lat' dir='ltr'><strong>Pater</strong></span> 
     </span>
    </p>
   </div>
   <div class='ocr_carea' id='block_1_81' title="bbox 1977 2341 3546 2414">
    <p class='ocr_par' dir='ltr' id='par_1_81' title="bbox 1977 2341 3546 2414">
     <span class='ocr_line' id='line_1_81' title="bbox 1977 2341 3546 2414; baseline 0.006 -19"><span class='ocrx_word' id='word_1_583' title='bbox 1977 2342 2210 2412; x_wconf 83' lang='lat' dir='ltr'><strong>indigeat</strong></span> <span class='ocrx_word' id='word_1_584' title='bbox 2241 2341 2398 2406; x_wconf 85' lang='lat' dir='ltr'><strong>Filio,</strong></span> <span class='ocrx_word' id='word_1_585' title='bbox 2429 2351 2526 2398; x_wconf 88' lang='lat' dir='ltr'><strong>aut</strong></span> <span class='ocrx_word' id='word_1_586' title='bbox 2551 2345 2822 2399; x_wconf 87' lang='lat' dir='ltr'><strong>communi</strong></span> <span class='ocrx_word' id='word_1_587' title='bbox 2855 2345 3082 2414; x_wconf 86' lang='lat' dir='ltr'><strong>Spiritu,</strong></span> <span class='ocrx_word' id='word_1_588' title='bbox 3117 2363 3214 2404; x_wconf 90' lang='lat' dir='ltr'><strong>nec</strong></span> <span class='ocrx_word' id='word_1_589' title='bbox 3251 2349 3422 2412; x_wconf 71' lang='lat' dir='ltr'><strong>Filius</strong></span> <span class='ocrx_word' id='word_1_590' title='bbox 3445 2350 3546 2404; x_wconf 80' lang='lat' dir='ltr'><strong>Pa-</strong></span> 
     </span>
    </p>
   </div>
   <div class='ocr_carea' id='block_1_82' title="bbox 1978 2431 3548 2504">
    <p class='ocr_par' dir='ltr' id='par_1_82' title="bbox 1978 2431 3548 2504">
     <span class='ocr_line' id='line_1_82' title="bbox 1978 2431 3548 2504; baseline 0.003 -18"><span class='ocrx_word' id='word_1_591' title='bbox 1978 2443 2058 2486; x_wconf 86' lang='lat' dir='ltr'><strong>tre</strong></span> <span class='ocrx_word' id='word_1_592' title='bbox 2089 2431 2171 2485; x_wconf 87' lang='lat' dir='ltr'><strong>vel</strong></span> <span class='ocrx_word' id='word_1_593' title='bbox 2193 2431 2380 2486; x_wconf 90' lang='lat' dir='ltr'><strong>eodem</strong></span> <span class='ocrx_word' id='word_1_594' title='bbox 2421 2431 2650 2500; x_wconf 88' lang='lat' dir='ltr'><strong>Spiritu,</strong></span> <span class='ocrx_word' id='word_1_595' title='bbox 2689 2432 2804 2488; x_wconf 85' lang='lat' dir='ltr'><strong>sive</strong></span> <span class='ocrx_word' id='word_1_596' title='bbox 2834 2434 2972 2488; x_wconf 89' lang='lat' dir='ltr'><strong>idem</strong></span> <span class='ocrx_word' id='word_1_597' title='bbox 3001 2433 3239 2504; x_wconf 88' lang='lat' dir='ltr'><strong>Spiritus</strong></span> <span class='ocrx_word' id='word_1_598' title='bbox 3265 2437 3430 2496; x_wconf 85' lang='lat' dir='ltr'><strong>Patre</strong></span> <span class='ocrx_word' id='word_1_599' title='bbox 3451 2449 3548 2494; x_wconf 83' lang='lat' dir='ltr'><strong>aut</strong></span> 
     </span>
    </p>
   </div>
   <div class='ocr_carea' id='block_1_83' title="bbox 1977 2523 3550 2598">
    <p class='ocr_par' dir='ltr' id='par_1_83' title="bbox 1977 2523 3550 2598">
     <span class='ocr_line' id='line_1_83' title="bbox 1977 2523 3550 2598; baseline 0.005 -22"><span class='ocrx_word' id='word_1_600' title='bbox 1977 2523 2114 2577; x_wconf 86' lang='lat' dir='ltr'><strong>Filio</strong></span> <span class='ocrx_word' id='word_1_601' title='bbox 2141 2523 2240 2590; x_wconf 69' lang='lat' dir='ltr'><strong>ou’;</strong></span> <span class='ocrx_word' id='word_1_602' title='bbox 2272 2525 2424 2593; x_wconf 84' lang='lat' dir='ltr'><strong>quasi</strong></span> <span class='ocrx_word' id='word_1_603' title='bbox 2457 2523 2620 2580; x_wconf 88' lang='lat' dir='ltr'><strong>Pater</strong></span> <span class='ocrx_word' id='word_1_604' title='bbox 2643 2539 2738 2594; x_wconf 88' lang='lat' dir='ltr'><strong>per</strong></span> <span class='ocrx_word' id='word_1_605' title='bbox 2769 2541 2828 2580; x_wconf 89' lang='lat' dir='ltr'><strong>se</strong></span> <span class='ocrx_word' id='word_1_606' title='bbox 2873 2527 3182 2588; x_wconf 82' lang='lat' dir='ltr'><strong>meminisse</strong></span> <span class='ocrx_word' id='word_1_607' title='bbox 3227 2529 3400 2586; x_wconf 89' lang='lat' dir='ltr'><strong>solum</strong></span> <span class='ocrx_word' id='word_1_608' title='bbox 3423 2545 3550 2598; x_wconf 84' lang='lat' dir='ltr'><strong>pos-</strong></span> 
     </span>
    </p>
   </div>
   <div class='ocr_carea' id='block_1_84' title="bbox 1978 2613 3550 2686">
    <p class='ocr_par' dir='ltr' id='par_1_84' title="bbox 1978 2613 3550 2686">
     <span class='ocr_line' id='line_1_84' title="bbox 1978 2613 3550 2686; baseline 0.004 -20"><span class='ocrx_word' id='word_1_609' title='bbox 1978 2613 2071 2678; x_wconf 86' lang='lat' dir='ltr'><strong>sit,</strong></span> <span class='ocrx_word' id='word_1_610' title='bbox 2105 2614 2408 2685; x_wconf 87' lang='lat' dir='ltr'><strong>intelligere</strong></span> <span class='ocrx_word' id='word_1_611' title='bbox 2436 2623 2618 2670; x_wconf 90' lang='lat' dir='ltr'><strong>autem</strong></span> <span class='ocrx_word' id='word_1_612' title='bbox 2653 2617 2864 2670; x_wconf 90' lang='lat' dir='ltr'><strong>nonnisi</strong></span> <span class='ocrx_word' id='word_1_613' title='bbox 2889 2631 2986 2686; x_wconf 89' lang='lat' dir='ltr'><strong>per</strong></span> <span class='ocrx_word' id='word_1_614' title='bbox 3025 2617 3241 2679; x_wconf 84' lang='lat' dir='ltr'><strong>Filium,</strong></span> <span class='ocrx_word' id='word_1_615' title='bbox 3283 2628 3342 2674; x_wconf 89' lang='lat' dir='ltr'><strong>et</strong></span> <span class='ocrx_word' id='word_1_616' title='bbox 3365 2637 3550 2674; x_wconf 82' lang='lat' dir='ltr'><strong>amare</strong></span> 
     </span>
    </p>
   </div>
   <div class='ocr_carea' id='block_1_85' title="bbox 1981 2705 3550 2782">
    <p class='ocr_par' dir='ltr' id='par_1_85' title="bbox 1981 2705 3550 2782">
     <span class='ocr_line' id='line_1_85' title="bbox 1981 2705 3550 2782; baseline 0.006 -24"><span class='ocrx_word' id='word_1_617' title='bbox 1981 2705 2196 2758; x_wconf 87' lang='lat' dir='ltr'><strong>nonnisi</strong></span> <span class='ocrx_word' id='word_1_618' title='bbox 2221 2721 2321 2774; x_wconf 88' lang='lat' dir='ltr'><strong>per</strong></span> <span class='ocrx_word' id='word_1_619' title='bbox 2349 2721 2508 2762; x_wconf 87' lang='lat' dir='ltr'><strong>suum</strong></span> <span class='ocrx_word' id='word_1_620' title='bbox 2554 2707 2788 2778; x_wconf 84' lang='lat' dir='ltr'><strong>Filiique</strong></span> <span class='ocrx_word' id='word_1_621' title='bbox 2836 2708 3133 2778; x_wconf 75' lang='lat' dir='ltr'><strong>Spiritum;</strong></span> <span class='ocrx_word' id='word_1_622' title='bbox 3167 2719 3222 2764; x_wconf 88' lang='lat' dir='ltr'><strong>et</strong></span> <span class='ocrx_word' id='word_1_623' title='bbox 3261 2711 3429 2767; x_wconf 84' lang='lat' dir='ltr'><strong>Filius</strong></span> <span class='ocrx_word' id='word_1_624' title='bbox 3456 2727 3550 2782; x_wconf 83' lang='lat' dir='ltr'><strong>per</strong></span> 
     </span>
    </p>
   </div>
   <div class='ocr_carea' id='block_1_86' title="bbox 1980 2793 3550 2866">
    <p class='ocr_par' dir='ltr' id='par_1_86' title="bbox 1980 2793 3550 2866">
     <span class='ocr_line' id='line_1_86' title="bbox 1980 2793 3550 2866; baseline 0.007 -19"><span class='ocrx_word' id='word_1_625' title='bbox 1980 2809 2042 2847; x_wconf 86' lang='lat' dir='ltr'><strong>se</strong></span> <span class='ocrx_word' id='word_1_626' title='bbox 2069 2793 2370 2864; x_wconf 86' lang='lat' dir='ltr'><strong>intelligere</strong></span> <span class='ocrx_word' id='word_1_627' title='bbox 2404 2803 2612 2850; x_wconf 86' lang='lat' dir='ltr'><strong>tantum</strong></span> <span class='ocrx_word' id='word_1_628' title='bbox 2651 2805 2832 2864; x_wconf 84' lang='lat' dir='ltr'><strong>queat,</strong></span> <span class='ocrx_word' id='word_1_629' title='bbox 2863 2813 2959 2866; x_wconf 88' lang='lat' dir='ltr'><strong>per</strong></span> <span class='ocrx_word' id='word_1_630' title='bbox 2980 2798 3198 2856; x_wconf 86' lang='lat' dir='ltr'><strong>Patrem</strong></span> <span class='ocrx_word' id='word_1_631' title='bbox 3228 2811 3410 2858; x_wconf 85' lang='lat' dir='ltr'><strong>autem</strong></span> <span class='ocrx_word' id='word_1_632' title='bbox 3437 2820 3550 2860; x_wconf 76' lang='lat' dir='ltr'><strong>nie-</strong></span> 
     </span>
    </p>
   </div>
   <div class='ocr_carea' id='block_1_87' title="bbox 1983 2885 3552 2963">
    <p class='ocr_par' dir='ltr' id='par_1_87' title="bbox 1983 2885 3552 2963">
     <span class='ocr_line' id='line_1_87' title="bbox 1983 2885 3552 2963; baseline 0.008 -25"><span class='ocrx_word' id='word_1_633' title='bbox 1983 2901 2100 2942; x_wconf 88' lang='lat' dir='ltr'><strong>mor</strong></span> <span class='ocrx_word' id='word_1_634' title='bbox 2122 2887 2214 2952; x_wconf 88' lang='lat' dir='ltr'><strong>sit,</strong></span> <span class='ocrx_word' id='word_1_635' title='bbox 2237 2893 2292 2940; x_wconf 91' lang='lat' dir='ltr'><strong>et</strong></span> <span class='ocrx_word' id='word_1_636' title='bbox 2314 2901 2413 2955; x_wconf 88' lang='lat' dir='ltr'><strong>per</strong></span> <span class='ocrx_word' id='word_1_637' title='bbox 2440 2885 2704 2955; x_wconf 87' lang='lat' dir='ltr'><strong>Spiritum</strong></span> <span class='ocrx_word' id='word_1_638' title='bbox 2735 2903 2887 2944; x_wconf 87' lang='lat' dir='ltr'><strong>suum</strong></span> <span class='ocrx_word' id='word_1_639' title='bbox 2921 2899 3096 2955; x_wconf 85' lang='lat' dir='ltr'><strong>amet;</strong></span> <span class='ocrx_word' id='word_1_640' title='bbox 3127 2902 3183 2948; x_wconf 90' lang='lat' dir='ltr'><strong>et</strong></span> <span class='ocrx_word' id='word_1_641' title='bbox 3213 2893 3353 2948; x_wconf 90' lang='lat' dir='ltr'><strong>idem</strong></span> <span class='ocrx_word' id='word_1_642' title='bbox 3383 2893 3552 2963; x_wconf 82' lang='lat' dir='ltr'><strong>Spiri-</strong></span> 
     </span>
    </p>
   </div>
   <div class='ocr_carea' id='block_1_88' title="bbox 1985 2978 3548 3046">
    <p class='ocr_par' dir='ltr' id='par_1_88' title="bbox 1985 2978 3548 3046">
     <span class='ocr_line' id='line_1_88' title="bbox 1985 2978 3548 3046; baseline 0.006 -16"><span class='ocrx_word' id='word_1_643' title='bbox 1985 2987 2068 3031; x_wconf 86' lang='lat' dir='ltr'><strong>tus</strong></span> <span class='ocrx_word' id='word_1_644' title='bbox 2093 2991 2190 3045; x_wconf 83' lang='lat' dir='ltr'><strong>per</strong></span> <span class='ocrx_word' id='word_1_645' title='bbox 2213 2993 2272 3032; x_wconf 92' lang='lat' dir='ltr'><strong>se</strong></span> <span class='ocrx_word' id='word_1_646' title='bbox 2298 2993 2404 3031; x_wconf 89' lang='lat' dir='ltr'><strong>non</strong></span> <span class='ocrx_word' id='word_1_647' title='bbox 2436 2978 2580 3030; x_wconf 90' lang='lat' dir='ltr'><strong>aliud</strong></span> <span class='ocrx_word' id='word_1_648' title='bbox 2605 2994 2766 3046; x_wconf 86' lang='lat' dir='ltr'><strong>quam</strong></span> <span class='ocrx_word' id='word_1_649' title='bbox 2793 2993 2977 3034; x_wconf 86' lang='lat' dir='ltr'><strong>amare</strong></span> <span class='ocrx_word' id='word_1_650' title='bbox 3002 2980 3068 3011; x_wconf 65' lang='lat'><strong>“9</strong></span> <span class='ocrx_word' id='word_1_651' title='bbox 3099 2982 3294 3046; x_wconf 88' lang='lat' dir='ltr'><strong>valeat,</strong></span> <span class='ocrx_word' id='word_1_652' title='bbox 3321 2984 3416 3038; x_wconf 87' lang='lat' dir='ltr'><strong>sed</strong></span> <span class='ocrx_word' id='word_1_653' title='bbox 3447 2983 3548 3038; x_wconf 86' lang='lat' dir='ltr'><strong>Pa-</strong></span> 
     </span>
    </p>
   </div>
   <div class='ocr_carea' id='block_1_89' title="bbox 1977 3069 3548 3140">
    <p class='ocr_par' dir='ltr' id='par_1_89' title="bbox 1977 3069 3548 3140">
     <span class='ocr_line' id='line_1_89' title="bbox 1977 3069 3548 3140; baseline 0.004 -19"><span class='ocrx_word' id='word_1_654' title='bbox 1977 3077 2060 3122; x_wconf 86' lang='lat' dir='ltr'><strong>ter</strong></span> <span class='ocrx_word' id='word_1_655' title='bbox 2099 3069 2173 3122; x_wconf 88' lang='lat' dir='ltr'><strong>illi</strong></span> <span class='ocrx_word' id='word_1_656' title='bbox 2195 3070 2268 3123; x_wconf 90' lang='lat' dir='ltr'><strong>sit</strong></span> <span class='ocrx_word' id='word_1_657' title='bbox 2298 3085 2526 3136; x_wconf 86' lang='lat' dir='ltr'><strong>memor,</strong></span> <span class='ocrx_word' id='word_1_658' title='bbox 2554 3079 2609 3124; x_wconf 88' lang='lat' dir='ltr'><strong>et</strong></span> <span class='ocrx_word' id='word_1_659' title='bbox 2645 3069 2814 3124; x_wconf 84' lang='lat' dir='ltr'><strong>Filius</strong></span> <span class='ocrx_word' id='word_1_660' title='bbox 2839 3071 2919 3124; x_wconf 89' lang='lat' dir='ltr'><strong>illi</strong></span> <span class='ocrx_word' id='word_1_661' title='bbox 2957 3072 3238 3140; x_wconf 82' lang='lat' dir='ltr'><strong>intelligat.</strong></span> <span class='ocrx_word' id='word_1_662' title='bbox 3262 3073 3398 3128; x_wconf 82' lang='lat' dir='ltr'><strong>Nam</strong></span> <span class='ocrx_word' id='word_1_663' title='bbox 3427 3091 3548 3129; x_wconf 87' lang='lat' dir='ltr'><strong>cum</strong></span> 
     </span>
    </p>
   </div>
   <div class='ocr_carea' id='block_1_90' title="bbox 1977 3161 3552 3233">
    <p class='ocr_par' dir='ltr' id='par_1_90' title="bbox 1977 3161 3552 3233">
     <span class='ocr_line' id='line_1_90' title="bbox 1977 3161 3552 3233; baseline 0.004 -18"><span class='ocrx_word' id='word_1_664' title='bbox 1977 3163 2028 3216; x_wconf 88' lang='lat' dir='ltr'><strong>in</strong></span> <span class='ocrx_word' id='word_1_665' title='bbox 2059 3162 2144 3216; x_wconf 87' lang='lat' dir='ltr'><strong>bis</strong></span> <span class='ocrx_word' id='word_1_666' title='bbox 2177 3161 2367 3228; x_wconf 88' lang='lat' dir='ltr'><strong>tribus,</strong></span> <span class='ocrx_word' id='word_1_667' title='bbox 2393 3163 2760 3232; x_wconf 87' lang='lat' dir='ltr'><strong>unusquisque</strong></span> <span class='ocrx_word' id='word_1_668' title='bbox 2778 3163 3020 3233; x_wconf 76' lang='lat' dir='ltr'><strong>singulas</strong></span> <span class='ocrx_word' id='word_1_669' title='bbox 3046 3165 3117 3218; x_wconf 87' lang='lat' dir='ltr'><strong>sit</strong></span> <span class='ocrx_word' id='word_1_670' title='bbox 3137 3181 3348 3220; x_wconf 88' lang='lat' dir='ltr'><strong>summa</strong></span> <span class='ocrx_word' id='word_1_671' title='bbox 3367 3181 3552 3221; x_wconf 83' lang='lat' dir='ltr'><strong>essen-</strong></span> 
     </span>
    </p>
   </div>
   <div class='ocr_carea' id='block_1_91' title="bbox 1976 3253 3552 3328">
    <p class='ocr_par' dir='ltr' id='par_1_91' title="bbox 1976 3253 3552 3328">
     <span class='ocr_line' id='line_1_91' title="bbox 1976 3253 3552 3328; baseline -0.001 -20"><span class='ocrx_word' id='word_1_672' title='bbox 1976 3255 2049 3308; x_wconf 87' lang='lat' dir='ltr'><strong>tia</strong></span> <span class='ocrx_word' id='word_1_673' title='bbox 2077 3263 2134 3309; x_wconf 90' lang='lat' dir='ltr'><strong>et</strong></span> <span class='ocrx_word' id='word_1_674' title='bbox 2175 3269 2385 3308; x_wconf 88' lang='lat' dir='ltr'><strong>summa</strong></span> <span class='ocrx_word' id='word_1_675' title='bbox 2433 3253 2694 3324; x_wconf 87' lang='lat' dir='ltr'><strong>sapientia</strong></span> <span class='ocrx_word' id='word_1_676' title='bbox 2724 3255 2802 3310; x_wconf 92' lang='lat' dir='ltr'><strong>sic</strong></span> <span class='ocrx_word' id='word_1_677' title='bbox 2850 3255 3110 3324; x_wconf 73' lang='lat' dir='ltr'><strong>perfecta,</strong></span> <span class='ocrx_word' id='word_1_678' title='bbox 3141 3266 3200 3310; x_wconf 93' lang='lat' dir='ltr'><strong>ut</strong></span> <span class='ocrx_word' id='word_1_679' title='bbox 3229 3258 3342 3326; x_wconf 89' lang='lat' dir='ltr'><strong>ipsa</strong></span> <span class='ocrx_word' id='word_1_680' title='bbox 3367 3273 3463 3328; x_wconf 87' lang='lat' dir='ltr'><strong>per</strong></span> <span class='ocrx_word' id='word_1_681' title='bbox 3493 3275 3552 3312; x_wconf 74' lang='lat' dir='ltr'><strong>Se.</strong></span> 
     </span>
    </p>
   </div>
   <div class='ocr_carea' id='block_1_92' title="bbox 1977 3345 3554 3413">
    <p class='ocr_par' dir='ltr' id='par_1_92' title="bbox 1977 3345 3554 3413">
     <span class='ocr_line' id='line_1_92' title="bbox 1977 3345 3554 3413; baseline 0.003 -13"><span class='ocrx_word' id='word_1_682' title='bbox 1977 3361 2186 3400; x_wconf 81' lang='lat' dir='ltr'><strong>meumr</strong></span> <span class='ocrx_word' id='word_1_683' title='bbox 2225 3345 2296 3399; x_wconf 88' lang='lat' dir='ltr'><strong>sit</strong></span> <span class='ocrx_word' id='word_1_684' title='bbox 2339 3355 2396 3399; x_wconf 89' lang='lat' dir='ltr'><strong>et</strong></span> <span class='ocrx_word' id='word_1_685' title='bbox 2445 3345 2733 3413; x_wconf 77' lang='lat' dir='ltr'><strong>intelligat,</strong></span> <span class='ocrx_word' id='word_1_686' title='bbox 2784 3355 2839 3400; x_wconf 91' lang='lat' dir='ltr'><strong>et</strong></span> <span class='ocrx_word' id='word_1_687' title='bbox 2877 3357 3043 3407; x_wconf 80' lang='lat' dir='ltr'><strong>atnet.</strong></span> <span class='ocrx_word' id='word_1_688' title='bbox 3086 3363 3304 3403; x_wconf 84' lang='lat' dir='ltr'><strong>necesse</strong></span> <span class='ocrx_word' id='word_1_689' title='bbox 3359 3359 3445 3404; x_wconf 90' lang='lat' dir='ltr'><strong>est</strong></span> <span class='ocrx_word' id='word_1_690' title='bbox 3495 3361 3554 3404; x_wconf 90' lang='lat' dir='ltr'><strong>ut</strong></span> 
     </span>
    </p>
   </div>
   <div class='ocr_carea' id='block_1_93' title="bbox 1977 3439 3553 3514">
    <p class='ocr_par' dir='ltr' id='par_1_93' title="bbox 1977 3439 3553 3514">
     <span class='ocr_line' id='line_1_93' title="bbox 1977 3439 3553 3514; baseline 0.001 -19"><span class='ocrx_word' id='word_1_691' title='bbox 1977 3443 2155 3496; x_wconf 90' lang='lat' dir='ltr'><strong>nullus</strong></span> <span class='ocrx_word' id='word_1_692' title='bbox 2193 3443 2384 3498; x_wconf 89' lang='lat' dir='ltr'><strong>borum</strong></span> <span class='ocrx_word' id='word_1_693' title='bbox 2441 3446 2604 3496; x_wconf 89' lang='lat' dir='ltr'><strong>trium</strong></span> <span class='ocrx_word' id='word_1_694' title='bbox 2635 3439 2703 3471; x_wconf 79' lang='grc'><strong>⁶³⁰</strong></span> <span class='ocrx_word' id='word_1_695' title='bbox 2736 3440 2842 3495; x_wconf 83' lang='lat' dir='ltr'><strong>alio</strong></span> <span class='ocrx_word' id='word_1_696' title='bbox 2882 3441 3142 3512; x_wconf 86' lang='lat' dir='ltr'><strong>indigeat.</strong></span> <span class='ocrx_word' id='word_1_697' title='bbox 3195 3441 3300 3514; x_wconf 76' lang='lat'><strong>23</strong></span> <span class='ocrx_word' id='word_1_698' title='bbox 3344 3453 3438 3496; x_wconf 89' lang='lat' dir='ltr'><strong>aut</strong></span> <span class='ocrx_word' id='word_1_699' title='bbox 3487 3447 3553 3497; x_wconf 47' lang='lat' dir='ltr'><strong>ait</strong></span> 
     </span>
    </p>
   </div>
   <div class='ocr_carea' id='block_1_94' title="bbox 1978 3533 3554 3600">
    <p class='ocr_par' dir='ltr' id='par_1_94' title="bbox 1978 3533 3554 3600">
     <span class='ocr_line' id='line_1_94' title="bbox 1978 3533 3554 3600; baseline 0 -12"><span class='ocrx_word' id='word_1_700' title='bbox 1978 3533 2410 3598; x_wconf 86' lang='lat' dir='ltr'><strong>memorandum,</strong></span> <span class='ocrx_word' id='word_1_701' title='bbox 2435 3542 2529 3587; x_wconf 90' lang='lat' dir='ltr'><strong>aut</strong></span> <span class='ocrx_word' id='word_1_702' title='bbox 2564 3533 2631 3586; x_wconf 86' lang='lat' dir='ltr'><strong>ad</strong></span> <span class='ocrx_word' id='word_1_703' title='bbox 2661 3533 3091 3600; x_wconf 84' lang='lat' dir='ltr'><strong>intelligendum,</strong></span> <span class='ocrx_word' id='word_1_704' title='bbox 3127 3544 3218 3586; x_wconf 88' lang='lat' dir='ltr'><strong>aut</strong></span> <span class='ocrx_word' id='word_1_705' title='bbox 3253 3535 3320 3588; x_wconf 88' lang='lat' dir='ltr'><strong>ad</strong></span> <span class='ocrx_word' id='word_1_706' title='bbox 3363 3551 3554 3589; x_wconf 87' lang='lat' dir='ltr'><strong>aman-</strong></span> 
     </span>
    </p>
   </div>
   <div class='ocr_carea' id='block_1_95' title="bbox 1976 3624 3559 3696">
    <p class='ocr_par' dir='ltr' id='par_1_95' title="bbox 1976 3624 3559 3696">
     <span class='ocr_line' id='line_1_95' title="bbox 1976 3624 3559 3696; baseline 0.002 -19"><span class='ocrx_word' id='word_1_707' title='bbox 1976 3625 2125 3680; x_wconf 81' lang='lat' dir='ltr'><strong>dum.</strong></span> <span class='ocrx_word' id='word_1_708' title='bbox 2182 3624 2438 3696; x_wconf 80' lang='lat' dir='ltr'><strong>Singulos</strong></span> <span class='ocrx_word' id='word_1_709' title='bbox 2486 3625 2630 3680; x_wconf 86' lang='lat' dir='ltr'><strong>enim</strong></span> <span class='ocrx_word' id='word_1_710' title='bbox 2671 3625 2902 3694; x_wconf 85' lang='lat' dir='ltr'><strong>quisque</strong></span> <span class='ocrx_word' id='word_1_711' title='bbox 2947 3625 3320 3682; x_wconf 87' lang='lat' dir='ltr'><strong>essentialiter</strong></span> <span class='ocrx_word' id='word_1_712' title='bbox 3367 3635 3450 3680; x_wconf 86' lang='lat' dir='ltr'><strong>est</strong></span> <span class='ocrx_word' id='word_1_713' title='bbox 3504 3639 3559 3680; x_wconf 72' lang='lat' dir='ltr'><strong>rt</strong></span> 
     </span>
    </p>
   </div>
   <div class='ocr_carea' id='block_1_96' title="bbox 1979 3714 3556 3786">
    <p class='ocr_par' dir='ltr' id='par_1_96' title="bbox 1979 3714 3556 3786">
     <span class='ocr_line' id='line_1_96' title="bbox 1979 3714 3556 3786; baseline 0 -16"><span class='ocrx_word' id='word_1_714' title='bbox 1979 3717 2261 3780; x_wconf 88' lang='lat' dir='ltr'><strong>memoria,</strong></span> <span class='ocrx_word' id='word_1_715' title='bbox 2331 3725 2388 3770; x_wconf 90' lang='lat' dir='ltr'><strong>et</strong></span> <span class='ocrx_word' id='word_1_716' title='bbox 2428 3714 2804 3784; x_wconf 86' lang='lat' dir='ltr'><strong>intelligentia,</strong></span> <span class='ocrx_word' id='word_1_717' title='bbox 2851 3723 2908 3768; x_wconf 88' lang='lat' dir='ltr'><strong>et</strong></span> <span class='ocrx_word' id='word_1_718' title='bbox 2961 3731 3135 3775; x_wconf 78' lang='lat' dir='ltr'><strong>arnor.</strong></span> <span class='ocrx_word' id='word_1_719' title='bbox 3187 3723 3242 3768; x_wconf 78' lang='lat' dir='ltr'><strong>et</strong></span> <span class='ocrx_word' id='word_1_720' title='bbox 3292 3717 3556 3786; x_wconf 80' lang='lat' dir='ltr'><strong>quidquid</strong></span> 
     </span>
    </p>
   </div>
   <div class='ocr_carea' id='block_1_97' title="bbox 1979 3807 3176 3864">
    <p class='ocr_par' dir='ltr' id='par_1_97' title="bbox 1979 3807 3176 3864">
     <span class='ocr_line' id='line_1_97' title="bbox 1979 3807 3176 3864; baseline -0.003 0"><span class='ocrx_word' id='word_1_721' title='bbox 1979 3823 2204 3864; x_wconf 73' lang='lat' dir='ltr'><strong>summa:</strong></span> <span class='ocrx_word' id='word_1_722' title='bbox 2235 3808 2486 3862; x_wconf 74' lang='lat' dir='ltr'><strong>essentia:</strong></span> <span class='ocrx_word' id='word_1_723' title='bbox 2516 3821 2738 3862; x_wconf 87' lang='lat' dir='ltr'><strong>necesse</strong></span> <span class='ocrx_word' id='word_1_724' title='bbox 2772 3815 2856 3862; x_wconf 84' lang='lat' dir='ltr'><strong>est</strong></span> <span class='ocrx_word' id='word_1_725' title='bbox 2887 3807 3068 3862; x_wconf 87' lang='lat' dir='ltr'><strong>inesse</strong></span> <span class='ocrx_word' id='word_1_726' title='bbox 3087 3807 3176 3860; x_wconf 61' lang='grc' dir='ltr'><strong>ω’.</strong></span> 
     </span>
    </p>
   </div>
   <div class='ocr_carea' id='block_1_98' title="bbox 2365 3935 3164 4008">
    <p class='ocr_par' dir='ltr' id='par_1_98' title="bbox 2365 3935 3164 4008">
     <span class='ocr_line' id='line_1_98' title="bbox 2365 3935 3164 4008; baseline -0.006 -16"><span class='ocrx_word' id='word_1_727' title='bbox 2365 3937 2596 3994; x_wconf 61' lang='lat' dir='ltr'><strong>CAPUT</strong></span> <span class='ocrx_word' id='word_1_728' title='bbox 2635 3935 2749 3989; x_wconf 80' lang='lat' dir='ltr'><strong>LXI</strong></span> <span class='ocrx_word' id='word_1_729' title='bbox 2783 3935 2876 4008; x_wconf 81' lang='grc' dir='ltr'><strong>[αι.</strong></span> <span class='ocrx_word' id='word_1_730' title='bbox 2905 3935 3044 4008; x_wconf 76' lang='lat' dir='ltr'><strong>LlX]</strong></span> <span class='ocrx_word' id='word_1_731' title='bbox 3075 3936 3164 3988; x_wconf 68' lang='grc' dir='ltr'><strong>σω.</strong></span> 
     </span>
    </p>
   </div>
   <div class='ocr_carea' id='block_1_99' title="bbox 1983 4049 3554 4120">
    <p class='ocr_par' dir='ltr' id='par_1_99' title="bbox 1983 4049 3554 4120">
     <span class='ocr_line' id='line_1_99' title="bbox 1983 4049 3554 4120; baseline -0.001 -12"><span class='ocrx_word' id='word_1_732' title='bbox 1983 4055 2134 4120; x_wconf 85' lang='lat' dir='ltr'><strong>Quod</strong></span> <span class='ocrx_word' id='word_1_733' title='bbox 2174 4065 2347 4108; x_wconf 84' lang='lat' dir='ltr'><strong>tamen</strong></span> <span class='ocrx_word' id='word_1_734' title='bbox 2377 4070 2479 4106; x_wconf 84' lang='lat' dir='ltr'><strong>non</strong></span> <span class='ocrx_word' id='word_1_735' title='bbox 2511 4053 2614 4106; x_wconf 84' lang='lat' dir='ltr'><strong>sint</strong></span> <span class='ocrx_word' id='word_1_736' title='bbox 2645 4063 2767 4114; x_wconf 86' lang='lat' dir='ltr'><strong>tres,</strong></span> <span class='ocrx_word' id='word_1_737' title='bbox 2799 4051 2887 4104; x_wconf 72' lang='lat' dir='ltr'><strong>sed</strong></span> <span class='ocrx_word' id='word_1_738' title='bbox 2914 4067 3074 4114; x_wconf 83' lang='lat' dir='ltr'><strong>unus,</strong></span> <span class='ocrx_word' id='word_1_739' title='bbox 3117 4067 3207 4103; x_wconf 83' lang='lat' dir='ltr'><strong>seu</strong></span> <span class='ocrx_word' id='word_1_740' title='bbox 3248 4049 3435 4117; x_wconf 83' lang='lat' dir='ltr'><strong>Pater,</strong></span> <span class='ocrx_word' id='word_1_741' title='bbox 3464 4069 3554 4106; x_wconf 71' lang='lat' dir='ltr'><strong>seu</strong></span> 
     </span>
    </p>
   </div>
   <div class='ocr_carea' id='block_1_100' title="bbox 2299 4121 3237 4190">
    <p class='ocr_par' dir='ltr' id='par_1_100' title="bbox 2299 4121 3237 4190">
     <span class='ocr_line' id='line_1_100' title="bbox 2299 4121 3237 4190; baseline -0.001 -15"><span class='ocrx_word' id='word_1_742' title='bbox 2299 4123 2472 4176; x_wconf 81' lang='lat' dir='ltr'><strong>Filius</strong></span> <span class='ocrx_word' id='word_1_743' title='bbox 2494 4164 2507 4186; x_wconf 93' lang='lat'><strong>,</strong></span> <span class='ocrx_word' id='word_1_744' title='bbox 2556 4140 2645 4176; x_wconf 86' lang='lat' dir='ltr'><strong>seu</strong></span> <span class='ocrx_word' id='word_1_745' title='bbox 2682 4124 2949 4190; x_wconf 79' lang='lat' dir='ltr'><strong>utriusque</strong></span> <span class='ocrx_word' id='word_1_746' title='bbox 2988 4121 3237 4190; x_wconf 78' lang='lat' dir='ltr'><strong>Spiritus.</strong></span> 
     </span>
    </p>
   </div>
   <div class='ocr_carea' id='block_1_101' title="bbox 1983 4234 3552 4302">
    <p class='ocr_par' dir='ltr' id='par_1_101' title="bbox 1983 4234 3552 4302">
     <span class='ocr_line' id='line_1_101' title="bbox 1983 4234 3552 4302; baseline -0.003 -10"><span class='ocrx_word' id='word_1_747' title='bbox 1983 4239 2323 4293; x_wconf 74' lang='lat' dir='ltr'><strong>Cousrecrus</strong></span> <span class='ocrx_word' id='word_1_748' title='bbox 2359 4252 2670 4290; x_wconf 68' lang='lat' dir='ltr'><strong>C.\PtTtS.——</strong></span> <span class='ocrx_word' id='word_1_749' title='bbox 2691 4235 2946 4302; x_wconf 81' lang='lat' dir='ltr'><strong>Quamvis</strong></span> <span class='ocrx_word' id='word_1_750' title='bbox 2977 4243 3154 4290; x_wconf 85' lang='lat' dir='ltr'><strong>autem</strong></span> <span class='ocrx_word' id='word_1_751' title='bbox 3191 4234 3352 4288; x_wconf 78' lang='lat' dir='ltr'><strong>Pater</strong></span> <span class='ocrx_word' id='word_1_752' title='bbox 3371 4235 3452 4288; x_wconf 91' lang='lat' dir='ltr'><strong>sit.</strong></span> <span class='ocrx_word' id='word_1_753' title='bbox 3477 4234 3552 4288; x_wconf 87' lang='lat' dir='ltr'><strong>in-</strong></span> 
     </span>
    </p>
   </div>
   <div class='ocr_carea' id='block_1_102' title="bbox 2057 4304 3562 4376">
    <p class='ocr_par' dir='ltr' id='par_1_102' title="bbox 2057 4304 3562 4376">
     <span class='ocr_line' id='line_1_102' title="bbox 2057 4304 3562 4376; baseline -0.003 -16"><span class='ocrx_word' id='word_1_754' title='bbox 2057 4307 2348 4376; x_wconf 78' lang='lat' dir='ltr'><strong>telligentia</strong></span> <span class='ocrx_word' id='word_1_755' title='bbox 2383 4317 2440 4360; x_wconf 87' lang='lat' dir='ltr'><strong>et</strong></span> <span class='ocrx_word' id='word_1_756' title='bbox 2488 4323 2671 4368; x_wconf 89' lang='lat' dir='ltr'><strong>amor,</strong></span> <span class='ocrx_word' id='word_1_757' title='bbox 2725 4322 2830 4358; x_wconf 91' lang='lat' dir='ltr'><strong>non</strong></span> <span class='ocrx_word' id='word_1_758' title='bbox 2885 4315 3059 4358; x_wconf 85' lang='lat' dir='ltr'><strong>tamen</strong></span> <span class='ocrx_word' id='word_1_759' title='bbox 3104 4304 3420 4376; x_wconf 76' lang='lat' dir='ltr'><strong>est__Filius,</strong></span> <span class='ocrx_word' id='word_1_760' title='bbox 3471 4315 3562 4356; x_wconf 86' lang='lat' dir='ltr'><strong>aut</strong></span> 
     </span>
    </p>
   </div>
   <div class='ocr_carea' id='block_1_103' title="bbox 2055 4373 3562 4448">
    <p class='ocr_par' dir='ltr' id='par_1_103' title="bbox 2055 4373 3562 4448">
     <span class='ocr_line' id='line_1_103' title="bbox 2055 4373 3562 4448; baseline -0.005 -16"><span class='ocrx_word' id='word_1_761' title='bbox 2055 4373 2283 4448; x_wconf 74' lang='lat' dir='ltr'><strong>alicujus</strong></span> <span class='ocrx_word' id='word_1_762' title='bbox 2337 4377 2604 4444; x_wconf 83' lang='lat' dir='ltr'><strong>Spiritus;</strong></span> <span class='ocrx_word' id='word_1_763' title='bbox 2644 4377 2768 4448; x_wconf 79' lang='lat' dir='ltr'><strong>quia</strong></span> <span class='ocrx_word' id='word_1_764' title='bbox 2809 4389 2914 4427; x_wconf 91' lang='lat' dir='ltr'><strong>non</strong></span> <span class='ocrx_word' id='word_1_765' title='bbox 2959 4373 3427 4448; x_wconf 65' lang='lat' dir='ltr'><strong>estintelljgentia</strong></span> <span class='ocrx_word' id='word_1_766' title='bbox 3468 4389 3562 4448; x_wconf 85' lang='lat' dir='ltr'><strong>g_e-</strong></span> 
     </span>
    </p>
   </div>
   <div class='ocr_carea' id='block_1_104' title="bbox 2063 4442 3566 4512">
    <p class='ocr_par' dir='ltr' id='par_1_104' title="bbox 2063 4442 3566 4512">
     <span class='ocr_line' id='line_1_104' title="bbox 2063 4442 3566 4512; baseline -0.003 -11"><span class='ocrx_word' id='word_1_767' title='bbox 2063 4442 2210 4510; x_wconf 45' lang='lat' dir='ltr'><strong>nita,’</strong></span> <span class='ocrx_word' id='word_1_768' title='bbox 2235 4463 2336 4502; x_wconf 84' lang='lat' dir='ltr'><strong>nec</strong></span> <span class='ocrx_word' id='word_1_769' title='bbox 2364 4442 2517 4500; x_wconf 80' lang='lat' dir='ltr'><strong>amor</strong></span> <span class='ocrx_word' id='word_1_770' title='bbox 2541 4447 2608 4498; x_wconf 85' lang='lat' dir='ltr'><strong>ab</strong></span> <span class='ocrx_word' id='word_1_771' title='bbox 2635 4442 2817 4512; x_wconf 84' lang='lat' dir='ltr'><strong>aliquo</strong></span> <span class='ocrx_word' id='word_1_772' title='bbox 2865 4443 3177 4512; x_wconf 86' lang='lat' dir='ltr'><strong>procedens.</strong></span> <span class='ocrx_word' id='word_1_773' title='bbox 3219 4443 3286 4498; x_wconf 84' lang='lat' dir='ltr'><strong>Et</strong></span> <span class='ocrx_word' id='word_1_774' title='bbox 3327 4442 3450 4512; x_wconf 83' lang='lat' dir='ltr'><strong>licet</strong></span> <span class='ocrx_word' id='word_1_775' title='bbox 3483 4445 3566 4498; x_wconf 78' lang='lat' dir='ltr'><strong>Fi-</strong></span> 
     </span>
    </p>
   </div>
   <div class='ocr_carea' id='block_1_105' title="bbox 2065 4511 3564 4576">
    <p class='ocr_par' dir='ltr' id='par_1_105' title="bbox 2065 4511 3564 4576">
     <span class='ocr_line' id='line_1_105' title="bbox 2065 4511 3564 4576; baseline -0.003 -5"><span class='ocrx_word' id='word_1_776' title='bbox 2065 4518 2166 4571; x_wconf 87' lang='lat' dir='ltr'><strong>lius</strong></span> <span class='ocrx_word' id='word_1_777' title='bbox 2196 4517 2266 4571; x_wconf 85' lang='lat' dir='ltr'><strong>sit</strong></span> <span class='ocrx_word' id='word_1_778' title='bbox 2291 4517 2547 4570; x_wconf 87' lang='lat' dir='ltr'><strong>memoria</strong></span> <span class='ocrx_word' id='word_1_779' title='bbox 2593 4523 2646 4568; x_wconf 86' lang='lat' dir='ltr'><strong>et</strong></span> <span class='ocrx_word' id='word_1_780' title='bbox 2687 4511 2875 4576; x_wconf 70' lang='lat' dir='ltr'><strong>arnor,</strong></span> <span class='ocrx_word' id='word_1_781' title='bbox 2901 4529 3004 4566; x_wconf 89' lang='lat' dir='ltr'><strong>non</strong></span> <span class='ocrx_word' id='word_1_782' title='bbox 3061 4524 3237 4568; x_wconf 87' lang='lat' dir='ltr'><strong>tamen</strong></span> <span class='ocrx_word' id='word_1_783' title='bbox 3269 4523 3350 4568; x_wconf 87' lang='lat' dir='ltr'><strong>est</strong></span> <span class='ocrx_word' id='word_1_784' title='bbox 3381 4511 3564 4574; x_wconf 82' lang='lat' dir='ltr'><strong>Pater,</strong></span> 
     </span>
    </p>
   </div>
   <div class='ocr_carea' id='block_1_106' title="bbox 2065 4584 3563 4656">
    <p class='ocr_par' dir='ltr' id='par_1_106' title="bbox 2065 4584 3563 4656">
     <span class='ocr_line' id='line_1_106' title="bbox 2065 4584 3563 4656; baseline -0.003 -16"><span class='ocrx_word' id='word_1_785' title='bbox 2065 4597 2156 4640; x_wconf 87' lang='lat' dir='ltr'><strong>aut</strong></span> <span class='ocrx_word' id='word_1_786' title='bbox 2185 4589 2422 4656; x_wconf 82' lang='lat' dir='ltr'><strong>Spiritus</strong></span> <span class='ocrx_word' id='word_1_787' title='bbox 2466 4586 2724 4656; x_wconf 73' lang='lat' dir='ltr'><strong>alicujus;</strong></span> <span class='ocrx_word' id='word_1_788' title='bbox 2763 4584 2885 4652; x_wconf 75' lang='lat' dir='ltr'><strong>quia</strong></span> <span class='ocrx_word' id='word_1_789' title='bbox 2931 4599 3038 4656; x_wconf 80' lang='lat' dir='ltr'><strong>non</strong></span> <span class='ocrx_word' id='word_1_790' title='bbox 3085 4584 3454 4656; x_wconf 80' lang='lat' dir='ltr'><strong>est_tnem_oria</strong></span> <span class='ocrx_word' id='word_1_791' title='bbox 3484 4585 3563 4652; x_wconf 89' lang='lat' dir='ltr'><strong>gi-</strong></span> 
     </span>
    </p>
   </div>
   <div class='ocr_carea' id='block_1_107' title="bbox 2065 4652 3563 4722">
    <p class='ocr_par' dir='ltr' id='par_1_107' title="bbox 2065 4652 3563 4722">
     <span class='ocr_line' id='line_1_107' title="bbox 2065 4652 3563 4722; baseline -0.005 -12"><span class='ocrx_word' id='word_1_792' title='bbox 2065 4652 2254 4722; x_wconf 75' lang='lat' dir='ltr'><strong>gnens,</strong></span> <span class='ocrx_word' id='word_1_793' title='bbox 2277 4669 2376 4710; x_wconf 84' lang='lat' dir='ltr'><strong>nec</strong></span> <span class='ocrx_word' id='word_1_794' title='bbox 2394 4671 2546 4709; x_wconf 82' lang='lat' dir='ltr'><strong>amor</strong></span> <span class='ocrx_word' id='word_1_795' title='bbox 2570 4659 2638 4710; x_wconf 83' lang='lat' dir='ltr'><strong>ab</strong></span> <span class='ocrx_word' id='word_1_796' title='bbox 2661 4655 2766 4708; x_wconf 84' lang='lat' dir='ltr'><strong>alio</strong></span> <span class='ocrx_word' id='word_1_797' title='bbox 2791 4655 3110 4721; x_wconf 69' lang='lat' dir='ltr'><strong>procedens,</strong></span> <span class='ocrx_word' id='word_1_798' title='bbox 3138 4653 3278 4722; x_wconf 83' lang='lat' dir='ltr'><strong>sicut</strong></span> <span class='ocrx_word' id='word_1_799' title='bbox 3311 4652 3563 4719; x_wconf 82' lang='lat' dir='ltr'><strong>Spiritus.</strong></span> 
     </span>
    </p>
   </div>
   <div class='ocr_carea' id='block_1_108' title="bbox 2068 4721 3565 4795">
    <p class='ocr_par' dir='ltr' id='par_1_108' title="bbox 2068 4721 3565 4795">
     <span class='ocr_line' id='line_1_108' title="bbox 2068 4721 3565 4795; baseline -0.005 -13"><span class='ocrx_word' id='word_1_800' title='bbox 2068 4721 2158 4782; x_wconf 80' lang='lat' dir='ltr'><strong>Sic</strong></span> <span class='ocrx_word' id='word_1_801' title='bbox 2190 4729 2290 4782; x_wconf 85' lang='lat' dir='ltr'><strong>etsi</strong></span> <span class='ocrx_word' id='word_1_802' title='bbox 2321 4725 2558 4795; x_wconf 83' lang='lat' dir='ltr'><strong>Spiritus</strong></span> <span class='ocrx_word' id='word_1_803' title='bbox 2579 4733 2661 4780; x_wconf 90' lang='lat' dir='ltr'><strong>est</strong></span> <span class='ocrx_word' id='word_1_804' title='bbox 2693 4723 2952 4795; x_wconf 88' lang='lat' dir='ltr'><strong>memoria</strong></span> <span class='ocrx_word' id='word_1_805' title='bbox 2977 4733 3029 4776; x_wconf 83' lang='lat' dir='ltr'><strong>et</strong></span> <span class='ocrx_word' id='word_1_806' title='bbox 3053 4721 3402 4791; x_wconf 85' lang='lat' dir='ltr'><strong>intelligentia</strong></span> <span class='ocrx_word' id='word_1_807' title='bbox 3421 4762 3436 4786; x_wconf 93' lang='lat'><strong>,</strong></span> <span class='ocrx_word' id='word_1_808' title='bbox 3462 4738 3565 4795; x_wconf 87' lang='lat' dir='ltr'><strong>non</strong></span> 
     </span>
    </p>
   </div>
   <div class='ocr_carea' id='block_1_109' title="bbox 2067 4792 3566 4860">
    <p class='ocr_par' dir='ltr' id='par_1_109' title="bbox 2067 4792 3566 4860">
     <span class='ocr_line' id='line_1_109' title="bbox 2067 4792 3566 4860; baseline -0.005 -10"><span class='ocrx_word' id='word_1_809' title='bbox 2067 4808 2244 4852; x_wconf 83' lang='lat' dir='ltr'><strong>tamen</strong></span> <span class='ocrx_word' id='word_1_810' title='bbox 2281 4792 2464 4858; x_wconf 78' lang='lat' dir='ltr'><strong>Pater,</strong></span> <span class='ocrx_word' id='word_1_811' title='bbox 2514 4795 2819 4854; x_wconf 85' lang='lat' dir='ltr'><strong>autFilius,</strong></span> <span class='ocrx_word' id='word_1_812' title='bbox 2869 4794 3130 4860; x_wconf 80' lang='lat' dir='ltr'><strong>quianon</strong></span> <span class='ocrx_word' id='word_1_813' title='bbox 3177 4802 3260 4846; x_wconf 89' lang='lat' dir='ltr'><strong>est</strong></span> <span class='ocrx_word' id='word_1_814' title='bbox 3309 4792 3566 4846; x_wconf 80' lang='lat' dir='ltr'><strong>memoria</strong></span> 
     </span>
    </p>
   </div>
   <div class='ocr_carea' id='block_1_110' title="bbox 2065 4861 3566 4936">
    <p class='ocr_par' dir='ltr' id='par_1_110' title="bbox 2065 4861 3566 4936">
     <span class='ocr_line' id='line_1_110' title="bbox 2065 4861 3566 4936; baseline -0.006 -17"><span class='ocrx_word' id='word_1_815' title='bbox 2065 4869 2322 4936; x_wconf 83' lang='lat' dir='ltr'><strong>gignens,</strong></span> <span class='ocrx_word' id='word_1_816' title='bbox 2375 4881 2474 4920; x_wconf 93' lang='lat' dir='ltr'><strong>nec</strong></span> <span class='ocrx_word' id='word_1_817' title='bbox 2513 4864 2862 4936; x_wconf 72' lang='lat' dir='ltr'><strong>intelligentia</strong></span> <span class='ocrx_word' id='word_1_818' title='bbox 2902 4863 3100 4936; x_wconf 86' lang='lat' dir='ltr'><strong>geu_it_a_.</strong></span> <span class='ocrx_word' id='word_1_819' title='bbox 3121 4861 3270 4916; x_wconf 85' lang='lat' dir='ltr'><strong>Unus</strong></span> <span class='ocrx_word' id='word_1_820' title='bbox 3305 4863 3488 4936; x_wconf 70' lang='lat' dir='ltr'><strong>itaque</strong></span> <span class='ocrx_word' id='word_1_821' title='bbox 3513 4863 3566 4936; x_wconf 79' lang='lat' dir='ltr'><strong>in</strong></span> 
     </span>
    </p>
   </div>
   <div class='ocr_carea' id='block_1_111' title="bbox 2067 4929 3568 5000">
    <p class='ocr_par' dir='ltr' id='par_1_111' title="bbox 2067 4929 3568 5000">
     <span class='ocr_line' id='line_1_111' title="bbox 2067 4929 3568 5000; baseline -0.007 -9"><span class='ocrx_word' id='word_1_822' title='bbox 2067 4929 2276 4991; x_wconf 58' lang='lat' dir='ltr'><strong>Quinam</strong></span> <span class='ocrx_word' id='word_1_823' title='bbox 2311 4929 2560 4990; x_wconf 83' lang='lat' dir='ltr'><strong>essentia</strong></span> <span class='ocrx_word' id='word_1_824' title='bbox 2589 4929 2772 5000; x_wconf 81' lang='lat' dir='ltr'><strong>Pater,</strong></span> <span class='ocrx_word' id='word_1_825' title='bbox 2809 4929 2948 4988; x_wconf 71' lang='lat' dir='ltr'><strong>unus</strong></span> <span class='ocrx_word' id='word_1_826' title='bbox 2983 4932 3173 4998; x_wconf 86' lang='lat' dir='ltr'><strong>Filius,</strong></span> <span class='ocrx_word' id='word_1_827' title='bbox 3225 4947 3364 4988; x_wconf 86' lang='lat' dir='ltr'><strong>unus</strong></span> <span class='ocrx_word' id='word_1_828' title='bbox 3395 4929 3568 4999; x_wconf 88' lang='lat' dir='ltr'><strong>Spiri-</strong></span> 
     </span>
    </p>
   </div>
   <div class='ocr_carea' id='block_1_112' title="bbox 1609 5051 2274 5114">
    <p class='ocr_par' dir='ltr' id='par_1_112' title="bbox 1609 5051 2274 5114">
     <span class='ocr_line' id='line_1_112' title="bbox 1609 5051 2274 5114; baseline -0.012 -1"><span class='ocrx_word' id='word_1_829' title='bbox 1609 5056 1842 5114; x_wconf 67' lang='lat' dir='ltr'><strong>VARIIE</strong></span> <span class='ocrx_word' id='word_1_830' title='bbox 1875 5051 2274 5112; x_wconf 82' lang='lat' dir='ltr'><strong>LECTIONES.</strong></span> 
     </span>
    </p>
   </div>
   <div class='ocr_carea' id='block_1_113' title="bbox 385 5168 1834 5253">
    <p class='ocr_par' dir='ltr' id='par_1_113' title="bbox 385 5168 1834 5253">
     <span class='ocr_line' id='line_1_113' title="bbox 385 5168 1834 5253; baseline -0.013 -14"><span class='ocrx_word' id='word_1_831' title='bbox 385 5185 452 5217; x_wconf 60' lang='grc' dir='ltr'><strong>σι’</strong></span> <span class='ocrx_word' id='word_1_832' title='bbox 483 5184 640 5252; x_wconf 83' lang='lat' dir='ltr'><strong>Quod</strong></span> <span class='ocrx_word' id='word_1_833' title='bbox 667 5183 884 5253; x_wconf 85' lang='lat' dir='ltr'><strong>quidem</strong></span> <span class='ocrx_word' id='word_1_834' title='bbox 907 5181 961 5253; x_wconf 84' lang='lat' dir='ltr'><strong>si</strong></span> <span class='ocrx_word' id='word_1_835' title='bbox 981 5195 1084 5253; x_wconf 80' lang='lat' dir='ltr'><strong>_ms_.</strong></span> <span class='ocrx_word' id='word_1_836' title='bbox 1108 5173 1412 5253; x_wconf 31' lang='lat' dir='ltr'><strong>Thurinum</strong></span> <span class='ocrx_word' id='word_1_837' title='bbox 1449 5168 1596 5253; x_wconf 63' lang='lat' dir='ltr'><strong>qugd</strong></span> <span class='ocrx_word' id='word_1_838' title='bbox 1623 5170 1762 5253; x_wconf 73' lang='lat' dir='ltr'><strong>idem</strong></span> <span class='ocrx_word' id='word_1_839' title='bbox 1789 5168 1834 5222; x_wconf 90' lang='lat' dir='ltr'><strong>si</strong></span> 
     </span>
    </p>
   </div>
   <div class='ocr_carea' id='block_1_114' title="bbox 313 5232 2158 5322">
    <p class='ocr_par' dir='ltr' id='par_1_114' title="bbox 313 5232 2158 5322">
     <span class='ocr_line' id='line_1_114' title="bbox 313 5232 2158 5322; baseline -0.014 -12"><span class='ocrx_word' id='word_1_840' title='bbox 313 5257 454 5310; x_wconf 80' lang='lat' dir='ltr'><strong>Tun.</strong></span> <span class='ocrx_word' id='word_1_841' title='bbox 491 5232 961 5322; x_wconf 33' lang='lat' dir='ltr'><strong>biite&#39;rivquia</strong></span> <span class='ocrx_word' id='word_1_842' title='bbox 979 5250 1141 5322; x_wconf 83' lang='lat' dir='ltr'><strong>habet</strong></span> <span class='ocrx_word' id='word_1_843' title='bbox 1315 5243 1446 5322; x_wconf 59' lang='lat' dir='ltr'><strong>gap.</strong></span> <span class='ocrx_word' id='word_1_844' title='bbox 1467 5232 1546 5296; x_wconf 81' lang='grc'><strong>’57</strong></span> <span class='ocrx_word' id='word_1_845' title='bbox 1569 5240 1723 5322; x_wconf 67' lang='lat' dir='ltr'><strong>estin</strong></span> <span class='ocrx_word' id='word_1_846' title='bbox 1753 5253 1877 5291; x_wconf 79' lang='lat' dir='ltr'><strong>mss.</strong></span> <span class='ocrx_word' id='word_1_847' title='bbox 1903 5232 2158 5322; x_wconf 51' lang='lat' dir='ltr'><strong>caput&#39;59’</strong></span> 
     </span>
    </p>
   </div>
   <div class='ocr_carea' id='block_1_115' title="bbox 306 5299 3537 5389">
    <p class='ocr_par' dir='ltr' id='par_1_115' title="bbox 306 5299 3537 5389">
     <span class='ocr_line' id='line_1_115' title="bbox 306 5299 3537 5389; baseline -0.013 -7"><span class='ocrx_word' id='word_1_848' title='bbox 784 5299 1187 5389; x_wconf 31' lang='lat' dir='ltr'><strong>iin&#39;t-‘e&#39;liigentim</strong></span> <span class='ocrx_word' id='word_1_849' title='bbox 1222 5315 1298 5389; x_wconf 53' lang='lat'><strong>5&quot;“</strong></span> <span class='ocrx_word' id='word_1_850' title='bbox 1327 5299 1520 5389; x_wconf 63' lang='lat' dir='ltr'><strong>Totam</strong></span> <span class='ocrx_word' id='word_1_851' title='bbox 1566 5311 1946 5389; x_wconf 35' lang='grc' dir='ltr'><strong>φήνῃς-ἕψω</strong></span> <span class='ocrx_word' id='word_1_852' title='bbox 1966 5299 2120 5389; x_wconf 45' lang='lat' dir='ltr'><strong>&#39;msst.‘</strong></span> <span class='ocrx_word' id='word_1_853' title='bbox 2143 5301 2398 5389; x_wconf 20' lang='lat' dir='ltr'><strong>“tango.</strong></span> <span class='ocrx_word' id='word_1_854' title='bbox 2426 5309 2591 5389; x_wconf 62' lang='lat' dir='ltr'><strong>totum</strong></span> <span class='ocrx_word' id='word_1_855' title='bbox 2618 5299 3146 5389; x_wconf 43' lang='lat' dir='ltr'><strong>(quippe&#39;sucuuna&#39;mn</strong></span> <span class='ocrx_word' id='word_1_856' title='bbox 3179 5299 3537 5389; x_wconf 45' lang='grc' dir='ltr'><strong>Βυςίηιιῌρὲηῗ</strong></span> 
     </span>
    </p>
   </div>
   <div class='ocr_carea' id='block_1_116' title="bbox 1057 5357 3577 5455">
    <p class='ocr_par' dir='ltr' id='par_1_116' title="bbox 1057 5357 3577 5455">
     <span class='ocr_line' id='line_1_116' title="bbox 1057 5357 3577 5455; baseline -0.012 -14"><span class='ocrx_word' id='word_1_857' title='bbox 1057 5357 2039 5455; x_wconf 43' lang='grc' dir='ltr'><strong>δῖῒὸῃὶτίιιῖξηιεελ</strong></span> <span class='ocrx_word' id='word_1_858' title='bbox 2079 5373 2233 5454; x_wconf 52' lang='lat' dir='ltr'><strong>(iam.</strong></span> <span class='ocrx_word' id='word_1_859' title='bbox 2285 5369 2418 5422; x_wconf 73' lang='lat' dir='ltr'><strong>Vict.</strong></span> <span class='ocrx_word' id='word_1_860' title='bbox 2453 5370 2580 5437; x_wconf 79' lang='lat' dir='ltr'><strong>Sag.</strong></span> <span class='ocrx_word' id='word_1_861' title='bbox 2612 5357 2669 5421; x_wconf 71' lang='lat' dir='ltr'><strong>S.</strong></span> <span class='ocrx_word' id='word_1_862' title='bbox 2719 5357 2882 5455; x_wconf 53' lang='lat' dir='ltr'><strong>Elicit:</strong></span> <span class='ocrx_word' id='word_1_863' title='bbox 2913 5362 3420 5455; x_wconf 41' lang='lat' dir='ltr'><strong>Spiritnsﬂﬁa’t‘renet</strong></span> <span class='ocrx_word' id='word_1_864' title='bbox 3442 5357 3577 5411; x_wconf 75' lang='lat' dir='ltr'><strong>Filio</strong></span> 
     </span>
    </p>
   </div>
   <div class='ocr_carea' id='block_1_117' title="bbox 307 5393 945 5462">
    <p class='ocr_par' dir='ltr' id='par_1_117' title="bbox 307 5393 945 5462">
     <span class='ocr_line' id='line_1_117' title="bbox 307 5393 945 5462; baseline -0.008 -13"><span class='ocrx_word' id='word_1_865' title='bbox 307 5407 386 5449; x_wconf 75' lang='lat' dir='ltr'><strong>est</strong></span> <span class='ocrx_word' id='word_1_866' title='bbox 425 5397 480 5448; x_wconf 81' lang='lat' dir='ltr'><strong>in</strong></span> <span class='ocrx_word' id='word_1_867' title='bbox 511 5411 640 5447; x_wconf 77' lang='lat' dir='ltr'><strong>mss.</strong></span> <span class='ocrx_word' id='word_1_868' title='bbox 685 5404 842 5462; x_wconf 81' lang='lat' dir='ltr'><strong>caput</strong></span> <span class='ocrx_word' id='word_1_869' title='bbox 878 5393 945 5445; x_wconf 74' lang='grc'>60</span> 
     </span>
    </p>
   </div>
   <div class='ocr_carea' id='block_1_118' title="bbox 309 5447 1971 5534">
    <p class='ocr_par' dir='ltr' id='par_1_118' title="bbox 309 5447 1971 5534">
     <span class='ocr_line' id='line_1_118' title="bbox 309 5447 1971 5534; baseline 0.001 -38"><span class='ocrx_word' id='word_1_870' title='bbox 309 5447 383 5497; x_wconf 64' lang='grc' dir='ltr'><strong>ἑξέ</strong></span> <span class='ocrx_word' id='word_1_871' title='bbox 418 5447 656 5534; x_wconf 58' lang='lat' dir='ltr'><strong>Spiritus</strong></span> <span class='ocrx_word' id='word_1_872' title='bbox 683 5447 779 5534; x_wconf 60' lang='lat' dir='ltr'><strong>pe}-</strong></span> <span class='ocrx_word' id='word_1_873' title='bbox 807 5479 864 5534; x_wconf 77' lang='lat' dir='ltr'><strong>s_c</strong></span> <span class='ocrx_word' id='word_1_874' title='bbox 895 5476 998 5534; x_wconf 59' lang='lat' dir='ltr'><strong>non</strong></span> <span class='ocrx_word' id='word_1_875' title='bbox 1024 5458 1168 5534; x_wconf 70' lang='lat' dir='ltr'><strong>aliud</strong></span> <span class='ocrx_word' id='word_1_876' title='bbox 1201 5447 1370 5524; x_wconf 69' lang='lat' dir='ltr'><strong>quam</strong></span> <span class='ocrx_word' id='word_1_877' title='bbox 1395 5465 1586 5534; x_wconf 57' lang='lat' dir='ltr'><strong>nutare</strong></span> <span class='ocrx_word' id='word_1_878' title='bbox 1608 5447 1971 5534; x_wconf 38' lang='lat' dir='ltr'><strong>mss-Timuit.</strong></span> 
     </span>
    </p>
   </div>
   <div class='ocr_carea' id='block_1_119' title="bbox 315 5522 1908 5588">
    <p class='ocr_par' dir='ltr' id='par_1_119' title="bbox 315 5522 1908 5588">
     <span class='ocr_line' id='line_1_119' title="bbox 315 5522 1908 5588; baseline -0.013 0"><span class='ocrx_word' id='word_1_879' title='bbox 315 5553 438 5588; x_wconf 85' lang='lat' dir='ltr'><strong>rum</strong></span> <span class='ocrx_word' id='word_1_880' title='bbox 461 5522 627 5588; x_wconf 56' lang='lat' dir='ltr'><strong>&#39;trium</strong></span> <span class='ocrx_word' id='word_1_881' title='bbox 655 5522 780 5587; x_wconf 64' lang='lat' dir='ltr'><strong>nisa.</strong></span> <span class='ocrx_word' id='word_1_882' title='bbox 811 5531 868 5585; x_wconf 91' lang='lat' dir='ltr'><strong>S.</strong></span> <span class='ocrx_word' id='word_1_883' title='bbox 907 5529 1067 5583; x_wconf 77' lang='lat' dir='ltr'><strong>Miclt.</strong></span> <span class='ocrx_word' id='word_1_884' title='bbox 1099 5522 1286 5581; x_wconf 74' lang='lat' dir='ltr'><strong>Cistér.</strong></span> <span class='ocrx_word' id='word_1_885' title='bbox 1320 5522 1498 5576; x_wconf 89' lang='lat' dir='ltr'><strong>nullus</strong></span> <span class='ocrx_word' id='word_1_886' title='bbox 1529 5522 1721 5572; x_wconf 85' lang='lat' dir='ltr'><strong>borum</strong></span> <span class='ocrx_word' id='word_1_887' title='bbox 1750 5522 1908 5588; x_wconf 80' lang='lat' dir='ltr'><strong>trium</strong></span> 
     </span>
    </p>
   </div>
   <div class='ocr_carea' id='block_1_120' title="bbox 1908 5153 3568 5234">
    <p class='ocr_par' dir='ltr' id='par_1_120' title="bbox 1908 5153 3568 5234">
     <span class='ocr_line' id='line_1_120' title="bbox 1908 5153 3568 5234; baseline -0.01 -15"><span class='ocrx_word' id='word_1_888' title='bbox 1908 5165 1978 5196; x_wconf 73' lang='lat'><strong>“’</strong></span> <span class='ocrx_word' id='word_1_889' title='bbox 2009 5163 2134 5234; x_wconf 74' lang='lat' dir='ltr'><strong>Cap.</strong></span> <span class='ocrx_word' id='word_1_890' title='bbox 2171 5161 2239 5216; x_wconf 82' lang='lat'><strong>56</strong></span> <span class='ocrx_word' id='word_1_891' title='bbox 2266 5171 2340 5234; x_wconf 67' lang='lat' dir='ltr'><strong>est</strong></span> <span class='ocrx_word' id='word_1_892' title='bbox 2359 5161 2420 5234; x_wconf 60' lang='lat' dir='ltr'><strong>in</strong></span> <span class='ocrx_word' id='word_1_893' title='bbox 2451 5177 2574 5214; x_wconf 80' lang='lat' dir='ltr'><strong>mss.</strong></span> <span class='ocrx_word' id='word_1_894' title='bbox 2611 5168 2764 5234; x_wconf 82' lang='lat' dir='ltr'><strong>caput</strong></span> <span class='ocrx_word' id='word_1_895' title='bbox 2960 5154 3188 5234; x_wconf 68' lang='lat' dir='ltr'><strong>“&#39;_Qttia</strong></span> <span class='ocrx_word' id='word_1_896' title='bbox 3217 5153 3413 5234; x_wconf 66' lang='lat' dir='ltr'><strong>habent</strong></span> <span class='ocrx_word' id='word_1_897' title='bbox 3444 5167 3568 5234; x_wconf 59' lang='lat' dir='ltr'><strong>ruas.</strong></span> 
     </span>
    </p>
   </div>
   <div class='ocr_carea' id='block_1_121' title="bbox 2257 5217 3576 5342">
    <p class='ocr_par' dir='ltr' id='par_1_121' title="bbox 2257 5217 3576 5342">
     <span class='ocr_line' id='line_1_121' title="bbox 2257 5217 3568 5296; baseline -0.01 -13"><span class='ocrx_word' id='word_1_898' title='bbox 2257 5231 2328 5262; x_wconf 59' lang='lat'><strong>3&quot;“</strong></span> <span class='ocrx_word' id='word_1_899' title='bbox 2357 5230 2422 5282; x_wconf 88' lang='lat' dir='ltr'><strong>Et</strong></span> <span class='ocrx_word' id='word_1_900' title='bbox 2443 5244 2626 5284; x_wconf 89' lang='lat' dir='ltr'><strong>amore</strong></span> <span class='ocrx_word' id='word_1_901' title='bbox 2649 5217 2704 5280; x_wconf 67' lang='grc' dir='ltr'><strong>εἰ,</strong></span> <span class='ocrx_word' id='word_1_902' title='bbox 2728 5217 3093 5296; x_wconf 70' lang='lat' dir='ltr'><strong>intelligentia</strong></span> <span class='ocrx_word' id='word_1_903' title='bbox 3109 5240 3231 5276; x_wconf 84' lang='lat' dir='ltr'><strong>mss.</strong></span> <span class='ocrx_word' id='word_1_904' title='bbox 3267 5219 3404 5272; x_wconf 81' lang='lat' dir='ltr'><strong>Vict.</strong></span> <span class='ocrx_word' id='word_1_905' title='bbox 3437 5217 3568 5286; x_wconf 79' lang='lat' dir='ltr'><strong>Sag.</strong></span> 
     </span>
     <span class='ocr_line' id='line_1_122' title="bbox 2318 5289 3576 5342; baseline 0 0"><span class='ocrx_word' id='word_1_906' title='bbox 2318 5301 2386 5342; x_wconf 71' lang='grc' dir='ltr'>ΩΟ</span> <span class='ocrx_word' id='word_1_907' title='bbox 2426 5309 2591 5342; x_wconf 79' lang='lat' dir='ltr'><strong>tnlnm</strong></span> <span class='ocrx_word' id='word_1_908' title='bbox 2623 5299 2822 5342; x_wconf 70' lang='lat' dir='ltr'><strong>mtinnn</strong></span> <span class='ocrx_word' id='word_1_909' title='bbox 2863 5310 3129 5342; x_wconf 77' lang='lat' dir='ltr'><strong>summam</strong></span> <span class='ocrx_word' id='word_1_910' title='bbox 3237 5291 3304 5320; x_wconf 62' lang='lat'><strong>6&#39;&quot;</strong></span> <span class='ocrx_word' id='word_1_911' title='bbox 3337 5289 3464 5342; x_wconf 76' lang='lat' dir='ltr'><strong>COD.</strong></span> <span class='ocrx_word' id='word_1_912' title='bbox 3505 5289 3576 5342; x_wconf 71' lang='grc'>58</span> 
     </span>
    </p>
   </div>
   <div class='ocr_carea' id='block_1_122' title="bbox 3263 5303 3537 5355">
    <p class='ocr_par' dir='ltr' id='par_1_122' title="bbox 3263 5303 3537 5355">
     <span class='ocr_line' id='line_1_123' title="bbox 3263 5303 3537 5355; baseline 0.004 -14"><span class='ocrx_word' id='word_1_913' title='bbox 3263 5303 3300 5320; x_wconf 68' lang='lat'><strong>&#39;“</strong></span> <span class='ocrx_word' id='word_1_914' title='bbox 3337 5303 3464 5355; x_wconf 73' lang='lat' dir='ltr'><strong>Lup.</strong></span> <span class='ocrx_word' id='word_1_915' title='bbox 3505 5303 3537 5342; x_wconf 74' lang='grc' dir='ltr'><strong>υ</strong></span> 
     </span>
    </p>
   </div>
   <div class='ocr_carea' id='block_1_123' title="bbox 2007 5429 3570 5512">
    <p class='ocr_par' dir='ltr' id='par_1_123' title="bbox 2007 5429 3570 5512">
     <span class='ocr_line' id='line_1_124' title="bbox 2007 5429 3570 5512; baseline -0.012 -15"><span class='ocrx_word' id='word_1_916' title='bbox 2007 5444 2240 5512; x_wconf 86' lang='lat' dir='ltr'><strong>Spiritus</strong></span> <span class='ocrx_word' id='word_1_917' title='bbox 2269 5457 2364 5508; x_wconf 88' lang='lat' dir='ltr'><strong>per</strong></span> <span class='ocrx_word' id='word_1_918' title='bbox 2389 5455 2446 5494; x_wconf 90' lang='lat' dir='ltr'><strong>se</strong></span> <span class='ocrx_word' id='word_1_919' title='bbox 2479 5429 2582 5492; x_wconf 70' lang='lat' dir='ltr'><strong>non</strong></span> <span class='ocrx_word' id='word_1_920' title='bbox 2616 5453 2712 5506; x_wconf 89' lang='lat' dir='ltr'><strong>per</strong></span> <span class='ocrx_word' id='word_1_921' title='bbox 2734 5437 2878 5512; x_wconf 80' lang='lat' dir='ltr'><strong>aliud</strong></span> <span class='ocrx_word' id='word_1_922' title='bbox 2901 5429 3088 5488; x_wconf 84' lang='lat' dir='ltr'><strong>amare</strong></span> <span class='ocrx_word' id='word_1_923' title='bbox 3147 5432 3224 5512; x_wconf 73' lang='lat'><strong>_°&#39;°</strong></span> <span class='ocrx_word' id='word_1_924' title='bbox 3256 5429 3570 5512; x_wconf 49' lang='lat' dir='ltr'><strong>Nullus-fo-</strong></span> 
     </span>
    </p>
   </div>
   <div class='ocr_carea' id='block_1_124' title="bbox 1987 5496 3570 5566">
    <p class='ocr_par' dir='ltr' id='par_1_124' title="bbox 1987 5496 3570 5566">
     <span class='ocr_line' id='line_1_125' title="bbox 1987 5496 3570 5566; baseline -0.011 2"><span class='ocrx_word' id='word_1_925' title='bbox 1987 5496 2064 5544; x_wconf 61' lang='grc' dir='ltr'><strong>εδδ</strong></span> <span class='ocrx_word' id='word_1_926' title='bbox 2103 5496 2339 5566; x_wconf 69' lang='lat' dir='ltr'><strong>Snunfue</strong></span> <span class='ocrx_word' id='word_1_927' title='bbox 2379 5519 2460 5562; x_wconf 80' lang='lat' dir='ltr'><strong>est</strong></span> <span class='ocrx_word' id='word_1_928' title='bbox 2493 5496 2710 5562; x_wconf 71' lang='lat' dir='ltr'><strong>necesse</strong></span> <span class='ocrx_word' id='word_1_929' title='bbox 2739 5507 2914 5559; x_wconf 86' lang='lat' dir='ltr'><strong>inesse</strong></span> <span class='ocrx_word' id='word_1_930' title='bbox 2963 5505 3209 5559; x_wconf 67' lang='lat' dir='ltr'><strong>essentne</strong></span> <span class='ocrx_word' id='word_1_931' title='bbox 3249 5517 3372 5555; x_wconf 86' lang='lat' dir='ltr'><strong>mss.</strong></span> <span class='ocrx_word' id='word_1_932' title='bbox 3439 5496 3570 5550; x_wconf 72' lang='lat' dir='ltr'><strong>Vict.</strong></span> 
     </span>
    </p>
   </div>
   <div class='ocr_carea' id='block_1_125' title="bbox 311 5577 2829 5676">
    <p class='ocr_par' dir='ltr' id='par_1_125' title="bbox 311 5577 2829 5676">
     <span class='ocr_line' id='line_1_126' title="bbox 311 5577 2829 5676; baseline -0.012 -15"><span class='ocrx_word' id='word_1_933' title='bbox 311 5577 1462 5676; x_wconf 38' lang='lat' dir='ltr'><strong>&#39;(Ij&#39;i‘ileriuSvti-antiue—essentnenecesse</strong></span> <span class='ocrx_word' id='word_1_934' title='bbox 1502 5599 1586 5645; x_wconf 85' lang='lat' dir='ltr'><strong>est</strong></span> <span class='ocrx_word' id='word_1_935' title='bbox 1631 5589 1807 5642; x_wconf 78' lang='lat' dir='ltr'><strong>inesse</strong></span> <span class='ocrx_word' id='word_1_936' title='bbox 1881 5585 1950 5616; x_wconf 72' lang='grc'><strong>⁸⁵³</strong></span> <span class='ocrx_word' id='word_1_937' title='bbox 1981 5584 2111 5645; x_wconf 82' lang='lat' dir='ltr'><strong>Cap.</strong></span> <span class='ocrx_word' id='word_1_938' title='bbox 2143 5583 2210 5636; x_wconf 79' lang='grc'>59</span> <span class='ocrx_word' id='word_1_939' title='bbox 2237 5592 2308 5636; x_wconf 83' lang='lat' dir='ltr'><strong>est</strong></span> <span class='ocrx_word' id='word_1_940' title='bbox 2337 5581 2388 5634; x_wconf 84' lang='lat' dir='ltr'><strong>in</strong></span> <span class='ocrx_word' id='word_1_941' title='bbox 2421 5596 2546 5633; x_wconf 79' lang='lat' dir='ltr'><strong>mss.</strong></span> <span class='ocrx_word' id='word_1_942' title='bbox 2581 5587 2732 5646; x_wconf 80' lang='lat' dir='ltr'><strong>caput</strong></span> <span class='ocrx_word' id='word_1_943' title='bbox 2765 5577 2829 5630; x_wconf 76' lang='lat' dir='ltr'><strong>(il</strong></span> 
     </span>
    </p>
   </div>
  </div>
