3926 6054
370 176 474 231 207

905 171 960 226 S.
1003 165 1300 224 ANSELMI
1332 160 1682 219 (ZANTUAB.
1716 156 2036 213 ARCHIEP.
2075 153 2224 211 OPP.
2268 152 2447 208 PARS
2479 153 2519 206 Ι.
2550 183 2621 193 -
2658 150 3074 208 DOGMATICA.

3510 151 3630 205 203

431 299 515 345 tus
545 307 556 340 :
590 295 644 341 et
689 299 792 340 non
837 291 945 338 tres
975 281 1179 344 Patres,
1213 293 1311 332 nec
1345 285 1456 330 tres
1502 271 1655 337 Filii;
1692 285 1792 326 nec
1824 272 2009 347 tresA
2039 264 2239 334 aliquid
2263 264 2402 333 quod
2423 271 2576 319 extra
2603 261 2720 332 ejus
2741 271 2975 318 mentem
3003 271 3225 326 cst,non
3253 263 3492 318 nascitur
3509 279 3642 318 ver-

434 358 686 413 Sniritus.

435 377 472 413 δ
514 377 686 412 Il'llllS.

435 377 733 518 Qﬁamdam
763 446 852 501 hic
875 443 1031 498 video
1059 440 1409 511 quaestionem
1451 448 1762 492 occurrere.
1804 433 1939 489 Nam

363 544 408 598 si
437 544 594 597 Pater
621 540 691 594 ita
724 546 805 592 est
844 533 1197 603 intelligentia
1233 540 1288 586 et
1312 543 1485 595 amor,
1518 527 1659 582 sicut
1699 535 1784 581 est
1830 540 1943 580 me-

363 633 557 696 moria,
587 640 641 684 et
675 628 845 682 Filius
876 626 954 680 sic
983 632 1068 678 est
1092 621 1350 677 memoria
1383 629 1438 674 et
1471 634 1644 685 amor,
1675 617 1943 686 quomodo

361 735 445 780 est
476 721 855 791 intelligentia;
879 725 933 772 et
957 716 1237 783 utriusque
1265 712 1500 782 Spiritus
1528 726 1636 765 non
1662 709 1841 764 minus
1861 718 1944 763 est

363 815 626 872 memoria
653 824 707 867 et
735 807 1114 877 intelligentia,
1142 819 1305 874 quam
1338 816 1492 857 amor
1513 820 1524 854 :
1545 800 1815 870 quomodo
1837 816 1942 853 non

338 914 445 962 ‘est
473 904 653 966 Pater,
699 900 888 966 Filius,
929 905 984 951 et
1013 895 1239 964 alicujus
1280 893 1352 925 ⁸⁸³
1389 892 1652 962 Spiritus;
1699 899 1754 945 et
1776 905 1945 960 quare

363 1012 466 1050 non
489 1004 571 1052 est
601 993 790 1055 Filius,
821 989 987 1043 Pater
1016 997 1070 1042 et
1094 985 1324 1056 alicujus
1354 984 1610 1055 Spiritus,
1639 991 1693 1039 et
1716 999 1813 1039 cur
1838 997 1942 1036 non

362 1096 446 1142 est
472 1085 612 1140 idem
643 1083 902 1154 Spiritus,
936 1080 1163 1150 alicujus
1189 1078 1370 1144 Pater,
1408 1085 1464 1132 et
1487 1076 1714 1146 alicujus
1737 1075 1945 1130 Filius?

362 1178 441 1231 sic
470 1176 664 1246 quippe
699 1171 1098 1242 intelligebatur
1127 1169 1272 1239 quod
1301 1167 1562 1222 memoria
1590 1176 1735 1221 esset
1760 1166 1941 1231 Pater,

365 1262 936 1333 Filiusintelligcntia,
971 1260 1254 1329 utriusque
1280 1257 1524 1327 Spiritus
1552 1271 1722 1310 amor.
1747 1256 1944 1310 Verum

364 1360 478 1412 haec
507 1356 734 1426 qumstio
765 1371 873 1410 non
904 1353 1121 1409 diﬂicilc
1153 1353 1401 1416 solvitur,
1425 1353 1468 1407 si
1497 1367 1559 1407 ea
1581 1351 1828 1421 qumjam
1855 1366 1945 1405 ra-

367 1450 509 1502 tione
532 1448 746 1501 inventa
780 1454 906 1500 sunt
946 1444 1379 1500 considerentu'r.
1409 1443 1618 1497 Idcirco
1649 1442 1793 1496 enim
1840 1455 1945 1495 non

364 1549 446 1592 est
483 1537 646 1592 Pater
681 1536 875 1602 Filius,
922 1543 1016 1589 aut
1057 1533 1282 1602 alicujus
1311 1532 1546 1603 Spiritus
1576 1533 1665 1596 θοι,
1708 1533 1834 1586 licet
1876 1534 1947 1587 sit

2041 359 2167 412 bum
2209 357 2458 428 cogitatae
2503 357 2583 412 rei
2618 371 2685 411 ex
2729 355 2844 425 ipsa
2879 371 2966 421 re;
2998 355 3122 424 quia
3162 356 3276 424 ipsa
3307 357 3501 411 absens
3547 369 3643 413 est

2042 465 2071 502 a
2103 448 2444 520 cogitationis
2490 448 2720 513 intuitu,
2753 447 2847 501 sed
2897 462 2965 501 ex
3022 447 3097 501 rei
3141 447 3318 516 aliqua
3369 448 3636 502 similitu-

2043 539 2166 594 dine
2200 539 2280 596 vel
2315 539 2567 607 imagine,
2592 554 2712 607 quze
2737 548 2823 593 est
2846 538 2900 592 in
2923 538 3212 607 cogitantis
3234 541 3519 606 memoria,
3538 550 3644 596 aut

2044 632 2185 685 forte
2218 647 2338 700 qua:
2387 639 2534 696 tunc,
2572 646 2698 685 cum
2729 631 2966 701 cogitat,
2998 645 3096 700 per
3140 645 3460 700 corporeum
3509 649 3640 687 sen-

2044 736 2160 782 sum
2190 736 2257 776 ex
2288 737 2345 777 re
2374 723 2625 792 praesenti
2657 723 2711 777 in
2733 732 2966 778 mentem
2991 722 3309 777 attrahitur.
3342 725 3396 778 In
3421 741 3642 780 summa

2045 826 2172 866 vero
2199 813 2432 866 essentia
2463 812 2541 867 sic
2583 813 2685 868 sibi
2717 827 2930 882 semper
2958 812 3026 844 ⁶⁶⁰
3051 823 3176 866 sunt
3213 823 3506 882 praesentes
3537 815 3646 868 Pa-

2048 913 2150 965 ter,
2179 913 2234 958 et
2271 903 2460 967 Filius,
2497 912 2551 959 et
2576 918 2764 960 eorum
2817 904 3100 973 Spiritus:
3154 913 3237 959 est
3282 905 3448 967 enim.
3495 906 3645 959 sicut

2037 995 2151 1064 jam
2201 1006 2546 1066 perspectum
2593 1007 2714 1060 est,
2766 997 3137 1066 unusquisque
3190 1010 3296 1050 non
3352 997 3529 1052 minus
3580 996 3642 1052 in

2046 1088 2168 1142 aliis
2197 1103 2360 1157 quam
2393 1088 2446 1142 in
2477 1089 2687 1157 seipso;
2727 1097 2786 1141 ut
2810 1102 2931 1141 cum
2966 1087 3197 1141 invicem
3238 1100 3297 1140 se
3325 1086 3532 1149 dicunt,
3556 1087 3643 1141 sic

2043 1180 2289 1234 videatur
2319 1179 2458 1234 idem
2507 1179 2662 1249 ipse,
2699 1179 2792 1250 qui
2837 1177 3037 1233 dicitur
3065 1219 3078 1242 ,
3138 1179 3359 1248 gignere
3406 1179 3641 1231 verbum

2046 1285 2226 1335 suum,
2275 1269 2730 1340 quemadmodum
2761 1285 2884 1324 cum
2926 1285 2957 1322 a
3001 1268 3182 1338 seipso
3221 1268 3440 1321 dicitur.
3491 1268 3645 1334 Quo-

2047 1362 2206 1417 modo
2235 1376 2363 1431 ergo
2414 1360 2548 1415 nihil
2578 1361 2750 1431 gignit
2799 1361 2989 1422 Filius.
3041 1370 3134 1414 aut
3183 1359 3299 1428 ejus
3346 1360 3642 1430 Patrisque

2048 1451 2312 1521 Spiritus;
2344 1451 2388 1506 si
2414 1452 2786 1521 unusquisque
2799 1466 2986 1507 eorum
3013 1451 3238 1505 verbum
3262 1451 3430 1522 gignit
3451 1465 3639 1515 suum,

2047 1558 2170 1597 cum
2205 1558 2234 1596 a
2266 1543 2446 1612 seipso
2478 1543 2680 1597 dicitur
2718 1541 2803 1597 vel
2836 1544 2903 1598 ab
2954 1541 3061 1596 alio
3103 1541 3215 1594 ⁸⁸ιῖ
3262 1540 3404 1608 Quot
3451 1552 3640 1596 autem

366 1626 713 1697 intelligentia
742 1636 796 1680 et
827 1641 1008 1690 amor;
1035 1623 1160 1693 quia
1189 1639 1296 1678 non
1343 1633 1427 1679 cst
1471 1623 1828 1694 intelligentia
1855 1637 1948 1694 ge-

2077 1633 2215 1689 ‘erba
2245 1634 2462 1702 probari
2505 1641 2732 1703 possunt
2767 1633 2833 1688 de
2875 1648 3085 1687 summa
3113 1632 3258 1687 nasci
3305 1634 3633 1699 substantia,

366 1719 500 1783 nita,
535 1726 626 1772 aut
655 1733 807 1771 amor
849 1717 915 1772 ab
958 1714 1138 1786 aliquo
1167 1715 1492 1785 procedens;
1544 1715 1638 1770 sed
1686 1715 1948 1785 quidquid

366 1817 470 1872 est,
516 1807 740 1877 gignens
789 1815 874 1860 est
928 1811 1240 1869 tantum,et
1287 1819 1316 1857 a
1362 1819 1468 1872 quo
1516 1803 1760 1872 procedit
1789 1803 1940 1858 alius.

368 1897 536 1952 Filius
565 1911 781 1968 quoque
822 1896 942 1950 ideo
974 1911 1079 1950 non
1111 1904 1194 1950 est
1233 1894 1415 1959 Pater,
1453 1903 1547 1948 aut
1574 1893 1798 1962 alicujus
1829 1894 1948 1964 Spi-

367 1990 532 2054 ritus;
565 1987 816 2057 quamvis
846 1987 1023 2056 seipso
1068 1994 1123 2040 et
1172 1999 1381 2040 memor
1410 1985 1478 2025 “5
1521 1985 1626 2051 sit,
1676 1995 1731 2039 et
1766 1995 1944 2050 amet;

365 2079 488 2148 quia
516 2094 622 2132 non
654 2086 736 2132 est
766 2077 1026 2131 memoria
1052 2077 1301 2147 gignens,
1339 2086 1434 2130 aut
1460 2091 1612 2131 amor
1636 2077 1703 2131 ab
1729 2077 1854 2141 alio,
1885 2077 1952 2132 ad

365 2164 772 2220 similitudinem
798 2163 882 2218 sui
911 2163 1167 2232 Spiritus,
1195 2163 1524 2232 procedens;
1560 2165 1656 2219 sed
1690 2165 1951 2234 quidquid

365 2258 573 2321 existit,
608 2265 815 2311 tantum
845 2256 1105 2326 gignitur,
1150 2264 1204 2309 et
1245 2262 1328 2309 est
1354 2270 1382 2308 a
1411 2271 1518 2324 quo
1558 2255 1793 2326 Spiritus
1828 2272 1954 2326 pro-

366 2349 528 2402 cedit.
571 2347 834 2417 Spiritum
874 2361 1094 2415 quoque
1143 2359 1249 2400 non
1296 2346 1442 2415 cogit
1469 2360 1591 2400 esse
1617 2345 1830 2400 Patrem
1862 2355 1954 2400 ant

368 2437 583 2502 Filium,
614 2439 738 2503 hoc,
763 2437 892 2506 quia
938 2442 1231 2491 contentus
1260 2442 1343 2488 est
1382 2435 1644 2489 memoria
1678 2444 1770 2489 aut
1800 2437 1955 2490 intel-

367 2519 582 2598 ligentia
609 2545 726 2593 sua,
758 2543 882 2582 cum
932 2543 1038 2582 non
1073 2527 1143 2558 ⁸⁵⁸
1173 2527 1245 2580 sit
1277 2527 1539 2580 memoria
1583 2527 1830 2598 gignens,
1863 2540 1955 2584 aut

367 2619 716 2689 intelligentia
752 2619 930 2687 genita
954 2657 970 2683 ,
1001 2618 1092 2672 sed
1121 2618 1318 2684 solum,
1352 2617 1610 2688 quidquid
1635 2629 1739 2682 est,
1768 2635 1956 2690 proce-

367 2710 461 2764 dat
511 2709 604 2760 ⁸⁵⁷.
635 2707 776 2775 Quid
827 2708 992 2777 igitur
1044 2707 1296 2776 prohibet
1349 2706 1598 2762 concludi
1645 2708 1771 2776 quia
1819 2725 1955 2764 unus

369 2808 576 2854 tantum
619 2808 702 2852 est
733 2798 783 2851 iu
835 2813 1043 2852 summa
1085 2797 1323 2853 essentia
1367 2798 1564 2862 Pater,
1599 2814 1738 2853 unus
1765 2798 1952 2865 Filius,

370 2907 509 2946 unus
541 2890 806 2961 Spiritus;
839 2898 892 2944 et
920 2891 1025 2945 non
1058 2900 1167 2946 tres
1194 2890 1405 2955 Patres,
1438 2898 1532 2945 aut
1554 2890 1805 2957 Filii,aut
1835 2893 1956 2962 Spi-

371 2988 551 3042 ritus?

751 3077 978 3151 CAPUT
1019 3079 1157 3134 LXII
1195 3078 1290 3150 [αι.
1339 3079 1451 3151 LX]
1478 3081 1565 3133 σεε.

373 3151 644 3216 Quomodo
691 3166 756 3204 ea:
785 3152 865 3204 his
907 3150 1073 3203 tribus
1111 3149 1286 3219 plures
1325 3149 1450 3217 ﬁlii‘
1477 3149 1622 3203 nasci
1662 3149 1951 3202 videantur.

371 3244 714 3296 tonsurae-rus
739 3255 1046 3295 CAPITIS.—
1065 3240 1198 3294 Cum
1222 3240 1463 3308 singulos
1489 3239 1716 3308 quisque
1741 3237 1953 3308 illorum

445 3314 607 3364 trium
647 3327 705 3364 se
731 3319 786 3364 et
811 3311 946 3364 alios
977 3310 1261 3379 intelligat,
1293 3307 1356 3364 ac
1389 3307 1834 3379 proinde’dieat,
1876 3307 1956 3360 vi-

443 3385 598 3435 detur
621 3382 763 3449 quod
793 3379 1034 3447 singulus
1070 3378 1300 3448 quisque
1333 3380 1595 3449 producat
1623 3393 1777 3449 suum
1825 3378 1952 3431 Ver-

443 3452 570 3575 :‘tulrn
622 3447 714 3505 seu
769 3450 968 3503 Filium
1017 3447 1121 3504 :et
1153 3450 1296 3518 quod
1336 3447 1569 3518 proinde
1619 3447 1802 3517 plures
1851 3449 1959 3502 sint

491 3540 501 3574 I
531 3537 584 3573 n.

446 3615 550 3667 Sed
589 3628 654 3667 ne
706 3612 845 3667 forte
903 3620 1165 3682 repugnet
1210 3609 1338 3664 huic
1378 3610 1662 3665 assertioni
1695 3611 1837 3680 quod
1878 3611 1958 3664 in-

377 3715 530 3759 tueor
566 3723 576 3757 :
615 3719 738 3758 nam
763 3704 982 3758 dubium
1007 3718 1127 3758 esse
1173 3717 1279 3756 non
1311 3702 1473 3757 debet
1520 3702 1645 3771 quia
1675 3702 1856 3768 Pater,
1906 3713 1960 3759 et

377 3797 562 3861 Filius,
604 3804 658 3850 et
691 3812 880 3850 eorum
909 3795 1177 3865 Spiritus,
1214 3795 1585 3864 unusquisque
1615 3796 1852 3864 seipsum
1905 3807 1960 3851 et

374 3890 510 3944 alios
534 3891 721 3944 ambos
749 3888 908 3955 dicit;
945 3888 1084 3942 sicut
1123 3901 1211 3951 se,
1245 3895 1300 3941 et
1339 3886 1474 3941 alios
1506 3887 1771 3956 intelligit.
1807 3887 1958 3954 Quod

375 3981 417 4034 si
451 3981 523 4034 ita
553 3989 656 4044 est,
689 3979 959 4049 quomodo
985 3995 1091 4046 non
1120 3987 1249 4034 sunt
1275 3979 1327 4030 in
1371 3992 1583 4031 summa
1609 3980 1845 4033 essentia
1881 3988 1958 4033 tot

377 4073 538 4126 verba
567 4082 700 4141 quot
727 4081 852 4126 sunt
884 4071 1149 4135 dicentes,
1175 4077 1230 4124 et
1248 4077 1379 4137 quot
1400 4080 1526 4122 sunt
1549 4069 1639 4138 qui
1668 4069 1958 4124 dicuntur?

377 4162 432 4216 Si
478 4162 622 4215 enim
657 4162 837 4230 plures
887 4161 1134 4215 homines
1165 4175 1327 4214 unum
1379 4160 1582 4229 aliquid
1629 4162 1958 4231 cogitatione

374 4255 576 4318 dicant,
616 4263 695 4307 tot
723 4252 840 4321 ejus
873 4251 1124 4306 videntur
1164 4265 1287 4306 esse
1329 4252 1494 4306 verba
1540 4258 1672 4318 quot
1712 4259 1836 4304 sunt
1867 4265 1956 4304 eo-

377 4346 639 4414 gitantes;
675 4346 800 4414 quia
832 4344 885 4398 in
914 4343 1245 4414 singulorum
1285 4340 1700 4411 cogitationibus
1728 4341 1952 4396 verbum

377 4437 493 4503 ejus
517 4445 620 4492 est.
653 4437 812 4501 item,
845 4435 891 4490 si
935 4450 1073 4490 unus
1113 4435 1275 4489 homo
1305 4432 1508 4504 cogitat
1547 4430 1724 4501 aliqua
1775 4430 1955 4501 plura,

379 4536 459 4580 tot
487 4530 649 4583 verba
695 4537 819 4582 sunt
867 4528 919 4581 in
967 4537 1148 4582 mente
1189 4526 1481 4596 cogitantis
1525 4534 1659 4595 quot
1708 4533 1833 4580 sunt
1871 4540 1957 4580 res

378 4617 644 4686 cogitatas.
675 4615 782 4670 Sed
812 4617 864 4669 in
896 4616 1130 4671 hominis
1150 4617 1479 4685 cogitatione
1501 4615 1592 4682 ⁸⁵⁵³,
1615 4630 1736 4671 cum
1759 4615 1961 4686 cogitat

2051 1734 2130 1780 tot
2171 1740 2291 1780 eam
2319 1739 2541 1782 necesse
2571 1733 2673 1789 est,
2705 1726 3004 1779 secundum
3033 1724 3101 1757 ⁶⁶²
3130 1723 3464 1794 superiorem
3499 1739 3636 1778 con-

2049 1803 2432 1872 siderationem
2459 1857 2474 1883 ,
2521 1815 2660 1872 ﬁlios
2709 1816 2967 1887 gignere,
3011 1825 3066 1870 et
3105 1825 3182 1870 tot
3228 1817 3478 1870 emittere
3524 1816 3640 1885 spi-

2054 1906 2213 1961 ritus.

2515 1994 2742 2052 CAPUT
2800 1994 2958 2050 Lxut
3005 1994 3137 2065 (67).

2056 2107 2336 2173 Quomodo
2356 2123 2460 2162 non
2489 2108 2556 2160 sit
2589 2107 2660 2160 ibi
2687 2107 2788 2159 nisi
2827 2123 2958 2159 unus
2986 2104 3175 2167 unius;
3205 2104 3302 2159 hoc
3324 2115 3424 2170 est,
3470 2122 3637 2160 unum

2443 2176 2687 2240 Verbum,
2728 2187 2774 2228 et
2816 2192 2880 2229 ea:
2918 2174 3028 2228 solo
3069 2173 3249 2229 Patre.

2054 2285 2395 2340 Consrecrus
2428 2299 2656 2339 CAPXTIS.
2674 2314 2743 2354 -έ
2769 2283 3018 2337 Attamen
3049 2298 3170 2337 cum
3195 2299 3292 2338 nec
3316 2285 3501 2354 plures
3529 2286 3639 2340 sint

2127 2355 2506 2418 dicentes,nee
2531 2354 2680 2422 plura
2704 2353 2814 2407 sint
2837 2368 2955 2421 quae
2983 2355 3238 2407 dicuntur
3259 2395 3274 2421 ,
3309 2353 3402 2409 sed
3431 2371 3532 2410 una
3565 2358 3640 2410 sit

2127 2424 2358 2479 essentia
2383 2439 2502 2492 qua:
2533 2423 2781 2495 intelligit
2813 2434 2866 2477 et
2899 2424 3246 2495 intelligitur,
3276 2435 3486 2479 constat
3510 2428 3637 2495 quia

2127 2508 2300 2562 neque
2346 2491 2472 2547 sunt
2520 2491 2945 2562 plures'patres,
2981 2491 3094 2547 nec'
3115 2493 3268 2562 plura
3307 2498 3488 2557 verba,
3527 2491 3638 2549 'uec

2129 2563 2308 2632 plures
2331 2563 2454 2627 ﬁlii;
2480 2564 2574 2617 sed
2598 2579 2734 2616 unus
2755 2573 2837 2617 est
2859 2565 3171 2628 dicens,seu
3188 2563 3375 2631 Pater,
3394 2574 3447 2619 et
3471 2580 3636 2618 unum

2133 2631 2517 2703 Verbnmtseu
2565 2647 2707 2686 unus
2735 2632 2923 2688 Filius.
2963 2633 3117 2688 Licet
3146 2648 3276 2703 ergo
3301 2635 3480 2700 Pater,
3507 2635 3638 2690 Ver-

2129 2705 2276 2767 bum,
2305 2710 2358 2757 et
2385 2701 2622 2772 Spiritus
2649 2703 2852 2771 pariter
2876 2719 2934 2758 se
2957 2713 3012 2758 et
3033 2701 3382 2759 antbosalios
3412 2705 3596 2758 dicant
3620 2747 3635 2767 ,

2131 2787 2295 2825 unum
2327 2772 2499 2826 solum
2531 2773 2604 2825 ibi
2645 2782 2728 2825 est
2754 2773 3005 2834 Verbum,
3041 2773 3184 2841 quod
3227 2787 3326 2828 nec
3372 2775 3640 2828 ullatenus

2130 2842 2368 2912 omnium
2407 2843 2591 2912 trium,
2625 2843 2719 2896 sed
2744 2843 3008 2896 duntaxat
3033 2844 3194 2897 unius
3227 2845 3499 2912 ipsorum,
3533 2850 3640 2898 sci-

2132 2909 2488 2984 licet_P_atris,
2531 2909 2765 2984 Verbum
2791 2913 2894 2966 dici
2925 2922 3123 2981 potest.
3147 2909 3260 2968 Non
3285 2915 3429 2968 enim
3460 2916 3640 2984 imago

2133 2990 2226 3035 aut
2261 2981 2428 3054 [filius
2449 2990 2530 3036 est
2552 2983 2768 3054 suimet,
2819 2992 2911 3035 aut
2949 2998 2978 3035 a
3011 2998 3069 3038 se
3098 2985 3438 3052 procedentis
3468 2981 3641 3054 Spiri-

2131 3062 2236 3106 tus.
2271 3050 2404 3104 Nam
2437 3067 2537 3106 nec
2563 3065 2629 3104 ex
2657 3053 2867 3123 seipso,
2904 3067 3001 3106 nec
3030 3050 3113 3107 εἰ
3145 3054 3472 3123 procedente
3503 3050 3532 3107 a
3581 3070 3640 3108 se

2131 3123 2412 3185 nascitur;
2453 3137 2553 3176 nec
2595 3122 2860 3190 seipsum,
2908 3131 2996 3174 aut
3061 3125 3440 3191 procedentem
3489 3141 3516 3178 a
3557 3140 3640 3190 se,

2130 3193 2413 3246 existendo
2458 3192 2719 3246 imitatur.
2761 3191 2950 3246 licstat
2981 3192 3143 3261 igitur
3171 3196 3269 3249 hoc
3312 3195 3482 3248 solum
3508 3194 3641 3249 Ver-

2132 3264 2256 3317 bum
2290 3261 2430 3316 illius
2469 3263 2634 3316 solius
2657 3276 2773 3316 esse
2796 3263 2861 3316 de
2893 3278 2997 3331 quo
3026 3266 3295 3319 nascendo
3322 3263 3481 3319 habet
3501 3279 3636 3327 esse,

2132 3342 2186 3385 et
2215 3333 2279 3385 ad
2306 3333 2458 3400 cujus
2480 3332 2845 3385 omnimodam
2881 3335 3290 3388 similitudinem
3323 3336 3527 3388 existit.

2131 3423 2241 3477 ilac
2278 3424 2457 3490 itaque
2488 3423 2697 3476 ratione
2731 3422 2800 3452 ⁸⁸³
2835 3423 3086 3478 videntur
3139 3426 3189 3478 in
3239 3425 3329 3478 illa
3366 3440 3485 3480 esse
3537 3442 3639 3479 non

2060 3511 2230 3566 solum
2264 3511 2418 3565 multi
2449 3519 2652 3580 patres,
2684 3522 2738 3566 et
2773 3512 2888 3578 ﬁlii,
2941 3522 2995 3567 et
3044 3514 3420 3582 procedentes,
3456 3517 3546 3568 sed
3587 3525 3642 3570 et

2063 3603 2181 3658 aliae
2213 3603 2679 3670 necessitudines;
2711 3613 2804 3658 aut
2830 3613 2980 3659 certe
3010 3604 3173 3660 Pater
3199 3646 3212 3670 ,
3256 3615 3310 3659 et
3354 3606 3552 3672 Filius,
3587 3616 3642 3660 et

2061 3711 2246 3750 eorum
2273 3695 2528 3765 Spiritus,
2559 3696 2626 3751 de
2651 3698 2848 3768 quibus
2876 3697 2988 3767 jam
3014 3700 3374 3754 certissimum
3401 3709 3483 3753 est
3517 3701 3640 3768 quia

2060 3802 2185 3842 vere
2210 3789 2468 3856 existunt,
2515 3805 2619 3843 non
2646 3800 2774 3845 sunt
2803 3800 2914 3846 tres
2950 3791 3214 3857 dicentes,
3249 3793 3498 3861 quamvis
3524 3794 3640 3847 sin-

2060 3881 2216 3951 gulus
2265 3883 2498 3952 quisque
2549 3884 2622 3938 sit
2677 3883 2896 3949 dicens;
2939 3901 3038 3940 nec
3095 3897 3221 3941 sunt
3274 3887 3471 3956 plura,
3522 3902 3642 3955 qua:

2061 3973 2334 4037 dicuntur,
2381 3990 2502 4028 cum
2537 3974 2907 4044 unusquisque
2937 3977 3174 4046 seipsum
3197 4019 3211 4044 ,
3245 3987 3298 4031 et
3337 3977 3472 4032 alios
3511 3979 3641 4031 duos

2061 4064 2210 4118 dicit.
2256 4065 2409 4118 Sicut
2439 4066 2582 4119 enim
2633 4081 2858 4122 summae
2899 4067 3176 4138 sapientiae
3227 4069 3365 4124 inest
3405 4069 3546 4122 scire
3587 4077 3639 4121 ct

2062 4154 2387 4224 intelligere;
2453 4157 2522 4210 ita
2580 4157 2766 4227 utique
2825 4167 3042 4214 teterna:
3078 4160 3641 4230 incommutabilisque

2061 4247 2300 4301 scientiae
2344 4257 2400 4303 et
2455 4249 2826 4320 intelligentiae
2873 4251 3119 4304 naturale
3172 4261 3273 4316 est,
3329 4249 3377 4303 id
3433 4265 3643 4318 semper

2059 4353 2296 4407 praesens
2329 4340 2549 4406 intueri,
2576 4342 2717 4402 quod
2751 4343 2856 4397 scit
2891 4351 2947 4396 et
2990 4343 3260 4413 intelligit.
3296 4341 3438 4395 Nihil
3465 4350 3641 4395 autem

2061 4432 2204 4486 aliud
2230 4442 2316 4487 est
2346 4449 2558 4490 summo
2587 4435 2802 4504 spiritui
2827 4435 3137 4505 hujusmodi
3165 4435 3347 4490 dicere
3369 4426 3456 4498 5“,
3483 4449 3640 4501 quam

2060 4525 2214 4593 quasi
2245 4526 2533 4596 cogitando
2563 4527 2794 4584 intueri;
2827 4529 2969 4583 sicut
2993 4536 3194 4583 nostrae
3225 4527 3420 4581 mentis
3447 4525 3642 4580 locutio

2063 4615 2199 4669 nihil
2248 4616 2396 4671 aliud
2431 4627 2515 4673 est
2567 4619 2634 4649 ⁵⁸⁵
2670 4634 2832 4688 quam
2857 4617 3146 4689 cogitantis
3193 4617 3475 4688 inspectio.
3510 4615 3644 4670 Cer-

1575 4809 1584 4817 ,
1656 4749 1886 4805 VARI/IS
1925 4747 2330 4807 LECTIONES.

445 4879 517 4912 ⁸⁸³
544 4879 781 4958 Pa_t_e[et
808 4879 976 4934 Filius
1005 4886 1053 4935 et
1077 4879 1447 4958 alicujustuss.
1471 4881 1857 4958 Paterj‘ilius,
1889 4894 1944 4958 et
1966 4883 2191 4956 alicujus
2266 4887 2337 4921 ⁶⁸⁴
2357 4887 2462 4941 Aut
2485 4887 2712 4958 alicujus
2739 4887 2974 4958 Spiritus
3003 4906 3126 4943 mss.
3155 4896 3247 4941 aut
3277 4887 3495 4942 alterius
3524 4886 3645 4954 Spi-

378 4952 514 5007 ritus
587 4950 656 4980 ⁶¹⁵⁵
684 4951 1108 5028 Seipso_t_t_icmor
1136 4967 1262 5004 mss.
1295 4950 1430 5028 Vict.
1463 4951 1807 5028 Sag._(_3ister.
1833 4956 2008 5024 seipso
2031 4965 2084 5028 et
2104 4950 2315 5028 memor
2391 4950 2986 5028 “f‘lntcll'igcntiamum
3010 4975 3116 5013 non
3142 4975 3265 5012 mss.
3296 4950 3641 5026 intelligentia

378 5039 474 5098 sua
495 5037 669 5098 {cum
701 5038 830 5098 non_
883 5021 948 5098 ⁶ξ⁵⁷
988 5021 1105 5098 Est,
1137 5023 1394 5098 procedat
1419 5039 1543 5074 uias.
1566 5020 1715 5098 11ml.
1739 5033 1841 5098 est,
1863 5020 2104 5098 procedit
2178 5026 2247 5057 ⁸³⁸
2277 5027 2406 5097 Cap.
2427 5027 2494 5080 60
2519 5041 2591 5081 est
2614 5020 2679 5082 in'
2698 5045 2821 5083 utss.
2841 5020 3014 5098 caput
3039 5029 3126 5082 62.
3204 5029 3273 5060 ⁶⁵⁹
3302 5029 3357 5082 ln
3381 5020 3525 5082 omni
3549 5043 3638 5082 co-

379 5093 638 5162 gitatione
662 5109 788 5169 ursa.
817 5093 870 5146 in
902 5091 1490 5169 hominis-cogitatione
1564 5091 1632 5122 ⁶⁶⁰
1663 5091 1754 5147 Sic
1783 5091 1876 5169 tibi
1901 5109 2115 5163 semper
2145 5113 2274 5151 mss.
2311 5091 2390 5151 sic
2413 5099 2512 5152 sibi
2545 5113 2760 5169 semper
2835 5100 2902 5130 ⁶⁶¹
2924 5091 2966 5152 Ἀ
3000 5101 3178 5168 seipso
3201 5100 3400 5152 dicitur
3437 5098 3517 5150 vel
3540 5099 3642 5154 alio

378 5159 503 5238 ruas.
527 5180 554 5215 a
579 5179 636 5238 se
656 5165 873 5238 _dicitur‘
891 5162 974 5217 vel
999 5161 1066 5215 ab
1095 5160 1199 5238 alio
1257 5159 1342 5238 _“_’
1364 5161 1595 5238 Necesse
1616 5164 1911 5238 secundum
1936 5159 2060 5218 mss.
2089 5182 2312 5238 necesse
2340 5177 2424 5222 est
2451 5159 2745 5224 secundum
2821 5170 2890 5201 ⁸⁸³
2920 5169 3031 5222 llac
3063 5159 3252 5238 i'taque
3281 5169 3510 5230 ratione,
3540 5179 3637 5222 etc.

379 5237 584 5307 innatas.
612 5235 695 5307 hic
719 5235 894 5307 incipit
925 5243 1076 5307 caput
1101 5229 1278 5307 65__ab
1307 5231 1401 5286 hoc
1433 5231 1938 5307 titu_lo;_Quo_modo
1994 5249 2098 5307 non
2135 5237 2225 5307 sit
2253 5239 2322 5292 ibi
2375 5238 2475 5292 nisi
2529 5254 2666 5292 unus
2723 5240 2902 5304 unius,
2926 5251 2980 5292 ut
3013 5241 3066 5293 in
3093 5229 3244 5292 titulo
3273 5241 3456 5307 capitis
3498 5229 3553 5290 til
3586 5240 3643 5293 in

380 5302 531 5356 editis

630 5303 700 5335 W‘
725 5303 948 5374 Spiritui
977 5301 1135 5371 hujus
1164 5301 1344 5356 dicere
1370 5319 1494 5356 mss.
1520 5301 1740 5370 Spiritui
1766 5302 2069 5373 hujusmodi
2095 5306 2271 5362 dicere
2345 5309 2411 5340 σεδ
2440 5307 2582 5364 Nihil
2604 5310 2748 5366 aliud
2771 5319 2853 5366 est
2881 5301 3004 5364 mss.
3041 5309 3172 5363 Thu.
3223 5301 3503 5366 non'aliud
3530 5316 3610 5363 est

1859 5441 2092 5498 NOTAE.

451 5529 566 5603 (67)
596 5532 743 5587 Alias
778 5543 858 5590 cst
899 5551 1022 5591 ears
1053 5549 1171 5604 cap.
1197 5534 1284 5589 60.
