3926 6054
211 241 322 298 20.)

1611 237 2095 295 MONOLOGIUM.

3391 247 3495 302 2l0

211 355 490 410 tissimum
527 351 841 422 autemjam
879 353 1236 410 considerata:
1267 355 1508 411 rationes
1553 355 1874 416 reddidedA
1905 357 2106 410 existit.
2147 355 2296 411 Unus
2335 370 2464 424 ergo
2513 352 2695 421 Pater,
2735 370 2841 411 non
2880 355 3062 426 plures
3101 365 3314 428 patres;
3357 376 3494 415 unus

211 457 367 511 runt,
397 445 658 516 quidquid
690 459 916 500 summa:
941 454 1146 500 natura:
1171 447 1311 502 inest
1340 449 1726 516 essentialiter,
1755 450 1808 504 id

211 537 456 608 perfecte
485 534 782 589 convenire
822 534 991 600 Patri,
1026 544 1081 589 et
1107 535 1248 591 Filio
1271 577 1284 602 ,
1317 547 1372 592 et
1418 554 1606 594 eorum
1641 538 1811 610 Spiri-

217 630 320 693 tui,
355 628 700 698 singulatim;
729 634 784 680 et
827 635 1008 680 tamen
1037 627 1301 696 idipsum,
1334 631 1377 684 si
1409 632 1569 686 simul
1598 633 1812 687 dicatur

217 719 285 774 de
313 719 510 783 tribus,
563 734 669 772 non
709 717 999 772 admittere
1052 719 1442 788 pluralitatem.
1497 721 1630 777 Cum
1684 738 1814 792 ergo

217 818 433 864 constet
453 810 574 878 quia
603 809 743 863 sicut
766 809 1001 878 pertinet
1027 811 1092 864 ad
1115 809 1231 880 ejus
1271 813 1561 867 essentiam
1588 814 1814 869 scientia

218 913 272 957 et
305 901 660 989 intelligentia
685 943 699 967 ,
729 901 807 955 sic
839 901 956 972 ejus
989 903 1131 958 scire
1171 913 1226 957 et
1268 904 1572 976 intelligere
1603 920 1708 961 non
1735 915 1816 962 est

220 995 367 1048 aliud
396 1010 557 1062 quam
581 993 763 1049 dicere
791 994 880 1058 5“,
923 994 976 1048 id
1003 1005 1087 1051 est
1113 1011 1332 1066 semper
1349 1012 1590 1068 przesens
1621 999 1815 1054 intueri

222 1086 366 1153 quod
410 1085 515 1139 scit
559 1094 614 1139 et
645 1085 902 1156 intelligit
936 1103 949 1140 :
985 1101 1209 1141 necesse
1237 1096 1321 1142 est
1366 1097 1426 1142 ut
1469 1089 1818 1158 quemadmo-

223 1177 351 1228 dum
396 1175 644 1246 singulus
674 1175 857 1240 Pater,
897 1177 1144 1248 singulus
1176 1179 1245 1210 ⁸⁸⁷
1272 1179 1465 1246 Filius,
1490 1191 1546 1236 et
1575 1181 1820 1253 singnlus

222 1281 414 1320 eorum
443 1265 680 1336 Spiritus
704 1277 786 1322 est
809 1268 988 1323 sciens
1015 1279 1070 1324 et
1099 1269 1425 1342 intelligens,
1455 1281 1511 1328 et
1555 1282 1732 1328 tamen
1766 1273 1820 1328 hi

227 1373 341 1417 tres
365 1362 525 1416 simul
545 1377 650 1417 non
679 1370 806 1416 sunt
838 1362 1024 1433 plures
1052 1363 1288 1418 scientes
1314 1374 1406 1420 aut
1439 1365 1818 1436 intelligentes,

217 1464 320 1518 sed
353 1477 491 1516 unus
517 1461 720 1528 sciens,
748 1472 802 1516 et
831 1477 972 1518 unus
999 1462 1068 1494 ⁸⁸⁸
1092 1462 1436 1534 intelligens;
1470 1465 1545 1520 ita
1581 1465 1824 1536 singulus

227 1557 462 1624 quisque
512 1553 585 1608 sit
625 1552 841 1618 dicens;
894 1569 994 1610 nec
1033 1562 1211 1609 tamen
1267 1557 1378 1611 sint
1425 1565 1535 1612 tres
1581 1556 1825 1612 dicentes

226 1647 392 1702 simul
433 1647 528 1711 "9,
579 1647 671 1702 sed
704 1662 844 1702 unus
886 1647 1096 1702 dicens.
1145 1647 1284 1701 Hinc
1322 1648 1452 1703 illud
1499 1664 1713 1720 quoque
1762 1649 1823 1704 li-

228 1739 395 1808 quide
424 1739 675 1809 cognosci
724 1748 901 1807 potest
944 1741 1096 1810 quia,
1129 1756 1254 1794 cum
1289 1741 1343 1795 hi
1399 1752 1509 1796 tres
1544 1741 1818 1806 dicuntur,

229 1831 314 1884 vel
348 1845 378 1882 a
407 1829 627 1897 seipsis,
662 1828 744 1883 vel
785 1829 854 1884 ab
903 1829 1160 1891 invicem,
1194 1845 1299 1884 non
1351 1840 1477 1885 sunt
1507 1831 1658 1900 plura
1705 1845 1824 1898 qua:

230 1921 504 1975 dicuntur.
537 1921 673 1986 Quid
722 1932 955 1989 namque
986 1921 1058 1974 ibi
1106 1921 1324 1984 dicitur,
1375 1920 1476 1975 nisi
1506 1935 1694 1975 eorum
1729 1935 1819 1975 es-

231 2013 447 2068 sentia?
478 2013 534 2066 Si
584 2025 714 2081 ergo
744 2010 832 2065 illa
881 2026 984 2065 una
1035 2011 1146 2066 sola
1187 2020 1271 2066 est
1299 2012 1368 2042 ⁶⁷⁰
1392 2052 1406 2074 ,
1452 2027 1613 2064 unttm
1651 2010 1824 2066 solum

232 2116 336 2171 est,
371 2106 515 2175 quod
536 2104 736 2160 dicitur
765 2122 778 2157 :
811 2118 941 2172 ergo
965 2105 1009 2158 si
1043 2121 1204 2158 unum
1227 2105 1398 2160 solum
1421 2113 1504 2159 est
1529 2105 1595 2136 ⁶⁷¹
1623 2107 1674 2159 in
1700 2104 1823 2168 illis,

234 2197 380 2264 quod
419 2196 581 2260 dicit,
609 2205 663 2250 et
688 2209 880 2257 unum,
911 2193 1052 2262 quod
1078 2193 1317 2259 dicitur;
1363 2209 1469 2248 una
1500 2195 1699 2264 quippe
1736 2209 1826 2248 sa-

234 2288 437 2358 pientia
470 2296 576 2354 est,
601 2301 720 2356 qua:
760 2286 811 2340 in
845 2284 952 2341 illis
979 2285 1138 2347 dicit,
1177 2294 1230 2341 et
1255 2301 1359 2340 una
1385 2285 1689 2340 substantia
1710 2301 1829 2355 qua:

239 2380 442 2435 dicitur
478 2396 492 2432 :
521 2379 879 2448 consequitur
923 2393 1030 2432 non
1074 2377 1144 2432 ibi
1177 2391 1296 2432 esse
1320 2377 1474 2445 plura
1510 2376 1704 2441 verba,
1738 2376 1830 2430 sed

238 2485 432 2523 nnunt.
462 2468 616 2523 Licet
646 2467 812 2538 igitur
860 2467 1231 2536 unusquisque
1260 2466 1520 2534 seipsum,
1558 2476 1612 2520 et
1641 2479 1831 2519 omnes

239 2560 477 2614 invicem
507 2574 564 2614 se
591 2559 804 2623 dicant,
847 2557 1181 2628 impossibile
1210 2565 1390 2611 tamen
1433 2552 1516 2610 esl
1544 2557 1597 2610 in
1622 2570 1832 2610 summa

237 2663 326 2705 e.-s
348 2651 479 2703 'ntia
507 2665 628 2704 esse
662 2650 888 2705 verbum
914 2649 1058 2705 aliud
1089 2659 1286 2718 praxter
1316 2647 1464 2711 illud,
1502 2648 1566 2703 de
1593 2663 1699 2718 quo
1719 2646 1830 2716 jam

241 2748 458 2795 constat
485 2741 627 2808 quod
655 2739 736 2794 sic
788 2740 1029 2795 nascitur
1068 2755 1134 2793 ex
1166 2754 1232 2793 eo
1274 2736 1428 2806 cujus
1457 2746 1540 2792 est
1574 2736 1832 2802 Verbum,

241 2842 299 2886 ut
325 2841 381 2884 et
405 2845 531 2884 vera
573 2830 641 2860 ⁸⁷³
677 2831 796 2901 ejus
819 2829 926 2885 dici
971 2829 1142 2898 possit
1173 2828 1372 2898 imago,
1421 2837 1476 2882 et
1506 2843 1633 2882 vere
1662 2826 1834 2880 Filius

244 2921 360 2990 ejus
416 2922 506 2974 sit.
557 2920 614 2974 in
644 2934 752 2990 quo
792 2921 992 2975 mirum
1037 2919 1298 2988 quiddam
1353 2927 1409 2970 et
1460 2915 1836 2986 inexplicabile

1913 448 2098 509 Filius,
2141 463 2246 501 non
2272 447 2455 516 plures
2477 447 2595 511 lilii,
2621 463 2760 502 unus
2784 449 3084 517 procedens
3109 449 3365 520 Spiritus,
3391 467 3496 506 non

1911 537 2092 607 plures
2114 539 2466 607 procedentes
2493 538 2734 607 spiritus,
2751 546 2878 593 sunt
2918 538 2970 592 in
3000 554 3208 592 summa
3239 541 3496 594 essentia.

1914 629 2013 696 Qui
2045 645 2169 684 cum
2203 631 2277 682 ita
2306 639 2415 684 tres
2446 628 2578 691 sint,
2609 638 2668 683 ut
2701 644 2978 697 nunquam
3009 629 3170 684 Pater
3199 630 3270 684 sit
3310 630 3498 694 Filius,

1915 732 2008 772 aut
2038 719 2334 788 procedens
2358 718 2623 786 Spiritus;
2658 733 2757 774 nec
2803 720 2972 774 Filius
2999 719 3289 788 aliquando
3311 720 3380 774 sit
3404 719 3499 774 Pa-

1917 815 2021 869 ter,
2066 815 2160 860 aut
2209 805 2444 875 Spiritus
2484 808 2815 876 procedens;
2846 823 2954 872 net;
2995 823 3232 878 unquam
3266 808 3502 879 Spiritus

1917 894 2094 950 Patris
2119 903 2172 949 et
2207 894 2327 948 Filii
2355 895 2424 926 ⁸⁵⁷⁷
2456 895 2528 948 sit
2554 895 2746 956 Pater,
2781 905 2872 950 aut
2909 897 3113 962 Filius,
3158 905 3212 952 et
3262 898 3504 968 singulus

1918 985 2144 1054 quisque
2185 984 2266 1039 sic
2301 984 2372 1040 sit
2401 984 2679 1054 perfectus
2716 986 2806 1050 ⁵⁷⁸,
2840 997 2898 1040 ut
2929 987 3076 1042 nullo
3127 988 3365 1059 indigeat
3407 1007 3420 1043 :
3452 989 3504 1043 id

1923 1087 2099 1132 tamen
2121 1076 2264 1145 quod
2297 1085 2441 1142 sunt,
2476 1076 2557 1131 sic
2592 1085 2674 1131 est
2699 1093 2894 1144 unum;
2923 1079 3146 1134 utsicut
3181 1080 3249 1134 de
3278 1080 3507 1150 singulis

1923 1169 2202 1237 pluraliter
2229 1168 2333 1223 dici
2368 1182 2474 1222 non
2507 1176 2706 1238 potest,
2740 1170 2814 1223 ita
2865 1185 2965 1224 nec
3008 1171 3182 1226 tribus
3231 1172 3414 1226 simul.
3445 1173 3509 1226 Et

1921 1275 2042 1315 cum
2079 1259 2287 1330 pariter
2314 1260 2684 1330 unusquisque
2724 1260 2995 1331 seipsum,
3033 1272 3089 1317 et
3137 1279 3325 1320 omnes
3373 1265 3511 1320 invi-

1923 1365 2040 1403 cem
2073 1362 2131 1405 se
2157 1349 2369 1415 dicant;
2399 1366 2506 1405 non
2540 1362 2720 1405 tamen
2755 1361 2878 1406 sunt
2907 1352 2978 1408 ibi
3016 1353 3168 1423 plura
3200 1356 3384 1420 verba,
3415 1357 3510 1411 sed

1924 1454 2088 1492 unum
2115 1455 2128 1493 :
2155 1447 2208 1493 et
2249 1439 2424 1509 ipsum
2455 1455 2560 1494 non
2595 1439 2933 1511 singulorum
2957 1481 2972 1508 ,
3017 1453 3112 1498 aut
3147 1446 3391 1501 omnium
3439 1447 3508 1501 si-

1927 1528 2070 1592 mul,
2120 1528 2210 1583 sed
2249 1528 2410 1583 unius
2445 1537 2674 1583 tantum.

2282 1644 2510 1700 CAPUT
2560 1645 2720 1702 LXIV
2749 1645 2846 1718 [αι.
2874 1645 3033 1719 an]
3062 1647 3154 1702 στ’.

1927 1757 2080 1821 Quod
2100 1758 2196 1811 hoc
2216 1756 2331 1812 licet
2358 1757 2724 1828 inexplicabile
2751 1759 2855 1826 sit,
2883 1768 3057 1814 tamen
3084 1760 3400 1815 credendum
3423 1762 3511 1815 sit.

1925 1849 2266 1904 Coasrscrcs
2300 1864 2529 1904 CAPITIS.
2554 1879 2624 1889 —
2654 1848 2766 1904 lloc
2789 1850 3092 1904 certissime
3117 1849 3196 1904 sic
3214 1865 3334 1904 esse
3361 1865 3514 1904 mens

1998 1921 2232 1973 lnunana
2272 1928 2600 1985 cognoscat,
2649 1920 2810 1974 etiam
2855 1920 2898 1973 si
2947 1929 3237 1987 penetrare
3277 1931 3510 1988 nequeat

1998 1990 2267 2058 quomodo
2316 1987 2404 2042 sit.
2481 1988 3031 2057 lncomprebensibile
3098 1999 3184 2044 est
3246 1987 3514 2056 quomodo

2000 2072 2210 2112 summa
2242 2059 2694 2128 sapientiaﬂsciat
2739 2073 2800 2113 ea
2845 2073 2964 2125 qua:
2994 2058 3140 2112 fecit.
3173 2059 3314 2128 Ergo
3343 2061 3514 2113 multo

2001 2128 2179 2208 minus
2209 2136 2385 2196 potest
2416 2127 2674 2196 explicari
2717 2129 2990 2196 quomodo
3038 2129 3178 2182 sciat
3228 2127 3322 2182 aut
3371 2128 3515 2182 dicat

2001 2211 2254 2265 seipsam.

2000 2286 2228 2342 Videtur
2278 2286 2409 2341 mihi
2456 2286 2616 2356 hujus
2669 2295 2776 2342 tam
2822 2286 3066 2342 sublimis
3117 2288 3194 2342 rei
3245 2297 3514 2344 secretum

1935 2379 2316 2432 transcendere
2351 2391 2564 2431 omnem
2603 2376 2910 2432 intellectus
2964 2379 3132 2433 aciem
3167 2381 3386 2435 httmani
3417 2396 3430 2434 :
3463 2390 3519 2436 et

1934 2468 2134 2523 idcirco
2177 2478 2428 2521 conatum
2478 2467 2784 2537 explicandi
2817 2467 3053 2536 qualiter
3085 2471 3188 2524 hoc
3219 2473 3309 2535 sit,
3346 2473 3519 2527 conti-

1935 2560 2166 2614 nendum
2218 2569 2363 2629 puto.
2410 2556 2670 2614 Suilicere
2728 2573 2964 2628 namque
3020 2559 3222 2616 debere
3265 2562 3520 2618 existimo

1936 2666 2048 2706 rem
2083 2649 2686 2719 incomprehensibilem
2737 2649 3037 2718 indaganti,
3064 2651 3110 2706 si
3160 2653 3229 2708 ad
3285 2653 3389 2708 hoc
3434 2669 3524 2708 ra-

1936 2742 2243 2797 tiocinando
2280 2741 2590 2810 pervenerit
2648 2750 2706 2796 ut
2741 2757 2863 2796 eam
2911 2743 3216 2798 certissime
3265 2759 3386 2800 esse
3431 2761 3524 2800 co-

1935 2839 2158 2901 gnoscat
2183 2847 2196 2894 ;
2226 2831 2436 2884 etiamsi
2463 2838 2748 2900 penetrare
2778 2843 3012 2900 nequeat
3039 2833 3341 2898 intellectu,
3385 2851 3523 2906 quo-

1938 2923 2098 2978 modo
2131 2922 2201 2976 ita
2252 2921 2323 2976 sit
2358 2939 2372 2976 :
2405 2935 2508 2975 nec
2557 2921 2761 2979 idcirco
2808 2921 2987 2978 minus
3033 2921 3122 2978 bis
3165 2924 3523 2980 adhibendam

245 3015 424 3068 video.
457 3013 599 3068 Ecce
641 3012 784 3066 enim
824 3027 948 3067 cum
987 3009 1336 3066 manifestum
1367 3007 1439 3064 sit
1474 3021 1834 3078 unumquem-
1863 3027 1904 3084 ρ
1940 3016 2061 3070 ﬁdei
2109 3014 2511 3079 certitudincm,
2543 3029 2664 3083 qua:
2710 3013 3123 3082 probationibus
3175 3017 3520 3081 necessariis,

247 3125 374 3178 que,
405 3107 614 3163 Scilicet
648 3107 889 3173 Patrem,
939 3113 993 3160 et
1047 3103 1274 3169 Filium,
1311 3111 1365 3157 et
1397 3101 1580 3156 Patris
1606 3101 1836 3170 Filiique

250 3201 540 3269 Spiritum,
570 3198 773 3268 pariter
801 3212 859 3251 se
887 3204 942 3252 et
971 3195 1159 3250 ambos
1181 3195 1318 3249 alios
1349 3193 1555 3260 dicere,
1582 3203 1637 3248 et
1669 3206 1836 3248 unum

249 3293 425 3346 Solum
475 3290 547 3345 ibi
601 3304 721 3345 esse
753 3289 1022 3351 Verbum;
1074 3287 1384 3342 nullatenus
1433 3294 1614 3341 tamen
1666 3286 1837 3354 ipsum

251 3384 491 3439 Verbum
529 3383 742 3435 videtur
771 3395 928 3450 posse
961 3379 1064 3433 dici
1098 3379 1338 3433 Verbum
1369 3377 1610 3432 omnium
1657 3375 1838 3438 trium,

253 3476 344 3531 sed
373 3484 580 3530 tantum
607 3472 764 3527 unius
785 3486 992 3528 eorum.
1015 3468 1241 3525 Constat
1260 3471 1402 3524 enim
1435 3469 1609 3538 ipsum
1632 3482 1751 3522 esse
1773 3467 1841 3498 (⁵⁷³

253 3567 545 3638 imaginem
573 3576 628 3620 et
651 3564 841 3619 Filium
870 3563 985 3631 ejus
1009 3560 1163 3630 cujus
1187 3570 1272 3617 est
1301 3560 1534 3616 Verbum
1568 3577 1583 3615 :
1615 3568 1668 3615 et
1697 3566 1843 3628 patet

254 3660 380 3728 quia
408 3658 478 3688 6""
509 3672 610 3710 nec
639 3655 838 3726 imago,
873 3668 972 3709 nec
1019 3653 1189 3707 Filius
1218 3652 1436 3718 suimet,
1476 3661 1570 3706 aut
1617 3665 1646 3704 a
1691 3663 1748 3704 se
1774 3649 1842 3680 ‘7‘

253 3745 600 3817 procedentis
628 3743 862 3815 Spiritus
887 3757 1123 3812 congrue
1154 3741 1257 3796 dici
1287 3738 1632 3811 potest.Nam
1660 3753 1758 3794 nec
1777 3753 1843 3792 ex

256 3839 459 3906 seipse,
487 3852 587 3890 nec
609 3851 673 3890 ex
692 3833 1018 3904 procedente
1041 3849 1071 3889 a
1089 3848 1167 3900 se,
1185 3833 1426 3887 nascitur
1445 3844 1572 3886 :nec
1588 3830 1843 3898 seipsum,

255 3937 349 3982 aut
375 3927 758 3998 procedentem
793 3940 823 3980 a
862 3939 939 3988 se,
971 3923 1254 3980 existendo
1299 3921 1563 3976 imitatur.
1599 3917 1846 3988 Seipsum

256 4022 457 4090 quippe
473 4034 580 4073 non
612 4018 872 4081 imitatur,
893 4032 991 4071 nec
1014 4031 1042 4069 a
1061 4031 1118 4069 se
1133 4015 1298 4068 trahit
1317 4011 1578 4068 existendi
1595 4009 1848 4066 sintilitua

257 4114 466 4176 dinem;
489 4110 616 4180 quia
635 4109 863 4164 imitatio
879 4117 934 4162 et
954 4106 1251 4163 similitudo
1275 4119 1380 4160 non
1403 4103 1562 4159 estin
1581 4117 1688 4156 uno
1711 4100 1846 4165 solo,

258 4205 353 4260 scd
381 4206 436 4258 in
461 4201 741 4271 pluribus;
772 4198 880 4271 24
903 4199 1048 4252 illum
1070 4212 1200 4252 vero
1244 4211 1350 4250 tton
1387 4193 1632 4248 imitatur
1657 4205 1757 4246 nec
1786 4191 1852 4245 ad

259 4296 375 4366 ejus
392 4292 805 4348 similitudinem
839 4288 1180 4358 existit,quia
1208 4286 1311 4342 iste
1341 4301 1445 4338 non
1482 4285 1644 4338 habet
1666 4283 1732 4335 ab
1764 4280 1854 4336 illo

1945 3105 2087 3160 nulla
2138 3105 2243 3158 alia
2291 3113 2625 3174 repugnante
2672 3105 2878 3160 ratione
2930 3115 3278 3172 asseruntur;
3319 3107 3364 3161 si
3415 3122 3527 3162 sua:

1944 3195 2206 3250 naturalis
2235 3194 2538 3250 altitudinis
2571 3194 3220 3264 incomprehensibilitate
3267 3197 3527 3267 explicari

1945 3302 2050 3341 non
2079 3285 2374 3354 patiantur.
2407 3284 2546 3350 Quid
2577 3293 2758 3340 autem
2798 3295 2904 3340 tam
2959 3287 3525 3356 incomprehensibile,

1947 3385 2055 3430 tam
2093 3373 2381 3436 inell‘abile,
2411 3388 2572 3444 quam
2600 3373 2668 3406 ⁰⁸⁰
2700 3373 2755 3429 id
2787 3376 2930 3444 quod
2979 3391 3142 3445 supra
3184 3376 3365 3430 omnia
3401 3378 3528 3431 est?

1946 3467 2286 3536 Quapropter
2310 3466 2354 3522 si
2380 3481 2466 3533 ea,
2492 3481 2613 3535 qua:
2643 3465 2708 3521 de
2747 3481 2956 3521 summa
2998 3467 3236 3522 essentia
3268 3468 3530 3524 hactenus

1948 3559 2216 3626 disputata
2248 3567 2394 3624 sunt,
2444 3559 2768 3614 neceSsariis
2799 3559 3102 3615 rationibus
3138 3569 3266 3615 sunt
3295 3569 3528 3626 asserta,

1949 3647 2194 3716 quamvis
2222 3647 2300 3700 sic
2330 3647 2605 3702 intellectu
2636 3648 2908 3717 penetrari
2949 3664 3056 3704 non
3107 3649 3339 3718 possint,
3373 3658 3430 3703 ut
3477 3659 3534 3703 et

1949 3737 2129 3792 verbis
2163 3737 2376 3790 valeant
2411 3737 2706 3806 explicari;
2749 3739 3056 3794 nullatenus
3087 3747 3267 3794 tamen
3310 3740 3533 3794 certitu-

1951 3828 2092 3883 dinis
2114 3841 2300 3882 eorum
2332 3834 2490 3880 nutat
2535 3827 2800 3883 soliditas.
2837 3828 2995 3894 Nam,
3035 3829 3078 3883 si
3120 3829 3368 3898 superior
3402 3843 3534 3884 cou-

1952 3917 2206 3973 sideratio
2234 3916 2634 3972 rationabiliter
2663 3918 3077 3985 comprehendit
3122 3918 3538 3988 incomprehen-

1953 4008 2106 4065 sibile
2135 4023 2274 4074 esse,
2308 4010 2580 4079 quomodo
2610 4009 2798 4064 eadem
2841 4024 3051 4065 summa
3099 4009 3367 4079 sapientia
3396 4011 3536 4065 sciat

1953 4113 2016 4152 ea
2039 4113 2156 4168 quae
2184 4097 2334 4163 fecit,
2363 4099 2430 4154 de
2456 4100 2654 4169 quibus
2687 4108 2798 4154 tam
2824 4098 2992 4155 multa
3018 4115 3116 4156 nos
3148 4100 3288 4157 scire
3314 4116 3536 4157 necesse

1957 4199 2076 4244 est:
2108 4189 2230 4260 quis
2259 4190 2495 4259 explicet
2518 4192 2790 4260 quomodo
2821 4192 2960 4246 sciat
2991 4202 3084 4247 aut
3108 4193 3252 4248 dicat
3278 4193 3535 4264 seipsam,

1960 4283 2027 4338 de
2054 4297 2157 4353 qua
2190 4292 2284 4337 aut
2312 4281 2470 4349 nihil,
2508 4289 2602 4337 aut
2645 4283 2735 4336 vix
2787 4283 2992 4351 aliquid
3045 4283 3114 4339 ab
3145 4285 3362 4339 homine
3407 4286 3537 4340 sciri

260 4402 401 4448 esse,
432 4385 528 4441 sed
552 4384 640 4439 ille
667 4383 736 4436 ab
765 4384 866 4437 isto
895 4382 986 4434 ⁸⁷⁸.
1036 4381 1149 4452 (68)
1183 4380 1371 4434 Restat
1418 4377 1582 4447 igitur
1610 4377 1712 4429 hoc
1761 4389 1848 4428 so~
1881 4379 1926 4434 D
1952 4374 2204 4444 possibile
2237 4375 2355 4430 est?
2377 4375 2516 4445 Ergo
2545 4375 2590 4429 si
2618 4389 2723 4428 non
2753 4388 2818 4429 eo
2859 4375 3001 4444 quod
3032 4375 3263 4446 seipsam
3289 4377 3416 4432 dicit
3442 4376 3536 4441 ³⁸³,

263 4479 370 4531 lum
403 4477 642 4531 Verbum
668 4475 810 4528 illius
837 4474 1004 4529 solius
1031 4487 1173 4537 esse,
1201 4471 1268 4524 de
1300 4484 1407 4539 quo
1451 4465 1722 4522 nascendo
1753 4464 1848 4517 ha-

267 4575 357 4630 bet
403 4587 561 4636 esse,
593 4577 648 4625 et
688 4568 756 4623 ad
805 4568 960 4637 cujus
1015 4564 1385 4621 onmimodam
1439 4556 1850 4614 similitudinem

1960 4474 2183 4538 generat
2218 4465 2402 4531 Pater,
2433 4475 2489 4520 et
2533 4473 2823 4535 generatur
2869 4464 3036 4520 Filius
3084 4483 3096 4518 :
3140 4462 3538 4522 Generationcm

1957 4558 2072 4626 ejus
2107 4556 2222 4626 quis
2243 4556 2550 4626 enarrabig?
2579 4554 2713 4623 (lsa.
2744 4569 2856 4619 Llll,
2890 4556 2971 4624 8.)

1567 4689 1800 4749 VARIIE
1841 4687 2137 4744 LECTION
2145 4687 2248 4743 ES.

337 4825 406 4856 “5
437 4822 552 4877 Non
577 4828 656 4876 est
677 4819 909 4887 aliquam
941 4819 1122 4872 dicere
1152 4828 1412 4887 il§58:_n0n
1439 4818 1523 4887 est
1554 4807 1695 4862 aliud
1724 4820 1886 4876 quam
1909 4803 2235 4887 dicerem”:l
2262 4801 2517 4887 Singulas
2547 4801 2729 4887 Pater,
2772 4800 3017 4887 singulm
3061 4819 3188 4887 niss.
3252 4799 3380 4887 Vict.
3412 4799 3538 4887 Sag.

271 4871 1079 4965 singul—usﬁl’a‘terﬁ'tsingulus
1152 4885 1222 4917 ⁸⁸⁸
1259 4884 1409 4939 Unus
1432 4871 1898 4965 scie.ns,.et'unu’s
1936 4889 2064 4965 mss.
2109 4871 2436 4965 Vigpwsrig.
2466 4873 2634 4965 antiit.
2677 4883 2734 4928 et
2804 4871 2881 4965 “lg
2900 4871 3025 4965 Nec.
3057 4872 3380 4965 tamenmsint
3430 4881 3541 4965 trs:

273 4939 1266 5020 323515,;iiii.iii';'hz;;.°iveatamen
1291 4967 1480 5007 omnes
1512 4939 1670 5005 simul
1708 4956 1816 5000 tres
1841 4945 2082 4998 dicentes
2153 4943 2227 5020 f7”
2253 4941 2309 4996 Si
2336 4939 2464 5010 ergo
2497 4943 2584 4996 illa
2625 4958 2730 5020 una
2785 4943 2897 4997 sola
2947 4951 3029 4997 est
3080 4959 3176 5020 ius.
3231 4939 3442 5020 Thuan._
3471 4940 3541 4992 50

274 5009 1018 5104 gi‘ci'giiitiéébih'uaéest'
1038 5009 1116 5058 7"“
1151 5025 1290 5093 Ergo
1313 5020 1676 5104 unumnsolnm
1704 5024 1787 5070 est
1807 5030 1934 5094 mss.
1961 5028 2090 5082 ergo
2119 5013 2164 5066 si
2191 5028 2354 5067 unum
2413 5009 2856 5104 est‘ms..Cister.
2911 5027 3041 5083 ergo
3069 5013 3114 5066 si
3156 5027 3335 5104 quin:
3367 5009 3538 5104 solum

273 5081 944 5160 '°éi"u13ti5l{{ver5
964 5114 1090 5152 mss.
1114 5103 1170 5149 ut
1199 5081 1252 5148 εἷ
1277 5109 1403 5148 vera
1479 5092 1550 5128 ⁸⁷³
1580 5084 1970 5160 Con_sta_t_euim
2004 5081 2123 5136 esse
2148 5100 2302 5160 mss.“
2312 5092 2529 5160 constat
2573 5083 2730 5160 enim
2762 5085 2936 5152 ipsum
2980 5081 3109 5138 esse
3142 5152 3152 5160 _
3181 5081 3249 5114 ⁸⁷⁸
3273 5081 3535 5160 Etpater,

273 5149 416 5238 ila-nd
454 5149 945 5238 ..ec'.}.£s'l'éipaiéi
966 5149 1095 5238 quia
1170 5165 1242 5196 ⁸⁷⁵
1267 5165 1373 5218 Nec
1398 5178 1427 5216 a
1458 5177 1515 5218 se
1540 5177 1640 5212 ms.
1673 5155 1734 5210 S.
1763 5153 1923 5238 Mic'ft:
1954 5161 2100 5238 autne
2129 5168 2187 5236 se
2360 5159 2411 5207 in
2432 5170 2555 5207 mss.
2593 5149 2928 5238 continuatur
2951 5152 3244 5238 ρξξξείάςηξ
3265 5149 3538 5238 capitati:

277 5195 286 5225 l
313 5195 416 5228 una
454 5195 554 5226 nec
574 5195 699 5225 mss.
733 5195 787 5225 Cl
803 5195 945 5238 pauet
970 5195 1095 5238 qum
1179 5195 1182 5196 '
1230 5195 1233 5196 ν
1267 5195 1373 5218 um,
1398 5195 1427 5216 ιι
1458 5195 1515 5218 ac
1542 5195 1640 5212 μισ.
1673 5195 1734 5210 υ.
1763 5195 1923 5236 ..α-ινιτ.
1954 5195 2047 5206 ...η
2071 5195 2100 5206 ..
2129 5195 2187 5236 υτ
2269 5225 2279 5235 .
2319 5225 2332 5236 ο
2360 5195 2411 5207 ,η
2433 5195 2555 5207 ...νυ
2593 5195 2916 5238 ἵκωμες-ςυστ·
2951 5195 3047 5239 r":
3061 5195 3241 5230 "mw";
3266 5195 3538 5232 "'r'";:‘.:

277 5195 340 5298 In
364 5242 507 5297 titul.
547 5241 630 5294 Sit
657 5255 794 5292 unus
822 5240 982 5293 unius
1010 5255 1134 5291 mss.
1165 5233 1358 5290 sit'nisi
1381 5248 1520 5286 unus
1549 5230 1708 5283 unius
1730 5241 1829 5279 ms.
1857 5223 1990 5298 Tha.
2016 5223 2105 5278 30.
2134 5237 2205 5298 sit
2229 5240 2334 5298 ms:
2366 5239 2505 5298 unus
2530 5223 2904 5298 llnlusAillllJS.
2950 5223 3025 5298 Af’
3090 5220 3266 5298 Patris
3299 5228 3391 5275 aut
3417 5219 3538 5272 hin

277 5291 726 5379 dimisisti;
759 5291 936 5362 Patris
956 5291 1009 5362 et
1031 5307 1150 5361 Filii
1227 5307 1295 5336 ‘78
1324 5303 1382 5360 Si
1407 5303 1477 5357 sit
1501 5299 1772 5379 perfectus
1791 5311 1891 5379 rus:
1924 5291 2617 5379 Cistei-..sicmsi‘t.perfectus
2789 5293 2916 5379 (inp.
2944 5293 3032 5379 ρι’..
3059 5291 3540 5379 quiti-71518350,)“:

281 5360 402 5438 ἶῖῖῗ
449 5360 1205 5448 “bvlneoitipirensibileSiquam
1231 5392 1353 5429 mss.
1380 5360 1937 5441 incoinprebcnsibilc,
1980 5373 2088 5419 tam
2118 5360 2419 5433 ineliabile,
2458 5380 2618 5436 quam
2693 5364 2759 5395 ⁶⁸¹
2805 5363 2958 5430 Quod
3004 5362 3236 5431 seipsam
3289 5360 3537 5416 dicitnts.

281 5455 414 5508 Tha.
447 5451 517 5507 50
537 5451 680 5521 quod
710 5451 880 5520 ipsam
903 5449 1033 5504 dicit

351 5635 469 5707 (68)
500 5633 651 5690 Alias
676 5633 763 5689 hic
786 5633 978 5704 incipit
1004 5646 1119 5701 cap.
1145 5630 1230 5684 61.
