3916 6054
329 5159 340 5167 ⁸
396 5156 559 5201 ίεηηε

408 248 503 301 i-‘ll

903 355 1131 413 CAPUT
1172 353 1310 410 LXV
1343 353 1476 423 (69).

468 448 740 517 Quamodo
775 446 840 502 de
869 445 1125 517 iae/fabili
1166 461 1221 500 re
1260 460 1434 499 verum
1474 443 1796 511 disputatum
1835 442 1924 495 sit.

406 541 748 597 Cousracrus
770 554 997 593 carms.
1022 568 1091 579 —
1112 532 1225 592 Hoc
1249 544 1429 591 autem
1462 536 1588 592 licet
1617 532 1889 590 inell'abile
1913 533 1986 587 sit

478 611 775 667 secundum
828 607 1248 678 proprietatem,
1297 606 1433 660 nihil
1490 605 1743 678 prohibet
1792 614 1981 659 verum

475 694 596 736 esse
624 679 765 749 quod
787 675 1051 734 hactenus
1077 679 1380 749 de‘summa
1412 685 1606 749 natura
1630 675 1981 749 disputatum

475 759 559 805 est
572 745 668 818 per
679 749 989 818 enigmata,
1004 746 1290 818 imaginem
1308 761 1373 802 ac
1386 746 1816 818 similitudinem.
1829 745 1984 812 Quar-

480 816 692 888 cunque
717 816 955 888 nomina,
987 816 1313 888 qumdeilla
1345 827 1539 872 natura
1570 816 1840 888 dicuntur,
1874 828 1979 888 non

477 898 585 942 tam
607 881 759 943 illius
779 881 1165 956 propl‘ieiatem
1198 886 1447 952 innuunt,
1475 901 1635 956 quam
1672 881 1981 956 similitudi-

475 950 946 1025 nem:signillca'nt
969 958 1112 1012 enim
1143 957 1282 1025 quod
1306 956 1358 1010 in
1388 950 1548 1012 rebus
1564 954 1722 1011 factis
1741 950 1979 1023 concipi-

475 1043 624 1083 mus:
644 1044 745 1082 nee
767 1041 945 1097 tamen
963 1027 1155 1082 falsum
1177 1035 1261 1097 est
1288 1026 1430 1095 quod
1457 1042 1554 1097 per
1582 1028 1745 1081 verba
1768 1026 1835 1079 de
1853 1026 1978 1097 ipsa

474 1099 756 1153 intimatur
778 1096 1198 1166 veltestimatur.
1214 1096 1367 1164 Quod
1383 1095 1588 1166 de'ipsa
1616 1095 1981 1166 cognoscitur,

472 1182 658 1222 verum
686 1176 808 1234 est;
848 1165 974 1224 licet
1003 1184 1108 1224 non
1132 1177 1303 1223 totum
1326 1165 1843 1239 eognoScatur’qitod
1866 1166 1979 1235 ipsa

475 1251 602 1292 vere
633 1245 736 1294 est.

475 1328 583 1384 Sed
610 1326 848 1395 rursum,
881 1330 925 1386 si
951 1324 1022 1385 ita
1058 1329 1128 1362 ’θ’
1153 1343 1212 1385 se
1242 1328 1383 1383 ratio
1419 1327 1806 1384 ineﬁ'abilitatis
1840 1326 1982 1383 illius

405 1419 585 1484 habet,
616 1420 724 1477 imo
750 1422 875 1492 quia
900 1424 978 1478 sic
997 1430 1112 1478 est:
1138 1422 1408 1492 quomodo
1438 1420 1603 1476 stabit
1630 1418 1888 1490 quidquid
1915 1421 1983 1475 de

407 1510 494 1565 illa
533 1508 605 1543 “'
634 1515 931 1567 secundum
959 1506 1161 1575 Patris,
1191 1522 1246 1566 et
1277 1510 1421 1577 Filii,
1452 1518 1508 1566 et
1535 1510 1770 1581 Spiritus
1794 1524 1984 1579 proce-

406 1601 585 1657 dentis
619 1602 990 1658 habitudinem
1045 1603 1380 1673 disputatum
1432 1603 1552 1658 est?
1596 1600 1733 1656 Nam
1779 1598 1825 1656 si
1853 1617 1981 1657 vera

943 241 1000 295 S.
1040 238 1340 295 ANSELMI
1382 234 1734 292 CANTUAR.
1768 230 2089 288 ARClllEl‘.
2139 228 2291 286 OPP.
2335 226 2517 284 PARS
2547 226 2588 281 1.
2621 253 2690 266 -
2724 220 3143 280 DOGMATICA.

2012 348 2059 409 Α
2086 344 2263 399 minus
2304 340 2626 398 inell'abilem
2672 339 2967 411 persistere
3017 352 3031 389 :

3557 219 3670 272 2ιὲ

3080 335 3127 391 si
3179 347 3527 405 nequaquam
3573 333 3667 388 illa

2086 442 2304 503 putetur
2334 447 2431 503 per
2479 430 2731 487 essentite
2778 444 2892 485 sua:
2926 428 3314 500 proprietatem
3366 434 3623 494 expressa
3648 464 3664 488 ,

2084 524 2179 579 sed
2202 532 2477 592 utcunque
2501 536 2597 593 per
2625 520 2769 576 aliud
2797 518 3106 591 designata.
3138 514 3296 581 Nam,
3329 527 3673 584 quaecunque

2086 612 2304 668 nomina
2334 611 2401 666 de
2433 610 2522 665 illa
2567 618 2762 665 natura
2793 608 2902 664 diei
2932 622 3092 677 posse
3114 605 3398 670 videatur,
3418 618 3524 657 non
3554 611 3668 657 tam

2083 701 2214 759 mihi
2264 716 2383 758 eam
2437 702 2729 758 ostendunt
2771 714 2870 770 per
2921 697 3320 770 proprietatem
3370 710 3532 766 quam
3569 708 3671 764 per

2082 791 2317 862 aliquam
2349 791 2580 847 innuunt
2609 786 3277 845 similitudinem.Etenim
3298 800 3423 840 cum
3451 798 3673 839 earum-

2083 882 2204 940 dem
2232 898 2423 940 vocum
2449 881 2878 954 signiﬁcationes
2906 879 3105 951 cogito,
3136 875 3462 932 familiarius
3484 875 3671 931 conci-

2083 976 2174 1046 pio
2201 985 2383 1030 mente
2412 973 2555 1045 quod
2593 971 2648 1026 in
2681 971 2846 1027 rebus
2873 968 3033 1026 factis
3074 968 3377 1040 conspicio,
3405 982 3569 1036 quam
3613 966 3670 1021 id

2082 1067 2225 1140 quod
2276 1082 2492 1124 onmem
2542 1066 2837 1120 humanum
2889 1063 3224 1119 intellectum
3279 1059 3671 1117 transcendere

2084 1157 2325 1229 intelligo
2349 1176 2362 1212 :
2397 1172 2521 1211 nam
2554 1157 2708 1211 valde
2737 1143 2924 1209 minus
2949 1152 3173 1224 aliquid,
3198 1152 3307 1207 imo
3337 1151 3496 1222 longe
3519 1150 3669 1207 aliud

2084 1245 2138 1302 in
2166 1258 2347 1304 mente
2373 1262 2492 1303 mea
2532 1261 2628 1301 sua
2670 1245 3068 1316 signiﬁcatione
3114 1242 3474 1307 constituunt,
3502 1257 3670 1312 quam

2084 1339 2156 1394 sit
2193 1338 2322 1394 illud
2352 1338 2419 1394 ad
2457 1338 2602 1409 quod
2654 1336 3063 1407 intelligendum
3113 1349 3210 1405 per
3258 1334 3402 1390 hanc
3450 1344 3670 1388 tenuem

2084 1427 2535 1499 signiﬁcationem
2569 1442 2722 1482 mens
2761 1426 2876 1495 ipsa
2926 1436 3045 1480 mea
3096 1431 3331 1481 conatur
3376 1420 3667 1494 proﬁcere.

2084 1518 2240 1584 Nam,
2281 1532 2382 1574 nec
2411 1530 2607 1574 nomen
2655 1517 2939 1588 sapientia:
2968 1516 3102 1572 mihi
3147 1515 3343 1571 suilicit
3382 1514 3673 1570 ostendere

2083 1607 2236 1676 illud,
2271 1622 2366 1678 per
2395 1607 2539 1678 quod
2577 1607 2757 1663 omnia
2797 1606 2940 1663 facta
2974 1617 3101 1661 sunt
3128 1606 3196 1661 de
3241 1603 3434 1670 nihilo,
3465 1613 3521 1660 et
3549 1619 3669 1659 ser-

408 1692 535 1747 illud
562 1694 772 1751 ratione
804 1687 1112 1765 explicitum
1143 1704 1226 1751 est
1246 1695 1337 1760 ⁸⁸⁸,
1360 1693 1595 1766 qualiter
1619 1704 1701 1749 est
1729 1692 1818 1748 illa
1847 1692 1982 1747 inei-
2012 1699 2057 1754 Β
2081 1704 2278 1751 vantur
2300 1710 2330 1751 a
2357 1696 2556 1763 nihilo;
2591 1709 2698 1753 nec.
2713 1708 2910 1752 nomen
2940 1695 3195 1751 essentia:
3228 1695 3358 1749 mihi
3404 1693 3548 1749 valet
3577 1709 3672 1749 ex-

407 1780 620 1838 t'abilis?
647 1784 752 1840 Aut
792 1784 840 1839 si
887 1783 1170 1841 ineffabilia
1201 1785 1270 1818 ⁸³⁸
1297 1794 1422 1851 est,
1467 1785 1739 1857 quomodo
1761 1794 1848 1839 est
1870 1784 1941 1839 ita
1964 1824 1978 1847 ,

406 1870 542 1925 sicut
579 1871 913 1941 disputatum
944 1876 1067 1931 est?
1100 1874 1185 1930 An
1235 1877 1616 1944 quodanteuus
1658 1875 1730 1909 ⁸⁸⁸
1774 1877 1842 1929 de
1891 1873 1981 1929 illa

405 1963 580 2030 potuit
608 1965 870 2035 explicari
895 1984 908 2019 :
941 1976 997 2022 et
1044 1968 1164 2023 ideo
1193 1967 1326 2022 nihil
1356 1966 1608 2037 prohibet
1636 1981 1756 2024 esse
1793 1981 1980 2021 verum

403 2054 547 2123 quod
576 2055 908 2126 disputatum
932 2054 1051 2116 est.
1094 2056 1202 2116 Sed
1248 2060 1373 2127 quia
1405 2061 1624 2130 penitus
1659 2076 1762 2115 non
1808 2061 1985 2130 potuit

403 2149 810 2217 comprehendi,
846 2151 1051 2208 idcirco
1092 2160 1179 2209 est
1224 2153 1536 2209 inell'abilis.
1592 2153 1699 2210 Sed
1744 2155 1810 2208 ad
1851 2154 1981 2207 illud

402 2238 531 2305 quid
589 2241 904 2310 responderi
954 2244 1176 2313 poterit,
1213 2245 1356 2312 quod
1403 2243 1515 2312 jam
1565 2259 1726 2315 supra
1781 2244 1833 2299 in
1881 2245 1983 2300 hac

406 2330 520 2397 ipsa
551 2330 916 2400 disputatione
940 2334 1215 2400 constitit;
1255 2335 1382 2404 quia
1409 2335 1490 2391 sic
1530 2334 1613 2390 est
1657 2350 1866 2391 summa
1896 2349 1983 2390 es-

404 2421 578 2475 sentia
607 2434 772 2492 supra
799 2433 853 2478 et
893 2433 1048 2478 extra
1086 2438 1300 2479 omnem
1332 2425 1492 2479 aliam
1522 2434 1794 2492 naturam,
1831 2436 1893 2480 ut
1936 2426 1981 2480 si

404 2511 621 2578 quando
638 2513 705 2567 de
726 2511 818 2565 illa
846 2513 1047 2567 dicitur
1072 2510 1275 2582 aliquid
1305 2514 1506 2581 verbis,
1528 2528 1650 2585 qua:
1677 2516 1981 2571 communia

403 2610 531 2656 sunt
557 2602 680 2658 aliis
705 2603 947 2669 naturis,
983 2611 1175 2660 sensus
1202 2605 1508 2661 nullatenus
1536 2605 1608 2660 sit
1636 2602 1985 2662 communis?

404 2692 575 2757 Quem
624 2693 767 2748 enim
817 2703 1035 2750 sensum
1087 2695 1141 2750 in
1192 2697 1444 2753 omnibus
1491 2695 1578 2751 his
1612 2696 1814 2763 verbis,
1863 2712 1983 2768 qua:

404 2784 657 2855 cogitavi,
697 2785 936 2841 intellexi
980 2786 1085 2842 nisi
1110 2799 1452 2842 communem
1480 2795 1536 2843 et
1583 2788 1888 2844 usitatum?
1924 2788 1981 2844 Si

404 2892 534 2948 ergo
570 2878 803 2934 usitatus
857 2890 1050 2935 sensus
1083 2879 1371 2935 verborum
1405 2880 1616 2937 alienus
1645 2891 1725 2937 est
1778 2882 1847 2937 ab
1893 2882 1981 2938 illa

406 2970 474 3002 ’δην
492 2987 508 3037 ;
546 2970 808 3040 quidquid
850 2971 1209 3027 ratiocinatus
1243 2987 1383 3039 sum,
1428 2988 1537 3028 non
1562 2976 1797 3044 pertinet
1825 2974 1891 3029 ad
1921 2975 1983 3029 il-

407 3065 533 3117 lam.
556 3063 840 3131 Quomodo
878 3064 1042 3136 igitur
1065 3076 1252 3120 verum
1292 3076 1376 3121 est
1413 3033 1689 3121 inventum
1742 3082 1864 3123 esse
1910 3068 1980 3100 ⁸⁸⁸
2008 3033 2050 3091 C

402 3154 600 3224 aliquid
630 3154 700 3210 de
740 3165 953 3211 summa
985 3158 1261 3222 essentia;
1302 3158 1347 3213 si
1389 3158 1531 3228 quod
1567 3167 1648 3214 est
1679 3159 1977 3227 inventum,

405 3245 559 3314 longe
579 3245 856 3302 diversum
883 3255 965 3303 est
995 3247 1064 3303 ab
1096 3248 1223 3303 illa?
1251 3249 1390 3318 Quid
1416 3251 1582 3322 ergo?
1604 3249 1685 3305 An
1713 3252 1978 3322 quodam-

403 3334 564 3391 modo
584 3336 861 3392 inventum
890 3348 973 3395 est
1002 3339 1201 3409 aliquid
1227 3340 1293 3395 de
1318 3334 1848 3411 incomprehensibili
1881 3357 1941 3397 re
1964 3359 1978 3407 ;

403 3434 459 3481 et
492 3428 890 3497 quodammodo
937 3424 1066 3485 nihil
1097 3440 1439 3501 perspectum
1470 3441 1556 3487 est
1601 3432 1667 3488 de
1698 3433 1797 3489 ea?
1827 3433 1981 3503 Saepe

407 3529 638 3587 namque
673 3519 839 3574 multa
867 3521 1121 3584 dicimus,
1156 3537 1277 3591 qua:
1306 3523 1521 3593 proprie
1551 3523 1694 3580 sicut
1717 3534 1841 3580 sunt
1872 3541 1977 3581 non

404 3609 796 3679 exprimimus;
844 3614 940 3667 sed
985 3626 1083 3682 per
1118 3613 1263 3669 aliud
1320 3614 1690 3686 signiﬁcamus
1734 3616 1787 3671 id
1837 3619 1980 3687 quod

405 3702 622 3772 proprie
650 3711 746 3757 aut
776 3703 1050 3769 nolumus,
1082 3713 1176 3760 aut
1213 3701 1285 3738 ⁸⁸⁵
1314 3714 1421 3761 non
1452 3718 1741 3776 possumus
1787 3707 1979 3778 depro-

405 3806 581 3858 mere,
634 3802 694 3849 at
745 3806 869 3852 cum
920 3807 1019 3866 per
1062 3794 1349 3868 aenigmata
1397 3796 1686 3866 loquimur.
1722 3792 1789 3852 Et
1837 3812 1979 3868 stepe

401 3885 649 3942 videmus
675 3886 897 3958 aliquid,
921 3900 1030 3943 non
1055 3882 1270 3959 proprie
1302 3887 1376 3920 ⁶¹⁹
1414 3884 1863 3958 quemadmodum
1891 3898 1980 3944 res

405 3981 516 4046 ipsa
555 3982 676 4045 est;
715 3979 810 4034 sed
848 3990 947 4048 per
975 3972 1209 4050 aliquam
1262 3976 1671 4033 similitudinem
1705 3987 1799 4032 aut
1845 3980 1979 4032 ima-

402 4067 605 4134 ginem,
632 4076 694 4122 ut
720 4080 840 4123 eum
881 4067 1088 4124 vultum
1128 4068 1352 4140 alicujus
1382 4064 1449 4102 ⁶⁹¹
1483 4064 1891 4124 consideramus
1922 4070 1977 4123 in

402 4158 639 4226 speculo.
670 4158 764 4215 Sic
789 4158 985 4230 quippe
1010 4172 1172 4214 unam
1209 4158 1561 4229 eamdemque
1604 4172 1717 4216 rem
1748 4153 1978 4216 dicimus

400 4256 457 4302 et
484 4261 593 4303 non
616 4248 874 4317 dicimus;
916 4248 1160 4306 videmus
1201 4260 1257 4307 et
1294 4263 1400 4307 non
1428 4254 1674 4308 videmus
1707 4272 1720 4306 :
1749 4252 1977 4309 dicimus

402 4348 458 4393 et
481 4339 726 4397 videmus
754 4354 850 4412 per
880 4336 1057 4409 aliud;
1105 4354 1211 4397 non
1254 4340 1487 4398 dicimus
1514 4352 1568 4397 et
1596 4354 1703 4399 non
1732 4344 1977 4399 videmus

404 4442 500 4499 per
528 4445 680 4488 suam
711 4435 1093 4506 proprietatem
1123 4426 1214 4491 δ”.
1267 4433 1379 4508 (70)
1408 4428 1525 4490 llac
1552 4436 1735 4505 itaque
1768 4437 1977 4492 ratione

404 4523 535 4578 nihil
580 4526 827 4594 prohibet
856 4535 910 4581 et
940 4539 1128 4584 verum
1158 4540 1280 4585 esse
1328 4527 1470 4598 quod
1512 4526 1842 4598 disputatum
1890 4538 1977 4583 est

405 4611 668 4668 hactenus
691 4616 759 4670 de
789 4630 998 4671 summa
1033 4624 1259 4684 natura;
1284 4628 1336 4674 et
1362 4619 1531 4690 ipsam
1564 4624 1743 4673 tamen
1783 4618 1973 4672 nihilo-

2082 1790 2323 1859 primere
2379 1787 2534 1853 illud,
2584 1789 2729 1859 quod
2792 1798 2891 1858 per
2942 1786 3268 1859 singularem
3324 1784 3668 1840 altitudinem

2082 1882 2243 1951 longe
2295 1890 2379 1937 est
2414 1866 2574 1953 supra
2613 1880 2817 1945 omnia,
2849 1889 2905 1934 et
2944 1892 3040 1948 per
3087 1876 3390 1933 naturalem
3422 1877 3670 1947 proprie-

2082 1980 2247 2027 tatem
2276 1971 2431 2029 valde
2470 1983 2553 2029 est
2581 1980 2733 2028 extra
2776 1971 2978 2027 omnia.
3010 1969 3101 2025 Sic
3140 1984 3272 2041 ergo
3326 1968 3418 2023 illa
3460 1976 3590 2023 natu
3609 1983 3670 2022 ra

2081 2073 2138 2119 et
2186 2060 2480 2119 ineﬁ'abilis
2528 2075 2652 2128 est;
2693 2064 2818 2132 quia
2868 2076 2966 2132 per
2992 2060 3192 2126 verba,
3245 2060 3404 2116 sicuti
3434 2068 3517 2114 est
3550 2058 3655 2113 nul-

2082 2156 2295 2210 latenus
2318 2154 2467 2210 valet
2499 2154 2737 2209 intimari
2767 2173 2781 2207 :
2815 2162 2869 2208 et
2899 2151 3094 2207 falsum
3119 2167 3225 2206 non
3254 2161 3358 2220 est,
3384 2151 3428 2206 si
3453 2152 3580 2221 quid
3604 2150 3671 2205 de

2083 2249 2191 2312 illa,
2224 2251 2434 2304 ratione
2481 2246 2728 2310 docente,
2767 2259 2863 2315 per
2911 2243 3056 2298 aliud
3105 2242 3253 2298 velut
3294 2243 3351 2296 in
3378 2242 3675 2311 mnigmatc

2082 2347 2261 2409 potest
2290 2338 2569 2394 aestimari.

2392 2486 2393 2491 η
2439 2427 2669 2500 CAPUT
2695 2424 2859 2483 LXVI
2884 2426 2981 2500 [αι.
3009 2423 3196 2500 LXIV]
3216 2423 3305 2478 ⁸⁸³.

2086 2499 2245 2567 Quod
2288 2514 2379 2569 per
2407 2498 2720 2554 rationalem
2750 2494 2974 2554 ment—em
3013 2494 3242 2550 maxime
3272 2494 3553 2569 accedatur
3600 2495 3674 2547 ad

2357 2569 2773 2640 cognoscendum
2809 2582 3071 2623 summam
3116 2566 3421 2620 essentiam.

2082 2661 2426 2718 Cousncrus
2461 2676 2784 2716 CAPITIS.-—-
2814 2659 2960 2715 Nihil
3006 2658 3190 2727 itaque
3230 2656 3296 2711 de
3336 2655 3424 2711 illa
3476 2664 3671 2727 natura

2157 2743 2335 2857 Eotest
2386 2731 2590 2803 percipi
2616 2747 2739 2813 .per
2786 2726 3223 2812 proprietatem,‘
3253 2727 3346 2782 sed
3377 2741 3474 2796 per
3500 2726 3670 2807 aliud.

2206 2818 2303 2857 τεο
2333 2812 2486 2857 tanto
2536 2801 2699 2855 altius
2735 2808 2973 2856 creatrix
3021 2806 3262 2854 essentia
3287 2805 3670 2857 cognoscitur,

2206 2818 2303 2874 rgo
2333 2796 2486 2857 tanto
2536 2796 2699 2874 altius
2735 2796 2973 2874 creatrix
2999 2797 3262 2874 essentia
3287 2796 3671 2874 cognoscitur,

2155 2865 2357 2951 quanto
2392 2884 2490 2951 per
2524 2871 2975 2951 propinquiorem
2997 2868 3099 2951 ipsi
3123 2865 3427 2951 creaturam
3449 2865 3677 2951 indaga-

2157 2934 2260 2996 t'nr.
2277 2934 2429 2997 Sicut
2450 2934 2753 3008 itaque'sola
2771 2952 2923 2995 mens
2935 2934 3213 2994 rationalis
3234 2938 3300 2992 ad
3321 2934 3436 3008 ejus
3450 2935 3677 2990 invesﬁ-

2154 3012 2424 3083 gationem
2460 3006 2746 3083 ass—urgere
2782 3011 2957 3083 valet,
2989 3010 3061 3083 ita
3091 3008 3279 3083 eadem
3299 3006 3410 3062 sola
3442 3014 3547 3083 est,
3574 3021 3676 3074 per

2153 3076 2313 3152 quam
2330 3082 2563 3136 maxime
2584 3076 2889 3152 ipsametad
2901 3079 3390 3152 ejusinventionem
3406 3076 3675 3146 proﬁcere

2200 3162 2326 3233 neat
2344 3166 2360 3206 :
2378 3153 2503 3222 quia
2531 3147 2645 3233 haec
2666 3147 3299 3233 illiprOpipquataUn-de
3319 3153 3675 3233 quantonstn-

2154 3214 2358 3277 diosius
2383 3214 2536 3276 mens
2556 3223 2622 3276 ad
2638 3234 2698 3276 se
2717 3214 3028 3275 discendum
3059 3218 3308 3280 intendit,
3324 3214 3473 3272 tanto
3487 3214 3673 3271 elliea-

2156 3293 2272 3348 eius
2295 3294 2361 3347 ad
2389 3292 2533 3348 illius
2553 3304 2777 3346 summa;
2801 3290 3048 3346 essentia:
3075 3288 3434 3358 cegnitionem
3480 3300 3675 3358 ascen-

2155 3362 2233 3417 dit
2251 3380 2266 3419 :
2284 3371 2565 3443 etquanto
2583 3376 2641 3443 se
2663 3361 2859 3443 intueri
2892 3360 3116 3443 negligit
3128 3356 3311 3443 [tanto
3329 3372 3359 3410 a
3387 3356 3673 3443 creatricis

2156 3427 2405 3487 essentia}
2454 3431 2818 3502 speculatione
2864 3439 2919 3485 et
2962 3427 3156 3485 intuitu
3190 3427 3487 3482 descendit.

2156 3526 2290 3581 Cum
2316 3524 2476 3596 igitur
2497 3531 2679 3594 pateat
2701 3522 2827 3592 quia
2854 3521 2925 3554 δυ’
2956 3520 3086 3575 nihil
3110 3519 3177 3573 de
3205 3516 3308 3574 hac
3333 3526 3520 3572 natura
3544 3530 3672 3587 pos-

2084 3618 2156 3672 sit
2197 3616 2399 3688 percipi
2440 3632 2536 3686 per
2574 3629 2725 3671 suam
2753 3611 3141 3683 proprietatem
3167 3649 3183 3676 ,
3224 3610 3319 3664 sed
3349 3622 3449 3678 per
3475 3606 3621 3661 aliud
3650 3647 3667 3669 ,

2083 3718 2291 3765 certum
2332 3715 2419 3763 est
2445 3708 2569 3778 quia
2609 3720 2704 3778 per
2749 3703 2880 3760 illud
2912 3702 3084 3772 magis
3125 3701 3193 3755 ad
3243 3700 3361 3770 ejus
3400 3697 3670 3768 cognitio-

2083 3816 2204 3858 nem
2240 3800 2308 3833 ’π
2347 3798 2641 3862 acceditur,
2675 3796 2818 3868 quod
2846 3794 2922 3850 illi
2964 3792 3134 3865 magis
3175 3790 3247 3823 ‘9‘
3286 3805 3384 3861 per
3410 3787 3669 3843 similitu»

2082 3892 2261 3948 dinem
2298 3889 2642 3961 propinquat.
2665 3883 2935 3955 Quidquid
2964 3884 3107 3939 enim
3139 3881 3283 3936 inter
3308 3886 3494 3934 creata
3535 3891 3669 3933 con-

2082 3990 2191 4037 stat
2242 3979 2318 4035 illi
2363 3994 2483 4036 esse
2532 3972 2782 4041 similius,
2812 3976 2867 4031 id
2917 3986 3138 4031 necesse
3177 3980 3262 4027 est
3304 3986 3426 4026 esse
3467 3977 3663 4023 natura

2080 4071 2448 4143 praestantius.
2498 4069 2839 4139 Quapropter
2875 4066 2927 4121 id
2957 4071 3013 4121 et
3051 4077 3149 4135 per
3181 4062 3442 4133 majorem
3471 4059 3668 4115 simili-

2082 4164 2318 4220 tudinem
2373 4162 2491 4233 plus
2537 4160 2691 4233 juvat
2742 4169 2976 4215 mentem
3036 4157 3386 4226 indagantem
3440 4166 3669 4208 summa:

2078 4250 2296 4310 veritati
2320 4251 2712 4324 propinquare;
2743 4258 2797 4305 et
2822 4264 2919 4319 per
2948 4245 3393 4303 excellentiorem
3425 4250 3667 4317 crezﬁim

2084 4345 2375 4402 essentiam
2401 4343 2519 4415 plus
2542 4344 2701 4399 docet
2733 4341 2861 4412 quid
2898 4341 2963 4396 de
2983 4345 3205 4395 creante
3233 4351 3387 4392 mens
3417 4335 3530 4405 ipsa
3572 4334 3666 4388 de-

2084 4438 2210 4493 beat
2262 4436 2553 4492 aestimare.
2610 4431 2806 4489 Procul
2861 4426 3029 4489 dubio
3074 4432 3258 4500 itaque
3307 4434 3458 4481 tanto
3501 4420 3668 4478 altius

2083 4527 2319 4581 creatrix
2367 4524 2603 4581 essentia
2648 4521 3029 4593 cognoscitur,
3084 4527 3289 4591 quanto
3317 4530 3416 4587 per
3444 4514 3689 4587 propin-7.

2083 4617 2327 4686 quiorem
2353 4616 2455 4673 sibi
2503 4623 2813 4671 creaturam
2839 4611 3148 4682 indagatnr.
3192 4606 3325 4663 Nam
3355 4604 3498 4677 quod
3545 4619 3691 4659 om-*

1680 4718 1907 4807 vatum
1946 4751 2345 4810 LECTIONES.

471 4860 543 4934 β’
592 4858 699 4917 Sed
753 4870 967 4919 rurSum
1020 4867 1066 4921 si
1098 4867 1174 4933 ita
1224 4876 1329 4934 est,
1362 4878 1461 4924 etc.
1507 4870 1561 4922 in
1605 4882 1731 4920 mss.
1795 4867 1880 4920 hic
1920 4865 2317 4934 ineipitrcaput
2362 4861 2613 4934 65,_sab
2666 4857 2967 4934 hochtitulg
3005 4871 3024 4909 :

1864 4933 1939 4967 ⁸⁸³
1962 4920 2048 4988 ῡέ
2090 4933 2178 4989 illa
2225 4920 2533 4989 substantia
2581 4944 2707 4984 mss.
2756 4920 3251 4995 Vict.Sag.’Thu.
3306 4920 3663 4995 Gcm.__amitt.

400 4932 492 5007 bili
523 4945 617 4998 re,
645 4942 743 5007 etc.
783 4944 855 5007 qut
886 4935 961 5007 _in
992 4936 1160 5007 titulo
1190 4932 1345 5007 caput
1371 4937 1459 4992 65.
1490 4941 1544 4992 in
1579 4939 1734 5007 editis

3054 4853 3345 4921 Quomodo
3362 4848 3428 4906 de
3473 4848 3663 4907 ineﬂ‘a-

400 4990 709 5075 substantia
744 4997 856 5075 ᾖθὲ
882 5002 1110 5075 Ratione
1134 4990 1457 5075 explicatam
1479 4990 1563 5063 est
1582 4990 1859 5061 msal’ict.
1899 5002 2109 5060 ratiOne
2134 5002 2565 5075 expliciatum‘est
2586 5015 2711 5054 mss.
2736 4997 2864 5075 Sag.
2895 4990 3029 5050 Tini.
3085 4995 3294 5049 ratione
3341 4990 3662 5075 explicitum

397 5082 482 5130 est
551 5067 1139 5147 “‘Siillaiueﬁ‘abilis
1162 5061 1288 5130 nias.
1323 5061 1625 5147 Thml’iict.
1669 5075 1799 5147 Sag.
1830 5061 2233 5147 Cisteraomitt'.
2282 5074 2368 5147 illa
2443 5071 2512 5103 ⁸⁸⁸
2542 5072 2650 5124 Ant
2704 5061 3081 5140 quodantenus
3122 5080 3251 5118 mss.
3292 5076 3393 5147 an,
3416 5061 3663 5147 quodam

628 5140 700 5179 ³⁸⁷
721 5142 942 5202 Alienus
957 5155 1039 5201 est
1057 5148 1123 5202 ad
1158 5147 1246 5201 illa
1270 5162 1394 5201 mss.
1430 5146 1637 5202 alienus
1657 5140 1834 5201 est'ab
1858 5144 1946 5200 illa

2020 5144 2091 5178 ⁸⁸⁸
2120 5142 2316 5199 Verum
2342 5142 2620 5198 inventum
2650 5130 2738 5195 esi
2759 5153 2878 5195 esse
2901 5150 3025 5191 mss.
3053 5146 3242 5190 verum
3277 5144 3358 5188 est
3379 5130 3662 5185 inventam

394 5232 518 5273 rsse
588 5215 660 5252 ⁸⁸⁸
685 5216 792 5272 Aut
816 5212 1063 5272 volumus
1090 5226 1181 5271 aut
1202 5232 1328 5270 mss.
1353 5226 1446 5271 aut
1484 5215 1754 5281 nolumus,
1782 5227 1875 5270 aut
1947 5216 2016 5247 πο
2042 5214 2157 5270 Non
2198 5226 2261 5284 pr

403 5287 606 5343 vultum
631 5287 860 5357 alicujus
931 5285 1001 5319 °"
1036 5286 1102 5339 In
1133 5302 1257 5341 mss.
1283 5289 1619 5341 continuatur
1646 5295 1801 5356 caput
1829 5285 2145 5357 prtecedens.

2409 5228 2533 5267 mss.
2595 5227 2699 5265 non
2727 5209 2946 5280 proprie
3017 5206 3085 5238 ‘“
3115 5204 3329 5260 Vultum
3350 5200 3505 5268 cujus
3530 5217 3660 5256 mss.

2249 5284 2269 5313 ϐ
2347 5282 2459 5316 Ιήις
2520 5280 2592 5316 αι
2635 5292 2706 5316 nol
2742 5284 2795 5316 in
2846 5294 2950 5316 mea
3024 5288 3175 5316 rnnm
3204 5274 3274 5316 RH
3372 5272 3443 5304 5“
3466 5270 3660 5316 Patent

2347 5282 2478 5353 Cap.
2520 5280 2592 5337 64
2633 5292 2706 5336 est
2731 5270 2798 5334 'in
2830 5270 3183 5353 ’mss._caput
3372 5272 3443 5304 ⁸⁸⁸
3465 5270 3665 5353 ῼἎιθει

400 5357 542 5431 quod
561 5342 693 5431 mss.
716 5342 932 5431 pateat,
970 5358 1097 5428 quia
1198 5357 1266 5389 6"
1290 5357 1423 5428 Ejus
1445 5342 1806 5431 cegnit‘ionem
1829 5342 1959 5409 'ms.
1996 5352 2129 5409 Tha.
2186 5353 2255 5410 50
2291 5342 2860 5426 ejus'cogitationem.
2932 5346 3007 5379 ‘3”
3032 5342 3186 5413 Quod
3218 5344 3291 5400 illi
3350 5342 3525 5414 magis
3556 5359 3658 5399 ms.

434 5425 536 5478 Ἱππ.
560 5424 630 5481 ὖυ
660 5424 767 5496 quo
796 5424 869 5483 illi
901 5424 1069 5499 magis

1890 5545 2117 5605 NOTAE.

474 5625 586 5692 (69)
613 5628 867 5694 Alias“.est
898 5649 1023 5701 pars
1050 5649 1167 5704 cap.
1206 5634 1292 5687 (ii.

2147 5638 2258 5708 (70)
2286 5638 2431 5693 Alias
2462 5636 2547 5691 hic
2577 5634 2765 5704 incipit
2792 5648 2914 5703 cap.
2948 5632 3037 5688 63.
