3926 6054
265 171 374 226 213

265 389 496 430 summa:
525 375 796 440 essentne,
833 377 975 436 ratio
1014 377 1130 446 jam
1162 395 1323 450 supra
1375 384 1716 440 considerata
1757 388 1856 442 du-

265 466 446 520 bitare
488 480 594 519 non
649 467 940 535 permittit.
993 468 1152 525 Patet
1189 471 1372 542 itaque
1411 476 1536 543 quia
1573 477 1712 532 sicut
1743 477 1854 532 sola

265 568 352 612 est
381 571 538 612 mens
571 557 850 614 rationalis
889 560 1029 616 inter
1071 575 1260 618 omnes
1288 575 1588 630 creaturas,
1625 583 1744 637 quae
1787 567 1854 623 ad

263 647 386 714 eius
408 648 876 718 investigationem
892 665 1174 719 assurgere
1188 654 1393 719 valeat;
1411 656 1482 710 ita
1505 657 1855 714 nihilominus

265 752 328 791 ea
351 737 457 790 lem
504 737 623 800 sola,
655 747 775 802 est,
807 753 904 810 per
943 755 1102 810 quam
1137 745 1370 802 maxime
1399 747 1626 816 ipsamet
1655 749 1720 803 ad
1747 748 1854 820 25

263 828 511 899 ejusdem
563 831 936 886 inventionem
981 834 1248 902 prolicere
1292 847 1476 907 queat.
1521 839 1688 906 Nam,
1741 841 1852 910 jam

267 918 543 987 cognitum
593 927 676 974 est
725 922 851 990 quia
889 922 1002 978 haac
1049 923 1126 978 illi
1167 928 1404 984 maxime
1450 945 1545 999 per
1589 933 1852 988 naturalis

265 1009 522 1062 essentize
589 1011 920 1086 propinquat
996 1013 1428 1072 similitudinem.
1488 1019 1624 1086 Quid
1690 1021 1854 1094 igitur

267 1097 546 1164 apertius,
580 1113 742 1168 quam
788 1101 910 1168 quia
962 1117 1114 1157 mens
1173 1105 1454 1162 rationalis
1495 1117 1697 1177 quanto
1740 1120 1851 1164 stu-

265 1185 474 1240 diosius
503 1188 570 1242 ad
607 1203 666 1244 se
703 1189 1018 1246 discendum
1061 1192 1332 1260 intendit;
1389 1205 1538 1254 tanto
1579 1197 1851 1256 ellicacius

265 1278 334 1330 ad
383 1278 530 1333 illius
563 1281 929 1350 cognitionem
963 1285 1210 1340 ascendit
1242 1304 1254 1338 :
1288 1297 1342 1342 et
1381 1300 1586 1358 quanto
1616 1291 1850 1360 seipsam

263 1365 494 1424 intuerit
521 1371 764 1442 negligit,
797 1383 952 1430 tanto
979 1375 1048 1431 ab
1073 1375 1191 1446 ejus
1220 1377 1591 1448 speculatione
1628 1381 1850 1439 descen-

261 1457 378 1513 dit?

615 1552 844 1608 CAPUT
883 1555 1066 1613 LXVII
1098 1557 1192 1631 [αι.
1219 1559 1384 1635 LXV]
1398 1564 1485 1617 δ”.

1669 182 2144 240 ΜΟΝΟΙιΟϐΙυΜ.

265 283 352 338 nis
399 281 662 349 essentia,
713 283 1029 353 inquantum
1080 294 1186 354 est,
1231 288 1502 346 intantum
1537 293 1608 348 sit
1660 294 1852 349 similis
1881 301 1930 356 Α

3421 197 3527 250 214

2028 293 2162 373 lio_ra
2193 305 2318 350 sunt
2345 295 2396 373 in
2423 305 2716 373 potestate,
2767 313 2830 373 ea
2883 301 3052 373 magis
3089 317 3206 358 esse
3243 305 3440 362 debent
3475 312 3530 365 in

2032 365 2327 422 voluntate.
2361 365 2563 444 Deinde
2607 365 2712 422 non
2753 369 2894 444 aliud
2921 365 3004 426 es't
3028 387 3148 430 esse
3177 377 3490 432 rationalem
3513 422 3528 444 ,

2029 449 2190 502 quam
2243 451 2399 505 posse
2463 437 2772 516 discernere
2836 440 3045 516 justum
3094 460 3124 498 a
3206 461 3312 500 non
3361 437 3528 516 justo,

2031 519 2217 559 verum
2245 521 2410 586 aInon
2435 523 2580 586 vero,
2613 505 2810 586 bonum
2838 505 2870 562 a
2903 525 3006 566 non
3035 515 3196 586 bono,
3227 505 3397 586 magis
3434 505 3532 574 bo;

2029 589 2212 655 num_a
2235 576 2412 655 minus
2437 577 2597 655 bono.
2626 577 2849 655 Frustra
2882 576 3193 655 autemista
3222 576 3397 655 potést
3425 590 3528 643 nisi

2030 645 2173 711 quod
2219 646 2524 720 discernit,
2561 656 2708 720 amet
2748 648 2853 720 _vel
2908 653 3186 720 reprohet,
3222 645 3532 712 secundum

2029 728 2170 795 verm
2215 715 2556 804 discretionis
2593 717 2887 804 judicium;
2927 715 3109 804 magis
3151 715 3402 804 videlicet
3445 730 3532 782 vel

2027 784 2208 857 minus
2235 787 2464 857 amando
2491 784 2632 854 quod
2657 789 2828 857 magis
2855 789 2940 842 vel
2973 784 3152 847 minus
3184 793 3381 849 bonum
3413 811 3534 852 esse

2021 851 2248 920 judicat.
2283 855 2426 924 Ergo
2451 851 2734 930 rationalis
2749 851 3004 914 creatura
3031 861 3097 914 ad
3133 864 3238 918 hoc
3265 865 3406 919 facta
3430 851 3530 930 est,

2029 933 2086 977 ut
2115 939 2380 978 summam
2407 927 2696 996 essentiam
2720 966 2734 989 ,
2758 939 2878 995 qua:
2901 938 2981 982 est
3007 945 3275 986 summum
3301 935 3495 990 bonum
3518 927 3532 996 ζ

2029 1002 2173 1046 amet
2207 1009 2370 1062 super
2405 995 2587 1049 omnia
2635 996 2810 1062 bona;
2849 997 2956 1050 imo
2983 1009 3041 1052 ut
3085 1001 3218 1055 nihil
3247 1013 3391 1058 amet
3429 995 3532 1061 nisi

2029 1063 2203 1128 illam,
2230 1065 2354 1136 quia
2395 1064 2493 1136 illa
2531 1073 2615 1119 est
2655 1065 2794 1120 bona
2825 1082 2919 1136 per
2949 1083 3007 1124 se
3028 1110 3042 1134 ,
3068 1079 3122 1123 et
3153 1073 3286 1125 nihil
3321 1085 3402 1128 est
3429 1075 3530 1130 bo-

2029 1147 2154 1186 num
2191 1133 2293 1187 nisi
2321 1149 2418 1203 per
2440 1134 2613 1188 illam.

2031 1223 2300 1296 Consequi
2321 1227 2578 1296 itaque70°
2598 1227 2810 1284 videtur
2831 1229 2970 1299 quod
2993 1231 3273 1288 rationalis
3288 1243 3534 1290 creatura

1959 1314 2098 1370 nihil
2131 1324 2342 1372 tantum
2379 1318 2540 1374 debet
2585 1318 2834 1384 studere,
2878 1336 3039 1390 quam
3081 1323 3218 1379 hanc
3249 1326 3534 1397 imaginem

1953 1403 2055 1458 sibi
2101 1420 2200 1470 per
2238 1405 2540 1466 naturalem
2575 1408 2870 1474 potentiam
2927 1409 3283 1480 impressam,
3315 1431 3410 1484 per
3441 1432 3534 1470 vo-

1951 1496 2244 1552 luntarium
2273 1495 2524 1553 effectum
2563 1499 2888 1568 exprimere.
2925 1501 3134 1556 Etenim
3173 1517 3369 1574 praeter
3401 1509 3530 1574 hoc,

1952 1587 2095 1655 quod
2125 1586 2334 1641 creanti
2375 1601 2431 1641 se
2473 1585 2636 1642 debet
2682 1587 2784 1642 hoc
2831 1589 3004 1659 ipsum
3057 1593 3196 1662 quod
3243 1605 3368 1650 est:
3409 1598 3534 1652 hinc

297 1639 454 1744 Quae
496 1659 640 1697 mens
670 1645 782 1713 ipsa
813 1648 1080 1756 speculum
1112 1649 1248 1720 ejus,
1292 1663 1340 1708 et
1373 1655 1546 1727 imago
1575 1659 1691 1728 ejus
1717 1661 1806 1716 sit.
1875 1645 1922 1706 Β
1949 1639 2273 1746 (ξιιοίμιθτοι,
2297 1676 2422 1744 quia
2455 1675 2588 1730 nihil
2621 1685 2729 1730 tam
2767 1639 3103 1749 praacipuum
3153 1696 3336 1750 posse,
3372 1700 3532 1756 quam

259 1729 608 1806 Cossuran-rus
646 1750 877 1794 CAPITIS.
901 1739 1260 1805 ——Quoniam
1299 1745 1412 1800 sola
1465 1763 1618 1803 mens
1663 1759 1718 1804 et
1761 1751 1844 1806 sui

333 1811 392 1858 et
422 1805 583 1874 hujus
611 1821 834 1890 summa:
860 1811 1108 1890 essentne
1136 1829 1343 1890 memor
1367 1825 1420 1870 et
1453 1818 1758 1890 intelligens
1793 1805 1848 1876 et

331 1888 526 1958 amans
555 1890 676 1930 esse
697 1886 898 1957 potest
928 1895 941 1936 :
975 1879 1097 1934 ideo
1125 1897 1205 1958 ea
1235 1886 1348 1938 sola
1381 1901 1506 1940 vera
1541 1879 1847 1958 est'imago

329 1941 476 2019 illius
507 1941 759 2002 essentia:
781 1987 794 2010 ,
825 1963 945 2016 qua:
986 1965 1082 2018 per
1125 1954 1207 2006 sui
1257 1941 1623 2019 memoriam,
1653 1941 1846 2016 intem:-

329 2013 594 2086 gentiam,
615 2023 670 2070 et
698 2013 960 2085 amorem,
987 2013 1046 2074 in
1079 2020 1345 2086 Trinitate
1373 2013 1632 2082 inell'abili
1665 2013 1846 2086 consi-

327 2083 446 2136 stit.
465 2084 699 2142 Maxime
716 2095 896 2144 autem
919 2083 972 2142 in
997 2089 1098 2146 hoc
1126 2107 1278 2146 mens
1302 2083 1387 2148 est
1403 2097 1595 2152 similis
1619 2083 1846 2156 summa:

327 2157 596 2238 essentne
644 2159 788 2238 quod
839 2160 1014 2238 possit
1071 2164 1389 2238 reminisci,
1444 2167 1742 2238 intelligere
1793 2180 1848 2225 et

331 2237 518 2278 amare
543 2225 598 2282 id
617 2225 762 2296 quad
791 2230 1054 2308 optimum
1079 2239 1135 2290 et
1161 2225 1456 2291 maximum
1483 2247 1585 2303 est,
1614 2225 1716 2294 hoc
1741 2249 1845 2306 est,

333 2308 606 2350 summam
643 2309 956 2354 essentiam.

329 2384 627 2453 Aptissime
651 2387 815 2458 igitur
833 2389 902 2421 ⁸³⁸
929 2391 1046 2460 ipsa
1073 2393 1294 2450 sibimet
1322 2410 1446 2453 esse
1486 2398 1630 2454 velut
1659 2415 1848 2472 specu-

257 2471 368 2527 lum
397 2473 504 2530 dici
531 2485 726 2546 potest,
755 2477 806 2532 in
829 2495 938 2550 quo
959 2483 1290 2552 speculetur,
1313 2497 1373 2542 ut
1392 2489 1464 2546 ita
1491 2471 1697 2558 dicam,
1715 2490 1847 2546 ima-

257 2564 442 2633 ginem
490 2567 608 2635 ejus
653 2583 813 2636 quam
863 2570 1002 2626 facie
1049 2573 1116 2628 ad
1165 2573 1358 2630 faciem
1408 2576 1593 2632 videre
1637 2580 1842 2650 nequit.

257 2655 395 2710 Nam
423 2697 438 2720 ,
469 2658 516 2714 si
545 2673 695 2716 tuens
729 2661 840 2730 ipsa
869 2663 986 2718 sola
1011 2680 1077 2722 ex
1109 2667 1361 2724 omnibus
1383 2683 1504 2738 qua:
1527 2671 1668 2726 facta
1696 2682 1845 2740 sunt,

261 2749 342 2803 sui
371 2764 584 2804 memor
613 2760 668 2805 et
701 2752 1008 2826 intelligens
1035 2767 1090 2812 et
1117 2773 1307 2816 amans
1335 2776 1456 2818 esse
1491 2771 1707 2832 potest,
1739 2779 1846 2820 non

257 2839 422 2892 video
451 2855 550 2894 cur
577 2853 806 2911 negetur
839 2861 957 2900 esse
987 2848 1038 2902 in
1069 2848 1158 2904 illa
1197 2865 1323 2906 vera
1371 2855 1550 2926 imago
1589 2854 1734 2910 illius
1761 2869 1846 2910 es-

260 2931 484 2996 sentne,
533 2946 653 3000 qua:
681 2949 778 3004 per
807 2937 888 2992 sui
933 2942 1250 2998 memoriam
1271 2984 1286 3008 ,
1317 2955 1373 3000 et
1401 2944 1810 3018 intelligentiam
1830 2988 1845 3012 ,

261 3031 314 3075 et
362 3037 606 3078 amorem
658 3025 710 3080 in
759 3026 1026 3085 Trinitate
1081 3031 1336 3090 ineffabili
1411 3012 1680 3094 consistit.
1742 3012 1924 3092 Autc

261 3121 410 3166 certe
426 3113 497 3144 5”
526 3115 652 3170 inde
679 3118 864 3176 verius
889 3133 1010 3176 esse
1040 3121 1185 3178 illius
1209 3139 1268 3180 se
1303 3125 1500 3196 probat
1530 3127 1847 3198 imaginem;

260 3203 386 3272 quia
437 3202 581 3260 illius
623 3215 798 3275 potest
827 3224 947 3265 esse
991 3226 1220 3281 memor,
1270 3215 1419 3272 illam
1463 3217 1760 3290 intelligere
1797 3229 1854 3276 et

261 3307 470 3349 amare.
504 3293 560 3350 In
587 3313 694 3368 quo
716 3299 862 3354 enim
895 3303 1066 3374 major
1097 3313 1184 3360 est
1208 3309 1264 3362 et.
1303 3307 1377 3362 illi
1409 3308 1671 3378 similior,
1700 3312 1758 3366 in
1787 3327 1851 3370 eo

259 3387 446 3440 Verior
471 3386 616 3444 illius
645 3403 765 3446 esse
794 3391 974 3464 imago
1013 3395 1376 3466 cognoscitur.
1408 3396 1642 3456 Omnino
1669 3411 1849 3457 autem

263 3475 494 3544 cogitari
561 3493 666 3534 non
714 3489 891 3551 potest
929 3483 1184 3540 rationali
1227 3499 1491 3546 creatura:
1533 3491 1852 3547 naturaliter

261 3577 382 3618 esse
411 3565 598 3622 datum
640 3569 846 3640 aliquid
891 3579 1000 3626 tam
1027 3575 1390 3646 prmcipuum,
1425 3589 1645 3650 tamque
1673 3582 1851 3637 simile

264 3667 492 3710 summa:
521 3658 802 3728 sapientiae
836 3677 998 3732 quam
1027 3669 1164 3736 hoc,
1193 3670 1320 3738 quia
1349 3677 1526 3738 potest
1549 3669 1848 3738 reminisci,

263 3753 316 3796 et
341 3744 674 3818 intelligere,
723 3761 779 3808 et
823 3770 1009 3812 amare
1046 3759 1098 3814 id
1129 3761 1271 3832 quod
1305 3762 1567 3832 optimum
1598 3771 1654 3816 et
1679 3765 1851 3816 maxi-

265 3851 416 3890 mum
443 3847 530 3893 est
553 3842 820 3901 omnium.
852 3846 998 3902 Nihil
1025 3849 1186 3920 igitur
1214 3851 1358 3904 aliud
1389 3859 1474 3906 est
1501 3851 1731 3906 inditum
1754 3851 1852 3908 ali-

265 3929 348 3983 cui
373 3943 643 3994 creatura:
686 3940 832 4007 quod
854 3941 934 3996 sic
957 3943 1212 4012 praeferat
1237 3945 1524 4018 imaginem
1553 3943 1847 4002 Creatoris.

729 4047 957 4106 CAPUT
1003 4051 1210 4110 vaut
1253 4057 1388 4126 (η).

267 4129 428 4194 Quod
453 4135 729 4192 rationalis
755 4151 1004 4224 creature
1023 4144 1092 4198 ad
1113 4146 1398 4200 amandum
1424 4147 1568 4200 illam
1597 4148 1740 4209 facta
1761 4150 1846 4204 sit.

263 4221 618 4304 (Quasnam-us
655 4244 978 4304 ομιιτιεε-
997 4221 1140 4304 Ergo
1185 4251 1338 4290 mens
1387 4237 1666 4294 rationalis
1717 4239 1852 4294 nihil

339 4303 551 4378 tantt'nn
583 4299 804 4378 studere
829 4303 1018 4368 debet,
1047 4299 1207 4374 quam
1239 4305 1391 4378 hanc
1424 4307 1713 4378 imaginem
1761 4325 1851 4378 na-

337 4364 592 4444 turaliter
633 4369 736 4444 s_ibi
783 4362 1136 4444 impressam,
1181 4391 1278 4444 per
1313 4362 1672 4430 voluntarium
1723 4377 1850 4433 ell‘e-
1883 4362 1929 4416 Ῑ)

337 4442 490 4516 ctum
511 4440 839 4516 exprimere.
872 4441 1015 4516 Ergo
1050 4440 1197 4516 eum—
1223 4445 1550 4514 prmeipuum
1584 4448 1725 4515 quod
1759 4463 1852 4516 po-

339 4513 470 4583 test,
491 4507 538 4562 si
565 4507 836 4583 reminisci
857 4522 913 4568 et
935 4507 1252 4583 intelligere,
1283 4525 1338 4570 et
1369 4507 1552 4570 amare
1581 4507 1852 4572 summum

339 4573 581 4645 bonum,
623 4579 676 4634 id
707 4583 976 4652 praecipue
1011 4573 1171 4642 debat
1209 4573 1382 4646 velle:
1413 4601 1532 4656 qua:
1565 4588 1710 4644 enim
1741 4605 1856 4646 me-

1949 1769 2226 1824 reminisci
2259 1777 2312 1822 et
2339 1767 2642 1839 intelligere
2677 1778 2730 1825 et
2762 1785 2946 1826 amare
2976 1787 3246 1827 summum
3297 1776 3494 1830 bonum
3519 1819 3532 1842 ,

1949 1859 2324 1929 cognoscitur,
2373 1858 2628 1912 nimirum
2681 1859 2814 1914 nihil
2865 1869 2972 1915 tam
3027 1855 3296 1934 praecipue
3337 1867 3534 1921 debere

1947 1949 2084 2003 velle
2113 1948 2474 2003 convincitur.
2508 1945 2642 2013 Quis
2672 1948 2816 2001 enim
2848 1959 3010 2020 neget
3055 1965 3387 2022 quaecunque
3425 1969 3536 2009 me-

1946 2038 2080 2094 liora
2107 2047 2230 2093 sunt
2257 2038 2309 2091 in
2337 2043 2630 2106 potestate,
2665 2051 2730 2090 ea
2756 2038 2927 2107 magis
2957 2053 3076 2094 esse
3120 2039 3320 2096 debere
3349 2042 3402 2095 in
3431 2057 3526 2096 vo-

1948 2129 2194 2185 luntate?
2223 2129 2465 2198 Denique
2485 2127 2740 2183 rationali
2771 2139 2977 2184 natura:
2995 2146 3102 2185 non
3129 2140 3214 2187 est
3236 2131 3382 2188 aliud
3411 2147 3534 2190 esse

1949 2221 2303 2287 rationalem,
2350 2235 2512 2291 quam
2559 2232 2718 2288 posse
2745 2220 3052 2276 discernere
3093 2221 3296 2291 justum
3341 2239 3372 2278 a
3420 2240 3528 2280 non

1943 2315 2091 2386 justo
2113 2357 2130 2384 ,
2159 2331 2350 2372 verum
2378 2333 2406 2371 a
2441 2333 2545 2373 non
2575 2331 2738 2382 vero,
2767 2317 2968 2371 bonum
3001 2332 3031 2370 a
3077 2332 3182 2372 non
3211 2318 3385 2384 bono,
3417 2335 3534 2374 ma-

1949 2409 2032 2478 gis
2059 2409 2259 2463 bonum
2290 2423 2320 2462 a
2349 2408 2528 2463 minus
2561 2407 2790 2463 bonum
2824 2423 2838 2461 :
2883 2408 2985 2463 hoc
3015 2417 3193 2463 autem
3229 2423 3392 2479 posse
3417 2427 3533 2465 om-

1949 2500 2079 2556 nino
2125 2499 2314 2555 inutile
2339 2509 2423 2555 est
2452 2499 2528 2554 illi
2566 2509 2621 2554 et
2663 2513 3090 2570 supervacuum,
3127 2499 3228 2556 nisi
3261 2501 3407 2570 quod
3451 2503 3534 2558 di-

1949 2589 2153 2643 seernit
2176 2597 2320 2643 amet
2341 2587 2424 2642 vel
2450 2589 2704 2660 reprobet
2725 2588 3021 2644 secundum
3039 2601 3178 2643 vera:
3193 2587 3534 2644 discretionis

1945 2679 2211 2749 judicium
2237 2679 2328 2731 ⁷⁰³.
2361 2677 2475 2750 (72)
2505 2677 2640 2732 Hinc
2669 2678 2852 2748 itaque
2881 2678 3011 2733 satis
3035 2679 3368 2748 patenterm
3393 2681 3538 2734 vide-

1953 2781 2040 2825 tur
2071 2785 2234 2824 omne
2265 2769 2530 2825 rationale
2557 2759 2625 2823 a'd
2658 2769 2759 2825 hoc
2787 2769 3051 2832 existere,
3080 2778 3139 2823 ut
3161 2770 3302 2824 sicut
3323 2770 3536 2825 ratione

1951 2860 2296 2917 discretionis
2325 2859 2530 2929 aliquid
2561 2860 2763 2929 magis,
2795 2857 2964 2912 veli"
2991 2859 3168 2914 minus
3192 2861 3393 2914 bonum
3424 2860 3538 2914 sive

1952 2971 2060 3011 non
2093 2957 2290 3009 bonum
2329 2952 2571 3024 judicat;
2609 2952 2682 3006 ita
2716 2951 2888 3021 magis
2927 2959 3020 3004 aut
3053 2951 3232 3004 minus
3261 2950 3315 3005 id
3353 2957 3532 3017 amet,

1954 3057 2048 3102 aut
2075 3053 2312 3116 respuat.
2349 3043 2494 3098 Nihil
2537 3043 2702 3114 igitur
2740 3041 3068 3112 apertius'“
3099 3057 3261 3112 quam
3290 3041 3534 3096 rationa-

1950 3139 2054 3196 lem
2079 3147 2384 3193 creaturam
2414 3135 2479 3190 ad
2503 3135 2604 3190 hoc
2644 3149 2765 3189 esse
2795 3131 2992 3188 lactant
3011 3173 3026 3198 ,
3061 3141 3122 3188 ut
3151 3147 3418 3186 summam
3450 3147 3535 3187 es-

1951 3229 2184 3285 sentiam
2232 3235 2377 3280 amet
2422 3239 2586 3294 super
2638 3223 2823 3278 omnia
2873 3223 3055 3288 bona,
3103 3223 3248 3278 sicut
3291 3221 3408 3294 ipsa
3456 3235 3540 3278 est

1952 3333 2221 3375 summum
2252 3318 2452 3372 bonum
2489 3335 2503 3370 :
2535 3317 2646 3370 imo
2678 3323 2736 3370 ut
2763 3313 2898 3368 nihil
2926 3323 3068 3368 amet
3105 3313 3208 3368 nisi
3236 3313 3380 3368 illam
3401 3354 3415 3375 ,
3443 3323 3539 3368 aut

1950 3421 2171 3486 propter
2201 3411 2381 3476 illam;
2413 3411 2537 3480 quia
2570 3409 2658 3464 illa
2700 3419 2784 3464 est
2827 3409 2964 3464 bona
3011 3421 3108 3476 per
3157 3421 3251 3474 se,
3302 3413 3357 3459 et
3403 3406 3538 3460 nihil

1945 3489 2094 3558 aliud
2127 3511 2209 3557 est
2249 3503 2449 3556 bonum
2483 3499 2586 3554 nisi
2632 3513 2731 3568 per
2763 3499 2928 3553 illam.
2959 3499 3158 3551 Amare
3200 3503 3378 3550 autem
3413 3509 3536 3550 eam

1951 3591 2170 3659 nequit,
2203 3589 2310 3644 nisi
2355 3589 2473 3658 ejus
2501 3587 2808 3652 reminisci,
2835 3595 2892 3642 et
2921 3601 3041 3641 eam
3079 3585 3350 3641 studuerit
3381 3583 3535 3638 intel-

1951 3677 2137 3749 ligcre.
2167 3675 2387 3731 Clarum
2428 3685 2668 3744 estergo
2717 3673 3036 3728 rationalem
3083 3683 3422 3738 creaturam,
3453 3681 3536 3726 to-

1953 3776 2066 3822 tum
2091 3781 2244 3820 suum
2270 3779 2429 3834 posse
2457 3771 2512 3819 et
2540 3763 2676 3818 velle
2691 3761 2764 3796 "7
2798 3763 2865 3818 ad
2899 3762 3341 3826 memorandum,
3371 3769 3425 3815 et
3455 3761 3530 3814 in-

1955 3857 2330 3928 telligendum,
2367 3865 2421 3910 et
2449 3854 2740 3908 amandum
2787 3867 3058 3908 summum
3095 3851 3292 3906 bonum
3329 3853 3538 3919 impen-

1952 3951 2082 4005 dere
2107 3949 2337 4012 debere,
2366 3948 2430 4002 ad
2457 3946 2600 4016 quod
2634 3945 2808 4014 ipsum
2839 3938 2958 4000 esse
2985 3959 3142 3999 suum
3173 3957 3230 3998 se
3259 3945 3540 4013 cognoscit

1951 4039 2172 4095 habere.

2271 4125 2498 4184 CAPUT
2539 4125 2704 4182 LXIX
2745 4125 2840 4196 [aL
2889 4122 3215 4195 vany“.

1956 4220 2109 4288 Quod
2153 4219 2331 4275 anima
2379 4217 3036 4340 semperbillamumam,
3094 4211 3378 4285 aliquando
3427 4230 3539 4268 vere

2601 4297 2712 4340 cate
2759 4297 2915 4340 vivat.

2601 4297 2712 4341 eote
2759 4297 2915 4340 uiuat.

1954 4381 2297 4438 Conspecrus
2333 4397 2562 4436 CAPITIS.
2585 4411 2640 4422 ——
2667 4380 2740 4434 At
2779 4377 2962 4432 anima
3003 4376 3238 4430 humana
3267 4382 3350 4428 est
3380 4375 3540 4428 ratio-

2028 4452 2166 4508 nalis
2186 4461 2452 4512 creatura.
2481 4451 2622 4542 Ergo
2643 4449 2710 4504 ad
2735 4450 2836 4542 hnc
2859 4447 3004 4526 facta
3025 4453 3110 4542 eﬁt
3133 4453 3192 4542 ξι

2029 4539 2172 4578 main
2219 4512 2640 4595 essentiamfet
2665 4518 2884 4589 quidem
2918 4515 3035 4572 sine
3057 4512 3368 4595 linerNel‘as
3393 4515 3536 4595 enim

2029 4601 2112 4648 est
2173 4589 2642 4662 aestimarequod
2683 4584 2908 4644 summa
2969 4585 3238 4656 sapientia
3306 4584 3372 4640 ad
3432 4585 3540 4639 hoc

1563 4718 1796 4774 VARle
1849 4721 2248 4779 LECTIONES.

341 4835 414 4868 ⁶⁹⁷
465 4837 594 4908 Cap.
647 4841 716 4896 65
753 4851 828 4896 est
879 4843 932 4896 in
987 4859 1112 4896 mss.
1154 4853 1306 4914 caput
1347 4845 1434 4899 67.

265 4915 421 4960 certe
447 4923 572 4962 mu.
623 4921 716 4965 aut
771 4921 918 4966 certe

269 4976 416 5030 nalis
446 4989 722 5054 creatura,
753 4993 863 5054 etc.
881 4991 936 5036 ut
967 4984 1020 5036 in
1069 4984 1220 5038 titulo
1264 4976 1449 5054 cupitis
1480 4976 1549 5039 6'6
1593 4976 1645 5037 in
1675 4987 1848 5038 editis.

1543 4843 1612 4876 ⁶⁹⁸
1663 4844 1954 4920 Aptissime
2011 4845 2189 4920 igitur
2231 4859 2329 4920 ms.
2381 4841 2516 4895 Tim.
2567 4841 2654 4920 5ρή
2690 4839 3027 4920 apertissime
3069 4837 3252 4920 ligitu‘r
3324 4839 3482 4920 ’σεο-ἐ

1024 4907 1386 4996 '°°_Consequ_i
1411 4913 1618 4996 itaque,
1652 4907 1756 4996 etc;
1789 4915 1856 4995 in
1881 4907 2126 4996 mam-"lii;
2147 4913 2352 4994 _incipit
2406 4923 2560 4981 caput
2582 4909 2658 4993 .68
2681 4907 2776 4965 sub
2821 4911 2917 4996 ἀρε
2959 4907 3162 4996 titulo:
3187 4907 3340 4996 qngod
3379 4909 3542 4996 mlitio-

3359 4839 3427 4870 699

1960 4985 2030 5015 τοι
2057 4983 2196 5038 lluic
2241 4976 2479 5053 quoque,
2505 4983 2630 5051 quia
2663 4997 2787 5053 mss.
2818 4979 2966 5034 Gem.
2985 4977 3156 5053 _et_S.
3201 4976 3360 5030 Mida.
3413 4977 3540 5053 hinc

266 5051 672 5127 quoqueagnia
699 5069 800 5105 ms.
826 5053 1014 5106 Cister.
1046 5055 1132 5108 hic
1162 5047 1374 5124 quoque
1401 5055 1526 5124 quia
1569 5125 1576 5127 _
1602 5056 1672 5086 "°'
1701 5055 1886 5127 Majas
1909 5055 2108 5127 bonum
2134 5069 2166 5127 _a
2193 5047 2539 5108 minus-bono-
2558 5069 2654 5127 m_s.
2685 5050 2834 5106 Gem.
2857 5047 3258 5127 magisionum
3279 5062 3330 5127 ,εξ
3362 5047 3539 5126 minus

265 5115 418 5204 bono
488 5115 800 5204 ":Innm.
833 5115 1690 5204 cgitinu‘atur'caiiutprie-cedens.
1749 5115 2019 5204 ,τῖ’-ξψξ-
2037 5125 2306 5204 patienter
2334 5139 2458 5204 mas.
2516 5122 2649 5178 satis
2705 5115 2976 5204 patenter;
3023 5116 3095 5204 Τ⁰³
3113 5116 3330 5204 ﬁliuni}
3367 5115 3541 5204 Ἧξλιξε

267 5184 356 5268 ξεί
373 5202 508 5268 mss.
711 5191 842 5268 βας.
871 5191 1221 5268 Thu._l..'ister.
1247 5183 1452 5268 aliquid
1486 5195 1656 5266 magis
1681 5197 1763 5250 vel
1838 5197 1908 5268 τέ’-⁵
1938 5183 2080 5268 Νηιξῇ
2133 5195 2278 5248 enim
2335 5183 2869 5268 aptius__mss_.4'_V.ict.
2929 5187 3055 5268 Sig.
3102 5183 3248 5268 ΔΊξΙηὶε
3275 5183 3336 5238 8ο
3373 5183 3537 5268 Mli-’13

261 5250 468 5336 ςέεεεν.
493 5258 629 5313 nihil
656 5250 820 5332 igitu}
842 5264 1082 5330 apertius
1153 5263 1221 5296 7"
1247 5250 1398 5321 Velle
1425 5275 1478 5322 et
1503 5250 1661 5336 posse
1688 5283 1812 5322 niis.
1854 5265 1989 5320 Vict.
2025 5265 2150 5336 Sag.
2184 5277 2340 5334 posse
2371 5250 2426 5318 et
2453 5263 2588 5318 velle
2657 5262 2730 5294 τ⁰⁸
2757 5259 2889 5332 Cap.
2943 5250 3112 5314 (πεδί
3137 5257 3192 5310 in
3207 5269 3336 5310 nm.
3382 5265 3536 5326 caput

259 5323 338 5381 69

1777 5429 2004 5487 NOTAE.

342 5533 460 5604 (τι)
496 5533 646 5592 Alias
672 5545 756 5594 est
785 5553 907 5606 pars
945 5555 1064 5610 cap.

2031 5537 2137 5608 (7'2)
2178 5535 2324 5594 Alias
2353 5537 2438 5594 hic
2467 5537 2656 5606 incipit
2690 5549 2808 5604 cap.
2843 5532 2930 5586 66.
