3926 6054
408 239 512 290 2ιὸ
940 238 997 293 S.
1045 239 1342 295 ANSELMI
1382 241 1732 296 CANTUAR.
1773 242 1979 299 ARClll

2134 244 2282 300 ΟΡΡ.
2325 246 2507 300 PARS
2544 248 2580 300 Ι.
2625 278 2694 288 -
2731 247 3152 305 DOGMATICA.

481 352 669 406 fecerit
698 359 756 405 ut
786 351 1077 422 aliquando
1102 351 1183 405 vel
1215 361 1405 422 sponte
1431 353 1512 406 vel
1544 343 1807 407 violente‘r
1835 354 1979 409 hunc
2011 369 2052 422 Α

479 439 718 476 amorem
766 429 996 491 amittat.
1034 421 1431 491 llestat'igitur
1475 437 1593 476 eam
1639 437 1758 476 esse
1784 424 1850 477 ad
1879 424 1979 478 hoc

481 492 707 556 factam,
737 501 800 544 ut
828 493 944 544 sine
974 489 1078 544 fine
1107 502 1252 544 amet
1281 489 1545 544 summam
1575 493 1887 546 essentiam.
1912 495 1982 546 At

476 562 579 616 hoc
614 561 792 616 facere
819 577 926 615 non
955 569 1167 628 potest,
1196 561 1296 614 nisi
1333 576 1546 630 semper
1576 563 1737 614 vivat.
1769 562 1859 614 Sic
1887 563 1981 630 igi-

478 641 567 685 tur
593 641 676 686 est
707 630 845 684 facta
871 640 927 682 ut
949 644 1161 699 semper
1181 630 1402 690 vivat,si
1427 645 1638 699 semper
1661 631 1785 687 velit
1806 632 1984 686 facere

478 703 544 754 ad
573 702 712 768 quod
743 700 880 753 facta
911 710 1012 751 est.
1054 699 1255 752 Deinde
1285 700 1395 753 Deo
1431 700 1571 754 bono
1597 716 1700 753 non
1731 703 1984 755 convenit

481 781 540 822 ut
566 771 704 838 quod
734 769 860 824 fecit
892 784 1007 821 esse
1037 769 1102 821 ad
1150 783 1207 822 se
1254 769 1570 830 amandum,
1605 771 1654 824 id
1686 769 1848 824 faciat
1878 786 1980 823 non

474 854 615 902 esse,
643 840 878 901 quandiu
905 853 1028 892 vere
1055 839 1346 901 amaverit;
1377 847 1431 891 et
1452 839 1592 905 quod
1616 850 1808 907 sponte
1833 839 1982 894 dedit

475 923 580 962 non
613 909 834 973 amanti,
865 917 922 960 ut
957 922 1172 975 semper
1197 917 1423 972 amaret,
1455 908 1506 960 id
1536 908 1746 962 auferat
1771 908 1853 962 vel
1883 923 1982 962 an-

475 977 605 1032 ferri
629 979 909 1042 permittat
926 978 1152 1042 amanti,
1171 987 1230 1030 ut
1251 992 1316 1031 ex
1341 978 1661 1031 necessitate
1683 993 1784 1032 non
1801 989 1976 1032 amet:

478 1065 598 1102 cum
614 1047 848 1101 dubitari
865 1064 970 1100 non
995 1047 1188 1101 debeat
1209 1048 1348 1114 quod
1376 1048 1487 1115 ipse
1509 1062 1720 1100 omnem
1737 1056 1981 1101 naturam

476 1133 534 1171 se
563 1133 688 1171 vere
717 1125 986 1170 amantem
1011 1125 1173 1170 amet.
1207 1118 1344 1186 Ergo
1374 1117 1543 1184 liquet
1588 1118 1838 1170 humana:
1884 1132 1982 1170 na-

478 1198 610 1241 tura:
659 1201 932 1254 nunquam
979 1186 1177 1240 auferri
1221 1201 1373 1239 suam
1441 1187 1638 1250 vitam,
1682 1187 1729 1241 si
1773 1201 1983 1255 semper

476 1260 685 1311 studeat
720 1272 902 1309 amare
933 1270 1195 1309 summam
1236 1257 1421 1309 vitam.
1451 1255 1557 1311 Sed
1587 1255 1878 1309 absurdum
1899 1267 1983 1310 eSt

479 1334 537 1379 ut
583 1327 759 1393 aliqua
816 1334 1004 1378 natura
1053 1339 1266 1391 semper
1311 1325 1539 1378 amando
1586 1324 1736 1378 illum
1777 1326 1865 1392 qui
1900 1333 1982 1379 est

475 1411 684 1450 summe
711 1397 885 1449 bonus
926 1403 980 1447 et
1021 1393 1386 1461 omnipotens,
1427 1409 1640 1462 semper
1685 1394 1880 1448 misere
1905 1396 1984 1447 vi-

476 1477 588 1520 vat.
621 1466 758 1533 Ergo
782 1465 960 1518 anima
990 1464 1222 1516 humana
1243 1503 1257 1526 ,
1288 1465 1412 1532 quia
1444 1464 1724 1517 rationalis
1764 1471 1883 1528 est,
1913 1466 1983 1517 ad

477 1538 580 1592 huc
607 1545 688 1590 est
717 1533 857 1589 facta
885 1541 944 1587 ut
967 1533 1010 1586 si
1043 1541 1223 1587 servet
1252 1534 1303 1587 id
1333 1533 1399 1587 ad
1426 1534 1553 1601 quid
1584 1533 1724 1587 facta
1751 1541 1865 1596 est,
1891 1533 1984 1586 ali-

475 1606 688 1675 quando
717 1618 906 1659 secura
937 1617 966 1657 a
995 1609 1168 1658 morte
1196 1609 1252 1657 et
1282 1603 1349 1657 ab
1376 1603 1524 1658 omni
1551 1601 1794 1658 molestia
1826 1601 1984 1658 beate

479 1677 645 1730 vivat.

476 1805 706 1862 Dubium
750 1813 929 1860 autem
973 1819 1079 1860 non
1131 1812 1216 1859 est
1260 1803 1497 1858 animam
1540 1804 1829 1858 humanam
1861 1818 1980 1858 esse

407 1898 730 1954 rationalem
775 1904 1082 1952 creaturam
1119 1914 1132 1948 :
1178 1910 1306 1966 ergo
1351 1909 1574 1950 necesse
1601 1905 1684 1950 est
1713 1910 1834 1950 eam
1862 1909 1982 1950 esse

405 1991 602 2046 factam
627 1989 694 2042 ad
724 1989 825 2044 hoc
859 1997 920 2043 ut
948 1998 1094 2042 amet
1119 2002 1383 2041 summam
1414 1987 1725 2043 essentiam.
1752 1984 1980 2042 Necesse

406 2093 490 2137 est
521 2082 684 2152 igitur
712 2095 831 2134 eam
862 2094 982 2135 esse
1017 2079 1212 2132 factam
1245 2086 1337 2130 aut
1367 2078 1432 2132 ad
1465 2079 1598 2145 hoc,
1643 2086 1702 2131 ut
1728 2078 1844 2132 sine
1874 2077 1979 2132 fine

405 2182 584 2238 amet;
614 2181 706 2226 aut
731 2171 796 2226 ad
825 2173 961 2238 hoc,
991 2180 1050 2224 ut
1078 2169 1368 2239 aliquando
1393 2169 1476 2224 vel
1499 2179 1692 2239 sponte
1719 2209 1734 2234 ,
1757 2169 1839 2224 vel
1860 2169 1977 2224 vio-

405 2264 580 2318 lcuter
603 2264 745 2317 hunc
765 2276 1005 2316 amorem
1031 2261 1263 2315 amittat.
1291 2259 1395 2314 Sed
1424 2259 1576 2315 nefas
1603 2268 1686 2314 est
1711 2261 1981 2315 :estimare

405 2370 671 2409 summam
689 2353 1006 2423 sapientiam
1031 2353 1096 2406 ad
1120 2353 1222 2406 hoc
1243 2365 1361 2405 eam
1385 2350 1672 2414 fecisse,ut
1692 2349 1980 2418 aliquando

409 2456 613 2500 tantum
656 2447 888 2510 bonum,
920 2454 1014 2498 aut
1057 2450 1402 2508 contemnat,
1453 2449 1546 2495 aut
1584 2441 1767 2496 volens
1798 2450 1979 2496 tenere

405 2537 580 2607 aliqua
608 2536 862 2590 violentia
904 2536 1113 2604 perdat.
1149 2532 1338 2586 Restat
1376 2532 1540 2602 igitur
1573 2547 1691 2586 eam
1739 2548 1860 2588 esse
1910 2534 1976 2586 ad

405 2632 507 2684 hoc
537 2631 733 2683 factam
755 2668 770 2691 ,
819 2638 878 2679 ut
911 2625 1028 2680 sine
1058 2623 1163 2678 fine
1193 2631 1338 2677 amet
1366 2638 1630 2677 summam
1661 2624 1973 2678 essentiam.

405 2722 475 2774 At
506 2721 607 2774 hoc
655 2718 916 2773 facerem
954 2731 1058 2770 non
1088 2723 1264 2784 potest
1299 2714 1400 2768 nisi
1437 2729 1652 2784 semper
1693 2715 1855 2769 vivat.
1885 2714 1977 2770 Sic

405 2813 569 2884 igitur
596 2819 678 2865 est
704 2808 846 2864 facta
879 2819 937 2864 ut
975 2823 1188 2878 semper
1219 2814 1398 2875 vivat,
1426 2808 1471 2864 si
1501 2821 1714 2876 semper
1739 2807 1869 2860 velit
1897 2805 1976 2859 fa.

402 2919 528 2960 cere
554 2903 620 2959 ad
649 2906 791 2974 quod
822 2902 964 2958 facta
1009 2912 1115 2960 est.
1158 2904 1362 2960 Deinde
1408 2901 1789 2957 inconveniens
1815 2899 1978 2954 nimis

404 3006 488 3053 ost
553 3011 763 3052 summe
831 2996 1004 3062 bono,
1061 3011 1377 3066 summeque
1424 2992 1689 3064 sapienti,
1743 2999 1797 3046 et
1855 3005 1975 3044 om-

404 3086 664 3155 nipotenti
694 3085 967 3150 Creatori,
1013 3094 1073 3140 ut
1117 3085 1258 3156 quod
1295 3084 1426 3140 fecit
1453 3095 1572 3138 esse
1613 3081 1679 3136 ad
1707 3095 1765 3134 se
1794 3093 1980 3133 aman-

404 3179 529 3233 dum
549 3218 563 3242 ,
593 3177 642 3232 id
674 3177 837 3232 faciat
867 3194 972 3234 non
1004 3192 1156 3244 esse,
1183 3177 1424 3248 quandiu
1454 3190 1578 3231 vere
1601 3172 1893 3237 amaverit;
1927 3181 1983 3226 et

403 3269 544 3337 quod
568 3279 758 3337 sponte
791 3269 939 3324 dedit
967 3283 1072 3323 non
1117 3267 1352 3333 amanti,
1398 3277 1460 3321 ut
1501 3278 1714 3334 semper
1741 3270 1975 3324 amaret,

404 3357 456 3410 id
499 3357 712 3412 auferat
741 3357 836 3422 vel
867 3357 1067 3413 auferri
1110 3357 1388 3428 permittat
1431 3355 1631 3410 amanti
1654 3394 1669 3416 ,
1707 3361 1765 3406 ut
1793 3367 1860 3406 ex
1891 3364 1980 3403 ne-

403 3447 658 3502 cessitate
689 3462 795 3502 non
832 3457 1009 3514 amet;
1041 3447 1343 3516 prtesertim
1381 3461 1503 3501 cum
1533 3443 1766 3499 dubitari
1809 3440 1982 3495 nulla-

404 3546 562 3592 tenus
601 3537 794 3591 debeat
838 3537 981 3606 quod
1029 3536 1145 3606 ipse
1186 3550 1401 3590 omnem
1448 3544 1699 3588 naturam
1749 3546 1807 3586 se
1853 3543 1982 3585 vere

405 3634 676 3680 amantem
721 3634 888 3680 amet.
935 3625 1115 3691 Quare
1185 3623 1532 3678 manifestum
1597 3630 1679 3675 est
1735 3621 1982 3674 humana:

405 3718 599 3772 anima:
619 3732 892 3786 nunquam
921 3717 1122 3772 auferri
1152 3733 1302 3774 suam
1343 3718 1538 3778 vitam,
1561 3715 1606 3770 si
1635 3726 1847 3782 semper
1869 3717 1981 3765 stu-

405 3808 531 3862 deat
569 3822 753 3861 amare
813 3823 1076 3862 summam
1122 3810 1310 3864 vitam.
1363 3807 1605 3874 Qualiter
1636 3818 1764 3874 ergo
1808 3801 1982 3855 vivet?

405 3898 546 3966 Quid
572 3899 716 3952 enim
748 3912 1000 3968 magnum
1028 3909 1110 3954 est
1143 3900 1300 3972 longa
1335 3901 1441 3954 vita
1462 3940 1477 3964 ,
1506 3898 1608 3952 nisi
1638 3897 1709 3951 sit
1749 3909 1778 3948 a
1817 3892 1983 3947 mole-

403 3989 628 4043 stiarum
655 3987 962 4045 incursione
978 4005 1115 4046 ‘vere
1144 3993 1374 4046 secura?
1400 3987 1656 4057 Quisquis
1679 3986 1822 4038 enim
1851 3984 1975 4038 dum

403 4082 565 4148 vivit,
596 4094 690 4140 aut
715 4082 980 4146 timendo,
1008 4092 1100 4136 aut
1130 4082 1380 4150 patiendo
1405 4077 1666 4133 molestiis
1696 4074 1939 4143 subjacet
1964 4115 1978 4138 ,

405 4184 499 4228 aut
531 4174 660 4228 falsa
692 4176 988 4232 securitate
1019 4173 1247 4233 fallitur,
1287 4170 1413 4239 quid
1448 4168 1548 4222 nisi
1589 4167 1788 4220 misere
1815 4163 1982 4217 vivit?

407 4263 465 4318 Si
494 4265 615 4333 quis
641 4274 826 4320 autem
852 4267 920 4320 ab
949 4265 1034 4321 his
1071 4263 1288 4318 liber“o
1321 4261 1482 4324 vivit,
1511 4259 1666 4312 beate
1693 4255 1844 4310 vivit.
1875 4253 1983 4308 Sed

407 4353 852 4410 absurdissimum
874 4363 957 4410 est
987 4363 1044 4408 ut
1068 4353 1246 4422 aliqua
1276 4358 1468 4405 natura
1501 4361 1714 4414 semper
1749 4342 1983 4398 amando

406 4444 588 4513 illum,
620 4447 710 4517 qui
739 4457 823 4503 est
847 4461 1057 4502 summe
1095 4444 1268 4499 bonus
1322 4449 1378 4496 et
1418 4437 1789 4508 omnipotens,
1843 4447 1985 4488 sem-

405 4547 504 4602 per
546 4536 739 4592 misere
766 4537 932 4590 vivat.
977 4534 1171 4604 Liquct
1215 4531 1377 4602 igitur
1424 4529 1712 4583 humanam
1749 4523 1984 4578 animam

409 4623 711 4692 hujus-modi
761 4640 914 4693 esse,
959 4635 1017 4680 ut
1065 4628 1108 4680 si
1151 4631 1328 4679 servet
1373 4620 1424 4676 id
1464 4619 1529 4673 ad
1559 4617 1701 4688 quod
1745 4622 1860 4681 est,
1887 4612 1986 4667 ali-

409 4715 622 4776 quando
653 4730 777 4770 vere
801 4731 994 4771 secura
1027 4716 1092 4770 ab
1121 4714 1231 4785 ipsa
1277 4720 1451 4768 morte
1479 4719 1532 4767 et
1557 4709 1699 4764 omni
1732 4705 1832 4760 alia
1871 4718 1984 4758 mo-

405 4800 560 4858 lestia
587 4805 744 4860 beate
767 4804 929 4859 vivat.

3548 255 3663 311 2l6

2396 355 2624 412 CAPUT
2674 355 2813 411 Lxx
2859 357 2954 429 [αι.
2998 357 3336 431 vauqm.

2089 447 2241 513 Quod
2281 448 2372 502 illa
2414 464 2470 503 se
2514 449 2714 504 amanti
2747 449 2981 570 bseipsam
3023 453 3274 506 retribuat
3296 451 3361 485 ⁷¹¹
3389 463 3445 508 ut
3474 467 3664 513 wterne

2779 527 2896 570 eam
2924 529 3010 570 stt.

2779 527 2896 572 eata
2924 527 3010 572 sit.

2086 629 2427 713 Coasrt-zcrus
2463 645 2689 713 capia-ts.
2712 661 2779 670 —
2801 630 3087 713 Repugnat
3117 647 3272 713 eum.
3305 631 3396 704 qui
3427 634 3662 704 justissi-

2157 716 2277 755 mus
2289 711 2392 764 est,
2416 715 2521 755 non
2544 702 2850 757 discernere
2878 702 3020 757 inter
3045 702 3396 759 amantem'et
3421 702 3662 763 contem-

2157 779 2372 824 nentem
2403 769 2451 824 id
2489 772 2629 838 quod
2657 785 2864 825 summe
2892 772 3062 825 amari
3093 772 3253 827 debet
3278 790 3290 826 :
3323 782 3380 828 et
3402 790 3524 830 eum
3553 793 3660 832 non

2160 854 2341 912 amare
2380 847 2660 912 amantem
2709 855 2798 905 se,
2851 848 2943 893 aut
2991 841 3120 912 nihil
3173 843 3430 912 prodesse
3471 847 3538 899 ab
3595 862 3664 900 eo

2160 910 2352 963 amari.
2380 909 2520 976 Ergo
2547 919 2808 979 repugnat
2828 925 2949 963 cum
2975 910 3105 964 nihil
3134 909 3433 969 retribuere
3454 918 3656 970 amanti

2158 994 2233 1033 se.
2268 979 2337 1032 At
2369 979 2526 1048 hujus
2551 980 2783 1042 amoris,
2814 993 2922 1048 quo
2950 981 3232 1034 rationalis
3261 993 3508 1037 creatura
3537 986 3666 1040 aliis

2162 1048 2399 1121 eminet,
2431 1047 2563 1121 nihil
2592 1057 2772 1121 potest
2801 1047 2920 1104 esse
2946 1049 3226 1121 prgrmium
3257 1051 3358 1105 nisi
3402 1053 3542 1121 quod
3568 1069 3662 1108 su-

2157 1117 2452 1190 pereminet
2479 1118 2530 1190 in
2561 1117 2809 1190 omnibus
2850 1117 3055 1190 naturis
3093 1137 3107 1170 :
3140 1119 3312 1190 bonus
3337 1117 3480 1175 enim
3513 1125 3657 1190 quod

2156 1188 2315 1261 sicse
2343 1187 2511 1240 amari
2541 1187 2726 1261 exigit;
2759 1203 2862 1261 non
2889 1188 3144 1261 minususe
3165 1189 3460 1244 desiderari
3491 1187 3654 1261 cogit.

2159 1256 2301 1340 Nihil
2322 1271 2450 1340 ergo
2473 1271 2681 1338 summa
2705 1257 2920 1338 bonitas
2941 1258 3241 1340 retribuere
3261 1270 3443 1340 potest
3458 1256 3657 1340 amanti

2157 1341 2218 1379 ac
2240 1325 2568 1380 desideranti
2597 1340 2674 1389 se,
2700 1326 2802 1380 nisi
2829 1325 3083 1394 seipsam.
3108 1326 3163 1382 Si
3189 1325 3332 1382 enim
3358 1330 3468 1383 vult
3487 1332 3658 1384 amari

2157 1405 2216 1448 ιιι
2245 1395 2389 1448 aliud
2415 1395 2710 1467 retribuat,
2736 1411 2842 1450 non
2874 1395 2986 1448 vult
3011 1396 3421 1467 amariprOpter
3447 1414 3526 1464 se,
3557 1403 3653 1455 sed

2157 1474 2377 1534 propter
2399 1464 2577 1528 aliud;
2604 1473 2658 1534 et
2685 1465 2756 1518 ita
2785 1479 2891 1518 non
2920 1480 2997 1520 se.
3031 1467 3123 1520 sed
3155 1464 3436 1521 aliud'vult
3463 1472 3654 1523 amari.

2158 1535 2380 1606 Constat
2401 1548 2530 1606 ergo
2555 1533 2679 1602 quia
2709 1534 2753 1588 is
2784 1534 2873 1602 qui
2920 1534 3063 1606 illam
3085 1575 3100 1597 ,
3129 1535 3237 1606 26
3263 1546 3323 1589 ιιι
3351 1538 3536 1600 debet.
3562 1539 3658 1593 de-

2157 1602 2503 1669 sideraverit,
2553 1617 2763 1657 summa
2820 1602 3552 1672 perfrueturﬁlieatitudine;
3604 1618 3660 1662 et

2158 1675 2301 1746 quod
2330 1673 2474 1725 illam
2507 1673 3055 1746 nunquamuamiltet,
3099 1674 3223 1743 quia
3255 1690 3354 1729 nec
3383 1675 3526 1730 illam
3565 1693 3661 1746 po-

2156 1741 2282 1797 terit
2310 1757 2413 1814 n_on
2447 1756 2649 1800 amare.
2671 1756 2767 1814 nec
2795 1741 2881 1795 illa
2902 1741 3171 1814 amantem
3200 1759 3258 1799 se
3286 1747 3481 1814 p0lerit
3505 1741 3662 1803 dese-

2155 1827 2294 1867 rere.
2321 1811 2460 1880 Ergo
2484 1819 2685 1866 :cterne
2719 1811 2872 1866 beata
2903 1812 3026 1866 erit.

2155 1942 2392 2011 Denique
2417 1940 2724 1997 nullatenus
2746 1956 2933 1996 verum
2960 1943 3130 1998 videri
3160 1953 3366 2014 potest,
3395 1955 3454 2000 ut
3473 1947 3662 2017 justiso

2084 2031 2252 2086 simus
2282 2041 2337 2085 et
2361 2031 2769 2099 potentissimus
2790 2031 2921 2085 nihil
2950 2033 3210 2088 retribuat
3233 2036 3433 2090 amanti
3461 2052 3519 2091 se
3539 2052 3660 2107 per-

2084 2128 2427 2184 severanter;
2463 2120 2546 2174 cui
2579 2135 2684 2174 non
2717 2121 2918 2174 amanti
2952 2121 3140 2176 tribuit
3168 2126 3565 2191 essentiam”,
3601 2138 3662 2182 ut

2083 2223 2271 2262 amans
2299 2220 2420 2263 esse
2447 2218 2648 2278 posset.
2689 2207 2742 2262 Si
2791 2211 2934 2264 enim
2980 2193 3115 2265 nihil
3151 2215 3400 2268 retribuit
3428 2217 3656 2281 amanti,

2083 2315 2188 2355 non
2237 2299 2498 2354 discernit
2538 2298 2871 2366 iustissimus
2909 2301 3048 2356 inter
3083 2313 3382 2370 amantem,
3433 2314 3488 2359 et
3531 2321 3664 2360 con-

2084 2401 2408 2447 teinnentem
2457 2391 2508 2447 id
2553 2394 2695 2462 quod
2743 2407 2953 2446 summe
3015 2395 3180 2448 amari
3240 2395 3504 2464 debet”,
3558 2413 3659 2453 nec

2084 2491 2233 2538 amat
2263 2492 2536 2536 amantem
2565 2496 2649 2546 se,
2697 2490 2790 2535 aut
2830 2497 2936 2535 non
2970 2483 3187 2551 prodest
3215 2484 3282 2538 ab
3310 2484 3399 2539 illo
3441 2487 3612 2542 amari
3644 2505 3658 2540 :

2081 2588 2201 2642 qua:
2228 2574 2410 2628 omnia
2439 2575 2504 2628 ab
2550 2572 2642 2627 illo
2673 2573 2953 2627 dissonant
2985 2591 2998 2627 :
3033 2573 3281 2629 retribuit
3312 2576 3474 2646 igitur
3512 2577 3660 2631 omni

2082 2679 2140 2720 se
2191 2680 2374 2721 amare
2424 2664 2812 2734 perseveranti.
2853 2662 2990 2729 Quid
3041 2674 3218 2720 autem
3271 2666 3552 2721 retribuit?
3601 2667 3659 2722 Si

2082 2757 2250 2812 nihilo
2295 2757 2442 2812 dedit
2492 2753 2901 2810 rationalem”
2947 2755 3237 2810 essentiam
3272 2765 3330 2810 ut
3357 2771 3548 2812 amans
3576 2773 3662 2814 es-

2082 2859 2206 2919 set,
2252 2850 2380 2919 quid
2427 2848 2573 2903 dabit
2623 2847 2856 2914 amanti,
2892 2847 2935 2902 si
2984 2862 3168 2902 amare
3207 2861 3310 2901 non
3363 2849 3570 2903 cesset?
3603 2848 3659 2904 Si

2085 2952 2192 2996 tam
2217 2941 2419 3012 grande
2444 2938 2691 3008 estquod
2718 2937 2886 2992 amori
2915 2936 3203 2991 famulatur
3223 2977 3236 3004 ,
3269 2951 3428 3006 quam
3455 2939 3660 3007 grande

2005 3047 2050 3108 ρ
2082 3042 2165 3086 est
2189 3033 2331 3102 quod
2362 3033 2530 3087 amori
2560 3031 3035 3098 recompensatur?
3054 3030 3120 3085 Et
3147 3031 3190 3086 si
3217 3029 3322 3086 tale
3344 3040 3427 3086 est
3453 3033 3658 3088 amoris

2081 3124 2479 3191 fulcimentum,
2504 3124 2662 3195 quale
2681 3133 2764 3179 est
2784 3123 2985 3178 amoris
3011 3122 3468 3178 emolumentum?
3493 3121 3625 3177 Nam
3641 3164 3658 3191 ,

2081 3217 2125 3271 si
2158 3215 2436 3270 rationalis
2461 3224 2744 3280 creatura,
2773 3229 2892 3284 qum
2921 3213 3023 3268 sibi
3057 3212 3263 3268 inutilis
3292 3221 3378 3268 est
3414 3215 3528 3268 sine
3557 3215 3663 3269 hoc

2081 3320 2291 3367 amore,
2325 3306 2371 3360 si
2405 3305 2610 3360 eminet
2636 3305 2688 3358 in
2719 3304 2976 3360 omnibus
3011 3304 3278 3359 creaturis
3311 3321 3326 3359 :
3354 3305 3538 3374 utique
3571 3305 3660 3359 ni-

2082 3395 2154 3449 hil
2195 3403 2375 3464 potest
2420 3410 2541 3450 esse
2582 3395 2864 3464 praemium
2907 3393 3065 3464 hujus
3107 3393 3337 3459 amoris,
3383 3395 3485 3449 nisi
3517 3395 3660 3464 quod

2081 3484 2448 3554 supereminet
2473 3484 2524 3538 in
2543 3484 2795 3539 omnibus
2819 3484 3048 3538 naturis.
3073 3484 3284 3538 Etenim
3314 3484 3486 3554 ipsum
3519 3485 3661 3540 idem

2082 3575 2279 3629 bonum
2300 3618 2314 3642 ,
2346 3575 2488 3645 quod
2519 3575 2597 3630 sic
2629 3590 2686 3630 se
2716 3575 2886 3629 amari
2917 3573 3115 3645 exigit,
3163 3588 3268 3628 non
3300 3575 3476 3630 minus
3505 3590 3562 3630 se
3591 3577 3662 3632 ab

2081 3673 2297 3720 amante
2327 3664 2623 3720 desiderari
2671 3664 2916 3736 cogitm.
2964 3663 3098 3716 Nam
3129 3663 3251 3733 quis
3291 3664 3370 3718 sic
3408 3675 3550 3720 amet
3569 3665 3660 3732 ju-

2082 3755 2317 3819 stitiam,
2364 3755 2680 3818 veritatem,
2711 3753 3132 3817 beatitudinem,
3180 3753 3663 3822 incorruptibilita-

2087 3855 2191 3900 tem
2217 3855 2275 3900 ut
2297 3846 2382 3900 his
2415 3845 2520 3900 frui
2551 3861 2656 3900 non
2689 3843 2950 3915 appetat?
2976 3843 3111 3909 Quid
3157 3859 3284 3915 ergo
3335 3860 3542 3899 summa
3568 3847 3663 3901 bo-

2083 3937 2224 3992 nitas
2254 3938 2517 3992 retribuet
2539 3937 2740 3990 amanti
2757 3944 2813 3990 et
2838 3934 3166 3989 desideranti
3191 3949 3248 3988 se
3271 3935 3372 3990 nisi
3398 3937 3664 4004 seipsam?

2084 4026 2216 4082 Nam
2247 4026 2506 4096 quidquid
2529 4026 2673 4080 aliud
2702 4027 2926 4089 tribuat,
2956 4038 3063 4078 non
3091 4025 3375 4090 retribuit;
3408 4026 3534 4096 quia
3561 4042 3662 4082 nec

2081 4125 2466 4187 compensatur
2491 4119 2696 4184 amori,
2727 4133 2827 4173 nec
2876 4119 3187 4174 consolatur
3222 4125 3526 4183 amantem,
3560 4118 3663 4175 nec

2085 4210 2248 4264 satiat
2280 4208 2700 4264 desiderantem.
2732 4209 2839 4263 Aut
2873 4210 2916 4266 si
2945 4225 3003 4266 se
3029 4210 3144 4264 vult
3169 4209 3339 4262 amari
3367 4218 3420 4262 et
3451 4209 3663 4264 deside-

2084 4302 2226 4369 rari,
2272 4309 2332 4356 ut
2381 4301 2527 4356 aliud
2563 4301 2860 4367 retribuat,
2912 4318 3018 4356 non
3056 4317 3114 4356 se
3161 4301 3354 4356 vult"?
3386 4300 3556 4355 amari
3607 4309 3663 4354 et

2009 4378 2060 4438 Β
2087 4397 2382 4453 desiderari
2433 4405 2655 4467 propter
2677 4411 2757 4462 se,
2782 4397 2873 4451 sed
2911 4405 3130 4467 propter
3162 4395 3336 4461 aliud;
3362 4402 3416 4449 et
3444 4395 3524 4448 sic
3553 4407 3660 4446 non

2088 4488 2201 4542 vult
2231 4502 2291 4543 se
2322 4488 2516 4551 amari,
2538 4490 2632 4542 sed
2656 4488 2800 4542 aliud
2828 4507 2841 4542 :
2869 4489 3010 4557 quod
3035 4488 3272 4558 cogitare
3294 4486 3444 4542 nefas
3468 4485 3658 4541 est'“.

2087 4579 2229 4634 Nihil
2257 4594 2388 4650 ergo
2424 4579 2606 4635 verius
2639 4593 2802 4646 quam
2834 4577 2976 4646 quod
3004 4577 3186 4632 omnis
3215 4577 3394 4631 anima
3428 4575 3664 4629 rationa-
3697 4607 3706 4620 ο

2088 4671 2184 4735 lis,
2219 4671 2297 4734 si,
2329 4669 2782 4740 quemadmodum
2832 4669 3020 4734 debet,
3055 4670 3270 4724 studeat
3315 4665 3545 4722 amando
3570 4666 3662 4720 de-

2089 4765 2328 4818 siderare
2352 4778 2617 4818 summam
2648 4762 3036 4818 beatitudinem
3056 4802 3071 4826 ,
3105 4759 3396 4830 aliquando
3426 4757 3567 4812 illam
3593 4755 3662 4810 ad

2087 4854 2368 4908 fruendum
2399 4855 2697 4924 percipiat,
2720 4863 2777 4907 ut
2805 4853 2948 4924 quod
2972 4867 3113 4906 nunc
3139 4849 3366 4905 videtm
3387 4847 3542 4917 quasi
3570 4861 3664 4916 per

2088 4945 2354 5018 speculum
2399 4954 2454 5002 et
2497 4947 2551 4999 in
2598 4947 2872 5016 auu'gmate
2919 4954 3044 5000 tunc
3088 4941 3268 5005 videat
3316 4941 3450 5010 {aria
3477 4939 3546 4992 ad
3579 4938 3663 5005 [a-

1701 5155 1938 5213 VABIJE
1973 5152 2373 5211 LECTIONES.

486 5323 548 5357 ⁷⁸⁸
600 5322 664 5376 Et
713 5321 814 5376 hoc
872 5319 1048 5374 facere
1080 5334 1202 5371 mss.
1234 5316 1300 5369 At
1331 5317 1432 5371 hoc
1463 5313 1640 5370 facere

409 5397 474 5425 ⁷⁸⁸
507 5393 634 5458 Cap.
673 5392 738 5445 68
767 5402 837 5444 est
870 5391 921 5443 in
947 5407 1065 5441 mss.
1094 5397 1246 5454 caput
1277 5387 1342 5438 70

1477 5388 1545 5417 ⁷¹²
1576 5387 1798 5440 Tribuat
1833 5402 1954 5438 mss.
1983 5385 2266 5438 retribuat.

1745 5315 1816 5347 ⁷¹⁰
1840 5315 1920 5370 Ab
1967 5315 2051 5368 his
2085 5313 2250 5368 libere
2297 5327 2423 5364 mss.
2490 5309 2622 5363 Vict.
2657 5309 2784 5380 Sag.
2839 5307 2986 5366 Gem.
3054 5306 3362 5380 (Iister.__ab
3393 5305 3474 5380 his
3526 5303 3664 5380 liber

2379 5381 2450 5412 ⁷¹³
2479 5380 2691 5434 Tribuit
2733 5373 3024 5433 essentiam
3077 5396 3203 5433 mss.
3240 5377 3376 5430 Vict.
3409 5373 3530 5441 Sag.
3563 5375 3667 5426 tri-

413 5465 538 5515 buat
565 5443 853 5515 essentiam
937 5460 1006 5490 ⁷⁸⁵
1051 5443 1272 5512 Summe
1327 5471 1509 5510 amare
1530 5457 1688 5510 debet
1739 5473 1863 5508 mss.
1913 5468 2121 5507 summe
2167 5452 2333 5506 amari
2390 5451 2548 5505 debet
2619 5451 2689 5481 7”
2727 5449 3117 5503 Rationabilem
3172 5464 3297 5500 mss.
3341 5443 3661 5515 ratiuuaiem

412 5533 481 5561 "‘
505 5532 724 5599 Cogitur
752 5548 874 5582 mss.
905 5529 1046 5595 cogit
1118 5528 1185 5558 7”
1216 5526 1321 5579 Nec
1349 5541 1406 5580 se
1426 5527 1534 5599 vu‘lt
1563 5543 1681 5580 mss.
1702 5524 1869 5599 __l"i_c_t.
1906 5523 2030 5599 Sag.
2048 5523 2193 5599 _'I'lm.
2226 5536 2411 5599 non_se
2435 5521 2546 5599 vult
2652 5521 2721 5599 ’λδ
2735 5521 3166 5599 (ξιξεὶιίιιυξωιιοιειδ
3204 5533 3325 5594 ιιιδεἶ

1671 5596 1738 5629 7”
1798 5595 1949 5650 Nunc
1975 5585 2149 5650 videat
2183 5609 2302 5647 mss.
2334 5591 2463 5647 Via.
2507 5591 2629 5655 Saq.
2660 5589 2718 5645 S.
2756 5588 2916 5646 Mich.
2953 5588 3085 5643 Tim.
3111 5602 3252 5642 nunc
3282 5585 3423 5639 videt

416 5601 547 5654 T/au.
579 5594 639 5654 S.
683 5599 838 5652 Mich.
872 5594 1056 5652 Cister.
1116 5599 1350 5665 cogitare
1409 5594 1559 5652 nefas

2652 5519 2968 5586 “‘Cogitari
3016 5519 3166 5572 nefas
3204 5533 3325 5569 mss.
3357 5513 3494 5586 fVict.
3528 5512 3662 5581 Sag.
