3916 6054
438 202 540 258 219

973 200 1030 256 S.
1071 199 1370 256 ANSELIII
1409 198 1759 254 CANTUAll.
1808 196 2124 252 AIICHIEP.
2155 197 2306 253 ΟΡΡ.
2350 195 2526 254 PARS
2554 198 2589 252 Ι.
2632 227 2701 237 —-
2739 194 3159 253 DOGMATICA.

3587 196 3700 251 220

439 311 808 368 dillicillimum
859 312 942 392 vel
988 311 1322 380 impossibile
1349 310 1621 365 existimo.
1651 309 1804 375 Quod
1835 319 2010 364 tamen
2041 317 2086 370 Α
2111 323 2235 365 esse
2267 312 2317 363 iu
2348 311 2512 376 illam,
2543 325 2702 378 quam
2735 309 2778 365 si
2817 309 3011 364 dicitur
3037 309 3103 362 ad
3129 307 3295 363 illam.
3344 308 3458 363 IIac
3509 309 3702 381 itaque

441 403 556 457 am
591 417 802 458 summe
841 399 989 469 justo
1035 417 1352 470 summeque
1379 401 1520 457 bono
1544 401 1804 454 Creatore
1833 413 2012 454 rerum

441 501 588 554 nulla
611 514 676 554 eo
697 499 857 562 bono,
884 497 1030 551 ad'm
1056 499 1197 565 quod
1226 496 1368 550 laeta
1394 505 1499 562 est,
1529 495 1726 565 injuste
1751 495 2012 564 privetur,

440 588 745 644 certissime
779 582 947 641 est“
977 587 1303 651 tenendum;
1334 595 1388 640 et
1427 587 1493 641 ad
1544 587 1683 640 idem
1715 585 1889 656 ipsum
1921 585 2015 641 bo~

439 695 567 733 num
597 689 679 731 est
709 677 857 731 omni
887 677 1093 732 homini
1141 685 1253 734 toto
1289 679 1481 744 corde',
1516 685 1624 733 tota
1668 676 1879 746 anima,
1905 685 2014 732 tota

438 780 620 826 meme
645 770 878 826 amando
903 779 957 824 et
981 769 1338 825 desiderando
1361 769 1660 826 nitendum.

742 859 970 915 CAPUT
1012 859 1222 914 LXXIV
1263 859 1359 931 [αι.
1400 857 1716 930 ιχχιιγιθ.

711 951 861 1017 Quod
895 967 1100 1005 summa
1127 951 1350 1005 essentia
1376 951 1439 1006 sit
1471 949 1750 1019 speranda.

435 1043 780 1098 Cossrsrrcs
816 1057 1043 1096 CAPITIS.
1065 1069 1137 1082 --
1158 1040 1238 1094 Ad
1271 1039 1400 1093 illttd
1448 1055 1579 1094 vero
1608 1038 1830 1094 tendere
1858 1050 2015 1092 nemo

507 1121 704 1182 potest,
729 1112 772 1166 si
797 1112 862 1164 ad
881 1111 1007 1164 illud
1028 1126 1087 1165 se
1109 1125 1267 1181 posse
1279 1110 1562 1191 pervenire
1584 1112 1853 1178 desperet.
1873 1106 2012 1176 Ergo

483 1190 704 1253 .Qrwter
748 1196 987 1235 amorem
1030 1189 1334 1235 necessaria
1367 1189 1450 1234 CSI
1481 1194 1601 1248 εροε

506 1272 612 1328 Sed
647 1273 698 1327 in
733 1274 833 1328 liae
884 1273 1182 1327 intentione
1212 1273 1450 1326 humana
1493 1272 1672 1325 anima
1709 1269 2012 1324 nullatenus

435 1382 496 1421 se
522 1367 726 1436 poterit
746 1380 1026 1431 exercere,
1052 1365 1096 1420 si
1119 1364 1369 1434 desperet
1394 1378 1503 1433 quo
1526 1363 1756 1418 intendit
1776 1377 1834 1418 se
1857 1375 2013 1432 posse

433 1459 736 1528 pervenire.
762 1458 1104 1527 Quapropter
1126 1464 1386 1526 quantum
1414 1455 1488 1509 illi
1516 1465 1599 1510 est
1625 1455 1754 1510 utile
1775 1454 2009 1510 studium

423 1549 825 1616 adnitendim,
880 1558 1086 1604 tantum
1136 1549 1444 1604 necessaria
1496 1557 1581 1604 est
1628 1563 1755 1620 spes
1802 1548 2011 1622 pertin-

433 1642 612 1713 gcndl.
859 1734 965 1803 27
991 1732 1218 1789 CAPUT
1247 1732 1437 1788 LXXV
1473 1733 1610 1805 (77).

509 1821 661 1886 Quod
689 1822 1006 1876 credendum
1036 1823 1100 1875 sit
1133 1823 1185 1876 in
1219 1823 1363 1876 illam
1384 1865 1398 1889 ,
1427 1824 1522 1876 Itoc
1556 1832 1654 1891 est,
1689 1822 1942 1876 credendo

923 1893 1240 1946 tendendum
1268 1893 1322 1946 in
1353 1895 1518 1947 illaut.

432 2004 771 2061 Coxsrscrus
799 2021 1026 2060 ωριτες.
1043 2037 1114 2046 -
1135 2007 1330 2060 Amare
1353 2015 1529 2060 autem
1554 2013 1646 2059 aut
1665 2019 1884 2075 sperare
1906 2020 2013 2060 non

502 2085 700 2144 potest,
730 2076 872 2145 quod
900 2090 1005 2130 non
1045 2075 1238 2130 credit.
1277 2077 1419 2146 Ergo
1448 2085 1501 2130 et
1529 2075 1662 2131 ﬁdes
1705 2075 2012 2130 necessaria

500 2155 584 2199 est
607 2161 713 2214 qua
741 2161 848 2200 non
883 2146 1040 2199 modo
1077 2145 1668 2200 summam'essentiam
1696 2154 1750 2200 et
1796 2160 1859 2200 ea
1897 2145 2014 2202 sine

503 2216 698 2284 quibus
726 2216 896 2269 amari
943 2231 1046 2269 non
1090 2223 1299 2284 potest,
1334 2217 1553 2279 credat;
1603 2215 1697 2270 sed
1741 2230 1846 2284 qua
1893 2230 2012 2274 cre-

501 2283 675 2338 dendo
704 2285 887 2339 tendat
933 2285 985 2338 in
1028 2283 1193 2339 illam.
1239 2285 1294 2340 In
1325 2284 1467 2339 illam
1496 2286 1639 2339 enim
1669 2283 1895 2340 credere
1921 2293 2007 2340 est

505 2356 776 2424 credendo
825 2355 1045 2409 tendere
1087 2355 1142 2408 in
1193 2354 1357 2409 illam.
1417 2355 1556 2424 Ergo
1607 2370 1713 2408 non
1747 2355 1920 2409 credit
1956 2355 2010 2410 in

503 2423 648 2495 illam
677 2426 789 2493 qui,
805 2441 901 2495 per
919 2426 1022 2479 boc
1045 2425 1188 2494 quod
1211 2425 1403 2490 credit,
1432 2423 1537 2479 non
1560 2425 1625 2479 ad
1651 2424 1792 2495 illam
1819 2425 2014 2481 tendit.

503 2494 603 2560 Qui
633 2509 762 2549 vero
806 2493 1081 2549 credendo
1113 2495 1163 2547 in
1199 2495 1343 2548 illam
1396 2495 1600 2559 tendit,
1633 2495 1700 2549 ad
1741 2493 1884 2548 illam
1933 2495 2012 2551 sic

503 2565 785 2632 perveniet
827 2573 886 2616 ut
917 2564 1055 2618 intra
1106 2563 1249 2616 illam
1287 2578 1675 2632 permansurus
1717 2564 1806 2619 sit.
1856 2563 2012 2619 Unde

503 2633 679 2700 aptius
714 2634 912 2688 dicitur
957 2633 1282 2687 credendum
1341 2643 1398 2688 et
1439 2634 1763 2688 tendendum
1803 2649 1921 2690 esse
1959 2634 2013 2688 in

502 2701 681 2824 il'llam,
711 2717 874 2772 quam
906 2702 1235 2758 credendum
1283 2713 1378 2759 aut
1426 2703 1753 2760 tendendum
1801 2719 1921 2760 esse
1946 2704 2014 2759 ad

505 2789 520 2824 Ι
566 2788 673 2824 am.

505 2788 673 2825 mam.

504 2863 705 2919 Amare
748 2871 930 2919 autem
956 2863 1048 2929 ⁷⁸⁸,
1081 2874 1173 2919 aut
1193 2880 1416 2936 sperare
1442 2867 1513 2898 ⁷⁸⁸
1536 2882 1642 2922 non
1668 2873 1846 2938 potest
1871 2867 2014 2937 quod

435 2970 541 3010 non
577 2955 770 3012 credit.
812 2956 1043 3026 Expedit
1079 2957 1262 3027 itaque
1307 2958 1482 3014 eidem
1524 2959 1772 3014 humanae
1821 2960 2015 3014 anima:

433 3061 698 3101 summam
729 3047 1041 3114 essentiam,
1067 3056 1121 3103 et
1148 3063 1210 3106 ea
1236 3048 1354 3104 sine
1377 3050 1574 3119 quibus
1596 3049 1683 3104 illa
1709 3051 1877 3105 amari
1906 3066 2012 3106 non
2042 3067 2088 3130 ς

433 3149 630 3209 potest,
679 3142 928 3209 credere,
960 3153 1020 3198 ut
1073 3143 1218 3200 illam
1274 3145 1541 3202 credendo
1583 3145 1674 3210 7",
1729 3145 1911 3201 tendat
1959 3144 2012 3199 in

435 3231 602 3286 illam.
633 3231 784 3298 Quod
817 3234 956 3305 idem
1003 3243 1126 3304 apte
1156 3236 1483 3306 breviusque
1530 3236 1822 3307 signiﬁcari
1855 3249 2013 3304 posse

431 3324 505 3355 ⁷⁵⁸
531 3333 678 3394 puto,
724 3326 770 3378 si
819 3341 917 3395 pro
954 3341 1019 3382 eo
1070 3329 1327 3397 quodest
1375 3327 1646 3383 credendo
1696 3327 1920 3383 tendere
1957 3326 2010 3380 in

433 3431 702 3471 summam
745 3419 1056 3483 essentiam,
1113 3420 1325 3474 dicatur
1369 3420 1593 3476 credere
1645 3419 1698 3473 in
1747 3434 2009 3474 summam

432 3509 751 3564 essentiam.
783 3508 937 3578 Nam,
970 3511 1014 3566 si
1047 3512 1168 3581 quis
1211 3512 1354 3568 dicat
1394 3528 1452 3568 se
1477 3515 1700 3568 credere
1744 3513 1798 3567 in
1821 3512 2006 3585 illam,

439 3599 572 3654 satis
602 3600 817 3654 videtur
855 3603 1162 3669 ostendere,
1191 3611 1247 3656 et
1275 3617 1371 3671 per
1397 3603 1556 3658 ﬁdem
1595 3618 1756 3672 quam
1787 3602 2013 3673 proﬁte-

434 3698 546 3753 tur,
583 3689 648 3745 ad
686 3703 952 3744 summam
997 3705 1054 3746 se
1101 3692 1322 3748 tendere
1363 3693 1653 3748 essentiam
1678 3734 1693 3760 ,
1731 3702 1786 3749 et
1827 3692 1917 3747 illa
1953 3705 2011 3748 se

431 3780 677 3845 credere,
715 3793 834 3847 qua:
865 3779 932 3832 ad
963 3779 1105 3835 hanc
1134 3786 1406 3850 pertinent
1432 3782 1786 3838 intentionem
1817 3799 1831 3836 :
1863 3797 2007 3844 nam,

431 3881 540 3922 non
591 3869 806 3924 videtur
841 3870 1065 3924 credere
1110 3869 1180 3904 ’δ’
1229 3873 1280 3924 in
1329 3871 1508 3937 illam,
1560 3873 1676 3927 sive
1714 3872 1806 3942 qui
1837 3871 2012 3926 credit

428 3959 575 4027 quod
602 3960 670 4015 ad
701 3960 1025 4016 tendendum
1056 3961 1112 4018 in
1159 3963 1305 4017 illam
1332 3980 1441 4019 non
1469 3966 1703 4034 pertinet
1728 4005 1741 4027 ,
1773 3964 1891 4018 sive
1918 3963 2009 4032 qui

429 4064 527 4118 per
554 4051 658 4105 hoc
679 4052 824 4121 quod
852 4053 1049 4116 credit,
1072 4067 1178 4106 non
1207 4054 1272 4108 ad
1300 4054 1444 4108 illam
1475 4055 1644 4109 tendit
1670 4055 1763 4110 τσο.
1796 4054 1908 4125 (78)
1945 4053 2011 4106 Et

433 4139 665 4194 fortasse
695 4139 1065 4195 iudili‘erenter
1094 4141 1197 4195 dici
1235 4150 1432 4212 potest,
1463 4153 1686 4198 credere
1729 4145 1782 4199 in
1827 4143 2006 4208 illant,

430 4238 484 4282 et
512 4227 578 4282 ad
608 4229 752 4283 illam
779 4247 792 4282 :
819 4229 961 4285 sicut
990 4246 1088 4300 pro
1109 4233 1298 4286 eodem
1320 4232 1493 4303 accipi
1524 4243 1703 4303 potest
1738 4234 2008 4290 credendo

435 4320 655 4379 tendere
682 4320 734 4376 in
764 4320 912 4376 illam
944 4331 998 4379 et
1025 4322 1090 4376 ad
1123 4321 1300 4389 illam,
1333 4322 1434 4378 nisi
1458 4323 1581 4392 quia
1621 4323 1866 4393 quisquis
1888 4333 2004 4382 ten-

2117 403 2324 456 ratione
2350 411 2480 471 puto
2501 401 2886 472 congruentius
2911 415 3069 471 posse
3095 400 3199 456 diei
3221 401 3547 457 credendum
3572 417 3700 458 esse

2117 490 2171 544 in
2201 491 2344 545 illam
2375 507 2535 560 quam
2565 495 2629 546 ad
2669 492 2835 546 illam.

2421 583 2647 639 CAPUT
2680 583 2889 637 LXXVI
2919 582 3016 654 [αι.
3048 581 3286 656 LXXIV]
3311 585 3404 640 τοι.

2118 673 2272 738 Quod
2294 677 2347 728 in
2367 677 2598 742 Patrem,
2629 687 2676 730 et
2700 676 2922 735 Filium,
2938 685 2985 730 et
3007 693 3186 730 eorum
3209 676 3464 747 Spiritum
3489 688 3691 747 pariter

2187 755 2234 799 et
2279 747 2332 800 in
2367 747 2628 816 singulos,
2672 757 2721 800 et
2762 747 2921 800 simul
2962 748 3016 800 in
3059 757 3162 801 tres
3191 747 3503 802 credendum
3528 750 3617 803 sit.

2115 836 2456 895 Consrsc'rus
2503 854 2731 908 CAPIIIS.
2783 869 2854 878 —
2899 837 2992 893 Sic
3034 839 3359 894 credendum
3409 850 3512 904 est,
3558 841 3690 910 quia

2193 910 2290 978 ipsi
2327 918 2435 963 tres
2464 920 2519 964 et
2551 910 2790 978 singulus
2818 924 3002 964 eorum
3031 917 3114 964 est
3141 923 3243 963 una
3271 924 3480 964 summa
3502 925 3691 966 essen-

2190 977 2294 1041 tia;
2327 978 2378 1033 in
2411 995 2569 1048 quam
2610 977 2777 1033 solam
2815 979 2993 1033 omnis
3036 980 3198 1048 homo
3241 978 3400 1033 debet
3441 981 3686 1047 credere,

2188 1048 2326 1102 sicut
2378 1047 2489 1103 haec
2525 1049 2637 1104 sola
2683 1057 2766 1103 est
2810 1049 2998 1102 unicus
3053 1047 3172 1101 ﬁnis
3227 1063 3385 1117 quem
3433 1052 3487 1102 in
3537 1051 3686 1103 omni

2189 1118 2448 1187 cogitatu,
2480 1129 2712 1188 actuque
2760 1133 2858 1172 suo
2889 1118 3049 1171 homo
3094 1131 3192 1186 per
3236 1133 3476 1172 amorem
3529 1119 3692 1174 debet

2187 1187 2488 1244 intendere.
2550 1188 3010 1255 Quemadmodum
3053 1195 3230 1242 autem
3281 1189 3333 1242 in
3377 1187 3521 1242 illam
3571 1197 3691 1243 ten-

2187 1257 2336 1318 dere,
2366 1257 2470 1313 nisi
2513 1259 2702 1314 credat
2741 1257 2917 1321 illam,
2963 1257 3140 1312 nullus
3179 1266 3386 1324 potest,
3428 1257 3501 1312 ita
3538 1257 3689 1313 illam

2187 1328 2431 1395 credere,
2463 1328 2566 1383 nisi
2595 1331 2781 1384 tendat
2809 1328 2863 1381 in
2897 1327 3061 1393 illam,
3091 1323 3221 1384 nulli
3247 1323 3486 1397 prodest.

2184 1437 2520 1494 Credendum
2546 1439 2709 1511 igitur
2729 1447 2811 1494 est
2838 1439 3039 1509 pariter
3061 1439 3112 1492 in
3132 1437 3370 1503 Patrem,
3391 1446 3446 1493 et
3469 1437 3688 1506 Filium,

2113 1540 2168 1586 et
2193 1546 2378 1589 eorum
2407 1530 2686 1601 Spiritum.
2717 1539 2774 1586 et
2805 1531 2859 1584 in
2891 1528 3156 1600 singulos,
3185 1537 3240 1584 et
3269 1529 3429 1584 simul
3465 1531 3516 1583 in
3545 1539 3692 1597 tres;

2115 1623 2242 1693 quia
2272 1632 2328 1678 et
2356 1623 2600 1690 singulus
2639 1622 2819 1687 Pater,
2852 1631 2906 1677 et
2953 1621 3194 1690 singulus
3237 1619 3426 1686 Filius,
3477 1630 3533 1676 et
3577 1623 3695 1676 sin-

2043 1691 2090 1751 B
2118 1691 2278 1786 gulus
2303 1729 2492 1769 eorum
2519 1713 2757 1785 Spiritus
2787 1721 2872 1768 est
2897 1726 3107 1766 summa
3138 1711 3371 1765 essentia
3402 1728 3415 1764 :
3448 1719 3501 1764 et
3529 1712 3693 1766 simul

2114 1803 2298 1869 Pater,
2325 1814 2380 1860 et
2408 1805 2595 1870 Filius,
2627 1820 2748 1858 cum
2773 1819 2870 1858 suo
2895 1801 3097 1872 Spiritu
3119 1809 3242 1856 sunt
3267 1815 3369 1854 una
3395 1800 3693 1870 eademque

2116 1909 2330 1954 Summa
2361 1877 2616 1960 essentia,
2664 1895 2716 1948 in
2747 1907 2908 1963 quam
2935 1891 3102 1948 solam
3129 1890 3306 1948 omnis
3339 1891 3501 1947 homo
3535 1892 3691 1946 debet

2115 1987 2372 2051 credere;
2405 1985 2529 2056 quia
2558 1993 2641 2040 est
2664 1985 2812 2041 solus
2838 1983 2982 2050 ﬁnis,
3012 1997 3170 2052 quem
3204 1980 3258 2034 in
3279 1981 3425 2038 omni
3451 1981 3690 2051 cogitatu

2116 2085 2348 2147 actuque
2394 2076 2509 2133 solo
2553 2091 2650 2146 per
2693 2090 2930 2132 amorem
2975 2075 3136 2129 debet
3184 2074 3483 2129 intendere.
3539 2073 3693 2128 Unde

2116 2169 2462 2226 manifestum
2507 2168 2746 2238 estquia
2798 2169 2938 2222 sicut
2985 2166 3039 2219 in
3083 2164 3228 2219 illam
3281 2165 3532 2232 tendere,
3585 2164 3690 2219 nisi

2117 2260 2304 2315 credat
2333 2259 2499 2324 illam,
2536 2259 2715 2316 nullus
2745 2268 2948 2330 potest;
2993 2261 3069 2315 ita
3119 2259 3262 2314 illam
3289 2256 3543 2325 credere,
3583 2255 3693 2312 nisi

2117 2351 2304 2410 tendat
2330 2352 2383 2410 in
2408 2351 2576 2418 illam,
2611 2351 2740 2406 nulli
2765 2352 3000 2422 prodest.

2394 2461 2622 2521 CAPUT
2657 2459 2893 2518 LXXVII
2932 2461 3027 2533 [αι.
3061 2458 3275 2532 LXXV]
3307 2461 3398 2515 7".

2367 2551 2497 2618 Quae
2551 2553 2618 2606 sit
2667 2554 2809 2617 viva,
2868 2567 2984 2621 qua:
3035 2561 3241 2606 mortua
3293 2550 3443 2618 ﬁdes.

2115 2663 2455 2719 CONSPEC'I'US
2494 2679 2722 2720 CAPITIS.
2752 2694 2823 2705 -——
2869 2663 3010 2732 Ergo
3054 2662 3189 2716 ﬁdes
3239 2662 3381 2732 sine
3392 2661 3692 2732 dilectione

2189 2733 2394 2790 inutilis
2420 2744 2523 2800 est,
2555 2745 2605 2790 et
2634 2735 2785 2803 quasi
2813 2731 3082 2789 mortuum
3115 2732 3336 2802 aliquid.
3372 2731 3532 2803 Fides
3559 2745 3690 2788 vero

2188 2820 2310 2859 cum
2341 2803 2629 2860 dilectione
2650 2801 2757 2859 non
2778 2814 2860 2860 est
2884 2804 3054 2859 otiosa
3073 2820 3086 2856 :
3105 2801 3228 2857 nam
3249 2801 3388 2870 quod
3419 2817 3688 2856 summam

2185 2874 2450 2944 justitiam
2481 2874 2685 2944 diligit,
2722 2875 2865 2944 iniltil
2907 2873 3111 2944 justuﬁm
3143 2882 3510 2938 contemnere,
3553 2872 3689 2944 nihil

2189 2941 2331 2999 valet
2376 2941 2630 3012 iniustum
2669 2941 2977 3000 admittere.
3038 2943 3179 3012 Ergo
3207 2951 3262 2997 et
3284 2956 3509 3010 operosa
3551 2941 3689 2996 ﬁdes

2191 3015 2347 3080 vivit,
2377 3016 2503 3084 quia
2540 3015 2703 3070 habet
2733 3016 2898 3068 vitam
2932 3012 3237 3068 dilectionis
3279 3013 3396 3084 sine
3439 3026 3542 3082 qua
3580 3026 3688 3066 non

2189 3083 2543 3156 operaretur;
2594 3092 2650 3156 et
2675 3085 2844 3140 otiosa
2877 3085 3007 3140 ﬁdes
3049 3098 3158 3138 non
3185 3083 3346 3156 vivit,
3377 3083 3502 3150 quia
3538 3092 3693 3156 caret

2189 3149 2299 3211 vita
2352 3149 2674 3217 dilectionis,
2729 3169 2850 3210 cum
2905 3170 3008 3224 qua
3064 3169 3170 3208 non
3223 3152 3506 3224 Otiaretur.
3537 3149 3690 3224 _ldeo

2188 3235 2368 3280 autem
2400 3225 2533 3280 ﬁdes
2556 3232 2766 3279 mortua
2796 3221 2994 3279 dicitur
3022 3224 3148 3293 quia
3172 3237 3277 3276 non
3312 3222 3475 3293 habet
3499 3221 3688 3293 vitam,

2225 3310 2348 3349 nam
2376 3308 2590 3365 semper
2618 3295 2821 3350 habere
2865 3291 3053 3365 debet.‘
3086 3293 3262 3365 Porro
3285 3291 3586 3365 viva__ﬁd_es_
3627 3305 3692 3344 ea

2225 3313 2348 3349 nam
2376 3313 2590 3365 semper
2618 3313 2821 3350 naoere
2865 3313 3040 3349 cenet.
3086 3313 3255 3348 rorro
3286 3313 3407 3346 vwa
3448 3313 3582 3345 niues
3627 3313 3686 3344 ea

2186 3313 2387 3421 IIicitur
2439 3381 2558 3435 qua:
2598 3365 2770 3420 credi't
2810 3365 2863 3420 in
2915 3365 2990 3429 id,
3037 3363 3088 3417 in
3125 3364 3268 3432 quod
3310 3361 3460 3435 credi
3483 3359 3686 3435 _debet;_

2187 3444 2398 3560 meatu:
2417 3431 2560 3560 lfero
2590 3436 2744 3502 ﬁdes,
2771 3449 2834 3489 ea
2865 3450 2986 3506 qua:
3011 3431 3185 3490 credit
3211 3441 3415 3487 tantum
3448 3431 3520 3496 id,
3548 3431 3693 3500 quod

2187 3521 2274 3560 cre
2316 3523 2329 3559 ι
2386 3521 2416 3560 e
2453 3517 2508 3560 et

2185 3505 2329 3561 credi
2351 3505 2508 3560 debet

2185 3596 2524 3668 Quapropter
2583 3605 3002 3667 quantacunque
3056 3594 3384 3651 certitudine
3433 3593 3691 3648 credatur

2118 3693 2268 3740 tanta
2300 3684 2416 3752 resf,
2449 3685 2656 3742 inutilis
2679 3687 2783 3741 erit
2815 3686 2971 3751 ﬁdes,
2998 3694 3052 3740 et
3084 3685 3239 3755 quasi
3272 3691 3543 3737 mortuum
3595 3680 3691 3734 ali-
3791 3686 3806 3698 ‘

2113 3775 2241 3846 quid
2261 3817 2274 3843 ,
2306 3779 2411 3834 nisi
2443 3779 2734 3835 dilectione
2758 3777 2934 3832 valeat
2963 3786 3018 3832 et
3057 3777 3223 3831 vivat.
3262 3775 3474 3830 Etenim
3517 3773 3691 3828 nulla-

2117 3876 2277 3922 tenus
2305 3867 2461 3924 ﬁdem
2483 3869 2649 3934 illam,
2679 3882 2839 3938 quam
2874 3874 3189 3936 competens
3232 3865 3523 3920 comitatur
3553 3862 3680 3917 dile-

2114 3959 2243 4023 ctio,
2269 3959 2312 4013 si
2336 3973 2396 4014 se
2417 3959 2795 4028 opportunitas
2815 3955 3010 4013 oﬁ'erat
3033 3956 3105 3989 ⁷⁸³
3130 3955 3417 4027 Operandi,
3447 3953 3684 4008 otiosam

2114 4063 2261 4114 esse,
2314 4050 2410 4104 sed
2457 4050 2631 4116 magis
2678 4064 2738 4104 se
2766 4049 3001 4118 quadam
3045 4047 3117 4080 ⁷⁸⁸
3163 4061 3386 4116 operum
3432 4057 3692 4099 exercere

2113 4140 2450 4210 frequentia,
2483 4141 2622 4210 quod
2653 4141 2770 4195 sine
2807 4140 3093 4196 dilectione
3134 4138 3312 4193 facere
3335 4151 3439 4192 non
3477 4144 3684 4204 posset,

2113 4233 2185 4265 ⁷³⁸
2210 4232 2293 4291 vel
2317 4233 2420 4292 hoc
2440 4233 2555 4288 solo
2581 4233 2798 4302 probari
2826 4241 3037 4305 potest;
3066 4232 3190 4300 quia
3227 4230 3370 4302 quod
3421 4243 3688 4284 summam

2108 4323 2378 4394 justitiam
2403 4325 2596 4396 diligit,
2624 4323 2755 4378 nihil
2775 4321 2981 4392 justum
3003 4319 3521 4385 contemnere,nibil
3550 4318 3691 4370 valet

431 4411 610 4466 dendo
636 4410 702 4466 ad
729 4411 872 4468 illam
901 4413 1228 4484 pervenerit,
1263 4429 1368 4471 non
1396 4421 1550 4470 extra
1579 4413 1726 4472 illam
1758 4429 2004 4472 remane-
2035 4399 2085 4460 Ῐ)
2114 4416 2374 4486 iniustum
2419 4417 2726 4472 admittere.
2769 4415 2937 4485 Ergo,
2982 4415 3236 4484 quoniam
3289 4411 3432 4482 quod
3486 4409 3691 4478 aliquid

433 4501 530 4564 bit,
564 4505 656 4558 sed
689 4505 828 4560 intra
879 4507 1026 4562 illam
1068 4507 1428 4576 permanebit.
1489 4507 1641 4574 Quod
1693 4508 2007 4578 expressius

429 4604 489 4663 et
533 4598 852 4657 familiarius
903 4601 1260 4673 signiﬁcatur,
1315 4602 1360 4657 si
1423 4603 1624 4660 dicitur
1681 4603 2005 4660 tendendum

2113 4515 2394 4574 operatur,
2437 4506 2612 4562 inesse
2655 4506 2761 4562 sibi
2808 4506 3007 4572 vitam,
3037 4505 3156 4559 sine
3195 4518 3300 4573 qua
3333 4500 3545 4572 operari
3583 4515 3689 4571 non

2114 4593 2358 4664 valeret,
2419 4597 2657 4656 ostendit
2699 4613 2714 4654 :
2758 4611 2866 4652 non
2912 4596 3144 4656 absurde
3192 4595 3391 4652 dicitur
3443 4602 3498 4648 et
3558 4606 3688 4662 ope-

1743 4733 1973 4790 VARIAE
2009 4733 2412 4792 LEC'I’IONES.

502 4840 571 4915 ’δέ
594 4841 747 4915 Quod
776 4853 884 4898 tam
915 4859 944 4898 a
975 4863 1080 4899 mss
1138 4850 1280 4915 quod
1317 4857 1492 4902 tamen
1517 4864 1547 4902 a

428 4913 799 4986 certissimum
822 4923 908 4986 est
1013 4913 1229 4986 mcap.
1253 4917 1319 4970 73
1347 4929 1422 4971 est
1472 4921 1523 4972 in
1555 4936 1679 4973 mss.
1717 4919 1787 4974 75

1624 4849 1690 4880 7“
1728 4849 1804 4904 Ex
1827 4850 1967 4905 bono
1995 4853 2060 4905 ad
2095 4869 2221 4906 mss.
2254 4867 2328 4906 eo
2353 4852 2492 4906 bono
2519 4849 2607 4904 ad.

1894 4921 1967 4952 ⁷⁸⁸
1993 4921 2377 4977 Adnittcndum
2424 4936 2549 4973 mss.
2581 4918 2854 4973 adnitendi

429 5000 555 5038 mss.
584 4983 667 5038 hic
696 4984 1074 5056 incipit__caput
1099 4983 1281 5041 76⁷1ηὸ
1303 4988 1400 5041 hoc
1445 4989 1596 5041 titulo
1621 4989 1810 5056 :Quod
1865 4991 2193 5046 credendum
2217 4993 2308 5054 sit,
2339 5002 2436 5044 etc.
2486 4999 2540 5042 ut
2566 4990 2620 5042 in
2661 4988 2811 5040 titulo
2841 4987 3026 5055 capitis
3054 4985 3123 5039 75
3144 4986 3196 5038 in
3230 4986 3401 5056 editis.

2707 4846 2778 4880 ⁷⁸⁸
2810 4847 3127 4903 Certissime
3151 4854 3236 4899 est
3260 4861 3385 4899 mss.
3421 4842 3588 4896 Tltua.
3623 4843 3694 4897 50

2963 4916 3033 4949 ⁷⁸⁸
3054 4919 3255 4968 Amare
3282 4924 3480 4980 autem,
3509 4923 3610 4966 etc.
3635 4915 3690 4966 in

2963 4987 3026 5035 tis
3054 4985 3123 5035 75
3144 4986 3196 5035 in
3230 4986 3401 5035 editis.
3503 4983 3574 5016 '“
3627 4983 3692 5035 Et

433 5068 653 5129 Sperare
680 5052 809 5108 mss.
870 5052 1064 5129 Victor.
1100 5057 1320 5129 Sagieus
1359 5052 1700 5112 Cisterciens:
1745 5067 1835 5113 aut
1860 5077 2080 5129 sperare
2153 5062 2223 5096 7"
2247 5052 2314 5116 Ut
2350 5061 2434 5115 illa
2463 5058 2742 5129 credendo
2757 5073 2882 5111 mss.
2906 5052 2981 5129 ut
2995 5056 3137 5129 illam
3162 5055 3432 5129 credendo
3504 5052 3690 5129 “_‘__S_i-

436 5124 590 5191 gnari
624 5139 781 5194 posse
806 5141 932 5180 mss.
975 5124 1267 5196 signiﬁcari
1312 5143 1468 5195 posse
1565 5129 1634 5160 ’δ’
1661 5129 1773 5184 Νοη
1815 5124 2024 5185 videtur
2047 5132 2272 5186 credere
2297 5149 2398 5184 ms.
2447 5129 2651 5182 Tltuau.
2685 5127 2755 5180 50
2799 5143 2905 5182 non
2935 5127 3184 5180 videntur
3209 5125 3434 5179 credere

1564 5199 1633 5230 ⁷⁵⁸
1671 5199 1799 5268 Cap.
1855 5200 1920 5253 74
1989 5212 2064 5255 est
2089 5204 2141 5254 in
2167 5219 2292 5255 mss.
2332 5212 2483 5269 caput
2514 5199 2578 5251 77

1489 5269 1558 5300 7“
1589 5267 1757 5340 Magis
1806 5285 1928 5325 esse
1969 5273 2200 5340 quadam
2235 5287 2363 5325 mss.
2396 5267 2540 5323 "I'Itu.
2572 5267 2719 5324 Gem.
2752 5282 2943 5336 magna
2967 5281 3024 5322 se
3046 5267 3275 5337 quadam

435 5210 542 5265 ius:
595 5196 934 5248 continuatur
962 5207 1114 5265 caput
1139 5198 1453 5265 prwcedens.

435 5263 735 5323 m()li'erat
783 5281 909 5322 mss.
968 5263 1102 5321 Tim.
1140 5263 1389 5322 conferat

433 5347 537 5394 non
561 5337 728 5416 possit
752 5352 875 5390 mss.
903 5336 1081 5392 facere
1112 5352 1216 5391 non
1243 5350 1426 5406 posset

3539 5123 3614 5154 750
3638 5125 3692 5173 in

2680 5198 2752 5230 "’
2778 5196 2906 5266 Cap.
2941 5196 3008 5252 75
3045 5206 3118 5251 est
3165 5197 3219 5248 in
3244 5213 3366 5248 mss.
3415 5204 3566 5263 caput
3624 5192 3692 5245 78

2680 5285 2719 5319 ι.
2752 5282 2943 5319 manna
2967 5281 3024 5319 se
3046 5267 3275 5319 uuadant
3383 5264 3455 5297 ⁷⁵⁸
3485 5264 3691 5319 Facere

3529 5279 3656 5318 acer

1948 5458 1986 5510 LV
1995 5457 2035 5511 0
2041 5455 2150 5509 Teii

489 5583 615 5667 I77)
657 5586 800 5640 Alias
827 5598 908 5643 cst
934 5601 1056 5654 pars
1082 5606 1198 5654 cap.
1235 5591 1322 5644 72.

2183 5589 2291 5654 (73)
2332 5587 2478 5640 Alias
2510 5587 2595 5641 hic
2623 5585 2807 5654 incipit
2840 5600 2956 5655 cap.
2989 5585 3074 5638 75.
