3916 6054
363 205 471 262 29.3

905 197 962 253 S.
1003 195 1304 252 ANSELMI
1343 190 1694 250 CANTUAB.
1733 187 2059 246 ARCHIEP.
2089 185 2238 244 OPP.
2281 182 2463 239 PARS
2502 181 2543 236 l.
2579 212 2646 222 —
2677 177 3092 237 DOGMATICA.

3524 171 3668 231 224

366 319 736 374 imminentem
771 311 1146 368 necessitatem
1170 311 1263 361 7".
1295 307 1407 378 (80)
1436 305 1577 374 Quid
1621 313 1801 360 autem
1832 311 1940 358 tam
1973 306 2012 361 A
2042 304 2181 359 bene
2218 307 2328 362 est,
2380 307 2434 352 et
2478 313 2542 350 ex
2574 312 2701 367 quo,
2745 305 2793 349 et
2831 311 2923 365 per
2945 309 3098 364 quem
3120 331 3134 358 ,
3183 302 3231 346 ct
3274 292 3328 345 in
3376 306 3477 362 quo
3513 299 3668 344 sunt

365 425 466 480 pro
498 424 592 464 sua
625 405 891 475 dignitate
938 399 1306 456 venerandum
1358 405 1414 452 et
1464 409 1562 465 pro
1611 393 1849 464 qualibet
1888 409 1947 447 re

367 498 781 569 deprecandum,
810 508 970 563 quam
995 504 1204 546 summe
1231 490 1402 544 bonus
1425 495 1478 542 et
1525 500 1734 541 summe
1757 493 1948 556 potens

369 589 637 659 Spiritus,
668 585 758 655 qui
796 582 1108 638 dominatur
1149 579 1404 635 omnibus
1440 585 1496 632 et
1540 577 1681 647 regit
1723 575 1948 629 omnia?

371 681 528 736 Sicut
554 678 698 734 enim
725 681 942 732 constat
977 673 1105 744 quia
1133 669 1317 729 omnia
1347 684 1443 739 per
1476 682 1686 723 summe
1715 667 1945 733 bonam,

371 784 690 840 summeque
711 769 1010 838 sapientem
1037 764 1486 834 omnipotentiam
1517 762 1635 832 ejus
1655 760 1794 815 facta
1823 767 1950 814 sunt

368 863 644 934 etvigent,
668 861 741 915 ita
769 859 930 914 nimis
960 855 1347 912 inconveniens
1367 853 1559 919 est'",
1588 852 1634 905 si
1657 850 1955 905 mstimetur

371 955 515 1026 quod
548 952 708 1007 rebus
751 966 781 1004 a
828 965 888 1004 se
936 948 1096 1004 factis
1134 947 1250 1016 ipse
1298 959 1406 1000 non
1445 942 1789 1002 dominetur;
1841 937 1956 992 sive

339 1107 343 1111 ,
374 1045 517 1115 quod
553 1043 709 1098 facta:
730 1042 799 1096 ab
842 1040 958 1105 illo,
987 1038 1054 1092 ab
1083 1037 1190 1092 alio
1218 1036 1397 1091 minus
1425 1041 1678 1104 potente,
1707 1029 1955 1083 minusve

371 1136 543 1198 bono,
574 1133 658 1187 vel
695 1133 968 1202 sapiente;
1003 1137 1098 1183 aut
1137 1127 1283 1181 nulla
1332 1126 1551 1195 penitus
1589 1122 1828 1186 ratione,
1862 1118 1957 1174 sed

372 1225 486 1279 sola
514 1239 736 1279 casuum
767 1221 1074 1276 inordinata
1101 1216 1439 1272 volubilitate
1470 1222 1767 1281 regnantur
1791 1223 1806 1262 :
1832 1202 1954 1263 cum

374 1313 461 1368 ille
492 1313 638 1368 solus
667 1313 770 1376 sit,
811 1325 910 1380 per
938 1322 1095 1378 quem
1128 1306 1370 1369 cuilibet,
1413 1312 1467 1359 et
1514 1303 1630 1358 sine
1672 1314 1780 1369 quo
1819 1296 1951 1352 nulli.

2052 393 2250 447 omnia.
2283 390 2418 445 Cum
2452 387 2617 458 igitur
2658 385 2805 441 solus
2851 385 2922 439 sit
2951 384 3088 455 ipse,
3122 397 3230 438 non
3261 381 3436 438 solum
3462 383 3666 438 bonus

2052 485 2303 546 Creator,
2335 481 2429 536 sed
2455 487 2509 534 et
2539 477 2950 548 potentissimus
2976 475 3236 531 Dominus
3259 485 3315 530 et
3345 475 3657 544 sapientis-

2053 577 2226 629 simus
2285 579 2466 627 rector
2513 569 2758 624 omnium
2813 585 2826 620 :
2881 566 3302 636 liquidissimum
3354 575 3439 621 est
3492 565 3660 620 hunc

2051 664 2225 720 solum
2280 675 2433 727 esse,
2476 673 2637 730 quem
2687 656 2865 711 omnis
2922 655 3027 709 alia
3078 663 3299 717 natura,
3341 653 3658 708 secundum

2057 763 2226 810 totum
2281 765 2438 806 suum
2489 763 2678 819 posse,
2730 745 2892 801 debet
2938 744 3209 816 diligendo
3256 744 3536 808 venerari,
3589 751 3663 796 et

2055 843 2367 902 venerando
2388 840 2642 909 diligere;
2677 837 2743 892 de
2772 851 2879 906 quo
2907 835 3025 890 solo
3067 848 3324 904 prospera
3361 842 3486 890 sunt
3517 849 3659 904 spe-

2065 935 2260 1001 randa,
2291 934 2359 989 ad
2387 947 2550 1002 quem
2591 928 2765 984 solum
2811 927 2880 982 ab
2907 925 3151 980 adversis
3194 925 3268 958 “’7‘
3309 924 3656 996 fugiendum,

2061 1028 2148 1083 cui
2179 1025 2278 1081 soli
2309 1038 2408 1095 pro
2431 1021 2625 1092 quavis
2647 1033 2706 1073 re
2744 1016 3177 1087 supplicandum.
3213 1016 3351 1070 Vere
3373 1016 3537 1085 igitur
3558 1015 3662 1069 hic

2059 1127 2143 1173 est
2187 1130 2292 1170 non
2324 1112 2498 1169 solum
2543 1111 2720 1173 Deus,
2768 1107 2861 1165 sed
2910 1105 3057 1162 solus
3096 1106 3254 1170 Deus,
3303 1103 3663 1160 incliabiliter

2063 1209 2237 1264 trinus
2265 1215 2318 1262 et
2344 1218 2486 1260 unus
2511 1203 2604 1256 ⁷⁷³.

370 1461 3638 1509 ______________________________________________

1204 1596 1892 1723 SANGTI
2009 1588 2839 1706 ANSELMI

1497 1830 2490 1971 PROSLOGION

831 2228 1647 2368 ALLOQUIUM
1725 2221 1910 2336 DE
1972 2215 2209 2332 DEI
2267 2208 3187 2326 EXISTENTIA.

1375 2370 1642 2386 ’,ι-...μια-

837 2499 948 2570 29
973 2497 1044 2530 τη
1069 2495 1485 2553 PROOEMIUM.

385 2588 500 2643 Uno
537 2597 843 2656 argumento
871 2588 924 2640 in
952 2587 1049 2639 hoc
1081 2584 1330 2656 opusculo
1361 2585 1580 2656 intendit
1603 2582 1966 2656 probarequia

458 2651 723 2723 Deus-est,
751 2667 797 2711 et
834 2651 1154 2728 quaecunque
1187 2655 1250 2708 de
1296 2654 1403 2708 Deo
1426 2651 1706 2709 credimus.
1736 2651 1970 2773 Di/iicul-

458 2741 537 2773 ms
564 2744 750 2773 mmrts.
788 2729 980 2773 Auctor
1001 2725 1175 2773 scribit
1196 2724 1289 2773 sub
1312 2741 1530 2773 nersmm
1556 2734 1808 2773 comtemn
1833 2721 1970 2773 antis

457 2741 537 2782 tas
564 2744 751 2796 operis.
787 2724 980 2780 Auctor
998 2724 1175 2796 scribit
1196 2724 1289 2796 sub
1310 2741 1530 2793 persona
1556 2724 1971 2796 comtemplantis

459 2789 624 2851 Deum
666 2805 715 2851 et
754 2795 1032 2868 qurerentis
1085 2789 1369 2868 intelligere
1415 2797 1553 2868 quod
1603 2789 1787 2848 credit.
1831 2789 1970 2868 Iluic

459 2868 705 2932 opusculo
732 2861 870 2920 hunc
896 2864 1108 2918 titulum
1136 2861 1350 2919 dederat
1383 2880 1402 2917 :
1425 2861 1584 2918 Fides
1613 2876 1860 2932 quaerens
1888 2861 1971 2932 in-

460 2937 750 2992 tellectum.
783 2935 983 3018 Deinde
1008 2933 1339 3004 Proslogion,
1371 2934 1426 2987 id
1448 2943 1520 2989 est
1541 2931 1850 3003 Alloquium
1875 2931 1971 2985 hoc

459 3023 588 3076 opus
611 3014 945 3073 nuncupavit.

458 3116 750 3186 Postquam
773 3114 1091 3186 opusculum
1117 3115 1388 3186 quoddam
1421 3115 1829 3189 (Monologion),
1855 3114 1968 3170 vel-

390 3218 450 3263 ut
477 3210 782 3279 exemplum
830 3207 1124 3263 meditandi
1148 3209 1215 3264 de
1244 3209 1452 3264 ratione
1483 3208 1628 3276 lidei,
1657 3207 1972 3279 cogentibus

390 3315 479 3355 me
530 3301 782 3370 precibus
825 3303 1183 3371 quorumdam
1233 3301 1494 3368 lratrum,
1526 3302 1579 3356 in
1609 3316 1841 3372 persona
1869 3301 1970 3355 ali-

391 3391 545 3461 cujus
568 3392 732 3446 tacite
760 3407 942 3448 secum
971 3392 1345 3448 ratiocinando
1365 3409 1485 3462 quae
1519 3393 1725 3448 nesciat
1751 3391 1974 3447 investi-

391 3481 830 3551 gantis'medidi
868 3501 880 3536 :
923 3483 1275 3538 considerans
1323 3483 1452 3538 illud
1502 3497 1624 3539 esse
1679 3483 1971 3540 multorum

393 3573 842 3628 concatenatione
866 3581 1179 3628 contextum
1211 3585 1676 3644 argumentorum,
1701 3574 1840 3646 coepi
1862 3589 1973 3628 me-

392 3679 517 3719 cum
566 3679 808 3734 qumrere
838 3665 882 3720 si
924 3665 1065 3721 forte
1099 3673 1282 3735 posset
1322 3666 1551 3722 inveniri
1594 3682 1760 3722 unum
1811 3682 1973 3738 argu-

394 3764 660 3821 mentum,
696 3757 837 3827 quod
866 3757 1013 3814 nullo
1058 3758 1164 3815 alio
1201 3757 1270 3813 ad
1316 3773 1375 3814 se
1418 3758 1776 3830 probandum,
1809 3774 1970 3830 quam

2012 2484 2282 2549 Bmentis
2331 2484 2502 2538 aciem
2549 2483 2772 2537 omnino
2821 2481 3051 2550 lugeret,
3094 2484 3306 2537 tandem
3361 2482 3666 2554 desperans

2074 2576 2220 2630 volui
2261 2589 2500 2640 cessare,
2525 2573 2674 2629 velut
2707 2574 2776 2628 ab
2812 2573 3161 2643 inquisitione
3191 2573 3292 2638 rei,
3323 2588 3486 2644 quam
3513 2576 3670 2630 inve-

2071 2668 2176 2722 niri
2204 2676 2350 2723 esset
2397 2665 2748 2737 impossibile.
2776 2663 2884 2720 Sed
2920 2681 3044 2720 cum
3079 2664 3222 2718 illam
3251 2665 3664 2736 cogitationem,

2081 2771 2148 2812 ne
2201 2765 2433 2812 mentem
2482 2770 2660 2810 meam
2697 2754 2900 2810 frustra
2949 2756 3284 2826 occupando,
3326 2757 3394 2811 ab
3433 2757 3576 2820 aliis,
3609 2758 3666 2812 in

2072 2846 2266 2916 quibus
2314 2847 2580 2916 prolicere
2626 2860 2840 2916 possem
2870 2846 2962 2911 τεο,
3002 2846 3310 2916 impediret,
3369 2848 3590 2918 penitus
3634 2864 3667 2902 a

2070 2951 2159 2991 me
2184 2936 2373 2992 vellem
2402 2936 2687 2991 excludere
2716 2953 2731 3001 ;
2771 2945 2897 2990 tunc
2923 2936 3094 3006 magis
3133 2951 3199 2992 ac
3232 2937 3422 3008 magis,
3455 2937 3668 2992 nolenti

2075 3028 2145 3060 ⁷⁸¹
2175 3037 2231 3083 et
2276 3026 2586 3083 defendenti
2623 3043 2682 3083 se
2722 3029 2885 3097 coepit
2917 3042 3040 3082 cum
3087 3027 3494 3098 importunitate
3533 3043 3670 3098 qua-

2073 3119 2197 3175 dam
2243 3120 2511 3190 ingerere.
2540 3118 2783 3186 Quadam
2812 3119 2978 3190 igitur
3000 3120 3109 3185 die,
3142 3135 3264 3175 cum
3312 3120 3672 3175 vehementer

2073 3211 2190 3281 ejus
2224 3209 2620 3279 importunitati
2670 3209 2974 3264 resistendo
3009 3209 3284 3281 fatigarer,
3312 3209 3364 3263 in
3395 3210 3514 3280 ipso
3562 3225 3662 3266 co-

2074 3303 2393 3373 gitationum
2429 3300 2686 3356 conﬂictu
2727 3300 2807 3356 sic
2834 3315 2892 3355 se
2941 3301 3137 3355 obtulit
3165 3301 3310 3370 quod
3339 3303 3666 3371 deSperave-

2074 3409 2215 3459 ram,
2243 3403 2304 3448 ut
2356 3392 2600 3448 studiose
2645 3392 3028 3463 cogitationem
3093 3394 3470 3464 amplecterer,
3501 3409 3668 3465 quam

2074 3484 2341 3540 sollicitus
2399 3482 2747 3554 repellebam.
2808 3481 3116 3538 Estimans
3172 3483 3338 3554 igitur
3381 3484 3522 3552 quod
3581 3497 3672 3538 me

2076 3574 2376 3644 gaudebam
2403 3574 2692 3640 invenisse,
2722 3572 2767 3628 si
2800 3574 3062 3643 scriptum
3099 3584 3243 3635 esset
3275 3574 3438 3629 alicui
3471 3573 3667 3644 legenti

2077 3669 2428 3739 placiturum,
2457 3667 2524 3723 de
2546 3667 2648 3724 hoc
2678 3668 2794 3737 ipso
2814 3675 2866 3721 et
2884 3667 2949 3721 de
2970 3667 3288 3736 quibusdam
3315 3666 3541 3732 maliis,
3569 3667 3673 3722 sub

2076 3773 2304 3829 persona
2339 3759 2586 3814 conantis
2607 3758 2819 3829 erigere
2859 3767 3092 3812 mentem
3120 3757 3192 3789 ⁷⁸³
3248 3772 3400 3812 suam
3440 3757 3507 3811 ad
3537 3773 3670 3811 con-

393 3861 454 3901 se
506 3846 620 3902 solo
650 3847 957 3917 indigeret;
995 3856 1051 3903 et
1099 3848 1270 3904 solum
1318 3849 1386 3905 ad
1439 3850 1790 3904 astruendum
1849 3850 1976 3919 quia
2006 3845 2045 3903 C
2083 3847 2449 3918 temptandum
2493 3848 2693 3912 Deum,
2735 3855 2792 3901 et
2832 3847 3127 3915 quaerentis
3173 3846 3474 3916 intelligere
3523 3848 3668 3917 quod

395 3937 540 3993 Deus
564 3953 694 3994 vere
720 3947 824 4005 est,
873 3948 928 3994 et
970 3941 1095 4010 quia
1143 3952 1227 3998 est
1256 3955 1526 3997 summum
1577 3941 1776 3994 bonum
1828 3939 1974 3994 nullo

394 4028 500 4085 alio
531 4029 798 4100 indigens,
838 4039 892 4084 et
919 4045 1026 4100 quo
1049 4032 1229 4086 omnia
1261 4031 1504 4100 indigent
1538 4037 1596 4084 ut
1622 4029 1730 4084 sint
1759 4039 1813 4084 et
1837 4028 1976 4084 bene

395 4123 467 4154 ⁷⁸⁷⁸
491 4123 630 4189 sint;
662 4133 718 4179 et
745 4139 1082 4194 quaecunque
1113 4126 1388 4180 credimus
1424 4125 1490 4181 de
1515 4125 1694 4180 divina
1725 4124 1973 4180 substan-

397 4210 496 4276 tia,
523 4209 814 4268 sufﬁceret.
838 4211 919 4266 Ad
954 4212 1096 4280 quod
1121 4226 1243 4267 cum
1277 4227 1420 4284 smpe
1457 4213 1802 4282 studioseque
1828 4211 1977 4282 cogi-

399 4303 656 4358 tationem
709 4312 1085 4360 converterem
1108 4306 1179 4338 ⁷⁷⁸
1202 4313 1364 4378 atque
1392 4305 1682 4375 aliquando
1728 4303 1860 4357 mihi
1893 4303 1971 4356 vi-

399 4395 619 4452 deretur
654 4395 770 4467 jam
796 4397 913 4468 capi
945 4412 1106 4468 posse
1131 4400 1275 4469 quod
1319 4397 1649 4468 quaarebam,
1685 4395 1974 4465 aliquando

2080 3939 2276 4005 credit,
2326 3940 2598 3994 subditum
2655 3939 2848 4009 scripsi
2900 3939 3244 4008 Opusculum.
3296 3939 3364 3994 Et
3410 3938 3670 4009 quoniam

2079 4041 2183 4083 nec
2211 4027 2352 4081 istud
2383 4043 2483 4083 nec
2517 4028 2666 4094 illud,
2693 4029 2848 4098 cujus
2883 4044 3047 4096 supra
3082 4029 3324 4095 memini,
3358 4029 3578 4100 dignum
3610 4029 3669 4083 li-

2078 4119 2163 4174 bri
2190 4119 2427 4186 nomine,
2445 4129 2538 4176 aut
2562 4122 2648 4176 cui
2677 4123 2915 4177 auctoris
2931 4122 3003 4153 ⁷⁸⁵
3026 4131 3426 4192 ρτρθροηονθιυτ
3450 4136 3670 4184 nomen,

2071 4211 2412 4282 judicabam;
2446 4227 2544 4268 nec
2588 4222 2766 4268 tamen
2805 4214 2993 4268 eadem
3025 4213 3142 4268 sine
3172 4212 3243 4246 ⁷⁸⁵
3268 4212 3448 4281 aliquo
3492 4212 3670 4276 titulo,

2079 4318 2188 4373 quo
2236 4304 2509 4374 aliquem,
2541 4305 2592 4358 in
2641 4305 2795 4374 cujus
2849 4306 3380 4385 manus_venirent,'
3404 4303 3640 4373 quodam

2080 4397 2240 4452 modo
2284 4399 2350 4454 ad
2387 4413 2446 4453 se
2493 4397 2776 4469 legendum
2818 4397 3108 4453 invitarent
3135 4439 3150 4465 ,
3199 4397 3520 4453 dimittenda
3573 4413 3670 4470 pu-

1680 4505 1918 4561 VARUE
1971 4504 2262 4563 LECTION
2270 4510 2372 4565 ES.

487 4601 559 4672 7"
601 4600 669 4654 In
718 4617 844 4672 mss.
897 4603 1236 4657 continuatur
1297 4611 1450 4672 caput
1483 4600 1856 4672 pratcalensuu
2019 4598 2193 4672 nimis
2248 4611 2303 4656 et
2355 4603 2740 4672 inconveniens
2787 4613 2872 4659 est
2923 4621 3050 4658 mss.
3110 4600 3248 4655 Vict.
3291 4602 3418 4672 Sag.
3474 4600 3669 4656 Cistcr.

401 4671 644 4744 emittet
715 4671 787 4703 7"
809 4673 860 4726 in
885 4673 1127 4744 adversis
1151 4666 1370 4744 m_ss.ab
1403 4666 1647 4726 adversis
1718 4669 1791 4744 1""
1818 4666 2061 4744 SJIic/a.
2094 4667 2235 4744 Yict.
2265 4673 2321 4744 Ξ)ἐ
2347 4671 2539 4727 Cister.
2579 4673 2812 4744 Explicit
2864 4674 3204 4744 Monologion
3234 4666 3387 4744 liber"
3431 4671 3672 4744 Ainsclmi

397 4739 733 4810 "{Collatus
771 4751 848 4793 est
880 4741 1010 4794 liber
1049 4741 1360 4810 Proslogian
1390 4757 1506 4794 cum
1535 4757 1662 4794 mss.
1700 4737 2228 4810 Gemmeticensilius,
2284 4737 2846 4806 Becccnsibusftribus
2895 4737 3174 4797 Victorinis
3219 4742 3312 4795 RR
3340 4743 3393 4806 5,
3439 4742 3538 4794 EE
3581 4742 3673 4808 15,

402 4808 487 4864 CC
517 4809 572 4874 9,
615 4809 915 4864 Corbeiensi
952 4811 1080 4877 507,
1111 4806 1338 4879 quatuor
1364 4811 1621 4870 Thuam's.
1653 4809 1742 4874 90,
1771 4807 1895 4879 39l_,
1910 4806 2015 4879 451Δ
2044 4808 2242 4879 817655,
2268 4827 2371 4865 uno
2402 4812 2755 4879 Cislerciensi,
2781 4824 2828 4867 et
2853 4831 2955 4868 uno
2989 4813 3293 4867 monasterii
3322 4812 3596 4865 Michaelis
3619 4806 3672 4866 in

401 4879 935 4952 periculo_maris._—
962 4880 1065 4936 Ms.
1095 4876 1223 4952 Cist.
1281 4882 1469 4951 incipit
1499 4876 2182 4952 PrologusinProsl‘ogion
2226 4882 2466 4937 Anselmi
2517 4876 2929 4939 Cantuariensis
2968 4882 3362 4952 archiepiscopi
3386 4899 3496 4952 ms.
3520 4880 3670 4935 Gem.

400 4950 594 5023 incipit
621 4950 950 5023 Prommium
980 4952 1032 5005 in
1060 4948 2295 5023 ljroslogionlibrumAuselmiarchiepiscopi.
2323 4969 2421 5005 ms.
2457 4953 2656 5007 Vict.3.
2684 4954 2874 5023 lncipit
2897 4948 3234 5009 Procemitim
3264 4948 3324 5006 in
3346 4951 3670 5023 Prosl‘ngion

402 5017 604 5095 librum
637 5021 901 5095 Anselmj.
929 5037 1027 5095 ms.
1063 5022 1235 5095 Ilum,
1256 5017 1385 5095 ’ξω
1436 5020 1634 5095 incipit
1661 5017 1913 5095 Praefatio
1943 5017 2373 5095 in__Pros_olog_ion
2399 5023 2520 5078 libri
2539 5017 3249 5095 WAnselmi'Cantuairiensis_
3275 5017 3666 5095 archiepiscopi

402 5109 501 5164 ms.
537 5091 672 5164 Tltu.
706 5090 828 5164 653.
855 5091 1046 5164 Incipit
1066 5092 1407 5164 Proslogion,
1434 5090 1486 5164 id
1510 5087 1940 5164 eSt,alloquiur_n,
1969 5087 2103 5164 liber
2129 5087 2370 5164 Ansélmi
2399 5111 2498 5148 ms.
2523 5094 2585 5147 S.
2612 5093 2774 5148 Mich.
2809 5093 3346 5164 lncjpitProcemium
3373 5093 3423 5145 in
3454 5087 3672 5164 l’roslo-

403 5162 755 5239 gionlibrum
787 5159 1471 5239 Ansclmimarcbiepiscopi
1514 5159 1951 5239 Cantuariensnisn
2023 5159 2519 5239 lnvcstigandis
2565 5180 2692 5218 mss.
2723 5164 2846 5218 Bec.
2881 5159 3029 5239 Gem.
3064 5163 3435 5239 i‘nvestigantis
3508 5163 3580 5194 ⁷⁷⁸
3606 5162 3672 5218 Ut

405 5226 515 5284 sint
546 5234 684 5287 bene
711 5248 834 5286 mss.
866 5229 1208 5287 Thu.Cister.
1237 5226 1294 5285 ut
1313 5226 1500 5300 sint'ct
1530 5239 1597 5300 ut
1615 5230 1749 5284 bene
1779 5228 1890 5300 j"
1913 5226 2281 5300 cogitationes
2310 5226 2687 5289 converterem
2714 5250 2840 5287 mss.
2867 5226 3670 5300 cogitationem'converterem

402 5301 473 5333 ⁷⁸³
503 5301 1018 5384 lfrolicerepossent
1066 5319 1192 5384 mss:
1224 5300 1370 5384 Gem.
1400 5299 1523 5354 Bec.
1557 5298 1719 5384 rich.
1743 5296 1812 5384 i3
1842 5307 1902 5384 et
1924 5296 2133 5384 flleret.
2167 5301 2694 5384 prolicerenpossem
2795 5305 2863 5336 ⁷⁸¹
2907 5296 3079 5372 Magis
3121 5302 3325 5384 volenti
3363 5319 3490 5357 mss.
3533 5301 3670 5357 Tha.

405 5374 588 5446 magis
607 5369 816 5446 nolenti
885 5373 954 5405 ⁷⁸³
978 5375 1044 5446 Et
1072 5374 1396 5446 quibusdam
1407 5387 1520 5446 ius;
1552 5369 1609 5425 S.
1644 5370 1806 5446 Mirlr.
1830 5376 1884 5422 et
1907 5370 1974 5422 de
1997 5369 2318 5435 quibusdam
2398 5369 2724 5446 733Exigere
2753 5369 3146 5431 mentem‘mss.
3177 5373 3389 5445 erigere
3436 5384 3672 5428 mentem

405 5438 804 5497 ﬂ"Cuiamoris
821 5444 1046 5499 mss.cui
1067 5438 1305 5511 auctoris
1378 5442 1446 5474 ⁷⁸⁵
1480 5440 1681 5497 Tamen
1707 5443 1820 5496 sine
1846 5446 2182 5564 msle
2230 5446 2415 5500 eadem
2443 5445 2558 5501 sine

478 5593 592 5667 (80)
631 5593 778 5652 Alias
809 5596 895 5651 hic
921 5595 1102 5668 incipit
1142 5615 1256 5669 cap.
1287 5597 1371 5650 77.
