3926 6054
460 225 566 281 9‘37

459 432 584 499 iuva
611 446 729 486 nos.
747 430 1004 498 Obsecro,
1029 429 1273 496 Domine,
1288 444 1358 484 ne
1380 428 1661 499 desperem
1684 427 2041 497 suspiranda;

460 526 553 581 sed
577 525 834 596 respirem
875 524 1159 595 sperando.
1188 524 1447 588 Obsecro,
1482 523 1744 587 Domine,
1782 522 2048 576 amarica-

462 625 574 669 tum
616 621 827 668 est'cor
850 628 1030 669 meum
1072 628 1166 669 sua
1199 613 1560 680 desolatione;
1596 612 1892 668 indulca‘“
1916 611 2044 666 illud

460 714 550 758 tua
578 703 970 759 consolatione.
996 702 1253 770 Obsecro,
1289 705 1538 771 Domine,
1570 704 1817 760 esuriens
1847 703 2044 773 incmpi

458 809 705 865 quaerere
749 804 820 860 te,
860 811 927 850 ne
966 795 1210 851 desinam
1258 795 1474 867 jejunus
1514 796 1583 850 de
1629 805 1724 851 te:
1758 793 2045 851 famelicus
2069 852 2082 864 ,

456 885 684 951 accessi,
727 900 794 940 ne
841 886 1094 941 recedam
1143 887 1425 957 impastus.
1463 885 1676 956 Pauper
1710 885 1835 940 veni
1864 885 1930 939 ad
1963 885 2047 939 di-

456 976 643 1043 vitem,
672 976 837 1031 miser
865 977 931 1030 ad
956 977 1386 1041 misericordem,
1406 991 1477 1031 ne
1506 978 1725 1032 redeam
1759 990 1960 1031 vacuus
1991 984 2046 1031 et

456 1076 820 1138 contemptus.
855 1067 925 1122 Et
957 1068 1005 1122 si
1032 1078 1324 1138 antequam
1361 1068 1643 1124 comedam
1684 1068 1922 1137 suspiro,
1953 1067 2045 1134 da,

457 1160 539 1215 vel
565 1169 685 1231 post
724 1160 979 1229 suspiria,
1000 1161 1145 1231 quod
1186 1161 1490 1217 comedam.
1517 1160 1765 1227 Domine,
1797 1162 2047 1217 incurva-

458 1257 546 1305 tus
599 1266 707 1305 non
745 1265 969 1321 possum
1013 1249 1118 1306 nisi
1158 1251 1409 1306 deorsum
1449 1251 1733 1321 aspicere;
1765 1251 1915 1319 erige
1960 1266 2048 1306 me

459 1349 519 1394 ut
548 1340 750 1410 possim
790 1355 1007 1395 sursum
1032 1339 1331 1395 intendere.
1355 1338 1675 1409 iniquitates
1703 1353 1836 1394 meae
1855 1354 2045 1411 super-

457 1430 737 1500 gressa!”
768 1438 930 1499 caput
960 1443 1159 1493 meum,
1191 1428 1488 1484 obvolvunt
1512 1444 1636 1494 me;
1668 1441 1723 1484 et
1751 1430 2048 1485 sicutonus

458 1538 642 1595 grave,
673 1530 903 1590 gravant
936 1535 1043 1575 me.
1075 1520 1277 1576 Evolve
1319 1534 1435 1587 me,
1461 1535 1695 1577 exonera
1726 1536 1813 1577 me
1862 1535 1932 1576 ne
1956 1537 2050 1576 ur-

459 1623 581 1684 geat
610 1622 801 1684 puteus
847 1628 1035 1667 earum
1074 1628 1136 1668 os
1167 1628 1323 1668 suum
1361 1627 1523 1685 super
1549 1629 1633 1670 me
1662 1632 1677 1671 :
1708 1615 1873 1670 liceat
1914 1614 2046 1669 mihi

459 1704 739 1775 suspicere
769 1702 944 1759 lucem
971 1702 1046 1735 ⁸⁸³
1081 1712 1250 1767 tuam,
1284 1703 1367 1759 vel
1405 1706 1472 1759 de
1501 1703 1678 1776 longe,
1707 1704 1792 1761 vel
1828 1707 1895 1761 de
1922 1720 2040 1775 pro-
2078 1685 2121 1742 Β

456 1794 648 1849 fundo.
676 1793 821 1848 Doce
847 1807 932 1847 me
958 1807 1201 1863 quaerere
1224 1800 1296 1858 te,
1324 1803 1381 1847 et
1408 1793 1639 1849 ostende
1665 1801 1717 1848 te
1742 1794 2043 1864 quaerenti;

458 1885 583 1954 quia
636 1899 736 1939 nec
765 1899 1011 1954 quaerere
1060 1893 1114 1938 te
1159 1899 1402 1954 possunt,
1442 1884 1548 1939 nisi
1591 1893 1646 1939 tu
1674 1884 1893 1950 doceas,
1945 1901 2048 1942 nec

457 1975 721 2040 invenire,
754 1975 856 2029 nisi
886 1983 940 2030 te
977 1976 1253 2030 ostendas.
1284 1973 1627 2053 Qumram'te
1665 1975 2042 2053 desiderando,

457 2068 758 2123 desiderem
801 2067 1118 2136 quarrendo,
1153 2067 1422 2122 inveniam
1474 2068 1725 2135 amando,
1756 2083 1931 2124 amem
1964 2070 2048 2124 in-

459 2160 739 2215 veniendo.
760 2158 978 2225 Fateor,
1012 2158 1260 2225 Domine,
1291 2169 1348 2216 et
1368 2161 1572 2231 gratias
1597 2177 1722 2234 ago,
1746 2163 1872 2235 quia
1894 2179 2049 2220 crea-

457 2251 525 2305 sti
565 2251 618 2305 in
647 2264 733 2306 me
766 2251 908 2306 hanc
931 2249 1221 2321 imaginem
1263 2264 1433 2319 tuam,
1466 2262 1524 2306 ut
1556 2253 1630 2307 tui
1680 2269 1891 2309 memor
1919 2255 2044 2323 sim,

456 2351 512 2395 te
539 2342 796 2414 cogitem,
829 2350 882 2398 te
913 2356 1090 2398 amem
1125 2360 1139 2397 :
1169 2345 1263 2398 sed
1287 2342 1367 2397 sic
1407 2352 1491 2397 est
1524 2341 1722 2395 abolita
1764 2344 2048 2409 attritione

458 2432 752 2499 vitiorum,
813 2435 893 2489 sic
948 2442 1034 2489 est
1071 2433 1337 2490 oii‘uscata
1379 2432 1527 2487 fumo
1570 2444 1939 2503 peccatorum,
1990 2445 2049 2492 ttt

461 2541 564 2581 non
610 2526 784 2598 possit
828 2525 1011 2584 facere
1032 2529 1098 2581 ad
1127 2526 1270 2596 quod
1316 2525 1457 2581 facta
1498 2537 1619 2594 est,
1645 2528 1747 2583 nisi
1791 2536 1846 2582 tu
1890 2543 2047 2585 reno-

461 2632 555 2672 ves
579 2626 632 2672 et
663 2617 929 2674 reformes
960 2633 1103 2674 eam.
1133 2617 1248 2672 Non
1279 2626 1449 2680 tento,
1483 2619 1729 2686 Domine,
1759 2629 2048 2703 penetrare

460 2705 799 2761 altitudinem
833 2715 980 2762 tuam
1007 2723 1024 2773 ;
1056 2708 1182 2778 quia
1213 2706 1520 2764 nullatenus
1547 2724 1805 2780 comparo
1836 2710 1914 2765 illi
1961 2710 2046 2764 in-

461 2796 737 2852 tellectum
776 2812 955 2854 meum
981 2839 999 2864 ,
1042 2799 1138 2855 sed
1183 2799 1436 2855 desidero
1472 2800 1811 2871 aliquatenus
1851 2800 2048 2858 intelli-

460 2902 586 2958 gere
607 2889 896 2946 veritatem
921 2900 1089 2957 tuam,
1111 2907 1273 2963 quam
1297 2894 1469 2950 credit
1488 2901 1545 2951 et
1563 2903 1708 2949 amat
1727 2910 1822 2950 cor
1841 2910 2044 2951 meam.

456 2981 644 3050 Neque
689 2982 920 3037 enim'm
948 2998 1133 3054 quaaro
1189 2985 1512 3057 intelligere,
1549 2993 1609 3040 ut
1655 2987 1873 3041 credam
1904 3003 1920 3054 ;
1950 2986 2044 3043 sed

460 3072 647 3137 credo,
687 3082 748 3128 ut
774 3072 1108 3145 ;intelligam.
1150 3073 1287 3130 Nam
1331 3076 1520 3133 ethoc
1561 3077 1724 3132 credo
1761 3077 1888 3147 quia
1937 3076 2040 3132 nisi

462 3164 770 3232 credidero,
802 3180 910 3221 non
940 3166 1259 3239 intelligam.
1422 3170 1431 3181 ‘

1086 3279 1315 3337 CAPUT
1354 3280 1420 3337 ll.

462 3368 619 3434 Quod
642 3384 754 3424 vere
774 3370 841 3424 sit
870 3369 1032 3439 Deus,
1082 3371 1179 3425 etsi
1207 3372 1455 3494 insipiens
1485 3371 1619 3426 dixit
1646 3371 1701 3427 in
1734 3373 1893 3427 corde
1916 3390 2043 3433 suo:

1036 3440 1154 3494 Non
1186 3451 1266 3494 est
1342 3457 1457 3494 eus.

1085 3454 1154 3495 οη
1186 3451 1266 3495 εει
1295 3451 1457 3497 Deus.

533 3530 695 3603 Ergo,
721 3531 964 3597 Domine,
994 3532 1087 3603 qui
1123 3532 1220 3588 das
1250 3532 1371 3589 ﬁdei
1405 3532 1755 3598 intellectum,
1787 3533 1854 3589 da
1890 3534 2045 3602 mihi,

465 3631 541 3690 ut,
568 3633 831 3693 quantum
865 3625 972 3680 scis
1002 3626 1281 3698 expedire,
1318 3625 1613 3697 intelligam
1637 3626 1764 3696 quia
1786 3640 1867 3691 es,
1903 3628 2047 3683 sicut

464 3715 766 3780 credimus;
798 3724 853 3771 et
898 3715 1000 3772 hoc
1049 3732 1130 3783 es,
1172 3717 1316 3787 quod
1364 3717 1656 3772 credimus.
1714 3715 1783 3771 Et
1827 3717 2044 3786 quidem

463 3808 735 3863 credimus
765 3817 818 3862 te
848 3822 971 3864 esse
1015 3808 1239 3880 aliquid,
1268 3823 1376 3879 quo
1416 3807 1550 3863 nihil
1594 3806 1771 3878 majus
1817 3808 2044 3879 cogitari

458 3900 747 3969 'possit.An
777 3917 906 3973 ergo
935 3917 1039 3958 non
1065 3909 1147 3957 est
1177 3900 1354 3971 aliqua
1386 3900 1509 3955 talis
1532 3898 1891 3968 natura,quia
1915 3898 2045 3953 dixit

462 3992 709 4060 insipiens
734 3996 789 4047 in
826 3996 982 4049 corde
1009 4010 1106 4048 suo
1131 4010 1150 4048 .'
1175 3991 1299 4047 Non
1325 4002 1400 4046 est
1428 3990 1599 4045 Deus?
1619 3988 1792 4060 (Psal.
1823 4005 1942 4054 xm,
1968 3989 2045 4061 1.)

462 4081 569 4138 Sed
600 4093 749 4140 certe
800 4085 942 4140 idem
993 4085 1106 4156 ipse
1160 4083 1419 4154 insipiens
1447 4082 1541 4146 ⁸¹⁰,
1586 4095 1708 4136 cum
1753 4080 1903 4135 audit
1942 4080 2047 4136 hoc

463 4172 639 4240 ipsum
667 4172 812 4243 quo‘d
854 4172 997 4237 dico,
1029 4171 1233 4241 aliquid
1280 4184 1388 4239 quo
1437 4167 1610 4237 majus
1641 4167 1774 4223 nihil
1819 4168 2045 4238 cogitari

462 4270 669 4330 potest;
711 4261 963 4332 intelligit
991 4261 1135 4332 quod
1183 4261 1355 4329 audit,
1397 4270 1453 4316 et
1501 4260 1643 4330 quod
1693 4258 1946 4330 intelligit
1991 4259 2045 4314 in

462 4351 736 4407 intellectu
762 4351 878 4421 ejus
909 4360 1028 4419 est;
1064 4349 1279 4406 etiamsi
1309 4365 1415 4406 non
1442 4349 1702 4421 intelligat
1748 4348 1880 4404 illud
1901 4362 2042 4404 esse.

460 4441 618 4496 Aliud
646 4450 731 4497 est
759 4441 905 4498 enim
931 4440 999 4472 ⁸¹¹
1026 4455 1137 4495 rem
1167 4453 1286 4495 esse
1326 4438 1379 4493 in
1424 4437 1732 4504 intellectu;
1778 4436 1924 4491 aliud
1965 4437 2047 4492 in-

464 4534 708 4604 telligere
742 4550 853 4590 rem
878 4548 1024 4590 esse.
1054 4533 1192 4592 Nam
1224 4553 1346 4593 cum
1378 4534 1553 4605 pictor
1580 4528 1897 4602 przecogitat
1925 4543 2046 4599 qua:

462 4627 705 4682 facturus
745 4636 850 4694 est,
877 4628 1041 4684 habet
1077 4629 1294 4699 quidem
1342 4629 1395 4703 in
1423 4626 1735 4690 intellectu;
1787 4621 1883 4676 sed
1917 4638 2050 4676 non-

1013 225 1069 281 S.
1114 224 1416 280 ANSELMI
1454 220 1803 280 CANTUAB.
1840 219 2158 276 ARCIIIEP.
2199 221 2350 275 OPP.
2391 217 2570 275 PARS
2609 217 2647 272 l.
2689 246 2761 259 --—
2788 215 3205 273 DOGMATICA.

461 340 527 395 ad
557 347 630 405 te,
655 340 745 408 qui
785 338 919 394 nihil
947 339 1186 394 valemus
1224 338 1342 393 sine
1371 345 1446 393 te.
1469 336 1676 391 Invitas
1698 334 1915 400 nos“;
1947 335 2044 388 ad-
2072 343 2117 397 Α
2147 334 2274 389 dum
2316 349 2438 390 esse
2466 331 2721 403 intelligit
2749 333 2894 402 quod
2946 331 3186 388 nondum
3236 331 3385 389 fecit.

2140 424 2256 493 jam
2286 425 2478 496 pinxit,
2511 432 2568 479 et
2594 424 2760 478 habet
2799 423 2852 477 in
2897 422 3201 487 intellectu,
3224 432 3283 479 et
3333 424 3587 497 intelligit
3615 443 3738 483 esse

2121 516 2217 548 ·⁸¹²
2245 516 2389 586 quod
2410 515 2524 584 jam
2554 514 2704 571 fecit.
2732 512 3085 568 Convincitur
3110 527 3240 583 ergo
3271 515 3438 570 etiam
3476 516 3737 588 insipiens

3479 351 3571 390 um
3605 351 3734 393 vero

2148 606 2219 639 ⁸¹³
2241 621 2365 663 esse
2404 604 2491 661 vel
2530 605 2585 661 in
2642 603 2917 660 intellectu
2958 604 3193 673 aliquid,
3234 619 3343 676 quo
3386 606 3520 662 nihil
3562 610 3735 682 majus

2147 704 2373 776 cogitari
2423 711 2604 774 potest
2633 719 2647 768 ;
2678 701 2805 772 quia
2851 701 2953 757 hoc
3000 714 3123 754 cum
3153 700 3327 766 audit,
3360 701 3650 775 intelligit;
3681 716 3738 762 et

2148 794 2409 867 quidquid
2461 794 2798 865 intelligitur,
2828 794 2882 848 in
2940 790 3213 847 intellectu
3240 802 3343 848 est.
3382 794 3449 848 Et
3473 806 3622 851 certe
3658 797 3733 863 id,

2147 886 2339 955 qno'“
2380 884 2556 953 majus
2602 883 2832 954 cogitari
2881 886 3089 954 nequit,
3145 902 3254 942 non
3300 896 3481 959 potest
3520 902 3641 944 csse
3680 889 3735 945 in

2149 974 2423 1030 intellectu
2449 973 2584 1029 solo.
2619 971 2676 1028 Si
2711 972 2855 1027 enim
2884 972 2970 1028 vel
2999 974 3052 1029 in
3074 974 3145 1007 ⁸²⁸
3169 975 3286 1031 solo
3324 975 3601 1033 intellectu
3627 986 3731 1042 est,

2147 1075 2328 1138 potest
2354 1066 2581 1139 cogitari
2608 1080 2730 1121 esse
2753 1073 2810 1120 et
2850 1065 2904 1120 in
2935 1066 3007 1098 ⁸¹⁶
3037 1081 3095 1122 re
3125 1084 3140 1120 :
3168 1066 3312 1139 quod
3340 1067 3515 1137 majus
3542 1078 3643 1125 est.
3674 1068 3733 1125 Si

2144 1173 2279 1227 ergo
2314 1158 2388 1224 id,
2414 1172 2523 1229 quo
2571 1155 2747 1226 majus
2769 1155 2839 1188 ⁸ί⁷
2884 1157 3115 1228 cogitari
3166 1173 3272 1213 non
3310 1166 3509 1231 potest,
3549 1167 3633 1214 est
3679 1160 3732 1213 in

2148 1250 2264 1305 solo
2304 1248 2580 1304 intellectu
2607 1289 2623 1313 ,
2661 1248 2934 1317 idipsum,
2981 1263 3090 1318 quo
3138 1247 3315 1318 majus
3346 1248 3574 1318 cogitari
3625 1263 3732 1303 non

2147 1346 2347 1409 potest,
2396 1347 2480 1393 est
2531 1352 2638 1405 quo
2692 1337 2868 1408 majus
2920 1337 3150 1407 cogitari
3191 1346 3409 1407 potest:
3440 1335 3534 1392 sed
3587 1344 3736 1391 certe

2149 1427 2253 1483 hoc
2279 1440 2403 1482 esse
2449 1440 2555 1481 non
2587 1434 2785 1496 potest.
2825 1426 3021 1482 Existit
3065 1441 3195 1497 ergo
3219 1426 3407 1498 procul
3437 1427 3602 1482 dubio
3631 1426 3733 1481 ali-

2150 1519 2302 1591 quid,
2328 1533 2437 1591 quo
2460 1516 2635 1587 majus
2663 1517 2893 1588 cogitari
2921 1532 3031 1577 non
3065 1516 3230 1583 valet,
3256 1528 3315 1575 et
3342 1518 3395 1574 in
3437 1516 3734 1582 intellecto,

2151 1620 2207 1666 et
2225 1611 2279 1666 in
2304 1625 2385 1667 re.

2764 1718 2991 1777 CAPUT
3031 1719 3096 1777 lli

2153 1836 2307 1903 Quod
2339 1835 2483 1889 Deus
2502 1850 2607 1888 non
2636 1837 2800 1903 possit
2839 1835 3062 1903 cogitari
3105 1850 3207 1887 non
3236 1849 3366 1903 esse.
3395 1863 3465 1872 —
3493 1832 3635 1887 Deus
3660 1844 3735 1888 est

2220 1906 2276 1959 id
2317 1902 2884 1986 quo.majuscogitari
2908 1902 3029 1986 non
3070 1913 3255 1972 potest.
3284 1902 3352 1956 Id
3380 1904 3519 1974 quod
3569 1915 3737 1973 potest

2223 1972 2445 2046 cogitari
2477 1972 2579 2026 non
2603 1972 2742 2039 esse,
2765 1988 2869 2027 non
2887 1983 2961 2027 est
2983 1972 3147 2027 Deus.

2219 2072 2374 2141 Quod
2410 2072 2596 2141 utique
2640 2070 2721 2126 sic
2766 2086 2896 2127 vere
2924 2080 3029 2137 est,
3068 2080 3127 2125 ut
3169 2084 3269 2125 nec
3307 2069 3530 2140 cogitari
3566 2072 3738 2142 possit

2149 2181 2256 2222 non
2277 2178 2419 2221 esse.
2446 2160 2579 2215 Nam
2609 2169 2790 2231 potest
2813 2160 3040 2231 cogitari
3069 2175 3190 2217 esse
3223 2160 3426 2231 aliquid
3448 2162 3591 2230 quod
3629 2176 3741 2217 non

2146 2258 2319 2330 possit
2368 2253 2600 2327 cogitari
2647 2269 2755 2309 non
2804 2252 3157 2324 csse;'quod
3210 2253 3386 2325 majus
3425 2263 3530 2319 est,
3574 2269 3735 2324 quam

2148 2350 2289 2421 quod
2318 2362 2428 2403 non
2451 2361 2574 2404 esse
2600 2347 2828 2418 cogitari
2862 2353 3057 2417 potest.
3088 2342 3271 2412 Quare
3292 2345 3337 2399 si
3368 2344 3419 2399 id
3438 2384 3452 2406 ,
3482 2360 3590 2413 quo
3620 2359 3735 2398 ma-

2146 2440 2322 2511 jus”
2350 2441 2539 2512 nequit
2566 2435 2817 2509 cogitari,
2847 2443 3025 2505 potest
3050 2435 3277 2505 cogitari
3308 2449 3413 2488 non
3460 2448 3582 2489 esse
3611 2451 3624 2485 :
3652 2434 3737 2488 id-

2147 2534 2322 2605 ipsum
2352 2547 2460 2603 quo
2487 2530 2663 2600 majus
2691 2528 2918 2600 cogitari
2944 2529 3152 2599 nequit,
3178 2542 3282 2581 non
3309 2535 3392 2580 est
3418 2526 3469 2581 id
3500 2541 3608 2596 quo
3624 2542 3738 2579 ma-

2142 2623 2232 2693 jus
2251 2622 2476 2692 cogitari
2504 2622 2688 2692 nequit
2713 2634 2728 2674 :
2751 2620 2894 2690 quod
2910 2618 2982 2650 ‘m
2996 2618 3286 2673 convenire
3296 2631 3401 2672 non
3426 2626 3617 2687 potest.
3644 2614 3742 2671 Sic

2145 2726 2277 2784 ergo
2301 2726 2429 2767 vere
2450 2720 2535 2767 est
2561 2709 2764 2780 aliquid
2801 2722 2908 2779 quo
2935 2706 3109 2777 majus
3130 2707 3357 2778 cogitari
3404 2721 3510 2761 non
3540 2712 3737 2777 potest,

2147 2812 2205 2858 ut
2229 2817 2331 2859 nec
2354 2801 2581 2872 cogitari
2607 2800 2779 2871 possit
2800 2814 2908 2854 non
2940 2813 3062 2855 esse
3087 2816 3103 2855 :
3123 2808 3181 2853 et
3208 2799 3311 2854 hoc
3329 2813 3389 2854 es
3410 2804 3487 2861 tu,
3513 2795 3743 2852 Domine

2145 2896 2290 2952 Deus
2312 2903 2522 2951 noster.
2550 2892 2642 2950 Sic
2669 2908 2799 2964 ergo
2825 2907 2953 2949 vere
2985 2907 3067 2961 es,
3109 2893 3357 2958 Domine,
3387 2892 3530 2947 Deus
3561 2906 3738 2957 meus,

2148 2998 2209 3045 ut
2237 3004 2338 3044 nec
2358 2987 2584 3059 cogitari
2627 2987 2807 3058 possis
2844 3000 2951 3040 non
2987 2999 3142 3050 esse;
3173 2994 3227 3040 et
3253 2984 3467 3040 merito.
3506 2983 3564 3039 Si
3592 2984 3737 3037 enim

2149 3081 2327 3152 aliqua
2354 3094 2506 3136 mens
2529 3089 2708 3149 posset
2738 3079 2977 3150 cogitare
3001 3077 3203 3148 aliquid
3242 3076 3435 3133 melius
3456 3087 3528 3141 te,
3549 3091 3737 3131 ascen-

2149 3175 2302 3230 deret
2351 3180 2605 3228 creatura
2653 3186 2816 3242 super
2867 3170 3218 3237 Creatorem,
3253 3181 3310 3225 et
3349 3170 3625 3242 judicaret
3672 3170 3741 3225 de

2146 3262 2453 3319 Creatore:
2499 3261 2645 3331 quod
2697 3261 2851 3316 valde
2891 3268 2978 3316 est
3021 3260 3337 3316 absurdum.
3392 3258 3460 3314 Et
3517 3259 3739 3331 quidem

2147 3351 2407 3424 quidquid
2438 3358 2522 3406 est
2550 3349 2695 3406 aliud
2736 3357 2932 3419 praeter
2974 3348 3147 3405 solum
3180 3357 3258 3414 te,
3305 3358 3484 3420 potest
3510 3348 3740 3419 cogitari

2147 3459 2253 3499 non
2283 3457 2425 3499 esse.
2480 3441 2640 3497 Solus
2690 3442 2857 3512 igitur
2898 3441 3180 3497 verissime
3218 3440 3484 3506 omnium,
3516 3450 3573 3495 et
3617 3440 3741 3496 ideo

2147 3536 2384 3593 maxime
2426 3536 2671 3594 omnium
2699 3534 2867 3591 habes
2907 3548 3056 3600 esse;
3097 3532 3223 3603 quia
3282 3530 3544 3602 quidquid
3590 3531 3741 3588 aliud

2146 3639 2251 3697 est,
2286 3646 2392 3686 non
2414 3631 2496 3686 sic
2523 3645 2650 3686 vere
2681 3639 2784 3696 est,
2801 3637 2864 3684 et
2890 3625 3179 3683 idcircom
3207 3626 3388 3681 minus
3411 3625 3571 3681 habet
3594 3640 3737 3681 esse.

2140 3719 2450 3792 Curitaque
2471 3722 2605 3776 dixit
2631 3720 2880 3791 insipiens
2907 3719 2963 3772 in
2989 3716 3143 3771 corde
3168 3733 3263 3772 suo
3282 3731 3301 3768 :
3326 3712 3448 3770 Non
3473 3724 3547 3770 est
3568 3715 3742 3771 Deus!

2148 3809 2321 3884 (Psal.
2352 3827 2479 3878 xttt,
2507 3813 2558 3884 l)
2588 3826 2712 3868 cum
2756 3820 2865 3866 tam
2903 3811 2956 3865 in
2985 3809 3053 3842 ⁸¹⁸
3095 3816 3345 3879 promptu
3367 3807 3441 3862 sit
3488 3806 3741 3862 rationali

2146 3905 2334 3973 menti,
2364 3916 2417 3961 te
2439 3906 2673 3962 maxime
2698 3907 2938 3962 omnium
2978 3921 3121 3962 esse.
3148 3904 3277 3984 Qur,
3305 3902 3410 3958 nisi
3457 3901 3586 3974 quia
3611 3899 3743 3957 stul-

2149 4007 2236 4053 tus
2266 4008 2321 4055 et
2343 3999 2592 4071 insipiens
2621 4000 2647 4053 2’

2758 4118 2994 4177 CAPUT
3028 4117 3121 4173 Π.

2150 4229 2426 4295 Quomodo
2443 4228 2695 4302 insipiens
2720 4229 2863 4302 dixit
2879 4227 3189 4302 iu“_'_eorde
3212 4243 3329 4302 suo,
3349 4223 3490 4290 quod
3518 4220 3743 4302 saginari

2216 4315 2322 4354 non
2350 4293 2610 4369 potesté—
2637 4298 2852 4371 Duobus
2886 4299 3053 4371 modis
3097 4315 3180 4371 res
3216 4298 3491 4371 cogitatur.
3520 4293 3573 4347 1.
3606 4293 3744 4371 cum

2219 4386 2322 4427 vos:
2350 4366 2476 4425 eam
2510 4369 2812 4440 signiﬁcans
2842 4368 3208 4440 cogitatur._2.
3239 4366 3358 4421 cum
3392 4366 3504 4431 ipsa
3542 4366 3744 4440 resin:

2226 4440 2494 4511 telligitur.
2535 4438 2836 4511 Secundum
2874 4438 3071 4503 vocem,
3118 4438 3259 4492 Deus
3304 4443 3469 4506 potest
3517 4438 3741 4500 cogitari

2227 4510 2489 4575 non’esse;
2521 4510 2807 4565 secundum
2836 4524 2963 4573 rem,
2994 4525 3099 4563 non
3119 4515 3303 4578 potest.

2236 4614 2439 4668 Verum
2470 4608 2740 4681 quomodo
2780 4609 2916 4664 dixit
2956 4609 3217 4680 insipiens
3244 4608 3302 4687 in
3338 4604 3503 4662 corde
3552 4600 3744 4658 suam

1770 4736 2004 4792 VARIIE
2040 4725 2445 4790 LECTIONES.

531 4853 604 4887 ⁸ο·
652 4855 821 4909 invita
866 4870 965 4912 nos
1015 4874 1141 4913 mss.
1202 4857 1401 4912 invitas
1459 4871 1557 4911 nos
1628 4853 1702 4885 ⁸⁰⁶
1757 4850 2039 4907 lndulcora
2117 4862 2241 4900 mss.
2317 4840 2530 4913 indulca
2629 4839 2697 4871 ⁸⁹⁷
2776 4838 3149 4913 Supergressze
3208 4849 3527 4913 .sunt__mss.

461 4907 979 4998 Bec._ontitt_.isunt.
1016 4907 1161 4960 ’πεῖθε
1198 4907 1718 4998 gnsciperemlucetn
1767 4939 1894 4998 mss.
1938 4918 2070 4998 Vict.
2096 4926 2167 4998 ,ει
2210 4913 2358 4998 Cant.
2388 4921 2432 4965 et
2468 4909 2588 4998 Bg".
2643 4907 2918 4998 suspicere
2961 4907 3140 4998 lucem
3192 4981 3203 4992 ι
3359 4907 3549 4998 lietque2
3593 4911 3747 4991 enim

463 5013 562 5050 m,‘
599 4993 732 5049 νεα,
757 4995 790 5049 3
816 4980 964 5052 dm,"
988 4999 1134 5053 enim
1208 4980 1423 5053 ἐπ’
1453 5006 1602 5059 cura
1631 4995 1770 5049 idem
1800 4994 1914 5062 ipse
1936 4989 2237 5062 insipiens,
2256 4993 2365 5062 .etc.
2385 4997 2485 5061 ἠδ.
2514 4980 3082 5062 ΤΙιιι.έ5[εο‹1.ςςιιξε
3108 4981 3206 5062 ipsi
3230 4980 3378 5062 deest
3400 4998 3420 5062 A:
3450 4980 3746 5062 insipiens,

462 5048 563 5118 ac.
648 5048 1215 5125 immensam
1261 5048 1732 5121 ηιέὶῗτὶίιιμίγίει.
1760 5048 1893 5118 ez's.
1922 5048 2268 5114 illic/{.Aliud
2286 5051 2538 5125 estenim
2607 5051 2717 5125 Αει·
2756 5048 3751 5125 Εεξαίηιειιίεῑι,ηεξ-..επιειιίείινςφυ

463 5117 535 5167 δή
559 5117 926 5192 (δοιηνίιιξιῖἶιῖιΓ
936 5117 1079 5210 ἆἑᾶ
1087 5117 1361 5208 insipiens
1374 5117 1507 5190 at...
1537 5131 1684 5187 Gem.
1707 5133 1855 5210 _Bec.
1889 5131 2100 5210 ξξζιιιέιη.
2144 5122 2710 5210 (ξρηνίιιοῑιυτηςιξιιιη
2753 5122 3012 5210 insipiens
3065 5117 3395 5210 ηξεε.ωνέιίι.
3571 5118 3748 5210 licia.

468 5189 673 5261 Thu‘a’n.
691 5189 1481 5263 4541?!eninicdiimeim
1500 5218 1628 5273 ergo
1644 5202 1813 5256 etiam
1889 5200 1960 5233 ⁸³⁸⁵
1988 5198 2147 5255 Certe
2172 5195 2226 5249 id
2248 5207 2354 5273 quo
2377 5189 2694 5273 magister.
2719 5189 2873 5248 certe
2898 5193 2949 5273 id
2976 5193 3118 5263 quod
3189 5189 3260 5273 εξ
3298 5189 3659 5273 ὃξέξιεὶιηηπζεζ
3688 5191 3752 5245 in

462 5257 1241 5343 ξηιλ-π..-σιίειῑάδῑιῑεᾱῑιίί
1259 5257 1469 5331 ’ξιξ-δια
1506 5257 1687 5343 esse,
1709 5273 1845 5343 an
1868 5286 1993 5343 πε...
2020 5282 2146 5343 esse
2168 5273 2237 5343 eg
2256 5257 2307 5343 ῖει
2334 5261 2658 5343 τελείῳ.
2686 5257 3173 5343 quassans;
3206 5261 3266 5343 ξ.
3326 5259 3490 5343 μέσῃ.
3542 5257 3754 5343 curer.

464 5344 519 5401 id
542 5362 652 5416 quo
683 5330 855 5415 majus
925 5330 995 5379 ⁸¹’⁸
1024 5330 1083 5402 Si
1109 5330 1308 5415 fidiquo
1336 5345 1509 5415 majus
1532 5330 1714 5399 ms.S.
1735 5340 1915 5416 _.lliclt.
1941 5349 1989 5393 et
2197 5332 2322 5416 σοι..
2336 5330 2484 5416 ἒβη
2513 5332 2654 5416 si'id.
2680 5330 3047 5416 quod_n{ajus.
3103 5331 3173 5364 ‘"
3212 5331 3470 5416 cogitari
3511 5331 3754 5416 nequit:

462 5402 582 5473 non.
606 5425 689 5471 est
715 5402 931 5486 id'quod
958 5417 1132 5485 majus
1154 5402 1377 5486 cogitari
1403 5402 1586 5485 nequit
1607 5412 1771 5486 quod,
1799 5422 1896 5464 etc.
1927 5424 2028 5486 ms.
2064 5405 2271 5486 Tltuqn.
2295 5402 2395 5486 iiii
2432 5402 2660 5486 cogitari
2689 5404 2897 5486 nequit,
2922 5402 3122 5486 _n_tajns
3181 5402 3360 5486 seipse
3392 5408 3515 5483 cst;
3567 5402 3750 5486 quod,

464 5469 566 5558 stic.
591 5469 693 5558 ius.
720 5469 931 5542 iCis'ter:
946 5469 1422 5558 c'éﬁt‘iri‘ﬁ’eijun,
1450 5469 1572 5539 don
1703 5469 1874 5551 id'quo
1899 5479 2075 5548 majus
2091 5474 2219 5557 quid
2227 5473 2463 5558 ﬁngitari
2483 5469 2667 5553 nequit
2694 5491 2706 5525 :
2748 5469 2845 5554 εἰς.
2922 5472 2994 5504 ⁸⁸⁸
3018 5469 3150 5558 Vtere
3172 5469 3279 5539 est,
3309 5474 3509 5558 ideirco
3539 5469 3657 5558 rtus.
3680 5469 3754 5526 S.

387 5602 391 5607 .
464 5539 635 5609 (ΜίεΙι.
657 5539 1226 5615 verectidcir‘cowi'”
1256 5539 1567 5613 δῖιιιιᾶςιιιετι
1597 5556 1650 5607 in
1672 5539 1935 5606 msstcum
1962 5539 2068 5603 tam
2098 5539 2152 5602 i'u
2227 5539 2465 5599 8"Dixit
2503 5539 2761 5612 insipiens
2799 5543 2851 5597 in
2879 5560 3003 5597 mss.
3051 5542 3257 5598 Thuan.
3293 5554 3339 5599 et
3376 5541 3513 5597 Vict.
3545 5539 3753 5597 Cister.

467 5625 631 5677 omitt.
667 5626 922 5695 insipiens
995 5629 1066 5660 ⁸³³
1102 5627 1274 5683 Corde
1297 5641 1393 5683 suo
1420 5642 1516 5678 ms.
1544 5624 1729 5679 Cister.
1761 5624 1907 5676 omit.
1951 5636 2048 5675 suo
