3926 6054
213 245 318 300 2‘29

1621 243 2076 304 PROSLOGION.

3351 259 3458 316 9.50

210 359 354 428 quod
381 358 620 426 cogitare
647 372 748 412 non
781 357 981 426 potuit;
1007 367 1094 412 aut
1125 357 1392 428 quomodo
1421 329 1657 426 cogitare
1677 358 1780 428 31
1817 369 1862 425 Α
1891 359 2046 412 simul
2072 361 2530 429 ctuimpassibilis?
2571 363 2700 418 Nam
2725 368 2769 420 si
2799 367 2909 421 sola
2945 382 3205 436 corporea
3235 371 3304 404 ⁸³⁸
3331 385 3460 429 sunt

213 463 320 502 non
349 447 542 517 potuit,
577 447 716 514 quod
743 447 875 500 dixit
909 447 960 499 in
995 447 1158 500 corde
1188 448 1210 500 ?
1238 461 1357 500 cum
1411 449 1551 500 idem
1599 447 1669 500 sit
1699 448 1784 500 di-

210 551 335 590 cere
363 537 414 590 in
463 536 643 596 corde,
683 545 738 588 et
771 535 1211 604 cogitare..Quod
1241 536 1284 588 si
1327 550 1470 598 vere,
1507 537 1614 590 imo
1657 534 1784 604 quia

211 644 340 683 vere
359 637 414 682 et
435 627 793 696 cogitaviti",
826 627 952 694 quia
989 627 1124 680 di.\it
1169 628 1221 680 in
1251 628 1454 690 corde;
1485 634 1540 682 et
1569 641 1672 680 non
1700 625 1784 679 di-

209 721 291 774 xit
315 721 368 774 in
391 720 573 780 corde,
601 719 723 788 quia
749 719 990 788 cogitare
1022 733 1124 772 non
1155 719 1330 787 potuit
1360 734 1375 782 ;
1408 733 1512 772 non
1537 731 1643 771 uno
1669 723 1782 770 tan.

213 821 326 864 tum
361 811 518 866 modo
541 811 739 864 dicitur
767 809 970 879 aliquid
1003 811 1056 863 in
1087 811 1250 865 corde
1276 809 1354 864 vel
1389 810 1662 880 cogitatur
1691 807 1782 862 ω.

209 903 384 956 Aliter
413 901 558 956 enim
589 901 858 969 cogitatur
883 915 990 964 res,
1025 915 1147 954 cum
1173 915 1276 954 vox
1313 914 1432 954 eam
1474 899 1786 969 signiﬁcans

211 994 508 1062 cogitatur;
541 993 702 1046 aliter
729 1007 851 1047 cum
891 992 1141 1061 idipsum,
1177 994 1322 1060 quod
1351 1007 1438 1046 res
1457 1002 1562 1056 est,
1590 993 1786 1046 intelli-

209 1083 372 1150 gitur.
422 1083 514 1136 Illo
565 1083 746 1151 itaque
788 1084 946 1136 modo
991 1089 1164 1150 potest
1213 1081 1434 1152 cogitari
1482 1081 1622 1136 Deus
1675 1097 1782 1138 non

211 1187 370 1236 esse;
411 1173 516 1226 isto
555 1188 701 1236 vero,
733 1173 974 1227 minime.
1019 1173 1206 1229 Nullus
1231 1173 1426 1243 quippe
1477 1173 1782 1243 intelligens

215 1267 262 1316 id
289 1265 432 1332 quod
459 1265 528 1294 ⁸²⁶
551 1273 676 1319 sunt
698 1265 834 1335 ignis
863 1275 916 1320 et
949 1281 1110 1336 aqua,
1141 1276 1316 1335 potest
1341 1267 1577 1337 cogitare
1604 1268 1782 1338 ignem

209 1369 326 1408 esse
357 1369 548 1422 aquam
573 1355 865 1410 secundum
895 1371 1005 1410 rem
1035 1373 1049 1421 ;
1083 1357 1206 1411 licet
1237 1359 1338 1412 hoc
1377 1359 1566 1426 possit,
1595 1374 1784 1414 secuno

205 1443 336 1496 dum
367 1457 546 1498 voces.
571 1437 646 1498 Ita
681 1445 841 1514 igitur
871 1459 1028 1500 nemo
1055 1446 1358 1518 intelligens
1387 1449 1440 1502 id
1471 1450 1614 1518 quod
1643 1450 1782 1506 Deus

207 1546 310 1600 cst,
339 1546 520 1606 potest
567 1539 802 1607 cogitare
831 1539 956 1606 quia
1009 1537 1148 1594 Deus
1197 1555 1304 1593 non
1341 1551 1458 1605 est;
1489 1541 1615 1596 licet
1669 1542 1782 1598 haec

209 1627 370 1680 verba
423 1629 570 1682 dicat
601 1629 654 1681 in
675 1630 855 1693 corde,
888 1639 980 1683 aut
1015 1631 1131 1686 sine
1157 1630 1284 1696 ulla,
1315 1639 1406 1684 aut
1442 1647 1562 1686 cum
1603 1632 1779 1700 aliqua

207 1729 466 1774 extranea
499 1720 909 1790 signiﬁcatione.
931 1721 1072 1776 Deus
1109 1723 1252 1777 enim
1281 1734 1363 1778 est
1385 1724 1434 1778 id
1471 1739 1576 1792 quo
1609 1725 1779 1795 majus
1812 1749 1855 1808 Β

205 1813 430 1881 cogitari
456 1829 560 1866 non
595 1823 788 1882 potest.
817 1813 968 1880 Quod
993 1816 1082 1882 qui
1113 1814 1250 1870 bene
1299 1815 1565 1886 intelligit,
1599 1817 1780 1886 utique

209 1903 456 1974 intelligit
495 1905 725 1973 idipsum
753 1906 833 1959 sic
865 1918 1008 1970 esse,
1041 1914 1100 1959 ut
1127 1920 1226 1960 nec
1265 1907 1591 1976 cogitatione
1619 1918 1780 1975 queat

209 2013 310 2048 non
351 2011 492 2050 esse.
537 1995 633 2062 Qui
667 2011 798 2064 ergo
831 1996 1078 2067 intelligit
1113 1998 1192 2051 sic
1217 2011 1338 2051 esse
1369 1996 1553 2060 Demn,
1596 2001 1782 2067 nequit

207 2103 326 2138 eum
369 2103 476 2140 non
527 2101 645 2140 esse
673 2088 934 2156 cogitare.
980 2087 1196 2142 Gratias
1220 2088 1338 2153 tibi,
1367 2088 1505 2144 bone
1535 2089 1778 2154 Domine,

207 2181 410 2249 gratias
463 2182 558 2234 tibi
589 2197 604 2245 ;
633 2182 755 2250 quia
801 2182 942 2250 quod
979 2181 1129 2246 prius
1169 2181 1396 2244 credidi,
1435 2191 1486 2236 te
1522 2183 1777 2247 donante,

201 2275 308 2340 jam
341 2273 422 2326 sic
459 2273 716 2342 intelligo,
771 2283 822 2328 te
857 2272 1194 2327 illuminantc
1229 2289 1242 2336 ;
1281 2281 1340 2327 ut
1368 2273 1414 2328 si
1441 2281 1493 2329 te
1521 2287 1642 2328 esse
1681 2290 1778 2330 no-

207 2361 296 2414 lint
327 2363 570 2427 credere,
595 2377 698 2416 non
729 2363 930 2431 possim
962 2377 1068 2416 non
1093 2363 1418 2431 intelligere.

830 2452 1053 2508 CAPUT
1093 2451 1154 2508 V.

207 2535 358 2600 Quod
405 2536 548 2591 Deus
593 2539 658 2608 sit
692 2539 946 2608 quidquid
991 2539 1176 2592 melius
1227 2547 1301 2590 est
1332 2555 1460 2602 esse,
1491 2557 1646 2608 quam
1676 2559 1776 2596 non

271 2625 419 2728 esqel;
451 2617 494 2660 et
538 2607 679 2660 solus
708 2607 934 2662 existens
963 2625 1054 2678 per
1088 2625 1162 2674 se,
1195 2611 1368 2674 omnia
1408 2611 1476 2642 ⁸³⁷
1502 2607 1673 2680 faciat
1717 2615 1780 2666 de

272 2693 324 2728 ni
346 2695 380 2728 ιι
409 2695 458 2729 o.

271 2769 412 2836 Quid
448 2771 610 2839 igitur
633 2771 704 2803 ⁸⁸⁸
737 2785 820 2836 es,
847 2771 1070 2826 Domine
1101 2772 1264 2836 Deus,
1296 2787 1402 2842 quo
1441 2773 1573 2826 nihil
1603 2772 1779 2842 majus

199 2863 346 2918 valet
370 2863 632 2934 cogitari?
681 2863 786 2918 Sed
831 2865 958 2933 quid
997 2877 1078 2928 es,
1125 2865 1226 2919 nisi
1259 2865 1310 2918 id
1351 2865 1492 2934 quod
1523 2865 1592 2898 ⁸⁸⁵
1635 2881 1780 2918 sum-

201 2971 347 3007 mum
393 2953 636 3008 omnium
669 2953 840 3008 solum
873 2953 1112 3008 existens
1159 2969 1254 3024 per
1281 2955 1544 3024 seipsum,
1595 2955 1775 3009 omnia

199 3047 306 3100 alia
357 3045 486 3100 fecit
529 3045 594 3099 de
643 3043 844 3098 nihilo?
888 3043 1156 3112 Quidquid
1197 3045 1340 3099 enim
1390 3044 1491 3100 hoc
1526 3059 1630 3098 non
1671 3033 1791 3108 est,

197 3141 381 3192 minus
409 3149 492 3192 est
519 3153 679 3206 quam
705 3137 846 3206 quod
871 3138 1097 3207 cogitari
1125 3136 1196 3168 ⁸³⁵
1220 3137 1427 3206 possit;
1456 3137 1552 3190 sed
1585 3137 1685 3192 hoc
1710 3131 1776 3193 de

197 3243 248 3286 te
299 3229 526 3302 cogitari
575 3243 678 3282 non
725 3237 922 3297 potest.
975 3227 1126 3295 Quod
1179 3243 1308 3298 ergo
1365 3229 1564 3284 bonum
1623 3230 1777 3284 deest

196 3337 413 3378 summo
459 3321 621 3384 bono,
670 3333 766 3390 per
817 3321 958 3389 quod
997 3330 1078 3374 est
1119 3321 1279 3375 omne
1325 3319 1560 3374 bonum?
1601 3319 1681 3374 Tu
1715 3335 1774 3375 es

197 3415 381 3482 itaque
419 3411 616 3480 justus,
665 3425 850 3471 verax,
905 3409 1118 3474 beatus,
1160 3420 1214 3463 et
1263 3409 1522 3480 quidquid
1582 3411 1774 3466 melius

195 3512 278 3554 est
324 3517 448 3555 esse
489 3515 648 3569 quam
685 3514 792 3554 non
833 3513 950 3554 esse
993 3513 1006 3551 :
1042 3499 1232 3552 melius
1266 3513 1496 3569 namque
1542 3511 1624 3554 est
1654 3513 1773 3555 esse

193 3594 400 3659 justum
431 3631 446 3653 ,
504 3605 664 3658 quam
715 3603 818 3644 non
867 3588 1098 3657 just-um;
1159 3589 1394 3657 beatum,
1447 3605 1606 3660 quam
1663 3606 1768 3645 non

197 3683 436 3736 beatum.

813 3767 1040 3824 CAPUT
1079 3766 1164 3821 Vl.

199 3857 477 3926 Quomodo
497 3859 632 3925 Deus
655 3859 716 3911 sit
729 3859 798 3890 ⁸³⁸
818 3857 1094 3921 sensibilis,
1121 3873 1238 3910 cum
1269 3874 1372 3911 non
1405 3860 1470 3911 sit
1487 3873 1773 3926 corpus—-

269 3929 414 3982 Deus
427 3941 502 3982 est
525 3927 804 3994 sensibilis,
827 3929 1167 3998 omnipotens,
1193 3930 1506 3990 misericors,
1531 3931 1774 3998 impossi-

267 4000 388 4052 bilis
409 4013 428 4049 :
457 4001 582 4068 quia
615 3999 799 4052 melius
823 4007 893 4050 est
915 3997 1024 4068 lucc
1051 4015 1159 4050 esse
1177 4013 1334 4067 quam
1357 4015 1460 4050 non
1489 4015 1616 4052 esse.
1649 3999 1772 4052 Non

267 4069 441 4138 inepte
469 4067 673 4122 dicitur
698 4067 871 4135 aliquo
904 4067 1054 4120 modo
1076 4070 1263 4121 sentire
1285 4070 1372 4137 qui
1410 4068 1587 4138 aliquo
1617 4071 1771 4132 modo

269 4148 558 4208 cognosc“.

265 4231 474 4285 Verum
499 4245 619 4285 cum
643 4229 837 4284 melius
859 4229 930 4284 sit
959 4238 1010 4282 te
1039 4242 1160 4282 esse
1185 4227 1492 4284 sensibilcm
1519 4229 1610 4293 ⁸³³,
1655 4245 1770 4284 om-

195 4325 558 4394 nipotentem,
582 4319 1005 4383 misericordem,
1035 4319 1446 4387 impussibilem,
1470 4335 1631 4389 quam
1661 4337 1768 4377 non

1888 449 2196 516 sensibilis;
2231 455 2485 522 quoniam
2513 470 2704 511 sensus
2730 459 2872 512 circa
2901 475 3117 530 corpus,
3165 472 3220 517 et
3249 465 3300 517 in
3329 481 3458 520 cor-

1885 555 2016 609 pore
2063 549 2226 604 sunt;
2274 545 2544 612 quomodo
2593 561 2649 600 es
2704 549 2993 616 sensibilis,
3051 569 3174 606 cum
3225 569 3329 610 non
3384 558 3459 612 sis

1887 643 2110 700 corpus;
2160 633 2254 687 sed
2293 649 2536 690 summus
2571 635 2822 706 Spiritus,
2865 644 2954 709 qui
3001 658 3228 712 corpore
3270 646 3460 699 melior

1884 731 1986 776 est.
2015 722 2120 778 Sed
2153 725 2194 778 si
2221 727 2420 780 sentire
2447 743 2550 780 non
2585 739 2666 782 est
2691 731 2790 784 nisi
2819 747 3164 802 cognoscere,
3197 747 3288 789 aut
3319 753 3458 790 non—

1885 814 1988 866 nisi
2014 815 2082 868 ad
2107 818 2574 885 cognoscendum;
2602 821 2690 887 qui
2713 821 2854 875 enim
2885 826 3066 888 sentit,
3081 829 3356 894 cognoscit
3375 843 3460 882 se-

1884 905 2118 958 cundum
2145 922 2397 961 sensuum
2424 911 2830 978 proprieuitem,
2849 924 2904 966 ut
2929 931 3024 984 per
3043 918 3210 972 visum
3224 919 3454 984 colores,

1885 1010 1980 1064 per
2016 1005 2232 1066 gustum
2279 1013 2502 1068 sapores
2555 1021 2568 1056 :
2618 1017 2722 1058 non
2774 1006 3216 1064 iuconvenienter
3257 1011 3457 1067 dicitur

1885 1087 2065 1156 aliquo
2115 1090 2273 1144 modo
2320 1091 2557 1156 sentire,
2605 1095 2864 1164 quidquid
2911 1099 3090 1167 aliquo
3150 1103 3310 1155 modo
3359 1119 3456 1156 co-

1884 1180 2110 1248 gnoscit.
2155 1180 2314 1250 Ergo,
2363 1182 2601 1244 Domine,
2653 1187 2898 1252 quamvis
2945 1204 3050 1243 non
3099 1189 3174 1244 sis
3221 1207 3450 1261 corpus;

1883 1283 2009 1322 vere
2063 1280 2238 1324 tamen
2290 1286 2355 1326 eo
2402 1274 2559 1326 modo
2609 1289 2817 1330 summe
2871 1280 3142 1334 sensibilis
3193 1296 3292 1344 es,
3349 1299 3454 1352 quo

1883 1373 2091 1413 suntme
2127 1361 2306 1414 omnia
2347 1366 2659 1432 cognoscis;
2697 1382 2800 1422 non
2829 1385 2936 1438 quo
2967 1371 3164 1426 animal
3188 1389 3453 1443 cut-porro

1882 1463 2042 1506 sensu
2073 1455 2372 1522 cognoscit.

2477 1547 2701 1601 CAPUT
2747 1547 2850 1602 VII.

1885 1631 2156 1710 Quomodo
2193 1636 2258 1710 sit
2299 1637 2640 1704 omnipotens,
2672 1655 2789 1692 cum
2833 1640 3000 1694 multa
3039 1659 3139 1695 non
3175 1647 3354 1710 possit.
3399 1677 3452 1686 -—

1957 1701 2236 1779 {Jorrumpi
2266 1717 2354 1779 att_t
2393 1701 2599 1760 mentiri
2629 1701 2803 1777 posse,
2841 1726 2940 1763 non
2975 1701 3200 1779 potenti}:
3227 1727 3322 1777 est,
3365 1717 3452 1769 sed

1951 1773 2276 1852 imp-olentia.
2310 1774 2451 1829 Deus
2490 1773 2652 1852 potest
2693 1779 2820 1832 nihil
2859 1796 2950 1850 per
2975 1773 3362 1852 impotentiam,
3406 1795 3453 1839 et

1953 1843 2082 1895 nihil
2101 1853 2265 1910 potest
2291 1853 2472 1898 contra
2501 1846 2695 1914 ipsum.

1952 1952 2056 2008 Sed
2107 1963 2160 2008 et
2203 1959 2546 2026 omnipotens
2584 1959 2852 2026 quomodo
2913 1975 2992 2024 es,
3038 1963 3081 2016 si
3128 1978 3233 2017 non
3271 1965 3452 2018 omnia

1881 2043 2076 2110 potes?
2101 2043 2206 2098 Aut
2235 2047 2278 2100 si
2311 2063 2416 2101 non
2455 2057 2608 2116 potes
2633 2053 2930 2120 corrumpi,
2961 2067 3060 2107 nec
3089 2055 3329 2119 mentiri,
3353 2072 3454 2112 nec

1883 2135 2056 2189 facere
2083 2152 2268 2192 verum
2293 2155 2413 2194 esse
2441 2140 2633 2196 falsum
2661 2157 2676 2194 :
2700 2151 2780 2203 ut.
2805 2145 2946 2212 quod
2973 2145 3176 2200 factum
3207 2157 3309 2212 est,
3339 2163 3444 2202 non

1881 2241 2000 2281 esse
2039 2227 2258 2296 factum,
2291 2239 2344 2284 et
2371 2231 2524 2300 plura
2553 2232 2623 2264 ⁸³⁸
2661 2233 2913 2291 similiter
2945 2253 2958 2287 :
3006 2238 3274 2304 quomodo
3302 2251 3454 2307 potes

1879 2319 2094 2371 omnia?
2115 2329 2206 2373 aut
2231 2321 2344 2376 haec
2375 2336 2528 2391 posse
2561 2323 2652 2388 ⁸³⁵,
2683 2340 2787 2378 non
2817 2335 2898 2380 est
2927 2328 3197 2396 potentia;
3232 2329 3325 2384 sed
3351 2331 3449 2383 im-

1881 2411 2138 2477 potentia.
2177 2409 2314 2466 Nam
2350 2414 2439 2483 qui
2473 2416 2585 2470 haec
2621 2424 2815 2485 potest,
2842 2418 2986 2487 quod
3008 2420 3108 2474 sibi
3141 2435 3249 2475 non
3281 2437 3445 2490 expc-

1881 2497 1979 2564 dit,
2023 2509 2080 2554 et
2119 2501 2263 2568 quod
2295 2517 2400 2556 non
2433 2505 2611 2570 debet,
2641 2516 2852 2575 potest;
2895 2523 3012 2578 quae
3049 2521 3252 2579 quanto
3281 2514 3451 2583 magis

1879 2597 2075 2657 potest,
2105 2599 2252 2647 tanto
2272 2594 2443 2663 magis
2468 2597 2766 2652 adversitas
2789 2609 2844 2653 et
2873 2602 3201 2669 perversitas
3225 2614 3450 2672 possunt

1881 2679 1934 2732 in
1975 2677 2148 2743 illum,
2188 2689 2243 2735 et
2281 2682 2392 2750 ipse
2439 2683 2613 2739 minus
2651 2696 2840 2740 contra
2884 2686 3020 2743 illas.
3063 2689 3165 2756 Qui
3213 2706 3341 2760 ergo
3370 2692 3451 2746 sic

1881 2777 2078 2838 potest,
2121 2785 2224 2824 non
2269 2773 2503 2840 potentia
2549 2779 2748 2842 potest,
2800 2777 2892 2831 sed
2943 2779 3279 2846 impotentia.
3329 2780 3448 2834 Non

1881 2859 2022 2913 enim
2070 2859 2192 2914 ideo
2238 2860 2435 2914 dicitur
2479 2861 2544 2892 ⁸³⁷
2575 2877 2752 2930 posse,
2781 2865 2905 2932 quia
2955 2866 3070 2934 ipse
3117 2869 3312 2935 possit;
3353 2867 3448 2922 sed

1882 2949 2006 3018 quia
2031 2965 2126 3004 sua
2153 2951 2464 3020 impotentia
2491 2951 2620 3006 facit
2647 2952 2789 3007 aliud
2809 2955 2872 3008 in
2903 2970 2960 3009 se
2991 2969 3173 3024 posse,
3213 2958 3325 3012 sive
3351 2958 3450 3011 ali-

1882 3054 1990 3108 quo
2045 3040 2113 3072 ⁸⁸³
2161 3055 2356 3112 genere
2407 3041 2681 3111 loquendi,
2741 3044 2882 3098 sicut
2939 3046 3102 3099 multa
3153 3046 3447 3116 improprie

1877 3131 2148 3197 dicuntur,
2172 3139 2230 3184 ut
2257 3146 2379 3186 cum
2407 3133 2655 3201 ponimus
2675 3151 2786 3188 esse
2812 3149 2908 3205 pro
2933 3151 3032 3189 non
3057 3151 3186 3197 esse,
3203 3144 3256 3190 et
3277 3136 3448 3204 facere

1877 3233 1974 3288 pro
2001 3232 2066 3273 eo
2105 3220 2246 3288 quod
2291 3228 2376 3274 est
2419 3237 2522 3274 non
2570 3222 2763 3290 facere,
2799 3233 2891 3276 aut
2935 3237 3036 3293 pro
3080 3223 3208 3276 nihil
3251 3225 3444 3292 facete.

1875 3311 2008 3366 Nam
2035 3325 2174 3382 saepe
2197 3312 2424 3368 dicimus
2461 3313 2536 3379 ei,
2567 3315 2654 3383 qui
2687 3327 2800 3368 rem
2823 3315 3056 3384 aliquam
3093 3329 3212 3370 esse
3239 3325 3437 3386 negat:

1876 3405 1963 3462 Sic
1985 3417 2081 3474 cst,
2111 3409 2544 3478 quemadmodum
2567 3410 2696 3464 dicis
2717 3427 2826 3465 esse
2849 3424 3007 3467 :cum
3031 3411 3201 3480 magis
3226 3413 3444 3482 proprie

1874 3499 2121 3556 videatur
2151 3501 2256 3556 dici
2291 3517 2306 3554 :
2336 3499 2426 3556 Sic
2454 3517 2558 3556 non
2585 3513 2678 3568 est,
2720 3503 3155 3572 quemadmodum
3185 3504 3316 3558 dicis
3342 3521 3446 3558 non

1874 3609 2000 3648 esse.
2025 3592 2156 3648 Item
2178 3592 2436 3648 dicimus:
2457 3593 2562 3648 Iste
2583 3599 2743 3660 sedet,
2767 3596 2898 3649 sicut
2921 3594 3006 3649 ille
3024 3595 3150 3664 facit
3173 3609 3192 3646 :
3213 3603 3325 3660 aut,
3351 3597 3446 3650 iste

1872 3688 2086 3758 quiescit
2126 3687 2256 3740 sicut
2280 3686 2368 3741 ille
2395 3687 2520 3755 facit
2545 3703 2564 3740 :
2586 3704 2706 3742 cum
2732 3690 2920 3744 sedere
2947 3691 3017 3745 sit
3051 3691 3306 3758 quiddam
3336 3707 3443 3745 non

1875 3777 2072 3844 facere,
2105 3789 2158 3832 et
2187 3779 2465 3848 quiescere
2490 3779 2561 3833 sit
2585 3779 2716 3832 nihil
2748 3780 2945 3835 facere.
2979 3780 3070 3835 Sic
3103 3782 3292 3850 itaque
3319 3795 3442 3835 cum

1873 3871 1994 3940 quis
2023 3871 2220 3925 dicitur
2259 3871 2460 3925 habere
2501 3873 2795 3940 potentiam
2824 3874 3052 3928 faciendi
3089 3884 3181 3928 aut
3209 3875 3442 3944 patiendi

1875 3963 2012 4032 quod
2040 3961 2138 4016 sibi
2175 3977 2280 4017 non
2308 3961 2546 4032 expedit,
2579 3970 2671 4015 aut
2697 3964 2841 4032 quod
2887 3977 2994 4018 non
3026 3964 3218 4028 debet;
3263 3965 3442 4033 impo-

1875 4052 2038 4106 tentia
2067 4051 2383 4122 intelligitur
2397 4065 2494 4121 per
2514 4053 2836 4122 potentiam;
2863 4052 2984 4122 quia
3013 4067 3120 4122 quo
3143 4053 3264 4122 plus
3283 4053 3444 4108 habet

1875 4141 2012 4199 hanc
2033 4145 2346 4212 potentiam,
2369 4157 2434 4198 eo
2454 4143 2750 4199 adversitas
2770 4154 2824 4198 et
2849 4145 3178 4214 perversitas
3209 4145 3260 4199 in
3285 4145 3435 4200 ilium

1873 4245 1997 4292 sunt
2039 4235 2391 4304 potentiores,
2447 4244 2502 4290 et
2554 4235 2640 4292 ille
2688 4245 2878 4291 contra
2923 4249 3019 4291 eas
3073 4237 3437 4305 impotentior.

1873 4329 2030 4397 Ergo.
2079 4327 2302 4381 Domine
2358 4325 2518 4390 Deus,
2573 4327 2698 4381 inde
2743 4327 2924 4382 veri-us
2965 4341 3026 4382 es
3079 4328 3440 4397 omni-potens,

195 4432 348 4482 esse;
384 4414 651 4484 quomodo
677 4427 737 4468 es
765 4411 1059 4476 sensibilis,
1087 4411 1130 4466 si
1173 4425 1280 4465 non
1325 4426 1383 4466 es
1414 4425 1648 4482 corpus;
1681 4425 1773 4469 aut
1803 4421 1848 4480 ι)
1877 4416 2000 4486 quia
2029 4425 2181 4486 potes
2207 4415 2340 4469 nihil
2374 4429 2469 4485 per
2496 4415 2566 4448 ⁸³³
2597 4416 2984 4486 impotentiam,
3011 4425 3067 4470 ct
3097 4416 3229 4470 nihil
3263 4425 3444 4484 potest

195 4509 562 4578 omnipotens,
591 4507 644 4562 si’
669 4519 776 4560 non
811 4505 989 4561 omnia
1021 4513 1174 4575 potes
1201 4505 1269 4537 ⁸³³
1326 4514 1418 4560 aut
1459 4507 1771 4562 misericors
1876 4515 2060 4562 contra
2085 4507 2156 4540 ⁸⁵⁰
2183 4517 2234 4563 te

1495 4655 1722 4711 VABIE
1762 4657 2151 4716 LECTIONES

263 4785 340 4818 m
377 4783 548 4842 Vere,
589 4787 644 4833 et
680 4775 934 4848 cogitavit
989 4789 1088 4827 ms.
1122 4772 1270 4848 ΤΙηι.Δ
1297 4771 1394 4825 451
1445 4781 1674 4848 clusere
1715 4773 1995 4848 cogitavit
2107 4771 2178 4848 3"]
2207 4771 2420 4848 aliquid
2451 4771 2503 4824 in
2537 4771 2695 4824 corde
2741 4770 2822 4848 vel
2862 4769 3126 4848 cogitatur
3153 4785 3250 4848 eis.
3305 4767 3440 4848 Tha.

189 4857 294 4910 tsi
352 4823 563 4920 nam
590 4823 644 4902 ἷιῖ
681 4823 1392 4921 ΕΒῗὶιέὶὶίόεἱξὸιῖεὖέίῳτο
1456 4823 1470 4921 ξ
1502 4841 1572 4872 εκ
1593 4823 1902 4911 meinati;
1935 4823 2000 4896 id
2033 4843 2174 4910 quod
2205 4823 2471 4921 Deu‘s’est,
2495 4823 2723 4895 erat...
2761 4823 3020 4921 radiat
3055 4839 3354 4921 intelligens
3391 4839 3442 4891 id

189 4909 340 4996 quod
367 4909 498 4976 sunt
531 4919 668 4990 ignis
703 4927 758 4972 et
777 4929 915 4985 aqua
935 4953 950 4976 ,
989 4909 1429 4996 potestneogitare
1457 4909 1914 4996 igneinnnon'essc
1941 4921 1994 4966 et
2022 4909 2222 4996 aquam.
2252 4911 2542 4996 menmium]
2564 4925 2682 4996 rem
2703 4927 2740 4996 ;7
2769 4909 2905 4996 licet,
2939 4911 2990 4996 id
3014 4911 3226 4996 Ipossi‘t!
3240 4923 3444 4996 sectili:-

187 4979 318 5049 dum
351 4979 643 5046 voeesfita
668 4979 1016 5058 igiturinemo
1045 4979 1348 5048 intelligens
1379 4981 1430 5034 id
1453 4979 1756 5058 quodDeus
1781 4992 2000 5058 estAetc.
2026 4998 2125 5058 ms.
2161 4981 2293 5034 ’l‘hu.
2317 4981 2414 5058 451
2451 4979 2752 5058 intelligens
2796 4979 2846 5032 id
2887 4981 3027 5058 quod
3067 4988 3190 5058 sunt
3214 4979 3350 5047 ignis
3388 4987 3442 5030 ct

187 5047 334 5134 aqua
363 5069 544 5132 potest
571 5047 808 5126 cogiiare
837 5055 1012 5123 ignem
1044 5067 1164 5107 esse
1183 5047 1376 5134 agilia-Im
1409 5047 1700 5134 secundum
1729 5065 1840 5130 res;
1879 5051 2362 5134 licetriltocnpossi‘t
2399 5047 2719 5134 summique
2739 5047 3040 5134 vocesluulta
3072 5047 3442 5134 agitumtelt‘nq

185 5115 508 5200 in'téiu‘gens
537 5129 586 5182 id
617 5115 1022 5200 quotlDeusest
1049 5131 1146 5176 etc.
1190 5115 1290 5200 fit
1318 5119 1645 5200 Quiniahalia‘
1675 5121 1950 5200 facilius».
1989 5115 2271 5200 Vict_.Bec.
2316 5119 2463 5200 Gem.
2501 5117 2556 5172 s.
2591 5119 2771 5200 inci.._
2799 5118 2982 5200 _0tm'tt:
3049 5115 3297 5200 ξρετε-..διε
3337 5115 3438 5200 Qui

185 5183 520 5263 iiii-turum“.
553 5183 688 5251 Thit.
725 5195 856 5249 Vict.
887 5193 1074 5248 Cister.
1111 5191 1242 5263 quid
1273 5191 1436 5260 igitur
1508 5191 1578 5220 “9
1605 5190 1736 5263 Quis
1761 5205 1830 5263 es
1850 5189 1949 5263 nisi
1975 5191 2113 5263 quod
2151 5206 2275 5263 mss.
2307 5189 2434 5263 quid
2457 5203 2516 5263 es
2539 5229 2553 5252 ,
2611 5189 2710 5242 nisi
2759 5187 2809 5240 id
2840 5187 2980 5263 quod
3051 5186 3124 5263 ξω
3155 5183 3328 5263 Minus
3357 5193 3442 5263 (χι

763 5245 1017 5342 idolii:
1049 5245 1231 5342 minus
1251 5245 1331 5316 est
1361 5275 1520 5328 quam
1551 5245 1690 5342 quod
1715 5259 1956 5342 (ψέξῃ-ξπ
1970 5245 2007 5340 _'
2040 5259 2106 5292 ⁸³⁸
2135 5245 2414 5340 Qumnodo
2435 5339 2444 5342 _
2465 5245 2552 5312 sit,
2581 5245 3000 5342 nisa-quodqui
3051 5252 3440 5342 Deususitufjf

185 5325 275 5396 Sit
287 5325 436 5396 esse
453 5325 772 5392 sensibilem
791 5349 916 5388 mss.
953 5333 1085 5386 Tim.
1121 5331 1191 5386 sit
1219 5340 1270 5386 te
1297 5325 1418 5386 esse
1437 5325 1742 5385 sensibilem
1786 5325 1888 5361 ’⁸³³
1925 5329 1980 5382 Si
2004 5329 2182 5382 omnia
2225 5344 2328 5382 non
2362 5339 2509 5394 potes
2538 5345 2636 5380 ms.
2670 5325 2876 5380 Thnan.
2907 5325 3002 5380 451
3051 5326 3096 5377 si
3143 5338 3246 5396 non
3289 5331 3441 5391 potes

179 5391 430 5464 omnia“
455 5391 526 5438 ³7³⁸
553 5405 680 5461 Sola
701 5419 928 5473 corpora
951 5420 1075 5456 mss.
1105 5400 1216 5474 sola
1237 5415 1496 5469 corporea
1529 5471 1538 5474 _
1572 5401 1640 5432 ⁸³⁵
1673 5398 1861 5474 Veram
1883 5415 2004 5474 esse
2019 5399 2206 5452 falsum
2236 5415 2248 5450 :
2292 5391 2506 5474 utquod
2535 5397 2880 5474 fagttttnest,
2927 5411 3031 5448 non
3063 5407 3181 5448 esse
3206 5391 3440 5474 [acturi].2

183 5460 441 5548 éi'iiiﬁra
465 5460 852 5548 πηέΤΙειεςᾸδί
881 5487 1104 5548 _}'erum_
1131 5460 1360 5548 fal§u_“1',
1409 5479 1462 5524 et
1489 5471 1641 5539 FW“
1744 5469 1812 5548 “,³⁶
1835 5471 1918 5548 ΑΨ
1943 5469 2058 5548 ⁸³³εὲ
2077 5483 2232 5548 ροδεθ
2256 5483 2358 5548 ’ζζὲ
2384 5460 2540 5548 ξΪίθί·
2567 5465 2614 5548 ,ξ’
2645 5467 2709 5520 ad
2743 5460 2874 5520 1"“-
2895 5480 3054 5548 Βέἳδδθ
3079 5460 3443 5548 ’ἶ³⁵;ν.ν.ί⁶⁸ῗ-¹⁵

185 5531 428 5603 ξιξιιἸὶξέε
459 5561 616 5616 posse
685 5545 752 5577 ⁸³⁷
782 5545 845 5597 Α.
881 5542 994 5596 Non
1023 5543 1162 5596 enim
1185 5531 1382 5616 dicitur
1395 5531 1534 5616 mss.
1563 5555 1665 5594 non
1689 5539 1830 5592 enim
1861 5531 2202 5616 ideontlieitur
2230 5615 2235 5616 γ
2275 5537 2344 5568 ⁸³⁸
2383 5536 2510 5616 Sine
2532 5537 2712 5602 aliquo
2733 5553 2856 5616 mss.
3064 5531 3286 5616 ethict.
3325 5535 3442 5616 sive

185 5599 702 5690 aiiqutiig‘irlr’otes
733 5615 864 5668 nihil
895 5627 988 5681 per
1026 5628 1148 5666 mss.
1195 5609 1326 5664 Vict.
1357 5609 1486 5664 nihil
1521 5620 1672 5678 potes
1707 5623 1803 5677 per
1875 5609 1942 5640 33°
1973 5607 2110 5660 Nihil
2151 5615 2306 5675 poles
2349 5615 2538 5662 contra
2583 5599 2706 5659 mss.
2760 5605 2820 5660 S.
2881 5603 3042 5659 Mich.
3111 5603 3246 5658 Vict.
3308 5599 3442 5656 nihil

186 5699 368 5756 potest
400 5695 588 5742 contra
