3926 6054
300 244 410 300 253

1728 237 2181 298 PROSLOGION.

3470 249 3575 304 954

301 366 365 412 ιιι
405 354 576 411 t‘acias
603 354 774 410 bonos
802 353 869 408 de
907 352 1087 409 malis.
1121 353 1383 424 Denique,
1421 354 1564 424 quod
1596 369 1701 409 non
1741 353 1889 422 juste
1919 355 1967 416 Α
1994 367 2094 408 cur
2141 353 2209 409 de
2254 352 2523 410 similibus
2575 355 2732 412 malis
2781 356 2881 414 hos
2922 358 3102 432 magis
3161 359 3381 431 salvos,
3410 378 3577 436 quam

301 449 388 514 fit,
422 463 528 502 non
563 445 723 502 debet
761 445 910 510 ﬁeri;
943 454 999 500 et
1027 447 1169 516 quod
1200 461 1308 500 non
1339 446 1496 501 debet
1525 445 1666 512 ﬁeri,
1693 445 1893 516 injuste

300 539 385 602 tit.
420 537 478 594 Si
509 552 639 608 ergo
668 551 774 590 non
798 534 945 605 juste
969 535 1124 590 malis
1150 535 1448 600 misereris,
1477 549 1583 589 non
1609 535 1774 590 debes
1795 535 1894 588 mi-

301 630 496 688 Sereri.
529 628 596 683 Et
624 628 670 683 si
711 641 822 681 non
849 627 1018 683 debes
1056 625 1321 691 misereri,
1361 623 1557 694 injuste
1592 625 1888 684 misereris.

301 720 456 788 Quod
485 721 530 776 si
555 719 709 775 nefas
729 727 816 774 est
841 701 1056 782 dicere,
1083 717 1164 773 fas
1195 726 1279 774 est
1297 718 1524 774 credere
1553 726 1602 772 te
1623 717 1770 786 juste
1792 718 1890 770 mi-

300 810 474 868 sereri
504 809 688 868 malis.
991 867 994 872 _

199 896 206 904 '
654 883 658 887 ’
919 897 1156 960 caper
1198 897 1244 952 χ

303 990 582 1058 Quomodo
596 990 742 1061 justc
769 990 982 1061 puniat,
1013 1001 1062 1043 et
1077 989 1222 1058 justo
1243 998 1426 1061 parcat
1452 989 1626 1044 malis.
1654 1020 1724 1030 —
1746 989 1906 1061 Deus

371 1059 635 1127 parcendo
665 1061 818 1114 malis
837 1060 1015 1128 justus
1045 1070 1120 1114 est
1148 1060 1431 1130 secundum
1457 1076 1512 1112 se
1536 1099 1552 1123 ,
1584 1061 1708 1130 quia
1747 1059 1887 1128 facit

369 1133 511 1192 quod
536 1131 770 1184 convenit
808 1145 918 1183 sua:
946 1130 1205 1183 bonitati:
1236 1129 1326 1182 sed
1358 1145 1459 1182 non
1488 1139 1561 1182 est
1596 1129 1772 1190 iustus
1806 1145 1889 1182 se-

283 1211 286 1214 ’
374 1203 608 1282 cundum
660 1218 784 1266 nos,
832 1200 958 1276 quia
1020 1216 1126 1253 non
1181 1199 1351 1253 reddit
1407 1199 1637 1252 debitum
1689 1199 1889 1268 suppli~

374 1287 534 1325 ειιιηι.

374 1362 484 1418 Sed
511 1370 565 1418 et
590 1361 797 1432 justum
821 1371 906 1416 cst
937 1370 994 1414 ut
1018 1357 1188 1415 malos
1218 1359 1412 1429 punias
1442 1377 1455 1413 :
1496 1359 1624 1430 quid
1656 1375 1890 1430 namque

296 1452 499 1523 iustius
524 1468 685 1521 quam
721 1460 776 1504 ut
809 1451 935 1506 boni
984 1451 1146 1515 bona,
1188 1459 1242 1504 et
1270 1449 1397 1503 mali
1426 1449 1565 1503 mala
1594 1449 1890 1520 recipiant?

301 1543 586 1611 Quomodo
620 1557 749 1615 ergo
780 1553 835 1598 et
862 1541 1070 1610 justum
1113 1552 1196 1598 est
1247 1552 1305 1595 ut
1356 1543 1526 1598 malos
1574 1543 1786 1614 punias,
1833 1553 1890 1599 et

295 1634 507 1705 justum
536 1643 621 1688 est
648 1641 708 1687 ut
731 1631 886 1687 malis
909 1648 1101 1703 parcas
1117 1631 1231 1686 ?Au
1254 1631 1361 1686 alio
1384 1631 1700 1699 modojuste
1728 1632 1888 1701 punis

1995 445 2139 514 illos,
2176 461 2274 516 per
2305 461 2573 503 summam
2601 448 2926 516 bonitatem;
2974 461 3030 506 et
3066 452 3189 508 illos
3229 456 3403 525 magis
3432 458 3579 520 dam-

1993 548 2112 600 nes,
2141 551 2302 604 quam
2350 537 2506 602 istos,
2543 553 2640 608 per
2683 555 2952 598 summam
2973 539 3281 610 justitiam?
3319 543 3411 600 Sic
3445 560 3595 618 ergo»

1993 641 2119 681 vere
2162 642 2221 682 es
2259 628 2549 696 sensibilis,
2593 631 2958 701 omnipotens,
3017 633 3330 692 misericors
3375 647 3429 696 et
3475 640 3579 694 im-

1992 719 2296 788 passibilis;
2341 723 2794 788 quemadmodum
2836 725 3046 790 vivens,
3094 728 3332 797 sapiens,
3379 731 3573 798 bonus,

1995 809 2201 873 beatus,
2235 819 2503 878 arternus;
2532 822 2587 868 et
2610 814 2869 885 quidquid
2905 817 3098 873 melius
3124 828 3211 876 est
3257 835 3380 877 esse
3409 837 3574 894 quam

1993 914 2099 955 llOll
2131 915 2272 956 CSSC.
2367 940 2369 944 -

2585 993 2816 1052 CAPUT
2858 995 2968 1052 ΧΠ.
3449 1047 3453 1054 .

1994 1079 2148 1145 Quod
2181 1081 2320 1138 Deus
2347 1085 2411 1138 sit
2433 1085 2548 1154 ipsa
2578 1087 2682 1141 vita
2710 1104 2814 1153 qua
2842 1090 2964 1143 vivit
2981 1105 3002 1152 ς
3032 1097 3080 1142 et
3109 1091 3184 1144 sic
3205 1092 3269 1146 de
3292 1095 3594 1152 similibus.-

2021 1233 2024 1238 _
2062 1173 2168 1227 Sed
2209 1184 2357 1230 certe
2402 1177 2663 1247 quidquid
2716 1193 2798 1245 es,
2829 1196 2936 1236 non
2997 1197 3094 1252 per
3127 1183 3272 1240 aliud
3309 1199 3372 1242 es
3409 1203 3574 1257 quam

1990 1279 2087 1334 per
2115 1266 2363 1334 teipsum.
2397 1269 2476 1324 Tu
2507 1285 2567 1325 es
2590 1271 2756 1341 igitur
2783 1273 2899 1344 ipsa
2927 1274 3059 1341 vita,
3082 1291 3187 1346 qua
3219 1277 3382 1344 vivis;
3406 1290 3462 1336 et
3489 1296 3576 1337 sa-

1991 1358 2215 1427 pientia,
2246 1376 2350 1430 qua
2377 1362 2550 1432 sapis;
2586 1374 2642 1419 et
2666 1366 2880 1428 bonitas
2910 1367 3047 1436 ipsa,
3069 1384 3176 1440 qua
3200 1369 3356 1429 bonis
3385 1382 3440 1428 et
3460 1390 3578 1429 mas

1967 1443 2056 1506 'lis
2085 1451 2257 1508 bonus
2281 1468 2339 1508 es
2377 1471 2390 1508 :
2428 1465 2483 1510 ει
2516 1455 2588 1510 ita
2627 1457 2693 1510 de
2716 1457 3001 1514 similibus.

2587 1547 2815 1604 CAPUT
2842 1549 2976 1604 Xlll.

1993 1634 2267 1713 Quomodo
2287 1637 2429 1713 solus
2457 1639 2524 1713 sit
2558 1641 3062 1713 incircumscriptus
3089 1652 3136 1697 et
3163 1654 3421 1713 teterntts;
3456 1665 3575 1702 cum

302 1724 498 1790 malos,
539 1722 596 1779 et
636 1725 740 1778 alio
769 1723 927 1798 modo
959 1721 1105 1793 justo
1139 1715 1328 1792 parcis
1360 1723 1547 1778 malis?
1577 1721 1711 1777 Cum
1740 1724 1885 1779 enim

2062 1707 2156 1798 alii
2180 1708 2400 1798 spiritus
2425 1710 2528 1798 sint
2551 1700 3007 1798 ittcir‘cumscripiti,
3034 1724 3080 1766 et
3103 1717 3305 1798 tetendi.
3335 1700 3416 1756 -’
3431 1700 3574 1798 θ’ὺάὶζ

301 1816 462 1886 punis
489 1815 676 1880 malos,
709 1814 916 1885 justum
960 1823 1073 1882 εει,
1105 1815 1231 1885 quia
1272 1814 1486 1870 illorum
1518 1813 1726 1869 meritis
1761 1829 1890 1870 eon-

299 1909 482 1976 venit;
517 1905 637 1963 cum
673 1923 800 1962 vero
826 1907 1006 1977 parcis
1037 1905 1214 1970 malis,
1239 1906 1446 1976 justum
1475 1913 1590 1971 est;
1626 1921 1732 1960 non
1763 1907 1888 1976 quia

302 1998 522 2054 illorum
567 1998 798 2062 meritis,
835 1996 928 2052 sed
973 1997 1098 2066 quia
1132 1997 1391 2068 bonitatis
1435 2004 1538 2049 tum
1584 1995 1890 2050 condecens

303 2101 408 2147 est.
457 2090 593 2145 Nam
639 2089 908 2161 parcendo
953 2087 1110 2143 malis
1147 2089 1220 2142 ita
1255 2085 1442 2155 justus
1480 2084 1549 2118 ⁸⁸³
1599 2101 1658 2141 εε
1696 2099 1889 2142 secun-

303 2180 432 2237 dum
466 2189 540 2246 te,
570 2190 625 2235 ct
651 2196 756 2234 non
794 2177 1090 2234 secundum
1123 2193 1252 2243 nos;
1284 2177 1426 2232 sicut
1471 2175 1783 2230 misericors
1827 2181 1899 2230 es‘

302 2271 603 2326 secundum
651 2284 772 2336 uos,
811 2278 868 2325 et
901 2255 1007 2324 non
1036 2269 1335 2324 secundum
1367 2269 1450 2334 le;
1481 2265 1740 2336 quoniam
1783 2265 1891 2320 sal-

303 2365 482 2418 Vattdo
510 2379 628 2428 uos,
648 2349 786 2433 ques
813 2361 957 2432 juste
975 2361 1252 2432 perderes,
1287 2359 1428 2415 sicut
1462 2359 1776 2413 misericors
1802 2373 1881 2425 es,

302 2445 412 2508 non
444 2453 568 2523 quia
613 2463 666 2507 tu
712 2449 917 2508 sentias
953 2451 1226 2517 allectum,
1269 2451 1366 2507 sed
1411 2451 1538 2522 quia
1575 2465 1674 2505 nos
1720 2451 1889 2504 senti-

308 2556 430 2596 mus
455 2541 738 2608 ell'ectum;
770 2543 844 2597 ita
881 2543 1060 2613 justus
1078 2558 1164 2616 es,
1196 2557 1302 2598 non
1344 2542 1473 2618 quia
1505 2541 1659 2596 nobis
1689 2540 1887 2598 reddas

303 2633 568 2699 debitum,
618 2635 711 2690 sed
753 2636 879 2704 quia
909 2633 1044 2690 facis
1085 2635 1228 2704 quod
1273 2627 1428 2690 decet
1475 2643 1526 2690 te
1554 2649 1763 2710 summe
1791 2635 1890 2690 bo-

304 2741 456 2781 num.
505 2725 596 2782 Sic
636 2727 818 2798 itaque
854 2729 972 2784 sine
1006 2727 1363 2799 repugnantia
1400 2725 1549 2798 juste
1602 2723 1890 2800 punis,'et

300 2817 446 2886 justo
475 2821 677 2890 parcis.
798 2867 802 2872 .
1631 2807 1636 2818 ³

913 2912 1143 2969 CAPUT
1193 2913 1282 2968 XI.

308 3003 582 3070 Quomodo
608 3006 860 3061 universa:
886 3008 981 3060 vite
1012 3006 1225 3061 Domini
1258 3006 1616 3062 misericordia
1645 3018 1693 3062 et
1748 3009 1886 3062 veri-

376 3088 501 3146 tas;
521 3086 572 3129 et
600 3083 772 3130 tamen
796 3076 976 3146 justus
1003 3076 1254 3130 Dominus
1279 3079 1332 3131 in
1363 3077 1601 3131 omnibus
1633 3080 1726 3133 viis
1754 3079 1883 3133 suis.
1916 3065 1960 3123 C

374 3173 450 3188 -—
471 3145 603 3216 Capi
628 3145 924 3201 nullatenus
947 3157 1111 3215 potest
1148 3163 1244 3200 cur
1281 3149 1346 3200 de
1385 3147 1560 3212 malis,
1596 3150 1690 3203 hos
1720 3150 1886 3218 magis

375 3220 542 3271 solvet
591 3233 750 3288 quam
804 3218 946 3281 illos,
991 3234 1085 3286 per
1136 3232 1396 3270 suntinam
1423 3257 1429 3262 -
1457 3218 1738 3272 bonitatem
1771 3234 1791 3272 :
1839 3229 1888 3274 et

374 3288 495 3368 illos
535 3287 701 3357 magis
741 3288 949 3342 damnet
979 3304 1135 3355 quant
1183 3289 1330 3352 istos,
1376 3301 1470 3358 per
1504 3305 1762 3342 summam
1793 3287 1888 3359 ju-

373 3369 596 3412 διιιιαηι.

377 3450 486 3504 Sed
518 3449 757 3520 nunquid
785 3449 948 3505 etiam
981 3464 1083 3504 non
1116 3459 1198 3505 εει
1234 3449 1440 3520 justum
1486 3441 1782 3507 secundum
1815 3461 1886 3521 te,

307 3544 558 3608 Domine,
608 3552 666 3597 ut
715 3541 882 3596 malos
929 3544 1162 3612 punias?
1201 3542 1413 3597 .lustum
1454 3545 1654 3614 quippe
1697 3555 1800 3611 est,
1842 3557 1890 3602 te

305 3634 389 3691 sic
409 3649 531 3690 esse
549 3633 778 3702 justum,
807 3643 864 3688 ut
882 3634 1082 3705 justior
1104 3650 1342 3705 nequeas
1361 3638 1590 3706 cogitari
1611 3634 1683 3669 ⁸⁸⁵
1709 3657 1723 3692 :
1749 3640 1891 3708 quod

308 3747 651 3802 nequaquam
699 3727 867 3797 esses,
909 3733 958 3790 si
1015 3741 1223 3787 tantum
1271 3729 1432 3788 bonis
1469 3735 1628 3799 bona,
1682 3742 1736 3788 et
1784 3747 1892 3786 non

310 3824 467 3879 malis
504 3824 574 3857 ⁸⁸⁸
616 3823 754 3878 mala
791 3825 1086 3880 rédderes.’
1123 3823 1330 3881 Justior
1379 3827 1523 3880 enim
1569 3834 1655 3881 est
1698 3825 1789 3894 qui
1837 3833 1894 3879 et

309 3915 469 3971 bonis
497 3923 551 3970 ει
589 3915 766 3981 malis,
795 3931 957 3986 quam
1005 3917 1096 3987 qui
1139 3917 1296 3973 bouis
1327 3925 1536 3976 tantum
1573 3917 1763 3973 merita
1807 3932 1893 3971 re-

312 3999 519 4061 fribuit.
546 4007 756 4062 Justum
788 4008 954 4078 igitur
979 4019 1062 4064 est
1090 4010 1387 4064 secundum
1429 4019 1501 4078 te,
1528 4009 1674 4081 juste
1704 4020 1758 4064 et
1797 4011 1893 4066 be-

310 4095 478 4164 nigne
505 4096 670 4161 Deus,
709 4105 762 4151 et
790 4112 912 4151 cum
943 4099 1122 4168 punis,
1156 4109 1365 4154 etcum
1396 4101 1595 4170 parcis.
1629 4100 1768 4156 Vere
1797 4101 1894 4171 igi-

317 4195 404 4242 tur
452 4188 706 4242 universa:
753 4179 847 4243 via:
903 4190 1116 4244 Domini
1163 4193 1524 4248 misericordia
1598 4203 1647 4248 et
1705 4193 1894 4249 veritas

315 4279 489 4349 (Psal.
522 4297 672 4349 xxrv,
707 4281 824 4352 lO);
853 4291 907 4337 et
937 4292 1114 4338 tamen
1139 4284 1318 4354 justus
1347 4285 1598 4341 Dominus
1625 4289 1679 4342 in
1721 4289 1892 4344 omni-

313 4371 408 4424 bus
443 4371 538 4426 riis
562 4375 673 4426 suis
701 4371 872 4444 (l’sal.
902 4387 1080 4441 cxuv,
1113 4375 1222 4446 17).
1255 4375 1321 4430 Et
1349 4377 1534 4446 utique
1574 4377 1690 4432 sine
1731 4394 1893 4448 repu-
1927 4405 1972 4459 ι)

310 4464 560 4532 εηειιιιὶες
591 4464 715 4532 quia
746 4479 883 4535 quos
921 4467 1002 4521 vis
1042 4467 1256 4536 punire,
1295 4483 1401 4522 non
1438 4475 1523 4523 est
1543 4467 1750 4538 justum
1789 4471 1895 4526 sal-

313 4555 459 4621 vari;
491 4563 544 4610 et
567 4555 764 4625 quibus
785 4558 864 4612 vis
881 4572 1125 4627 parcere,
1155 4576 1261 4614 non
1288 4569 1370 4615 est
1391 4560 1597 4630 justum
1620 4562 1891 4619 damnari.

312 4644 446 4700 Nam
490 4646 544 4701 id
571 4647 745 4702 solum
770 4648 977 4719 justum
1008 4659 1112 4718 est,
1145 4652 1288 4721 quod
1313 4653 1422 4720 vis;
1453 4662 1507 4707 et
1539 4667 1643 4708 nou
1663 4651 1894 4722 justum,

315 4737 459 4807 quod
487 4754 595 4793 non
637 4739 736 4794 vis.
778 4740 872 4796 Sic
893 4757 1024 4812 ergo
1048 4745 1294 4798 nascitur
1323 4744 1388 4799 de
1433 4743 1646 4813 justitia
1676 4754 1765 4798 tua
1797 4745 1898 4800 mi-

313 4831 613 4888 sericordia
646 4841 767 4899 tua;
805 4835 929 4904 quia
959 4835 1161 4906 justum
1195 4846 1278 4892 est
1321 4845 1372 4891 te
1401 4837 1480 4892 sic
1509 4853 1629 4894 esse
1669 4838 1893 4903 bonum,

314 4931 378 4978 ut
402 4933 459 4978 et
495 4921 771 4994 parcendo
800 4926 875 4982 sis
909 4927 1084 4983 bonus
1125 4945 1138 4981 :
1182 4938 1236 4983 et
1269 4929 1369 4984 hoc
1403 4927 1632 4984 forsitan
1667 4939 1770 4999 est,
1799 4946 1897 4986 cur

316 5027 528 5069 summe
555 5016 735 5087 justus
769 5026 949 5086 potest
981 5017 1118 5074 velle
1148 5021 1288 5075 bona
1337 5021 1529 5075 malis?
1559 5021 1668 5078 Sed
1717 5023 1759 5078 si
1808 5033 1896 5078 ut-

316 5121 532 5178 cunque
551 5110 672 5178 capi
700 5109 770 5142 ⁸⁸⁸
790 5119 966 5179 potest
994 5126 1092 5166 cur
1115 5111 1286 5168 malos
1314 5123 1465 5182 potes
1485 5113 1622 5170 velle
1645 5115 1856 5170 salvare
1880 5135 1894 5170 :

317 5198 450 5256 illud
521 5209 671 5258 certe
728 5201 874 5258 nulla
932 5203 1144 5260 ratione
1207 5205 1594 5275 comprehendi
1672 5217 1894 5275 potest,

2062 1776 2143 1869 lus
2175 1777 2320 1830 locus
2347 1788 2620 1869 et‘tegtp'us
2649 1783 2814 1869 Deum
2843 1776 3229 1869 coitibent._Sed
3253 1787 3362 1854 ipse
3387 1788 3576 1869 ubique

2055 1858 2102 1900 et
2132 1858 2440 1917 semperest.
2465 1847 2622 1905 Solus
2646 1851 2779 1904 sicut
2800 1867 2902 1905 non
2929 1852 3139 1929 desinit,
3160 1855 3233 1908 ita
3265 1847 3368 1911 non
3393 1847 3575 1929 incipit

2061 1934 2188 1972 esse.
2776 1955 2782 1959 -
3099 1928 3112 1940 ‘

2062 2007 2174 2070 Sed
2213 2022 2373 2064 omne
2431 2011 2575 2080 quod
2604 2010 2865 2068 clauditur
2914 2013 3258 2084 aliquatenus
3320 2017 3442 2074 loco
3483 2031 3578 2074 aut

1993 2107 2252 2170 tempore,
2303 2103 2480 2158 minus
2517 2113 2793 2173 estquam
2824 2109 2966 2175 quod
3006 2108 3151 2163 nulla
3194 2108 3280 2163 lex
3328 2108 3431 2165 loci
3483 2122 3577 2167 aut

1992 2190 2250 2259 temporis
2276 2200 2492 2248 coercet
2529 2192 2620 2246 “7.
2651 2194 2916 2260 Quoniam
2965 2209 3094 2266 ergo
3142 2197 3317 2268 majus
3346 2207 3401 2255 te
3441 2201 3574 2255 nihil

1990 2289 2072 2337 est
2091 2321 2107 2347 ,
2134 2281 2314 2340 nullus
2341 2281 2494 2339 locus
2518 2291 2615 2340 aut
2653 2293 2868 2353 tempus
2895 2293 2948 2340 te
2978 2287 3216 2352 cohibet,
3254 2289 3348 2344 sed
3375 2291 3574 2360 ubique

1990 2380 2045 2426 et
2079 2387 2296 2441 semper
2324 2389 2382 2429 es
2410 2387 2425 2427 :
2467 2376 2608 2444 quod
2639 2375 2768 2445 quia
2795 2375 2863 2431 de
2883 2385 2946 2434 te
2971 2375 3087 2432 solo
3120 2377 3225 2434 dici
3244 2388 3462 2449 potest:
3492 2382 3573 2438 Tu

1992 2460 2139 2519 solu's
2164 2463 2668 2536 incircumscriptus
2687 2480 2750 2521 es
2766 2474 2823 2522 et
2869 2475 3130 2524 aeternus.
3161 2469 3445 2537 Quomodo
3471 2475 3572 2546 igi-

1993 2564 2084 2610 tur
2131 2554 2384 2614 dicuntur
2440 2565 2498 2612 et
2551 2558 2646 2614 alii
2719 2559 2944 2628 spiritus
3001 2558 3460 2635 iucireumscripti
3520 2578 3576 2622 et

1991 2647 2218 2708 teterui?
2258 2648 2326 2704 Et
2369 2649 2591 2718 quidem
2636 2652 2788 2707 solus
2829 2668 2894 2710 es
2935 2666 3204 2724 retentus;
3243 2659 3378 2727 quia
3425 2659 3575 2715 solus

1991 2737 2231 2796 omnium
2265 2738 2408 2796 sicut
2437 2755 2543 2795 non
2568 2739 2806 2810 desinis,
2835 2745 2916 2800 sic
2947 2761 3056 2801 non
3086 2746 3278 2818 incipis
3301 2763 3442 2805 esse.
3468 2749 3575 2804 Sed

1991 2827 2262 2896 quomodo
2285 2827 2431 2884 solus
2457 2844 2518 2885 es
2553 2830 3090 2904 incircumscriptus?
3113 2838 3197 2892 An
3219 2849 3437 2895 creatus
3463 2843 3578 2908 spi-

1992 2917 2132 2974 ritus
2152 2919 2313 2973 ad~te
2331 2917 2589 2987 collatus,
2623 2931 2710 2978 est
2738 2922 2809 2955 ⁸⁸⁸
2823 2923 3313 2997 circumscriptus;
3343 2931 3411 2984 ad
3440 2945 3568 2986 cor-

1990 3025 2093 3080 pus
2121 3025 2270 3077 vero,
2301 3011 2824 3086 incircumscriptus.
2851 3015 3061 3089 Nempe
3089 3023 3316 3077 omnino
3337 3024 3576 3080 circum-

1991 3100 2253 3170 scriptum
2311 3111 2415 3168 est,
2471 3105 2614 3172 quod
2663 3122 2786 3162 cum
2817 3108 3037 3165 alicubi
3091 3119 3262 3167 totum
3311 3124 3414 3180 est,
3464 3131 3573 3171 non

1990 3200 2166 3261 potest
2194 3193 2354 3248 simul
2379 3210 2498 3249 esse
2524 3195 2650 3250 alibi
2680 3212 2695 3250 :
2723 3200 2866 3267 quod
2903 3200 2971 3256 de
2995 3201 3126 3258 solis
3153 3207 3439 3274 corporeis
3461 3221 3578 3262 eer-

1993 3284 2157 3338 nitur.
2197 3285 2727 3358 lncircumscriptum
2759 3306 2911 3358 vero,
2945 3293 3090 3361 quod
3132 3294 3292 3349 simul
3326 3305 3411 3351 est
3453 3298 3575 3352 ubi-

1992 3389 2100 3444 que
2129 3383 2298 3430 totum
2325 3394 2338 3428 :
2363 3377 2506 3447 quod
2530 3379 2597 3432 de
2623 3388 2671 3433 te
2701 3380 2818 3436 solo
2843 3383 3189 3456 intelligitur.
3214 3387 3577 3446 Circumscri-

1993 3475 2143 3536 ptum
2173 3475 2352 3523 autem
2392 3469 2551 3524 simul
2595 3481 2648 3525 et
2697 3472 3230 3546 incircumscriptum
3277 3489 3384 3546 est,
3429 3482 3572 3549 quod

1995 3579 2115 3618 cum
2143 3563 2338 3620 alicubi
2365 3565 2434 3621 sit
2461 3571 2653 3634 totum,
2686 3577 2864 3638 potest
2887 3570 3046 3626 simul
3071 3586 3193 3628 esse
3218 3580 3385 3628 totum
3413 3575 3576 3642 alibi,

1995 3671 2102 3710 non
2145 3665 2330 3711 tamen
2359 3657 2560 3728 ubique
2593 3677 2604 3712 :
2648 3659 2791 3730 quod
2819 3663 2884 3719 de
2922 3647 3121 3723 creatis
3164 3667 3447 3738 spiritibus
3477 3685 3576 3724 co-

1995 3751 2291 3821 gnoscitur.
2329 3750 2385 3806 Si
2418 3753 2560 3808 enim
2592 3770 2698 3808 non
2737 3766 2882 3811 esset
2908 3759 3086 3814 anima
3113 3769 3232 3831 tota
3264 3762 3320 3816 in
3350 3763 3578 3833 singulis

1997 3836 2254 3900 membris
2283 3844 2365 3898 sui
2395 3845 2659 3913 corporis,
2693 3863 2797 3902 nou
2836 3851 3065 3906 sentiret
3093 3859 3200 3907 tota
3239 3852 3293 3907 in
3325 3853 3576 3924 singulis.

1996 3935 2076 3990 Tu
2104 3949 2256 4006 ergo,
2306 3935 2550 4002 Domine,
2601 3935 2948 4006 singulariter
2984 3956 3044 3996 es
3082 3943 3582 4014 incircumscriptus

1996 4037 2051 4082 et
2070 4037 2334 4092 aaternus;
2366 4036 2420 4082 et
2456 4037 2636 4082 tamen
2676 4039 2732 4084 et
2761 4030 2852 4086 alii
2894 4032 2966 4068 ⁸⁸⁸
3001 4033 3227 4104 spiritus
3253 4045 3384 4091 sunt
3415 4037 3580 4093 incir-

1997 4122 2312 4192 cumscripti
2337 4133 2392 4179 et
2421 4124 2631 4180 teterni.

2585 4216 2814 4273 CAPUT
2852 4217 2991 4274 XIV.

2001 4311 2295 4380 Quomodo,
2321 4321 2368 4368 et
2403 4328 2499 4366 cur
2527 4311 2752 4433 videtur-5
2782 4320 2828 4365 et
2861 4328 2965 4365 non
2991 4311 3194 4366 videtur
3222 4311 3362 4366 Deus
3383 4329 3414 4368 α
3435 4330 3584 4384 qua:-

2587 4392 2720 4433 rentt
2759 4397 2818 4433 us
2848 4397 2988 4433 eum.

2587 4392 2818 4434 rentibus
2848 4397 2988 4436 eum.

2074 4475 2152 4527 An
2181 4472 2454 4535 invenisti,
2490 4470 2670 4524 anima
2712 4485 2851 4535 mea,
2883 4472 3027 4540 quod
3065 4472 3384 4540 quaerebas?
3422 4473 3583 4540 Qure-

2002 4563 2161 4618 rebus
2186 4561 2377 4627 Deum,
2416 4559 2668 4614 invenisti
2708 4573 2832 4613 eum
2870 4573 2990 4614 esse
3022 4559 3280 4630 quiddam
3313 4577 3583 4616 summum

2002 4653 2266 4718 omnium,
2310 4667 2417 4722 quo
2461 4649 2594 4704 nihil
2638 4649 2831 4705 melius
2863 4650 3091 4721 cogitari
3135 4659 3354 4722 potest;
3397 4652 3587 4706 ethoc

2005 4759 2125 4800 esse
2169 4745 2334 4798 vitam
2381 4744 2575 4813 ipsam,
2618 4742 2813 4808 lucem,
2863 4743 3209 4814 sapientiam,
3260 4745 3582 4804 bonitatem,

2004 4848 2262 4894 arternam
2314 4834 2703 4890 beatitudinem
2739 4843 2794 4889 et
2840 4833 3057 4890 beatam
3096 4835 3486 4899 mternitatem;
3533 4843 3587 4887 et

1998 4928 2101 4982 hoc
2135 4939 2254 4981 esse
2291 4925 2492 4994 ubique
2530 4933 2584 4979 et
2624 4938 2858 4994 semper.
2909 4922 3042 4977 Nam
3090 4922 3134 4978 si
3182 4937 3288 4977 non
3328 4923 3583 4977 invenisti

2001 5018 2168 5074 Deum
2197 5026 2368 5082 tuum,
2395 5017 2664 5086 quomodo
2702 5023 2788 5069 est
2827 5014 2916 5070 ille
2958 5016 3084 5080 hoc,
3123 5012 3268 5083 quod
3307 5011 3583 5075 invenisti,

2000 5119 2055 5166 et
2085 5110 2229 5180 quod
2267 5108 2413 5163 illum
2445 5115 2552 5160 tam
2589 5115 2738 5162 certa
2763 5107 2991 5161 veritate
3015 5115 3070 5161 et
3099 5120 3231 5161 vera
3259 5103 3587 5158 certitudine

2003 5201 2349 5260 intellexisti?
2401 5199 2458 5254 Si
2497 5213 2621 5254 vero
2661 5199 2947 5265 invenisti,
2982 5199 3111 5270 quid
3158 5210 3242 5255 est
3289 5198 3431 5269 quod
3478 5210 3584 5251 non

1602 5319 1828 5376 VARUE
1883 5317 2282 5380 LECTIONES.

389 5411 463 5446 ⁸⁸³
489 5411 637 5468 Malis
661 5413 732 5468 ita
751 5413 929 5480 justus
955 5428 1054 5465 ms.
1078 5408 1265 5465 Cistcr.
1290 5410 1446 5465 malis
1463 5411 1644 5481 justus

1749 5413 1821 5446 σοι
1848 5414 2093 5490 Nequeas
2113 5409 2339 5490 cogitari
2370 5424 2468 5464 ms.
2505 5407 2641 5490 That.
2674 5406 2800 5490 45-1“:
2829 5415 3058 5490 ῃρφιρεη
3086 5403 3356 5490 “cog-iuri.
3406 5404 3478 5488 uss
3516 5403 3589 5490 EF

317 5497 428 5538 non
454 5483 608 5555 malis
637 5499 734 5537 ms.
767 5483 899 5537 Thu.
929 5483 1052 5555 45]τ
1083 5491 1136 5535 ει
1162 5481 1314 5555 malis
1386 5482 1548 5555 “fit.
1577 5483 1878 5555 Utrumque
1899 5481 2018 5555 capi
2043 5501 2165 5538 mss.
2192 5481 2486 5549 utcumque
2509 5481 2627 5555 capi

2731 5477 2800 5508 εστ
2833 5475 2984 5543 Quod
3009 5477 3153 5533 nulla
3179 5475 3292 5535 'Iex
3343 5475 3449 5531 loci
3493 5485 3588 5530 aut

321 5554 584 5624 temporis
614 5564 830 5608 coercet
861 5569 956 5606 ms.
984 5551 1118 5604 Thu.
1148 5551 1285 5624 451.
1305 5552 1555 5624 quodies
1590 5554 1689 5608 loci
1722 5544 1813 5607 aui
1839 5544 2096 5624 temporis
2123 5570 2228 5610 non
2261 5544 2474 5609 coercet
2547 5544 2616 5582 ⁸¹⁵⁸
2641 5548 2901 5615 Collatus,
2936 5549 3006 5606 sil
3038 5565 3160 5604 mss.
3197 5549 3333 5603 Tim.
3357 5558 3404 5604 et
3446 5544 3580 5601 Vm.

319 5621 570 5692 adlatus,
595 5632 676 5680 est
747 5623 816 5656 ⁸⁸³
829 5625 895 5678 Et
919 5633 1096 5677 tamen
1125 5638 1181 5676 et
1203 5622 1292 5677 alii
1317 5641 1414 5678 ms.
1444 5621 1635 5678 (λιθίαν.
1667 5633 1721 5679 ει
1748 5637 1928 5681 tamen
1952 5621 2065 5682 alii.

605 5716 878 5776 ΡΑτιιοι..
924 5713 1191 5780 CLVIII.

3151 5719 3190 5779 8
