3926 6054
298 267 404 325 353

814 262 875 318 S.
918 260 1222 318 ANSELMI
1259 257 1612 316 CANTUAR.
1653 253 1971 312 ARCllIEl’.
2011 252 2163 311 OPP.
2214 253 2393 308 PARS
2435 252 2473 307 Ι.
2515 282 2582 293 ——
2621 251 3042 309 DOGMATICA.

3456 251 3566 310 2'56

297 381 466 438 sentis
499 381 642 450 quod
679 375 968 434 invenisti?
1008 373 1119 430 Cur
1162 388 1269 427 non
1315 382 1368 426 te
1407 371 1604 436 sentit,
1646 371 1874 425 Domine
1903 376 1948 436 Α
1978 350 2173 423 animm
2213 382 2349 422 mea:
2386 368 2476 421 diu
2523 367 2808 423 intendere
2855 367 2908 421 in
2937 366 3107 422 illam.
3147 366 3572 427 lieverberatnr

301 475 461 539 Deus,
497 471 677 524 anima
709 482 865 534 mea,
909 466 956 522 si
999 463 1205 519 invenit
1245 462 1334 517 te?
1369 463 1452 515 An
1501 477 1607 516 non
1651 461 1875 527 invenit,

294 580 454 638 quem
489 563 693 619 invenit
714 573 836 616 esse
859 557 1037 613 lucem
1059 555 1131 588 "°
1159 563 1213 610 et
1240 553 1565 608 veritatem?
1595 552 1878 620 Quomodo

295 668 532 719 namque
569 649 832 706 intellexit
859 648 982 713 hoc,
1021 644 1122 700 nisi
1149 644 1379 698 videndo
1415 643 1587 698 lucem
1630 651 1686 698 et
1731 643 1873 698 veri-

295 742 504 798 tatem?
533 743 642 796 Aut
671 739 847 810 potuit
871 736 1094 792 omnino
1119 735 1322 804 aliquid
1355 734 1656 805 intelligere
1695 734 1763 790 de
1800 743 1874 800 te,

293 834 396 889 nisi
434 846 531 904 per
575 831 750 886 lucem
804 838 952 883 tuam
995 835 1050 880 et
1089 824 1375 880 veritatem
1413 824 1598 880 tuam?
1637 822 1694 879 Si
1739 837 1876 894 ergo

290 923 428 980 vidit
466 923 640 976 lucem
684 928 741 974 et
771 918 1095 983 veritatem,
1125 915 1259 970 vidit
1283 925 1334 969 te
1370 931 1384 969 :
1416 914 1460 969 si
1495 929 1600 970 non
1621 913 1763 970 vidit
1789 921 1873 979 te,

291 1031 396 1072 non
420 1013 556 1069 vidit
579 1012 752 1066 lucem
802 1025 904 1065 nec
922 1009 1235 1063 veritatem.
1279 1007 1363 1061 An
1391 1016 1447 1061 et
1475 1006 1678 1060 veritas
1701 1014 1756 1060 et
1780 1004 1872 1059 lux

271 1116 396 1172 est,
441 1104 586 1174 quod
625 1103 790 1167 vidit;
840 1109 898 1154 et
943 1109 1123 1154 tamen
1164 1098 1404 1153 nondum
1449 1106 1501 1151 te
1548 1095 1700 1162 vidit,
1746 1096 1873 1166 quia

278 1199 424 1253 vidit
455 1206 510 1253 te
540 1196 885 1266 aliquatenus
909 1193 1012 1259 '7‘;
1051 1192 1146 1247 sed
1177 1206 1282 1246 non
1318 1189 1450 1244 vidit
1479 1190 1552 1222 ⁸⁷¹¹
1595 1197 1668 1253 te,
1713 1189 1871 1245 sicuti

288 1291 382 1344 es?
431 1290 659 1344 Domine
707 1288 851 1343 Deus
901 1301 1075 1350 meus,
1131 1284 1396 1340 formator
1441 1293 1495 1338 et
1549 1283 1874 1338 reformator

287 1397 464 1448 meus,
496 1382 584 1436 die
611 1379 945 1435 desideranti
995 1377 1102 1448 33
1142 1377 1334 1431 anima:
1363 1391 1518 1441 meai,
1557 1376 1685 1444 quid
1729 1374 1872 1429 aliud
1917 1441 1921 1446 Ι

286 1485 348 1526 es
372 1486 535 1541 quam
565 1469 709 1539 quod
735 1469 886 1529 vidit,
918 1476 980 1521 ut
1007 1481 1142 1537 pure
1183 1466 1367 1521 videat
1406 1465 1548 1534 quod
1576 1464 1868 1519 desiderat.

287 1561 524 1617 lntendit
559 1569 729 1624 se,--ut
768 1558 887 1628 plus
915 1557 1132 1623 videat;
1161 1565 1217 1613 et
1249 1556 1390 1611 nihil
1423 1557 1569 1612 videt
1599 1555 1738 1609 ultra
1768 1556 1872 1611 hoc

284 1653 430 1721 quod
461 1652 616 1717 vidit,
661 1651 767 1707 nisi
807 1651 1082 1706 tenebras.
1114 1650 1233 1706 Imo
1279 1665 1385 1705 non
1428 1649 1575 1705 videt
1613 1649 1688 1683 ⁸¹³
1721 1658 1872 1704 tene-

273 1747 436 1810 ‘bras,
476 1759 598 1815 qtae
639 1743 796 1800 nullze
831 1741 1039 1799 suntin
1075 1750 1155 1810 te;
1197 1743 1292 1799 sed
1329 1743 1474 1798 videt
1497 1757 1557 1798 se
1597 1758 1705 1798 non
1748 1743 1871 1815 plus
1903 1734 1946 1793 Β

276 1850 446 1904 posse
476 1833 679 1899 videre,
713 1841 932 1904 propter
976 1833 1229 1888 tenebras
1265 1848 1412 1888 suas.
1454 1830 1564 1887 Cur
1593 1833 1718 1900 hoc,
1759 1832 1871 1892 Do-

285 1925 452 1992 mine,
483 1941 582 1981 cur
609 1925 746 1981 hoc?
785 1924 1127 1984 Tenebratur
1161 1926 1351 1982 oculus
1385 1925 1503 1996 ejus
1532 1925 1605 1960 ⁸⁷⁸
1645 1925 1870 1981 infirmi-

267 2026 399 2073 -tate
433 2031 558 2082 sua,
586 2025 680 2072 aut
707 2019 1088 2074 reverberatur
1119 2015 1328 2089 fulgore
1357 2017 1486 2075 tuo?
1511 2017 1618 2073 Sed
1643 2027 1794 2072 certe
1814 2024 1871 2070 et

286 2108 602 2164 tcuebratur
631 2109 687 2163 in
725 2123 807 2174 se,
845 2120 902 2165 et
939 2109 1326 2165 reverberatur
1363 2124 1392 2162 a
1446 2117 1518 2164 te.
1567 2107 1766 2180 Utique
1815 2115 1870 2162 et

269 2199 606 2256 'obscurat-ur
637 2215 735 2257 sua
773 2200 1062 2268 brevitate,
1089 2209 1146 2256 et
1181 2200 1434 2256 obruitur
1468 2207 1568 2255 tua
1595 2197 1873 2254 immensi-

271 2299 414 2344 tate.
449 2289 586 2345 Vere
618 2298 678 2346 et
715 2291 1060 2346 contrahitur
1100 2291 1352 2362 angustia
1385 2305 1508 2359 sua,
1547 2299 1602 2346 et
1633 2289 1873 2346 vincitur

284 2381 637 2452 amplitudine
662 2390 771 2438 tua.
803 2383 1015 2451 Quanta
1040 2398 1276 2453 namque
1301 2392 1386 2439 est
1413 2383 1503 2438 lux
1529 2383 1640 2448 illa,
1667 2383 1734 2438 de
1760 2396 1865 2452 qua

263 2473 446 2526 :tnicat
471 2487 636 2529 omne
663 2488 872 2536 verum,
898 2475 1044 2544 quod
1077 2473 1339 2529 rationali
1376 2473 1546 2529 menti
1572 2474 1720 2527 lueet
1751 2471 1869 2526 "'t

270 2562 456 2628 ‘Quam
501 2561 679 2633 ampla
725 2573 810 2618 est
849 2563 938 2618 illa
970 2562 1198 2629 veritas,
1241 2563 1296 2618 itt
1330 2577 1440 2632 qua
1481 2573 1568 2619 est
1603 2563 1679 2596 ⁸⁷⁸
1707 2578 1870 2620 omne

269 2655 428 2724 quod
464 2670 650 2710 verum
693 2664 809 2720 est;
855 2664 912 2710 et
951 2665 1110 2710 extra
1153 2669 1318 2725 quam
1360 2655 1580 2710 nonnisi
1631 2655 1766 2710 nihil
1812 2664 1870 2712 et

269 2745 479 2801 falsum
513 2747 632 2802 est?
671 2745 844 2814 Quam
887 2747 1151 2802 immensa
1193 2755 1299 2813 est,
1345 2761 1465 2818 qua:
1509 2762 1619 2803 uno
1660 2747 1866 2803 intuitu

276 2838 430 2894 videt
487 2853 823 2909 quaecunque
869 2838 1024 2896 facta
1071 2848 1226 2904 sunt,
1287 2849 1344 2895 et
1393 2853 1424 2892 a
1475 2854 1616 2910 quo,
1667 2849 1723 2895 et
1771 2855 1870 2910 per

281 2945 468 2998 quem,
499 2939 554 2986 et
581 2931 854 3000 quonme
882 2930 949 2985 de
995 2929 1168 2985 nihilo
1215 2931 1357 2985 facta
1403 2932 1564 2986 sunt?
1599 2929 1737 2999 Quid
1767 2947 1868 3003 pu-

270 3021 495 3087 ritatis,
547 3021 680 3090 quid
732 3020 1130 3090 simplicitatis.
1167 3023 1308 3092 quid
1375 3023 1755 3089 certitudinis,
1802 3031 1869 3079 et

269 3111 583 3182 splendoris
608 3110 700 3168 ubi
724 3113 844 3170 est?
871 3112 1035 3169 Certe
1061 3114 1183 3186 plus
1211 3129 1374 3185 quam
1411 3129 1441 3170 a
1478 3124 1734 3171 creatura
1768 3129 1864 3171 va-

273 3200 391 3259 teat
409 3203 660 3274 intelligi.

871 3315 1107 3376 CAPUT
1148 3318 1240 3374 ιν

493 3427 661 3494 Quod
698 3429 871 3500 major
899 3430 989 3496 sit,
1018 3447 1176 3500 quam
1203 3431 1426 3503 cogitari
1459 3433 1648 3503 possit.

348 3517 520 3587 Ergo,
548 3519 792 3587 Domine,
828 3536 934 3576 non
965 3521 1140 3577 solum
1177 3537 1237 3578 es
1269 3539 1378 3595 quo
1419 3524 1598 3593 majus
1637 3525 1867 3596 cogitari

272 3609 504 3679 nequit;
535 3611 630 3666 sed
657 3625 717 3666 es
743 3612 998 3681 quiddam
1026 3613 1202 3684 majus
1227 3630 1388 3684 quam
1416 3615 1644 3686 cogitari
1668 3615 1865 3688 possit.

284 3701 553 3767 Quoniam
584 3711 818 3772 namque
852 3704 996 3760 valet
1028 3705 1256 3778 cogitari
1294 3721 1415 3762 esse
1447 3708 1649 3779 aliquid
1683 3708 1868 3778 hujus-

241 3822 248 3828 -
279 3791 468 3858 anodi;
502 3791 546 3847 si
578 3801 637 3848 tu
677 3807 783 3850 non
827 3809 886 3850 es
916 3795 1019 3851 hoc
1050 3795 1251 3867 ipsum,
1285 3807 1459 3869 potest
1490 3798 1719 3870 cogitari
1769 3799 1870 3855 ali-

287 3882 417 3955 quid
446 3883 620 3955 majus
642 3894 694 3941 te
722 3903 734 3939 :
763 3885 906 3956 quod
934 3885 1055 3942 fieri
1081 3889 1288 3958 nequit.

867 4036 1106 4095 CAPUT
1144 4039 1283 4094 XVI.

430 4148 584 4214 Quod
602 4149 714 4203 iure
736 4149 804 4204 sit
834 4149 1232 4217 inacccssibilis,
1259 4169 1418 4220 quant
1442 4153 1723 4210 inhabitat.

354 4240 521 4306 Vere,
554 4239 801 4306 Domine,
830 4239 945 4296 haec
984 4253 1070 4296 est
1097 4241 1186 4296 lux
1221 4244 1629 4313 inaccessibilis,
1679 4247 1731 4302 in
1759 4262 1867 4318 qua

289 4331 533 4395 habitas;
563 4344 690 4384 vere
714 4329 862 4384 enim
894 4346 1000 4386 non
1029 4341 1115 4388 est
1142 4333 1312 4394 aliud,
1341 4336 1484 4404 quod
1526 4337 1668 4394 hanc
1693 4338 1868 4394 lucem

1982 458 2209 526 fulgore,
2240 455 2474 511 vincitur
2493 454 2868 526 amplitudine,
2890 457 3140 510 obruitur
3173 457 3565 527 immensitate,

1980 549 2332 606 contunditur
2365 548 2692 617 eapacitate.
2731 545 2778 602 0
2805 561 3016 602 summa
3069 554 3132 602 et
3173 547 3570 605 inaccessibitis

1979 642 2070 697 lux
2095 641 2109 696 !
2136 641 2181 697 Ο
2212 647 2345 705 tota,
2376 648 2432 694 et
2477 642 2632 694 beata
2662 638 2886 703 veritas,
2912 651 3076 707 quam
3111 637 3268 706 longe
3293 651 3353 693 es
3393 653 3422 692 a
3454 654 3564 707 me,

1977 732 2072 803 qui
2103 741 2211 786 tam
2257 743 2424 801 prope
2453 730 2546 784 tibi
2587 730 2744 782 sum!
2790 727 2965 795 Quam
3009 737 3217 782 remota
3245 742 3306 782 es
3349 742 3381 782 a
3428 744 3566 784 cou-

1977 831 2168 894 spectu
2200 835 2343 888 meo,
2388 822 2480 890 qui
2534 820 2610 874 sic
2639 835 2900 890 presens,
2934 833 3054 874 sum
3085 819 3398 888 conspectui
3431 829 3520 874 tuo
3547 822 3562 875 l

1977 911 2188 982 Ubique
2223 924 2284 966 es
2320 919 2430 964 tota
2451 909 2523 943 ⁸⁷⁸
2551 925 2815 980 ριίεεθηε,
2856 919 2913 966 et
2951 925 3058 965 non
3103 919 3156 964 te
3197 910 3376 964 video.
3423 912 3477 965 In
3513 924 3567 966 te

1974 1017 2200 1058 moveor
2222 1009 2278 1056 et
2307 1000 2361 1055 in
2391 1009 2448 1056 te
2472 1015 2612 1068 sum,
2647 1008 2705 1056 et
2723 1001 2790 1055 ad
2815 1010 2869 1056 te
2899 1015 3002 1054 non
3038 1013 3257 1070 possum
3283 1001 3566 1058 aeecdere.

1974 1093 2124 1150 Intra
2169 1109 2255 1150 me
2284 1102 2338 1150 et
2369 1093 2513 1149 circa
2557 1109 2641 1148 me
2671 1108 2755 1157 es,
2777 1101 2834 1147 et
2863 1108 2968 1146 non
3003 1101 3052 1146 te
3083 1093 3275 1147 sentio.

2543 1223 2774 1278 CAPUT
2812 1222 2976 1278 XVII.

1975 1335 2126 1404 Quod
2160 1337 2215 1400 in
2242 1337 2350 1391 Deo
2387 1337 2453 1390 sit
2483 1337 2780 1395 harmonia.
2814 1337 2975 1400 odor,
3004 1355 3184 1406 sapor,
3235 1339 3415 1398 levitas
3465 1338 3560 1398 m.

2253 1407 2612 1477 pulchritudo,
2663 1424 2757 1460 suo
2797 1408 3055 1475 ineffabili
3103 1409 3274 1461 modo.

2039 1500 2232 1556 Adhuc
2275 1501 2437 1568 lates,
2490 1501 2735 1565 Domine,
2769 1499 3007 1554 animant
3052 1514 3226 1553 meam
3258 1495 3310 1552 in
3341 1497 3460 1554 lucc
3495 1509 3555 1555 et

1971 1586 2309 1645 beatitudine
2341 1600 2465 1656 tua;
2512 1599 2569 1644 et
2599 1590 2798 1644 idcirco
2846 1597 3098 1644 versatur
3143 1586 3229 1642 illa
3273 1589 3453 1643 adhuc
3503 1590 3554 1642 in

1976 1684 2236 1747 tenebris,
2265 1691 2319 1738 et
2350 1685 2569 1738 miseria
2598 1698 2717 1737 sua.
2763 1679 3145 1750 Circumspicit
3178 1679 3322 1734 enim
3369 1690 3422 1732 et
3451 1681 3556 1734 noti

1977 1774 2123 1829 videt
2148 1773 2604 1844 pulchritudinem
2641 1782 2810 1826 tuam.
2842 1769 3150 1834 Auscultat,
3184 1758 3240 1823 et
3277 1784 3381 1824 non
3410 1769 3559 1822 audit

1967 1865 2313 1932 harmoniam
2358 1874 2525 1918 tuam.
2556 1861 2775 1928 Olfecit,
2819 1870 2874 1916 et
2923 1873 3028 1915 non
3074 1858 3304 1930 percipit
3334 1858 3554 1912 odorem

1977 1967 2146 2011 tuum.
2175 1956 2388 2022 Gustat,
2420 1964 2472 2009 et
2503 1970 2605 2009 non
2650 1951 2931 2025 cognoscit
2951 1967 3198 2022 saporem
3232 1959 3403 2003 tuum.
3435 1948 3558 2003 I‘ui-

1973 2055 2082 2115 pat,
2111 2055 2167 2100 et
2200 2061 2233 2099 n
2256 2061 2304 2098 »η
2343 2044 2509 2116 sentit
2555 2042 2827 2097 levitatem
2878 2051 3043 2095 tuam.
3079 2038 3256 2094 llabes
3317 2039 3461 2093 enEm
3489 2037 3558 2068 ⁵⁸⁸

1971 2136 2118 2197 lucc.
2151 2134 2377 2190 Domine
2417 2135 2584 2198 Deus,
2619 2133 2672 2188 in
2715 2143 2785 2196 te,
2825 2140 2917 2188 tuo
2957 2129 3210 2186 ineffabili
3252 2130 3434 2193 modo,
3463 2128 3557 2198 qui

1972 2238 2035 2278 ea
2075 2223 2271 2278 dedisti
2303 2222 2465 2278 rebus
2508 2238 2538 2278 a
2576 2233 2630 2278 te
2673 2221 2893 2285 creatis,
2933 2235 3033 2276 suo
3062 2219 3305 2275 sensibili
3355 2220 3551 2283 modo;

1964 2315 2065 2369 sed
2112 2313 2486 2386 obriguerunt,
2537 2313 2631 2370 sed
2678 2315 3096 2384 obstupuerunt,
3134 2310 3230 2367 sed
3286 2310 3553 2367 obstructi

1968 2411 2093 2457 sunt
2149 2418 2344 2460 sensus
2398 2404 2594 2462 anima:
2649 2421 2782 2460 mea:
2841 2413 3052 2460 vetusto
3111 2403 3370 2476 languore
3429 2417 3555 2473 pec-

1970 2495 2101 2551 caﬁ.

2535 2587 2762 2646 CAPUT
2792 2587 2974 2644 XVIII.

1965 2695 2038 2728 ³³⁸
2071 2697 2224 2764 Quod
2252 2697 2390 2755 Deus
2432 2701 2498 2754 sit
2525 2709 2658 2766 tuta,
2685 2701 2969 2770 sapientia,
2999 2698 3286 2770 (clamitas,
3305 2706 3366 2770 ct
3405 2714 3555 2752 omne

2040 2785 2214 2823 verum
2246 2771 2461 2824 bonum.
2503 2801 2571 2811 —
2613 2767 2884 2840 Quidquid
2915 2781 2989 2823 est
3033 2769 3268 2840 partibus
3285 2767 3555 2840 junctum,

2035 2856 2143 2893 non
2181 2849 2256 2893 est
2291 2841 2510 2893 omnino
2543 2857 2736 2905 unum;
2771 2839 2896 2894 actu
2933 2840 3009 2893 vel
3039 2839 3304 2892 intellectu
3344 2839 3556 2891 dissolvi

2037 2918 2225 2979 potest.
2259 2908 2559 2978 Sapientia,
2592 2913 2876 2970 a'tcrultas,
2903 2919 3048 2974 etc.,
3076 2924 3179 2961 non
3213 2918 3332 2962 sunt
3368 2909 3422 2960 in
3451 2907 3558 2961 Dco

2039 2989 2235 3048 partes,
2269 2979 2359 3033 sed
2403 2995 2590 3044 unum,
2637 2991 2684 3034 et
2719 2981 2889 3048 ipsum
2938 2990 3105 3048 totum
3146 2979 3284 3048 quod
3315 2988 3389 3048 est
3415 2979 3558 3032 Deus

2035 3046 2125 3104 seu
2145 3051 2259 3121 ipsa
2282 3051 2476 3117 unitas,
2521 3066 2584 3106 ne
2614 3046 2820 3117 quidem
2849 3047 3116 3103 intellectu
3143 3046 3440 3102 divisibilis.

2036 3141 2108 3196 Et
2135 3141 2331 3196 iterum
2359 3155 2489 3197 ecce
2512 3142 2790 3207 turbatio;
2821 3155 2950 3196 ecce
2973 3141 3174 3194 iterum
3201 3141 3393 3195 obviat
3423 3154 3559 3193 uta:-

1971 3246 2082 3298 ror,
2108 3241 2164 3286 et
2193 3231 2371 3286 luctus
2399 3234 2665 3304 quaerenti
2691 3231 2949 3302 gaudium
2978 3241 3032 3287 et
3063 3231 3328 3286 lanitium.
3358 3231 3557 3301 Spera-

1965 3325 2058 3380 bat
2099 3324 2212 3395 jam
2261 3324 2442 3379 anima
2495 3339 2613 3379 mea
2664 3323 3012 3391 satietatem,
3072 3330 3128 3380 et
3176 3337 3306 3378 ecce
3361 3322 3556 3378 iterum

1960 3413 2220 3469 obruitur
2240 3424 2500 3486 egestate.
2527 3413 2860 3470 AtI'ectabam
2881 3415 2994 3486 jam
3023 3415 3332 3482 comedere,
3354 3423 3409 3469 et
3427 3429 3558 3469 ecce

1957 3505 2144 3579 magis
2170 3505 2354 3561 esurio
2383 3505 2478 3560 ﬁ".
2513 3504 2767 3562 Conabar
2795 3503 3083 3578 assurgere
3120 3506 3188 3561 ad
3229 3505 3406 3561 lucem
3438 3503 3553 3568 Dei,

1971 3604 2029 3650 et
2056 3595 2226 3650 recidi
2252 3595 2308 3651 in
2341 3597 2594 3652 tenebras
2627 3613 2797 3655 meas.
2832 3597 2942 3652 lmo
2964 3613 3075 3655 nou
3112 3596 3269 3652 modo
3293 3595 3466 3654 cecidi
3496 3594 3551 3652 iu

1974 3700 2092 3751 eas,
2142 3685 2238 3741 sed
2282 3688 2465 3742 sentio
2509 3703 2598 3744 me
2624 3687 2922 3744 involutum
2955 3689 3008 3744 in
3055 3688 3153 3744 eis.
3204 3687 3349 3742 Ante
3375 3686 3552 3742 cecidi

1970 3792 2133 3848 quam
2177 3777 2486 3849 conciperet
2527 3794 2616 3834 me
2645 3789 2820 3836 mater
2866 3776 3006 3835 mea‘.
3054 3779 3214 3835 Certe
3240 3778 3311 3810 ⁸⁸³
3347 3779 3400 3833 in
3445 3770 3550 3833 illis

1971 3877 2262 3940 conceptus
2277 3885 2419 3937 sum,
2437 3882 2489 3928 et
2509 3887 2632 3928 eum
2652 3887 2840 3927 earum
2861 3871 3212 3929 ebvolutioue
3229 3879 3389 3926 natus
3414 3885 3556 3926 sum.

1963 3961 2132 4017 Certe
2155 3961 2226 3992 ⁸⁸³
2247 3959 2300 4016 in
2327 3961 2415 4016 illo
2435 3978 2627 4019 onmes
2649 3961 2944 4018 cecidimus
2962 4004 2977 4031 ,
3007 3961 3061 4018 in
3081 3977 3189 4032 quo
3212 3975 3403 4016 omnes
3433 3975 3555 4031 pec-

1969 4053 2235 4110 cavimus.
2255 4053 2312 4108 ln
2327 4052 2417 4109 illo
2438 4069 2626 4110 omnes
2649 4055 3004 4125 perdidimus,
3024 4054 3114 4124 qui
3135 4052 3292 4108 facile
3321 4052 3555 4116 tenebat,

1971 4157 2027 4204 et
2063 4147 2204 4203 male
2243 4147 2347 4204 sibi
2402 4157 2460 4204 et
2490 4147 2647 4205 nobis
2681 4149 2936 4220 perdidit,
2970 4146 3114 4218 quod
3156 4162 3280 4202 cum
3310 4144 3560 4200 volumus

1969 4252 2231 4308 quaerere,
2252 4237 2556 4304 nescimus;
2581 4257 2704 4296 cum
2737 4241 3050 4311 quzcrimus,
3080 4255 3188 4295 non
3220 4239 3556 4303 invenimus;

1970 4342 2095 4383 cum
2158 4326 2489 4394 invenimus,
2529 4346 2636 4386 non
2677 4338 2763 4387 est
2806 4330 2950 4401 quod
2996 4330 3309 4402 quaerimus.
3353 4326 3560 4397 Adjuva

284 4433 536 4494 penetret
577 4423 669 4492 ⁸⁷⁷,
707 4434 766 4477 ut
796 4423 870 4480 ibi
923 4433 976 4482 te
1019 4426 1318 4495 pervident.
1373 4427 1512 4485 Vere
1560 4431 1683 4487 ideo
1728 4431 1866 4489 hanc

1980 4433 2077 4483 me,
2112 4427 2186 4485 tu,
2231 4428 2451 4492 propter
2483 4422 2783 4479 bonitatem
2813 4431 3002 4489 tuam;
3054 4421 3309 4487 Domine,
3345 4418 3560 4491 (μιωεὶιὶ

288 4531 393 4567 non
425 4513 597 4580 video,
631 4515 759 4585 quia
799 4516 963 4571 nimia
1005 4517 1136 4574 mihi
1165 4529 1276 4586 est;
1309 4530 1365 4576 et
1394 4531 1574 4577 tamen
1603 4524 1866 4595 quidquid

289 4607 442 4659 video
474 4623 569 4675 per
606 4607 751 4662 illam
799 4608 974 4674 video,
1022 4612 1164 4667 sicut
1199 4614 1445 4672 inﬁrmus
1473 4619 1688 4684 oculus,
1725 4619 1869 4688 quod

289 4696 454 4760 videt,
501 4712 598 4765 per
640 4697 813 4752 lucem
844 4699 975 4754 solis
1011 4701 1176 4769 videt,
1208 4720 1370 4774 quam
1402 4705 1454 4761 iu
1487 4707 1603 4778 ipso
1631 4708 1744 4763 sole
1776 4725 1871 4764 ne-

287 4783 406 4852 quit
430 4785 692 4852 aspicere.
726 4785 839 4841 Non
873 4797 1051 4859 potest
1089 4791 1391 4849 intellectus
1428 4812 1580 4852 meus
1603 4798 1671 4852 ad
1699 4798 1873 4865 illam,

289 4875 454 4931 nimis
486 4874 676 4948 fulget,
728 4893 834 4934 non
881 4881 1027 4952 capit
1075 4881 1246 4952 illam,
1298 4902 1398 4943 nec
1454 4887 1644 4944 suffert
1686 4891 1874 4947 oculus

1969 4510 2168 4564 vultum
2213 4521 2396 4579 tuum;
2427 4513 2626 4568 uultum
2675 4523 2845 4582 tuum,
2885 4513 3126 4579 Domine,
3173 4513 3439 4583 requiram
3464 4510 3559 4576 ⁸⁸⁵,

1974 4617 2036 4655 ne
2057 4611 2263 4656 avertas
2290 4601 2478 4671 faciem
2507 4613 2654 4658 tuam
2684 4623 2716 4658 a
2741 4622 2823 4660 me
2847 4602 3023 4676 (Psal.
3066 4619 3219 4665 XXVI.
3250 4602 3328 4673 8).
3357 4601 3556 4656 Revela

1977 4708 2063 4748 tne
2093 4695 2158 4748 de
2199 4709 2286 4749 me
2323 4695 2394 4727 ³⁸⁸
2425 4696 2491 4751 ad
2534 4706 2608 4752 te.
2646 4697 2864 4764 Munda,
2913 4713 3071 4767 sana,
3108 4710 3268 4761 acue,
3311 4693 3559 4749 illumina

1975 4783 2191 4846 oculum
2225 4786 2422 4840 mentis
2443 4801 2578 4842 mea:
2604 4798 2660 4841 ut
2689 4789 2966 4845 intueatur
2987 4798 3059 4844 te.
3089 4787 3385 4858 Recolligat
3411 4785 3560 4840 vires

1977 4888 2108 4928 suas
2137 4873 2319 4927 anima
2367 4889 2507 4942 mea,
2558 4885 2612 4931 ct
2665 4884 2778 4932 toto
2810 4877 3084 4933 intellectu
3131 4877 3330 4932 iterum
3382 4874 3563 4930 inten-

1591 5043 1678 5099 VA
1688 5045 1826 5102 RIIE
1862 5045 2264 5106 LECTIONES.

328 5173 433 5254 ΜΨ
481 5170 960 5254 [imponitis-cuit
1009 5173 1524 5254 esse_lucem__m_s_s.
1567 5192 1634 5232 an
1683 5181 2039 5254 noninvenit
2069 5197 2230 5254 quem
2263 5181 2467 5254 invenit
2493 5197 2645 5254 esse
2691 5183 2864 5240 lucem
2940 5185 3008 5218 ⁸⁷⁸
3045 5183 3400 5252 Aliquatenus
3431 5199 3560 5238 ms.

303 5240 435 5294 Vict.
467 5253 514 5296 et
549 5241 681 5296 Tlm.
710 5241 834 5297 451.
867 5243 1258 5312 aliquantulum
1335 5244 1406 5278 3'”
1453 5248 1519 5302 lit
1567 5264 1672 5302 non
1719 5250 1852 5304 vidit
1879 5269 2002 5305 mss.
2035 5240 2130 5306 sed
2154 5267 2256 5306 non
2283 5253 2417 5306 vidit
2488 5252 2560 5284 ⁸η
2586 5254 2649 5306 Α.
2681 5254 2792 5307 lmo
2819 5269 2922 5310 non
2962 5256 3096 5308 vidit
3133 5240 3262 5309 mss.
3315 5254 3425 5307 lmo
3451 5269 3557 5307 non

293 5314 440 5365 videt
509 5312 580 5344 ‘7‘
602 5312 802 5368 Oculus
842 5309 976 5381 ejus
1009 5314 1060 5368 in
1104 5331 1229 5368 mss.
1272 5315 1404 5370 Tim.
1441 5329 1486 5371 et
1536 5316 1666 5371 Vict.
1701 5321 1869 5372 omitt.
1913 5323 1966 5374 in
2065 5321 2134 5353 ⁸⁷⁸
2166 5321 2340 5375 Mente
2396 5323 2538 5376 lucet
2573 5340 2697 5378 mss.
2750 5323 2884 5377 Tlm.
2936 5334 2982 5378 ct
3024 5323 3156 5377 Vict.
3211 5323 3377 5378 menti
3418 5323 3558 5378 lucet

394 5381 451 5463 in
475 5396 580 5462 qua
603 5385 764 5463 etiam
791 5393 876 5437 est
902 5400 1028 5463 mss.
1083 5383 1220 5463 'IZIiu.
1269 5396 1317 5441 et
1385 5385 1516 5441 Vict.
1557 5388 1742 5463 Qntitt.
1780 5390 1943 5463 etiam
2016 5390 2096 5463 '7_'_
2126 5392 2275 5445 Hanc
2313 5402 2556 5463 penetret
2585 5410 2710 5447 mis.
2752 5393 2886 5450 Tim.
2914 5395 3058 5450 banc
3099 5401 3274 5450 lucem
3308 5401 3558 5463 penetret

295 5449 365 5482 ⁸⁷³
390 5450 600 5526 tibique
623 5462 875 5526 totamss.
902 5451 1044 5526 Vict.
1078 5455 1275 5526 ubique
1297 5473 1356 5512 cs
1379 5468 1487 5511 tota
1563 5458 1632 5490 ⁸⁷³
1661 5460 1880 5515 Lenilas
1917 5467 2012 5515 ius.
2055 5461 2191 5516 Vict.
2236 5463 2292 5517 5.

295 5522 443 5574 omit.
465 5521 608 5574 enim
683 5522 751 5553 ⁸⁸¹
776 5540 872 5577 ms.
899 5522 1034 5577 Tim.
1069 5525 1156 5579 90.

295 5661 570 5732 requiram
644 5661 711 5693 ⁸⁸⁸
736 5661 930 5718 Revela
952 5664 1016 5721 dc
1050 5681 1133 5722 me
1183 5683 1307 5723 mss.
1341 5669 1519 5727 releva
1554 5684 1637 5724 me
1669 5672 1732 5727 de
1760 5687 1844 5727 me

2353 5462 2544 5517 levitas
2616 5464 2685 5496 ⁸⁸⁰
2716 5464 2893 5520 l-labes
2914 5467 3058 5519 enim
3081 5481 3177 5518 nis.
3209 5462 3396 5518 (εἰδέα.
3422 5475 3564 5518 recte

1186 5528 1338 5593 Quod
1364 5527 1593 5603 Deussit
1625 5531 1828 5596 omnia,
1855 5540 1910 5586 et
1949 5533 2218 5603 quomodo
2319 5533 2389 5564 ⁸⁸²
2422 5534 2614 5588 Esurio
2656 5551 2782 5589 mss.
2816 5533 2949 5588 Tha.
2989 5534 3126 5588 Vict.
3159 5533 3294 5589 Cist.
3325 5533 3558 5588 esurire.

293 5607 393 5644 ms.
421 5589 547 5643 451.
571 5591 752 5645 esurio
776 5602 828 5646 te
900 5593 971 5625 ⁸⁸⁸
1000 5593 1159 5650 Olim.
1185 5589 1333 5651 certe
1358 5615 1456 5652 ms.
1486 5598 1609 5653 451.
1639 5603 1785 5653 omit.
1812 5589 1940 5660 olim

2013 5604 2082 5636 ⁸⁸³
2112 5602 2248 5660 Tum
2275 5603 2550 5674 requiram
2572 5621 2697 5661 mss.
2717 5603 2846 5661 Vict.
2878 5604 3067 5664 (ἕξεων.
3102 5613 3277 5674 tuum,
3302 5603 3560 5672 Domine,
