3926 6054
399 220 500 275 2'7

1792 220 2249 280 PROSLOGION.

2200 91 2240 109 ‘1.

3554 230 3658 286 238

391 335 486 399 dat
514 332 587 363 ⁸⁸⁸
630 332 684 387 in
717 339 791 399 te,
822 332 1068 388 Domine.
1116 332 1257 401 Quid
1307 348 1389 400 es,
1437 333 1687 401 Domine,
1725 333 1854 406 quid
1899 349 1979 402 es,
2011 342 2055 399 Α
2082 343 2238 400 sunt;
2274 341 2329 388 tu
2370 332 2481 407 34
2506 342 2687 391 autem
2715 334 2861 391 nullo
2898 336 3059 393 modo
3098 336 3278 394 minus
3321 351 3409 405 es;
3440 340 3657 395 etiamsi

392 424 524 493 quid
564 433 615 479 tc
646 422 905 495 intelliget
929 440 1026 480 cor
1065 441 1244 480 meum
1267 426 1289 481 ?
1316 406 1476 482 Certe
1514 427 1625 481 vita
1650 441 1730 494 es,
1762 441 1976 497 sapien-

395 519 469 572 tia
496 532 577 581 es,
608 518 810 572 veritas
837 532 917 583 es,
958 519 1172 574 bonitas
1194 534 1275 586 es,
1321 519 1599 575 beatitudo
1629 535 1710 584 es,
1758 519 1976 575 interni-

390 617 481 663 tas
505 622 587 672 es,
613 617 670 663 et
692 622 854 664 omne
883 623 1072 664 verum
1111 610 1312 665 bonum
1348 624 1428 666 es.
1469 610 1633 665 Multa
1668 613 1971 667 sunthaec:

393 713 503 755 non
547 707 725 769 potest
776 709 1036 772 angustus
1076 698 1383 757 intellectus
1432 718 1584 758 meus
1627 711 1707 759 tot
1753 720 1860 759 uno
1907 704 1975 737 ⁸⁸⁷

392 788 554 843 simul
601 790 799 845 intuitu
841 790 1049 856 videre,
1078 800 1139 846 ut
1168 792 1422 850 omnibus
1450 793 1615 849 simul
1655 795 1974 852 delectetur.

390 878 673 947 Quomodo
712 895 865 954 ergo,
905 880 1156 949 Domine,
1194 898 1254 939 es
1296 884 1479 940 omnia
1520 885 1678 940 haec?
1721 886 1806 939 An
1852 897 1980 943 sunt

389 980 577 1040 partes
606 971 702 1039 tui,
729 986 796 1027 an
824 971 1002 1045 potius
1028 971 1099 1003 ⁸⁸⁸
1134 974 1551 1044 unumquodque
1576 974 1771 1030 horum
1805 984 1976 1031 totum

390 1071 476 1117 est
513 1063 657 1134 quod
701 1064 805 1117 es?
835 1061 970 1118 Nam
1018 1063 1284 1135 quidquid
1313 1059 1397 1120 est
1440 1063 1686 1135 partibus
1708 1065 1975 1135 junctum,

392 1161 611 1209 nonest
645 1153 867 1209 omnino
896 1170 1096 1222 unum,
1134 1154 1228 1210 sed
1266 1155 1663 1226 quodammodo
1696 1159 1873 1228 plura,
1924 1169 1981 1215 et

393 1240 667 1298 diversum
706 1259 736 1298 a
775 1244 988 1315 seipso;
1035 1254 1092 1300 et
1134 1244 1217 1300 vel
1264 1255 1413 1311 actu,
1446 1246 1529 1301 vel
1560 1247 1831 1305 intellectu
1864 1250 1977 1306 dis-

393 1332 528 1390 solvi
559 1342 772 1403 potest:
806 1348 925 1403 qute
970 1333 1151 1389 aliena
1201 1344 1329 1390 sunt
1372 1351 1400 1390 a
1445 1344 1518 1403 te,
1550 1351 1657 1407 quo
1702 1337 1837 1394 nihil
1872 1353 1980 1395 me-

391 1423 501 1480 lius
528 1424 753 1495 cogitari
783 1433 981 1494 potest.
1015 1420 1185 1481 Nulla:
1234 1425 1399 1498 igitur
1442 1437 1626 1497 partes
1658 1428 1711 1484 in
1750 1430 1801 1485 te
1829 1440 1977 1498 sunt,

392 1514 641 1581 Domine,
668 1529 768 1570 nec
794 1529 853 1569 es
876 1514 1062 1587 plura;
1095 1517 1191 1571 sed
1215 1517 1294 1571 sic
1321 1532 1382 1572 es
1406 1533 1574 1572 unum
1603 1520 1892 1589 quoddam,
1924 1532 1982 1578 et

394 1606 541 1661 idem
578 1605 670 1660 tibi
723 1605 844 1675 ipsi;
896 1615 956 1662 ut
1004 1606 1058 1661 in
1090 1606 1237 1673 nullo
1287 1609 1381 1663 tibi
1416 1609 1515 1679 ipsi
1555 1609 1631 1667 sis
1660 1611 1974 1669 dissimilis:

393 1696 506 1752 imo
554 1706 608 1752 tu
657 1712 717 1753 es
747 1698 861 1768 ipsa
894 1699 1098 1764 unitas,
1146 1697 1292 1755 nullo
1341 1699 1620 1757 intellectu
1666 1704 1976 1761 divisibilis.
2010 1717 2054 1773 Β

390 1784 537 1856 Ergo
570 1785 698 1851 vita,
729 1795 784 1841 et
814 1787 1100 1857 sapientia,
1137 1797 1192 1843 et
1230 1787 1462 1859 reliqua,
1501 1807 1607 1846 non
1638 1804 1765 1848 sunt
1791 1804 1979 1863 partes

393 1878 499 1943 tui,
530 1877 623 1932 sed
662 1876 842 1932 omnia
873 1886 1000 1934 sunt
1026 1894 1223 1946 unum;
1253 1889 1309 1936 et
1335 1885 1755 1956 unumquodque
1784 1886 1977 1943 horum

390 1977 480 2024 est
511 1977 683 2023 totmn
715 1967 862 2040 quod
892 1984 952 2026 es
986 1970 1081 2036 ⁸⁸⁸,
1112 1982 1167 2027 et
1195 1973 1338 2043 quod
1369 1983 1495 2030 sunt
1530 1975 1737 2046 reliqua
1773 1979 1977 2034 omnia.

392 2059 677 2127 Quomodo
722 2076 852 2133 ergo
898 2076 999 2119 nec
1048 2060 1119 2096 ”°
1170 2074 1223 2119 tu
1268 2054 1441 2123 habes
1485 2076 1694 2139 partes;
1744 2083 1846 2125 nec
1891 2078 1981 2126 tua

390 2152 687 2218 aeternitas,
715 2167 835 2222 quae
862 2162 915 2208 tu
948 2170 1028 2224 es,
1058 2172 1327 2229 nusquam
1355 2167 1408 2215 et
1437 2174 1713 2231 nunquam
1740 2170 1829 2217 est
1852 2178 1982 2233 pars

393 2252 486 2299 tua
524 2254 619 2299 aut
662 2247 990 2305 aeternitatis
1041 2258 1181 2304 tuae:
1231 2251 1328 2307 sed
1375 2252 1575 2324 ubique
1621 2262 1764 2311 totus
1815 2267 1894 2323 es,
1926 2264 1981 2311 et

391 2332 676 2388 :eternitas
707 2343 795 2389 tua
828 2344 940 2391 tota
972 2346 1055 2393 est
1083 2354 1321 2412 semper.

984 2468 1213 2529 CAPUT
1254 2471 1395 2530 XIX.

394 2575 552 2645 Quod
579 2593 683 2634 non
718 2578 784 2635 sit
812 2579 869 2634 in
889 2579 1005 2636 loco
1032 2593 1407 2708 autozlempore,
1439 2589 1529 2644 sed
1573 2590 1749 2645 omnia
1781 2591 1885 2648 sint
1923 2594 1979 2648 iu

1130 2670 1147 2708 ι
1192 2672 1243 2708 ο.

1130 2670 1243 2711 ιιιο.

465 2758 574 2815 Sed
621 2761 667 2818 si
720 2777 819 2834 per
863 2765 1229 2823 mternitatem
1284 2777 1427 2825 tuam
1482 2770 1653 2841 fuisti,
1694 2781 1750 2832 et
1795 2790 1874 2844 es,
1925 2787 1981 2833 et

391 2850 535 2915 eris;
575 2862 630 2906 et
659 2852 845 2920 fuisse,
873 2871 981 2911 non
1009 2865 1093 2912 est
1139 2857 1381 2914 futurum
1423 2874 1573 2928 esse;
1601 2872 1657 2920 et
1695 2878 1836 2934 esse,
1871 2882 1978 2924 non

390 2949 481 2996 est
505 2940 674 2998 fuisse
699 2944 782 2999 vel
809 2945 1048 3001 futurum
1085 2962 1249 3004 esse:
1286 2953 1557 3021 quomodo
1587 2957 1864 3013 :eternitas
1890 2965 1979 3013 tua

390 3040 511 3088 tota
530 3044 617 3090 est
638 3037 896 3108 semper?
922 3039 1003 3094 An
1027 3039 1094 3095 de
1113 3041 1420 3097 :eternitate
1449 3050 1535 3098 tua
1560 3042 1692 3100 nihil
1714 3049 1978 3117 praeterit,
2008 3070 2055 3132 ο

392 3132 455 3178 ιιι
477 3122 591 3192 iam
622 3140 729 3180 non
759 3126 862 3195 sit;
890 3142 993 3184 nec
1022 3128 1224 3199 aliquid
1257 3130 1500 3187 futurum
1527 3142 1634 3199 est,
1666 3136 1820 3205 quasi
1848 3152 1984 3194 non-

393 3213 523 3268 dum
555 3214 675 3270 sit?
718 3215 836 3274 Non
864 3232 993 3289 ergo
1044 3217 1198 3275 fuisti
1247 3221 1384 3288 heri,
1423 3230 1516 3277 aut
1556 3224 1666 3279 eris
1700 3239 1855 3291 cras;
1887 3228 1984 3285 sed

393 3301 540 3369 heri,
581 3312 639 3360 et
683 3306 865 3376 hodie,
903 3317 959 3364 et
999 3322 1121 3364 cras
1169 3320 1271 3365 es:
1304 3310 1414 3366 imo
1459 3327 1561 3368 nec
1608 3312 1724 3370 heri
1756 3313 1849 3382 ⁸⁹³,
1882 3331 1983 3374 nec

394 3393 579 3461 hodie,
602 3411 705 3467 nec
729 3413 850 3456 eras
869 3414 957 3465 es;
989 3400 1083 3456 sed
1110 3400 1183 3436 '“
1212 3401 1531 3473 simpliciter
1554 3420 1614 3460 es
1643 3417 1797 3465 extra
1821 3425 1984 3468 omne

395 3492 634 3556 tempus.
667 3486 800 3544 Nam
830 3490 965 3547 nihil
996 3491 1143 3548 aliud
1173 3503 1256 3548 est
1293 3494 1433 3560 heri,
1464 3505 1519 3551 et
1545 3496 1728 3567 hodie,
1753 3496 1808 3556 et
1837 3517 1981 3573 cras,

392 3590 561 3648 quam
609 3578 663 3634 in
702 3588 988 3652 tempore;
1042 3592 1096 3639 tu
1134 3592 1338 3655 autem,
1389 3586 1516 3645 licet
1565 3589 1703 3648 nihil
1755 3595 1828 3651 sit
1864 3595 1984 3653 sine

394 3673 472 3731 te,
504 3682 610 3724 non
657 3684 719 3727 es
747 3679 928 3729 tamen
970 3673 1024 3729 in
1066 3673 1186 3732 loco
1233 3686 1325 3733 aut
1370 3690 1631 3749 tempore,
1660 3683 1756 3739 sed
1802 3687 1982 3743 omnia

395 3769 525 3813 sunt
553 3759 608 3816 in
634 3771 725 3819 te:
769 3763 905 3821 nihil
935 3766 1081 3825 enim
1111 3774 1167 3825 te
1204 3768 1466 3840 continet,
1512 3774 1608 3831 sed
1648 3784 1703 3831 tu
1734 3779 1984 3837 contines

988 3949 1219 4009 CAPUT
1258 3953 1378 4010 XX.

404 4077 555 4145 Quod
584 4078 652 4157 sit
692 4090 813 4138 ante
853 4095 902 4139 et
943 4086 1082 4144 ultra
1130 4090 1306 4145 omnia
1338 4089 1498 4146 etiam
1525 4100 1745 4149 eterna.
1777 4126 1847 4137 —
1885 4097 1985 4157 Dei

470 4152 734 4228 eternitas
753 4164 830 4228 est
855 4156 960 4228 ipsi
979 4167 1086 4212 tota
1107 4176 1337 4228 praesens
1360 4174 1378 4212 :
1402 4174 1590 4217 cu’tera
1615 4164 1681 4220 de
1706 4182 1804 4220 sua
1834 4152 1984 4222 teter;

472 4219 638 4308 nitate
664 4219 899 4308 nonduin
940 4219 1130 4308 habent
1170 4230 1312 4308 quod
1353 4232 1591 4299 futurum
1631 4247 1734 4301 est,
1783 4219 1985 4308 'efjéin

472 4303 577 4342 non
603 4291 797 4346 habent
815 4296 957 4364 quod
983 4308 1062 4351 est
1088 4291 1435 4368 prtéteritu'm.

2077 424 2166 479 illa
2197 425 2419 482 redeant
2450 427 2503 482 in
2547 428 2817 484 nihilum?
2843 428 2936 485 Sic
2971 431 3118 488 enim
3164 430 3235 463 ⁸⁹⁸
3259 432 3657 501 quodammodo

2074 529 2136 571 es
2162 514 2303 571 ultra
2349 516 2457 572 illa.
2506 518 2589 572 An
2619 520 2786 574 etiam
2832 522 2959 592 quia
3015 523 3104 578 illa
3153 524 3379 593 cogitari
3429 536 3658 596 possunt

2078 604 2277 659 habere
2323 604 2518 672 ﬁnem;
2554 614 2608 662 tu
2657 621 2786 664 vero
2825 614 3221 681 nequaquam?
3265 610 3400 668 Nam
3444 614 3525 669 sic
3567 615 3656 670 illa

2078 695 2294 764 quidem
2346 696 2414 730 ⁸⁸⁵
2463 697 2666 755 habent
2718 700 2881 757 ﬁnem
2936 703 3362 772 quodammodo;
3421 714 3477 760 tu
3530 720 3661 769 vero

2079 787 2227 842 nullo
2254 789 2435 844 modo.
2469 789 2535 845 Et
2561 800 2711 847 certe
2739 792 2883 862 quod
2913 792 3060 849 nullo
3089 793 3249 850 modo
3280 795 3443 850 habet
3473 796 3655 856 finem.

2077 874 2221 930 ultra
2255 875 2382 932 illud
2414 887 2518 945 est,
2569 879 2710 949 quod
2740 880 2923 951 aliquo
2968 883 3129 938 modo
3182 882 3390 939 (initur.
3422 884 3505 939 An
3556 886 3660 942 hoc

2079 977 2295 1036 quoque
2328 968 2486 1024 modo
2515 969 2717 1025 transis
2742 970 2922 1026 omnia
2955 972 3118 1028 etiam
3146 982 3372 1044 aeterna,
3405 976 3532 1045 quia
3561 984 3655 1033 tua

2080 1064 2136 1111 et
2185 1057 2400 1113 illorum
2430 1059 2710 1116 aeternitas
2748 1070 2861 1116 tota
2917 1062 3015 1118 tibi
3068 1078 3309 1133 praesens
3358 1074 3476 1133 est;
3532 1081 3657 1122 cum

2080 1145 2171 1202 illa
2196 1147 2433 1203 nondum
2461 1150 2699 1207 habeant
2725 1151 2794 1205 de
2828 1166 2927 1208 sua
2957 1153 3265 1211 aeternitate
3290 1156 3436 1225 quod
3462 1166 3662 1212 ventu-

2081 1253 2201 1293 rum
2235 1246 2340 1305 est,
2374 1239 2517 1297 sicut
2566 1239 2681 1310 jam
2731 1256 2839 1298 non
2886 1243 3091 1299 habent
3126 1244 3269 1314 quod
3323 1247 3660 1316 praeteritum

2080 1330 2207 1386 est?
2236 1329 2329 1386 Sic
2367 1333 2567 1404 quippe
2597 1349 2815 1408 semper
2850 1350 2909 1392 es
2946 1335 3087 1398 ultra
3126 1336 3251 1404 illa;
3290 1352 3417 1394 cum
3446 1354 3663 1410 semper

2081 1426 2154 1482 ibi
2185 1427 2260 1483 sis
2285 1442 2557 1499 praesens,
2588 1445 2683 1486 seu
2713 1447 2839 1488 cum
2867 1431 3000 1488 illud
3029 1447 3249 1504 semper
3290 1435 3365 1492 sit
3397 1435 3493 1492 tibi
3525 1451 3663 1508 pra:-

2080 1531 2204 1574 sens
2227 1558 2245 1586 ,
2278 1520 2346 1575 ad
2375 1521 2521 1592 quod
2548 1522 2639 1578 illa
2671 1522 2909 1578 nondum
2944 1534 3338 1594 pervenerunt.
3432 1544 3435 1545 '

2660 1670 2890 1727 CAPUT
2928 1670 3075 1727 XXI.

2083 1776 2163 1831 An
2186 1777 2283 1831 Ιιοο
2324 1779 2390 1832 sit
2433 1781 2684 1835 sa’culum
2722 1784 2924 1848 smculi,
2956 1786 3063 1839 sive
3102 1784 3300 1841 swcula
3328 1786 3663 1843 surculorum.

2148 1852 2214 1888 —‘-
2384 1855 2650 1907 (eternitas
2693 1855 2918 1927 cdntinet
2949 1856 3063 1927 ipsa
3103 1856 3302 1910 swcula
3334 1869 3663 1927 temporum:

2153 1929 2199 1972 et
2231 1920 2337 1973 dici
2371 1933 2535 1990 potest
2556 1924 2809 1979 siccatum
2848 1920 3050 1993 siccati,
3077 1927 3184 1981 sive
3209 1925 3406 1983 sarcula
3437 1920 3668 1984 ’δωεαιοο

2157 2005 2271 2041 tum
2278 2028 2294 2043 ο

2152 2100 2235 2154 An
2286 2116 2420 2173 ergo
2466 2104 2570 2160 hoc
2616 2115 2703 2161 est
2748 2106 3004 2163 mulum
3039 2110 3245 2177 saeculi,
3300 2110 3416 2167 sive
3465 2111 3659 2169 saecula

2082 2190 2449 2248 saeculorum?
2480 2192 2633 2250 Sicut
2676 2197 2822 2251 enim
2854 2199 3113 2254 sarculum
3144 2208 3449 2270 temporum
3491 2200 3664 2257 conti-

2082 2289 2176 2337 net
2216 2283 2398 2338 omnia
2444 2286 2793 2353 temporalia;
2845 2288 2926 2343 sic
2964 2298 3053 2344 tua
3099 2289 3384 2347 aeternitas
3420 2294 3666 2348 continet

2082 2371 2247 2428 etiam
2298 2373 2413 2443 ipsa
2470 2374 2669 2431 saecula
2717 2384 3043 2448 temporum.
3096 2378 3227 2448 Qua:
3278 2381 3535 2438 saxulum
3593 2378 3666 2415 ⁸³⁸

2084 2462 2300 2534 quidem
2331 2472 2437 2531 est,
2464 2477 2687 2536 propter
2716 2468 3109 2527 indivisibilem
3136 2470 3433 2540 unitatem;
3460 2474 3662 2530 satcula

2082 2575 2243 2629 vero,
2302 2570 2528 2633 propter
2577 2563 3040 2621 interminabilem
3096 2566 3541 2625 immensitatem.
3596 2568 3662 2625 Et

2082 2648 2333 2720 quamvis
2375 2650 2447 2706 ita
2478 2666 2554 2708 sis
2582 2666 2830 2725 magnus,
2862 2655 3107 2724 Domine,
3144 2666 3207 2713 ut
3230 2660 3414 2714 omnia
3460 2660 3573 2715 sint
3609 2667 3661 2715 te

2083 2741 2260 2812 plena,
2291 2754 2348 2798 et
2380 2742 2492 2798 sint
2518 2743 2571 2799 in
2608 2752 2695 2810 te;
2729 2746 2810 2801 sic
2839 2754 3017 2803 tamen
3045 2762 3105 2805 es
3133 2749 3249 2806 sine
3274 2751 3421 2807 omni
3447 2750 3657 2821 spatio,

2083 2842 2143 2888 ut
2176 2848 2277 2889 nec
2306 2834 2563 2897 medium.
2613 2850 2716 2892 nec
2752 2837 3062 2905 dimidium,
3114 2856 3215 2899 nec
3258 2842 3367 2898 ulla
3419 2848 3548 2913 pars
3596 2844 3669 2899 sit

2084 2924 2138 2979 in
2170 2933 2240 2982 te.

2652 3061 2879 3121 CAPUT
2919 3063 3080 3121 XXII.

2085 3173 2240 3241 Quod
2278 3176 2421 3235 solus
2467 3181 2536 3235 sit
2562 3178 2703 3249 quod
2743 3188 2840 3243 est,
2892 3188 2942 3234 et
2978 3183 3070 3249 qui
3107 3189 3206 3235 est.
3232 3210 3305 3220 —
3331 3181 3525 3238 Omnia
3554 3183 3669 3241 Deo

2400 3250 2637 3321 indigent
2665 3258 2719 3303 ut
2748 3252 2874 3317 sint,
2900 3259 2950 3303 et
2989 3260 3043 3304 ut
3074 3250 3197 3305 bene
3221 3251 3348 3309 sint.

2046 3374 2055 3387 κ
2155 3355 2233 3411 Tn
2264 3355 2413 3415 solus
2441 3374 2592 3431 ergo,
2629 3359 2876 3426 Domine,
2912 3372 2975 3418 es
2999 3360 3141 3432 quod
3173 3377 3264 3429 es;
3308 3371 3363 3419 et
3397 3372 3451 3418 tu
3481 3378 3543 3420 es
3571 3366 3664 3437 qui

2082 3459 2159 3503 es.
2196 3446 2331 3503 Nam
2376 3451 2520 3522 quod
2562 3450 2708 3508 aliud
2754 3461 2839 3509 est
2876 3451 2931 3508 in
2963 3461 3098 3519 toto,
3129 3462 3191 3509 et»
3223 3454 3370 3511 aliud
3404 3455 3458 3511 in
3497 3458 3669 3527 parti-

2084 3535 2216 3601 bus;
2249 3538 2379 3595 etin
2411 3554 2520 3610 quo
2546 3541 2749 3612 aliquid
2777 3549 2865 3598 est
2885 3542 3173 3610 mutabile,
3199 3558 3308 3599 non
3337 3546 3561 3604 omnino
3584 3558 3671 3604 est.

2084 3628 2227 3698 quod
2254 3638 2359 3685 est.
2399 3629 2469 3685 Et
2496 3633 2641 3701 quod
2670 3632 2897 3703 lncaapit
2920 3631 2992 3666 ”'
3025 3648 3056 3687 a
3085 3648 3192 3689 non
3226 3647 3372 3705 esse,
3400 3644 3457 3692 et
3490 3646 3671 3707 potest

2083 3718 2309 3790 cogitari
2338 3736 2446 3777 non
2472 3736 2621 3789 esse;
2654 3733 2713 3780 et
2749 3724 2851 3779 nisi
2889 3740 2989 3795 per
3013 3725 3165 3782 aliud
3203 3727 3491 3796 subsistat,
3519 3730 3669 3785 redit

2085 3808 2140 3863 in
2172 3822 2278 3865 non
2324 3825 2486 3867 esse:
2535 3826 2592 3869 et
2640 3815 2792 3884 quod
2822 3815 2988 3871 habet
3021 3815 3211 3884 fuisse,
3243 3818 3387 3888 quod
3403 3817 3520 3887 jam
3550 3834 3659 3875 non

2085 3909 2199 3968 est;
2226 3910 2282 3957 et
2314 3902 2555 3958 futurum
2583 3918 2726 3971 esse,
2756 3906 2898 3974 quod
2925 3892 3166 3961 nondum
3203 3916 3313 3974 est,
3354 3908 3408 3964 id
3444 3923 3549 3965 non
3579 3920 3666 3966 est

2083 3990 2302 4061 proprie
2324 4000 2381 4049 et
2401 3992 2668 4050 absolute.
2699 3994 2779 4051 Tu
2802 4008 2932 4051 vero
2954 4010 3017 4057 es
3044 3997 3188 4066 quod
3212 4011 3307 4063 es,
3347 3999 3477 4068 quia
3505 4001 3665 4071 quid-

2086 4083 2232 4154 quid’
2259 4083 2574 4155 aliquando,
2605 4096 2700 4142 aut
2735 4087 2917 4159 aliquo
2972 4089 3135 4144 modo
3165 4101 3226 4144 es
3276 4088 3378 4146 hoc
3429 4098 3572 4148 totus
3613 4102 3669 4147 et

2084 4186 2301 4244 semper
2336 4190 2418 4232 es.
2463 4176 2534 4232 Et
2578 4185 2634 4232 tu
2658 4192 2720 4235 es
2760 4179 2852 4250 qui
2882 4178 3100 4250 proprie
3127 4188 3184 4235 et
3217 4180 3543 4253 simpliciter
3565 4199 3663 4250 es;

2086 4265 2212 4337 quia
2256 4281 2359 4323 nec
2402 4268 2571 4326 habes
2600 4269 2786 4339 fuisse,
2814 4281 2910 4329 aut
2943 4275 3185 4333 hilarum
3230 4291 3384 4343 esse;
3416 4275 3515 4332 sed
3542 4284 3664 4332 tan-

2088 4364 2201 4411 tum
2230 4372 2470 4428 prmsens
2509 4374 2654 4429 esse,
2686 4377 2788 4418 nec
2815 4373 2971 4434 potes
2996 4368 3229 4438 cogitari
3272 4368 3345 4401 ”'
3371 4366 3665 4439 aliquando

470 4416 550 4528 Tu
577 4435 709 4494 ergo
730 4422 924 4495 imples
949 4436 1002 4483 et
1033 4430 1413 4501 complecteris
1439 4436 1650 4505 omnia;
1680 4448 1735 4496 tu
1761 4455 1824 4498 es
1856 4452 1984 4501 ante
2012 4427 2063 4488 Ῐ)
2088 4461 2195 4503 non
2404 4449 2510 4507 Sed
2544 4460 2600 4507 et
2628 4416 2738 4506 rita
2768 4416 2841 4485 ηδ
2865 4469 2942 4519 es,
2970 4464 3026 4511 et
3055 4416 3170 4523 iliis,
3197 4466 3252 4514 et
3277 4416 3544 4528 sapienjtia
3569 4458 3665 4522 '“.

397 4516 456 4562 et
492 4508 636 4565 ultra
671 4516 875 4571 omnia.
907 4517 972 4574 Et
1017 4520 1235 4591 quidem
1291 4533 1418 4580 ante
1456 4528 1639 4584 omnia
1681 4546 1770 4599 es;
1822 4535 1977 4605 quia,

396 4606 693 4695 antequam
718 4605 928 4674 tierent,
957 4618 1009 4665 tu
1040 4628 1117 4669 es.
1148 4613 1300 4672 Ultra
1337 4620 1517 4676 omnia
1557 4637 1687 4680 vero
1709 4627 1983 4695 quomodo

395 4689 503 4744 es?
531 4691 777 4759 Qualiter
820 4700 964 4754 enim
1010 4701 1082 4735 ⁸⁹⁸
1123 4720 1184 4761 es
1221 4708 1359 4765 ultra
1404 4726 1468 4765 ea
1505 4728 1627 4782 qua:
1670 4689 1830 4771 tinem
1874 4733 1982 4775 non

398 4781 718 4842 habebunt?
754 4788 835 4846 An
875 4791 1001 4862 quia
1035 4794 1123 4851 illa
1154 4799 1272 4856 sine
1301 4810 1352 4859 te
1380 4781 1689 4864 nullatenus
1714 4824 1837 4865 esse
1866 4825 1986 4880 pos-

2089 4538 2459 4608 etbeatitudo,
2489 4550 2544 4596 et
2565 4543 2862 4611 :eternitas,
2885 4546 3129 4602 ennulta
3157 4546 3462 4618 huiusmodi
3486 4547 3662 4615 bona;

2091 4638 2147 4685 et
2183 4639 2363 4689 tamen
2391 4648 2498 4689 non
2528 4649 2589 4691 es
2619 4636 2720 4691 nisi
2762 4652 2927 4694 unum
2963 4647 3023 4694 et
3051 4654 3323 4697 summum
3360 4641 3583 4707 bonum,
3607 4646 3665 4694 tu

2091 4722 2186 4778 tibi
2229 4725 2454 4779 omnino
2498 4725 2790 4796 sutile-iens,
2827 4741 2882 4786 et
2914 4730 3061 4788 nullo
3112 4733 3182 4767 ⁸⁸⁸
3238 4735 3511 4806 indigens;
3558 4744 3667 4803 quo

2088 4815 2272 4870 omnia
2310 4815 2553 4886 indigent
2580 4828 2638 4875 ut
2661 4820 2792 4891 sint,
2823 4832 2880 4880 et
2907 4839 2966 4884 nt
2995 4828 3132 4885 bene
3160 4828 3287 4883 sint.

1711 4986 1939 5047 VARI/13
1977 4992 2267 5053 LECTION
2276 4998 2376 5055 ES.

470 5095 1321 5192 falgleljilpjljigettdatmugitu.
1351 5112 1521 5192 antiit.
1549 5113 1744 5192 iterum
1820 5115 2084 5192 “[Ttgtus
2108 5120 2227 5178 Uno
2251 5142 2375 5181 mss.
2405 5126 2539 5183 Tim.
2564 5130 2689 5185 451.
2709 5130 2836 5188 Vict.
2862 5144 2909 5189 et
2939 5134 3101 5192 Micio.

398 5165 473 5198 ⁸³⁸
511 5167 610 5221 Tni
657 5178 749 5245 aut
778 5173 957 5245 potius
1005 5191 1131 5230 mss.
1160 5175 1328 5233 Tlma.
1363 5181 1438 5235 tui
1463 5165 1596 5245 [ἀεὶ

396 5249 514 5309 pec;
529 5254 655 5292 mss.
685 5238 800 5309 ’Πιὰ
823 5251 870 5295 et
910 5241 1048 5298 Vict.
1074 5255 1120 5298 et
1152 5245 1211 5300 S.
1246 5246 1408 5303 llic/1.
1436 5238 1583 5308 ἄρηι.
1616 5238 1689 5309 hi

398 5306 519 5360 heri
541 5323 667 5361 mss.
697 5308 831 5364 Tha.
856 5321 904 5365 et
941 5311 1073 5368 Vict.
1098 5316 1264 5372 immo
1288 5334 1387 5374 nec
1412 5306 1528 5377 heri
1550 5306 1553 5307 ν
1573 5306 1581 5308 ﬁ
1601 5306 1670 5356 ‘3"

399 5517 668 5590 sedquod
692 5519 891 5590 incepit
960 5523 1035 5556 ⁸³⁸
1060 5524 1169 5581 Nec
1188 5517 1376 5590 potest
1400 5546 1464 5586 eo

402 5584 468 5637 Et
494 5586 596 5666 .lux
618 5597 673 5642 et
697 5584 960 5661 sapientia
992 5604 1045 5651 et
1068 5612 1165 5652 ms.

398 5666 569 5710 enim.
601 5666 659 5714 ut

3132 5137 3253 5194 Bec.
3284 5139 3433 5195 Gem.
3457 5146 3535 5196 tot
3558 5156 3666 5197 uno

1626 5187 1805 5278 potius
1878 5188 2169 5278 '"A'inbtnm
2192 5206 2276 5250 est
2306 5200 2446 5265 quod
2469 5216 2565 5278 ins.
2593 5201 2779 5278 Cisler.
2808 5187 2982 5278 totum
3001 5187 3253 5278 estin—odi
3288 5187 3666 5275 ῖῖῖόιὶἇὲηόἱιῦ

1692 5274 1741 5348 ξε
1776 5262 2045 5327 quomodo
2066 5278 2195 5348 ergo
2218 5262 2437 5348 negligas.
2464 5269 2953 5348 Qister._pQuoniam
2982 5262 3111 5348 οι·εὸ
3140 5293 3239 5333 nec
3336 5262 3663 5337 αοῖιέιῖἆίῐόιῖ

582 5326 667 5405 :2.
682 5326 831 5405 in}.
851 5326 915 5405 ενι.
942 5326 1264 5405 Filii-“Hillo
1288 5334 1387 5405 nec
1412 5326 1528 5405 heri
1601 5326 1670 5405 ⁸ξ²
1697 5326 1986 5405 Neecras:
2015 5333 2109 5405 sed
2130 5326 2262 5405 ἴητε.
2299 5336 2435 5393 Vict.
2466 5338 2613 5395 Gem.
2642 5326 2764 5398 Be'c.
2784 5326 3298 5405 'riéé'ér3§°és'2's'oa
3371 5326 3442 5383 3°;

403 5384 493 5461 ter.
509 5380 653 5461 enim
682 5380 987 5461 mss;_Vict.
1011 5383 1046 5438 5
1067 5394 1122 5461 et
1143 5385 1230 5439 15.
1247 5394 1534 5461 quomodo
1564 5397 1705 5449 enim
1750 5380 1955 5456 399’s}
1973 5380 2318 5461 'evni‘t-nmniss:

400 5446 619 5530 quidem
643 5464 742 5530 nis.
780 5451 1144 5530 CisterZAoinit.
1169 5446 1384 5525 quidem
1458 5462 1529 5493 ⁸⁵⁸
1560 5446 1711 5530 Quod
1739 5446 2152 5527 saculﬁin'EJIs'.

2369 5352 2435 5393 ct.
2466 5352 2613 5395 bent.
2642 5352 2764 5398 Hec.
2797 5360 2896 5401 nec
2926 5362 3047 5402 cras
3072 5364 3131 5403 es
3163 5366 3175 5401 :
3204 5352 3298 5405 sed
3371 5352 3442 5383 ⁸⁰⁸
3476 5352 3663 5421 Quali-

2369 5408 2518 5464 Gem.
2574 5411 2698 5467 Bec.
2753 5411 2945 5470 Cister.
2990 5417 3070 5472 sic
3106 5418 3250 5474 cnim
3323 5420 3395 5454 ⁸³⁸
3436 5422 3528 5479 Slc
3577 5424 3665 5480 illa

2179 5475 2584 5559 Quaesseculnm
2626 5484 2838 5559 _°"__Et_
2864 5487 3005 5559 quod
3036 5488 3233 5559 incepit
3272 5508 3372 5547 ms.
3428 5475 3660 5549 Vidtfﬁ.

1228 5537 1387 5623 ιςιεειι
1400 5534 1622 5623 ﬁngitari
1666 5554 1764 5591 ms.
1808 5538 1941 5593 Tim.
1967 5543 2094 5623 ιξι.
2121 5534 2222 5623 nec
2243 5558 2396 5615 potes
2415 5534 2639 5623 cogitari
2714 5534 3393 5618 "VSeii'iiiJ
3415 5534 3562 5619 6:15"
3591 5534 3660 5596 ’3‘.

1238 5600 1329 5654 Im.
1361 5600 1491 5657 451:
1515 5615 1567 5660 et
1590 5605 1678 5660 lux
1701 5625 1788 5675 es,
1824 5622 1879 5665 ct
1901 5614 2169 5681 sapientia
2200 5600 2391 5685 emi"
2421 5600 2896 5681 ⁷δίθῖὸιιιιὶςίιξιιεῖιῖι
2918 5600 3063 5687 milio
3420 5600 3657 5691 'e'inl’iu.
