3926 6054
399 249 496 304 241

1819 247 2278 312 PROSLOGION.

3565 251 3672 308 242

399 377 500 418 nec
553 359 864 416 dilectorem
921 361 1098 416 Deum.
1149 361 1278 417 illud
1323 363 1678 418 dilectoribus
1725 363 1841 418 suis
1905 365 1986 416 ἰη-
2015 369 2060 426 Α
2083 365 2260 428 dium,
2293 364 2360 420 de
2383 364 2676 434 quonobis
2705 363 2844 419 dicis
2868 379 2963 434 per
2993 361 3188 418 Filium
3245 369 3436 417 tuum:
3475 365 3660 434 Petita,

397 455 521 508 vitis
581 453 924 518 ablaturum,
979 468 1080 508 nec
1137 455 1340 524 aliquid
1401 454 1520 510 Deo.
1567 457 1844 525 potentius
1897 457 1980 510 in-

397 549 537 603 vitos
579 549 762 604 Deum:
801 555 858 602 et
905 546 1030 602 illos
1075 557 1480 612 separatorum.
1530 547 1800 604 Gaudium
1855 563 1986 604 vero

393 637 582 707 quale,
641 647 744 692 aut-
779 647 1042 707 quantum
1089 647 1200 701 est,
1253 638 1344 694 ubi
1395 638 1504 694 tale
1545 653 1610 694 ac
1657 639 1736 671 ’ἰ
1777 647 1984 695 unmm

397 731 598 786 bonum
639 741 722 784 est
748 729 762 782 ε
805 727 918 783 Cor
945 731 1240 784 humanum
1269 749 1296 793 ,'
1315 719 1416 784 cer
1463 731 1738 802 indigens,
1765 745 1864 786 eor
1891 745 1988 786 es-

395 829 610 890 pertum
643 823 936 884 :er'ur'nnas,
979 820 1088 874 imo
1125 821 1378 875 obrutum
1405 823 1686 888 aerumnis,
1715 831 1983 892 quantum

395 911 502 982 35
524 909 811 980 gauderes,
843 911 884 964 si
911 909 996 968 his
1017 911 1270 967 omnibus
1319 912 1672 969 abundares!
1703 913 1984 984 interroga

395 1003 588 1056 intima
655 1013 744 1056 tua
805 1003 852 1058 si
895 1017 1094 1072 capere
1145 1004 1353 1073 possint
1407 1005 1660 1074 gaudium
1723 1019 1884 1060 suum
1919 1007 1985 1061 de

395 1105 546 1150 tanta
577 1095 910 1151 beatitudine
935 1111 1052 1150 sua.
1087 1095 1192 1152 Sed
1219 1106 1372 1152 certe
1389 1097 1442 1152 si
1465 1098 1588 1168 quis
1619 1098 1778 1164 alios,
1811 1109 1974 1168 quem

393 1189 640 1243 omni-no
659 1188 804 1244 sicut
829 1187 1062 1257 teipsum
1093 1187 1369 1259 diiigeres,
1403 1191 1656 1245 eamdem
1696 1189 1985 1246 beatitudi-

397 1295 520 1335 nem
573 1279 834 1344 haberet,
890 1277 1286 1349 duplicaretur
1327 1281 1580 1352 gaudium
1637 1291 1814 1348 tuum,
1856 1283 1980 1353 quia

397 1387 506 1426 non
533 1367 713 1426 minus
753 1370 1022 1440 gauderes
1073 1386 1171 1441 pro
1227 1386 1296 1427 eo
1345 1387 1510 1442 quam
1543 1387 1648 1438 pro
1699 1375 1892 1444 teipse.
1923 1373 1982 1430 Si

393 1477 528 1517 vero
555 1463 672 1516 duo
717 1461 800 1518 vel
833 1469 944 1517 tres
981 1461 1064 1517 vel
1089 1463 1260 1520 multo
1309 1464 1492 1534 plures
1527 1465 1760 1534 ldipsum
1817 1465 1982 1522 liabe-

394 1563 540 1618 rent,
571 1551 908 1609 tantumdem
955 1567 1054 1623 pro
1092 1555 1348 1626 singulis,
1397 1565 1668 1626 quantum
1687 1559 1984 1628 proteipso

394 1647 660 1718 gauderes
689 1663 706 1712 ;
733 1647 780 1702 si
807 1647 1072 1719 singulos,
1103 1647 1244 1704 sicut
1285 1649 1539 1718 teipsum,
1570 1661 1808 1705 amares.
1841 1651 1983 1721 Ergo

2089 466 2136 509 et
2160 455 2826 527 acrilnctis,.ut'goudium
2869 441 3091 510 vestrum
3121 455 3190 508 sit
3226 455 3438 524 plenum
3481 455 3667 528 (Jonn.

2089 563 2204 612 xvi;
2231 547 2342 619 2i).
2374 547 2554 604 inveni
2583 563 2825 617 namque
2839 547 3106 619 gaudium
3133 547 3404 617 quoddam
3427 549 3666 619 plenum,

2077 649 2140 692 .et
2164 639 2450 708 plusquam
2473 641 2713 710 plenum.
2747 637 3216 707 Pienumquippe
3267 637 3451 716 corde,
3513 639 3670 708 plena

2091 739 2294 794 mente,
2321 729 2480 801 plena
2493 729 2704 796 anima,
2737 729 2896 800 pleno
2921 737 3032 784 toto
3059 727 3301 781 .homine
3325 729 3521 796 gaudio
3554 730 3667 796 illo,

2087 820 2272 876 adhuc
2297 836 2460 891 supra
2485 821 2706 876 modum
2747 820 3018 890 supererit
3063 819 3338 890 gaudium.
3377 820 3500 876 Non
3539 837 3670 892 ergo

2087 921 2260 968 totum
2311 912 2445 967 iilud
2497 912 2755 984 gaudium
2809 911 3038 966 intrabit
3081 914 3140 964 in
3173 913 3534 982 gaudentes;
3571 913 3668 968 sed

2087 1006 2181 1062 toti
2211 1007 2506 1076 gaudentes
2523 1005 2820 1061 intrabunt
2853 1004 2920 1058 itr
2941 1003 3220 1075 gaudium.
3265 1003 3382 1070 Die,
3417 1005 3666 1068 Domine,

2085 1100 2172 1154 dic
2191 1114 2356 1156 servo
2385 1105 2478 1154 tuo
2529 1098 2677 1154 intus
2725 1097 2782 1152 in
2813 1097 2976 1152 corde
3005 1111 3126 1162 suo,
3163 1096 3210 1152 si
3260 1097 3378 1153 hoc.
3404 1107 3504 1154 est.
3535 1111 3670 1168 gau-

2083 1193 2254 1258 dium,
2289 1193 2342 1248 in
2389 1193 2534 1262 quod
2563 1191 2844 1246 intrabunt
2871 1190 3016 1246 servi
3047 1190 3150 1254 tui,
3177 1190 3270 1259 qui
3315 1190 3590 1246 intrabunt
3613 1191 3666 1245 in

2081 1283 2332 1354 gaudium
2365 1283 2576 1338 Domini
2601 1281 2708 1336 sui.
2739 1280 2846 1337 Sed
2877 1281 3132 1351 gaudium
3158 1280 3286 1336 illud
3311 1291 3460 1336 certe
3479 1319 3494 1344 ,
3522 1283 3668 1350 quod

2081 1375 2389 1446 gaudebunt
2411 1373 2564 1430 electi
2595 1374 2692 1438 tui,
2713 1389 2806 1426 nec
2831 1371 3016 1426 oculus
3038 1371 3188 1438 uidit,
3217 1386 3310 1426 nec
3333 1373 3482 1426 auris
3505 1373 3666 1426 audi-

2080 1467 2176 1528 uit,
2205 1481 2298 1521 nec
2319 1467 2376 1520 in
2399 1481 2492 1520 cor
2515 1464 2742 1519 hominis
2763 1463 2994 1518 ascendit
3046 1461 3182 1534 (Isa.
3209 1479 3360 1528 uiv,
3389 1463 3422 1518 4
3450 1479 3466 1528 ;
3491 1461 3520 1516 I
3543 1462 3668 1516 Cor.

2083 1575 2146 1625 ιι,
2175 1559 2260 1630 9).
2289 1558 2536 1614 Nondum
2597 1571 2728 1628 ergo
2771 1556 2906 1620 dixi,
2949 1563 3046 1610 aut
3097 1555 3356 1624 cogitavi,
3417 1553 3666 1619 Domine,

2081 1662 2343 1723 quantum
2389 1649 2702 1722 gaudebunt
2755 1649 2828 1704 illi
2877 1648 3020 1704 beati
3079 1647 3174 1702 tui.
3207 1646 3404 1716 Utique
3457 1653 3667 1702 tantum

395 1740 454 1793 in
483 1739 570 1794 illa
621 1739 874 1808 perfecta
917 1742 1196 1798 charitale
1239 1741 1710 1798 innumerabilium
1757 1744 1978 1815 angelo-
2011 1725 2053 1786 Β
2079 1743 2410 1814 gaudebunt,
2443 1750 2722 1811 quantum-
2755 1739 3058 1805 amabunt;
3107 1745 3317 1793 tantum
3381 1737 3664 1802 amabunt,

393 1847 517 1885 rum
551 1833 857 1894 beatorum,
889 1843 944 1888 et
969 1834 1276 1898 hominum,
1307 1835 1396 1890 ubi
1421 1835 1602 1892 nullus
1633 1837 1812 1892 minus
1851 1837 1976 1892 diii-

393 1924 676 1994 gct-alium
708 1941 870 1995 quam
900 1927 1165 1996 seipsum,
1219 1943 1324 1983 non
1349 1929 1796 1999 aliter-gaudebit
1829 1929 1971 2000 quis-

393 2031 500 2086 que
538 2033 634 2087 pro
653 2017 891 2088 singulis
922 2019 1065 2085 aliis,
1107 2033 1270 2090 quam
1323 2035 1424 2091 pro
1470 2021 1669 2091 seipse.
1732 2021 1798 2078 Si
1850 2039 1980 2094 ergo

393 2123 496 2162 cor
521 2109 758 2164 hominis
785 2111 850 2165 de
881 2117 1032 2164 tanto
1061 2123 1159 2165 suo
1209 2112 1352 2166 bono
1377 2111 1468 2167 vix
1497 2111 1676 2183 capiet
1720 2113 1977 2184 gaudium

391 2217 573 2264 suum,
631 2202 902 2271 quomodo
939 2215 1114 2272 capax
1165 2203 1270 2259 erit
1317 2211 1394 2260 tot
1421 2199 1489 2259 'et
1521 2213 1793 2260 tantorum
1845 2221 1980 2276 gau-

395 2291 608 2346 diorum
635 2291 659 2345 ἲ
693 2291 758 2347 Et
787 2293 995 2363 utique,
1047 2293 1302 2364 quoniam
1327 2305 1588 2365 quantum
1630 2297 1872 2367 quisque
1894 2297 1979 2352 dia

395 2381 512 2450 ligit
547 2383 1048 2453 aliquem,i'tantnm
1099 2385 1170 2442 de
1211 2385 1356 2442 bono
1390 2387 1508 2458 ejus
1545 2389 1780 2458 gaudet:
1838 2389 1981 2445 sicut

395 2473 454 2526 in
487 2475 576 2528 illa
611 2475 851 2546 perfecta
895 2475 1160 2534 felicitate
1213 2479 1588 2549 unusquisque
1635 2479 1756 2548 plus
1778 2481 1982 2537 amabit

395 2567 520 2621 sine
575 2569 980 2637 comparatione
1019 2567 1210 2624 'Deum'
1243 2575 1406 2640 quam
1432 2571 1490 2626 'se
1513 2579 1572 2626 et
1595 2587 1786 2628 omnes
1845 2573 1982 2630 alios

391 2653 586 2710 eccum
619 2674 634 2722 ;
665 2658 740 2712 ita
787 2657 928 2727 plus.
954 2658 1210 2729 gaudebit
1263 2661 1468 2730 absque
1511 2661 1870 2717 testimatione
1915 2663 1982 2719 de

395 2745 666 2804 felicitate
699 2749 792 2804 Dei
835 2765 1002 2821 quam
1035 2751 1102 2808 de
1133 2767 1230 2808 sua
1252 2761 1306 2807 e't
1332 2751 1574 2807 omnium
1623 2753 1854 2809 aliorum
1891 2769 1980 2812 se-

392 2855 539 2896 cum.
587 2841 694 2898 Sed
711 2841 722 2872 ·’
753 2843 798 2898 si
851 2843 1018 2899 Deum
1062 2845 1140 2901 sic
1187 2845 1412 2917 diligent
1465 2854 1580 2902 toto
1636 2847 1818 2912 corde,
1869 2856 1980 2904 tota

393 2939 598 2996 mente,
625 2933 734 2986 tcta
763 2934 940 2988 anima
972 2951 986 3000 ;
1013 2945 1068 2990 tu
1093 2948 1271 2992 tamen
1303 2945 1472 2992 totum
1506 2951 1621 3003 cor,
1665 2947 1776 2994 tota
1805 2953 1980 3006 meus,

2081 1837 2343 1904 quantum
2399 1843 2746 1906 cognoscent.
2779 1833 3054 1899 Quantum
3079 1839 3134 1884 te
3171 1838 3522 1897 cognoscent,
3548 1828 3652 1882 Do-

2081 1928 2254 1992 mine,
2279 1935 2446 1992 tunc;
2497 1935 2554 1980 et
2588 1933 2852 1994 quantum
2886 1934 2938 1978 te
2987 1921 3291 1976 amabunt!
3355 1918 3520 1974 Certe
3575 1934 3668 1972 nec

2081 2019 2263 2076 oculus
2293 2018 2443 2086 vidit,
2501 2035 2592 2074 nec
2647 2035 2792 2072 cum
2843 2015 3066 2081 audiuit,
3123 2029 3214 2068 nec
3237 2013 3294 2068 in
3322 2027 3416 2066 cor
3441 2011 3666 2066 hominis

2081 2114 2316 2167 ascendit
2343 2113 2396 2166 in
2425 2111 2677 2174 baevita,
2709 2116 2974 2180 quantum
2997 2117 3048 2164 te
3069 2111 3402 2174 cognoscent
3429 2113 3484 2156 et
3511 2113 3666 2156 ania-

2079 2200 2214 2256 bunt
2235 2201 2290 2254 in
2313 2199 2386 2232 ”"
2406 2200 2492 2254 illa
2521 2199 2654 2253 vita.
2679 2197 2808 2261 Oro,
2842 2198 3000 2261 Deus,
3029 2209 3352 2266 cognoscam
3385 2201 3458 2258 te,
3489 2205 3666 2245 amem

2081 2299 2138 2346 te
2169 2299 2228 2346 ut
2287 2291 2550 2362 gaudeam
2583 2291 2650 2344 de
2683 2299 2755 2344 te.
2786 2289 2852 2343 Et
2893 2289 2938 2344 si
2979 2301 3085 2343 non
3107 2301 3324 2358 possum
3353 2286 3408 2340 in
3432 2285 3536 2338 hac
3555 2283 3666 2336 vita

2083 2385 2152 2440 ad
2179 2384 2420 2454 plenum,
2469 2382 2558 2438 vel
2609 2382 2892 2454 proficiam
2927 2381 3000 2414 ⁸³⁸
3028 2382 3082 2436 in
3123 2381 3262 2448 dies,
3315 2391 3488 2448 usque
3535 2376 3664 2430 dum

2081 2475 2266 2532 veniat
2293 2475 2420 2530 illud
2447 2475 2516 2529 ad
2535 2474 2752 2544 plénum
2781 2489 2796 2540 ;
2830 2472 3078 2544 proﬁciat
3115 2473 3204 2527 hic
3235 2473 3286 2525 in
3319 2485 3410 2525 me
3468 2467 3666 2524 notitia

2081 2569 2162 2624 tui
2185 2568 2260 2601 m
2287 2575 2344 2623 et
2375 2565 2448 2622 ibi
2475 2565 2568 2622 ﬁat
2618 2565 2826 2636 plena;
2867 2573 3084 2620 crescat
3115 2569 3448 2626 amor-tuus,
3487 2567 3545 2614 et
3591 2557 3667 2613 ibi

2079 2661 2164 2717 sit-
2181 2659 2370 2730 plenus
2391 2667 2450 2714 ut
2475 2657 2848 2728 hic-gaudium
2869 2654 3230 2712 nieutnsibin
3277 2668 3372 2723 spe
3404 2661 3657 2722 magnum

2077 2757 2137 2809 'et
2163 2753 2234 2808 ibi
2271 2753 2344 2807 sit
2373 2751 2426 2806 in
2455 2743 2514 2806 re
2552 2749 2790 2820 plenum.
2837 2749 3086 2814 Domine,
3143 2761 3244 2818 per
3269 2745 3466 2801 Filium
3505 2753 3659 2798 tuum

2079 2843 2258 2916 iubes,
2281 2843 2416 2900 imo-
2451 2839 2712 2906 consulis,
2749 2849 2968 2912 petere;
2997 2847 3054 2894 et
3091 2837 3366 2908 promittis
3415 2835 3668 2904 accipere

2085 2945 2145 2991 ut
2190 2934 2444 3006 gaudium
2493 2941 2741 2988 nostrum
2797 2931 2872 2987 sit
2909 2932 3148 3000 plenum.
3200 2928 3351 2992 Peto,
3413 2927 3666 2990 Domine,
3705 2959 3708 2964 ι

395 3031 508 3076 tota
543 3025 724 3079 anima
755 3041 860 3080 non
889 3027 1123 3083 suiiiciat
1168 3029 1416 3104 dignitati
1473 3031 1780 3088 dilectionis
1810 3049 1826 3099 ;
1854 3047 1984 3103 pro-
2007 3071 2052 3130 ί.
2083 3029 2226 3098 quod
2241 3025 2479 3082 consulis
2494 3040 2592 3097 per
2611 3021 2982 3080 admirabilem
2997 3021 3368 3078 consiliarium
3389 3029 3664 3082 oestrum;

393 3111 540 3168 fecto
581 3115 668 3171 sic
713 3117 1026 3188 gaudebunt
1081 3129 1198 3175 toto-
1243 3123 1422 3188 corde,
1469 3134 1576 3176 tota
1625 3134 1814 3192 mente,
1870 3135 1976 3179 tota

392 3201 576 3258 nnim‘a
601 3221 615 3270 ;
641 3201 700 3260 nt’
727 3217 894 3262 totum
938 3223 1053 3274 cor,
1102 3219 1212 3265 tota
1259 3227 1442 3278 mens,
1477 3221 1586 3269 tota
1624 3213 1830 3281 aniiua,
1861 3229 1975 3270 non

391 3295 636 3352 sufﬁciat
657 3297 978 3368 pienitudini
1002 3293 1208 3371 gaudii.
1335 3319 1340 3322 ·
1521 3315 1524 3320 ’

593 3483 600 3488 _
912 3409 1154 3468 CAPUT
1175 3411 1364 3468 xxvn.
1395 3415 1466 3447 οη
1489 3385 1496 3394 ’

389 3523 480 3576 An
518 3524 718 3602 hoc__[it
747 3527 1001 3602 gaudium
1049 3537 1268 3598 plenum
1297 3532 1436 3600 quod
1477 3533 1734 3602 promittit
1795 3531 1982 3586 Domi-

469 3611 583 3673 nus.
611 3595 682 3626 ⁹²³
713 3595 783 3637 -ὲ
809 3597 958 3652 Beati
1003 3595 1204 3673 tantum
1231 3595 1527 3670 gaudebunt
1551 3613 1802 3673 quantum
1829 3619 1982 3656 ama-

499 3666 624 3718 bunt
656 3683 674 3720 :
700 3677 902 3746 tantum
932 3667 1204 3737 amabunt,
1231 3666 1866 3741 querimurcognoscent.

389 3777 396 3786 -
469 3753 609 3808 Dens
647 3755 820 3820 tuens,
847 3767 902 3812 et
929 3757 1191 3815 Dominus
1239 3775 1412 3826 meus,
1439 3777 1562 3833 Spes
1591 3777 1730 3828 mea,
1765 3772 1820 3818 et
1847 3777 1980 3832 gau-

393 3843 542 3899 dium
573 3849 753 3903 cordis
779 3850 908 3916 mei,
939 3853 1026 3908 dic
1066 3853 1266 3909 anima:
1314 3869 1470 3920 uictu,
1509 3855 1554 3910 si
1607 3854 1710 3910 lioe
1749 3863 1834 3910 est
1853 3869 1982 3924 gau-

2083 3119 2346 3190 accipiam
2397 3119 2542 3190 quod
2599 3115 3010 3188 promittis-per
3065 3114 3352 3168 veritatem
3391 3119 3564 3176 tuam,
3607 3117 3666 3164 ut

2083 3211 2340 3284 gaudium
2385 3224 2563 3265 meum
2625 3207 2846 3279 plenum
2895 3205 2987 3260 sit.
3049 3203 3192 3260 Deus
3235 3217 3426 3267 verax,
3486 3211 3661 3272 peto;

2082 3303 2350 3374 accipiam
2379 3309 2440 3356 ut
2476 3300 2730 3370 gaudium
2779 3312 2960 3354 meum
3009 3295 3228 3369 plenum
3255 3293 3346 3351 sit.
3377 3293 3664 3348 Meditetur

2081 3396 2298 3452 interim
2353 3393 2478 3449 inde
2509 3407 2662 3448 mens
2707 3391 2784 3426 ⁸⁸*
2823 3405 2942 3446 mea
2971 3407 2984 3456 ;
3011 3389 3264 3459 iOquatn'r
3313 3387 3455 3442 inde-
3481 3385 3663 3454 lingua

2081 3505 2223 3546 mea.
2251 3491 2410 3543 Amet
2433 3485 2560 3542 illud
2589 3495 2684 3541 eor
2703 3499 2882 3540 meum
2907 3499 2921 3550 ;
2953 3483 3349 3538 sermocinetur
3375 3495 3436 3536 os
3459 3493 3662 3533 meum.

2079 3579 2300 3640 Eburiat
2330 3579 2460 3636 illud
2516 3577 2698 3634 anima
2731 3591 2874 3643 mea,
2920 3575 3069 3631 sitiat
3093 3589 3221 3630 caro
3261 3588 3402 3635 mea,
3451 3570 3662 3626 deside-

2079 3683 2164 3729 ret
2196 3681 2305 3734 tota
2337 3671 2640 3728 substantia
2666 3683 2807 3734 mea,
2853 3668 3026 3724 donec
3073 3668 3271 3723 inti-em
3325 3666 3376 3720 in
3409 3663 3662 3734 gaudium

2085 3761 2316 3828 Domini,
2342 3759 2714 3830 quiestrinus
2752 3766 2809 3814 et
2857 3773 2996 3814 unus
3033 3757 3194 3824 Deus,
3246 3755 3560 3812 benedictus
3610 3751 3666 3806 in

2083 3851 2280 3908 siccula
2303 3851 2395 3905 ³⁸³.
2427 3851 2602 3906 Amen
2629 3849 2722 3903 θη.

395 4041 400 4044 ,
505 3965 508 3968 ’
767 3967 770 3970 ’
851 3971 854 3976 ·
1121 3975 1124 3982 ·
1659 3965 1902 4022 vanus
1933 3963 2338 4022 LECTIONES.

469 4053 534 4084 ⁹¹¹
568 4053 698 4110 Tale
725 4065 818 4110 aut
845 4075 970 4112 mss.
1003 4057 1137 4112 Vict.
1173 4057 1234 4114 S.
1271 4057 1436 4114 Hich.
1468 4059 1576 4114 tale
1603 4074 1670 4114 ac
1739 4059 1808 4094 ⁹”
1840 4055 1968 4114 CAP.
1998 4055 2088 4112 ‘26.
2111 4067 2184 4114 est
2211 4057 2304 4112 25.
2332 4055 2388 4110 in
2417 4055 2538 4111 Bec.
2563 4071 2670 4112 ms.
2744 4053 2813 4088 ⁹⁹³
2843 4071 2942 4108 ms.
2979 4051 3114 4106 Thut
3138 4049 3228 4106 90.
3271 4049 3350 4104 An
3393 4051 3495 4102 hoc
3541 4064 3668 4113 gau-

395 4121 574 4195 dium,
617 4127 1062 4195 quod-promittat
1107 4129 1274 4184 Deus.
1345 4128 1419 4162 ⁹²⁸
1445 4131 1720 4184 Amabant
1757 4129 1809 4184 in
1849 4145 1975 4184 mss.
2008 4128 2352 4182 et-atnabunt
2382 4125 2434 4182 in
2538 4125 2611 4156 m
2646 4125 2716 4182 Ut

2765 4123 3045 4194 proﬁciam
3091 4138 3218 4194 mss.
3258 4119 3364 4194 vel.
3387 4117 3664 4187 proﬁciam

397 4194 468 4268 ff
499 4191 698 4250 Notitia
739 4191 828 4268 tua
855 4215 982 4252 mss.
1013 4197 1370 4254 Thu..notitia
1403 4200 1476 4256 tui
1550 4201 1622 4234 “'-
1664 4201 1878 4256 iuterim
1913 4213 2208 4268 mensum.
2235 4195 2451 4268 interitu
2505 4195 2632 4268 inde
2673 4191 2822 4268 mens
2870 4195 2966 4268 -θη
3015 4192 3244 4268 Saecula.
3289 4191 3484 4268 Anien.
3511 4204 3664 4268 .ntss,

397 4261 604 4322 Ilium.
631 4267 825 4322 smcula
849 4269 1188 4326 saeculouutn.
1219 4269 1394 4326 Amen
1490 4271 1558 4304 "9
1589 4270 1720 4326 Mss.
1765 4269 1992 4340 Explicit
2035 4265 2370 4338 Proslogion-
2394 4267 2524 4322 iiber
2585 4266 2817 4321 Ausetani
2855 4259 3666 4330 Cantuariensi's-archiepiscopi

401 4359 3646 4388 ____________________________________________________..________.

1203 4439 1626 4554 LIBER
1701 4442 1988 4555 PRO
2041 4437 2856 4554 INSIPIENTE

1055 4699 1130 4762 .S.
1177 4699 1526 4762 A'NSELM-l
1561 4701 1641 4762 IN
1657 4733 1666 4748 --
1679 4615 2186 4762 1³808ῗᾶῗὲυρ
2177 4697 2474 4760 RATIOC
2484 4699 2560 4758 IN
2571 4697 2614 4758 Α
2625 4696 2817 4758 ΤΙΟΝ
2827 4698 2940 4758 EM

1149 4797 1420 4860 Auctore
1465 4801 1846 4862 GAUNILONE
1876 4798 2149 4878 Majoris
2186 4797 2560 4860 Monasterii
2599 4795 2934 4858 monacho.

463 4937 517 4995 1⁵.
556 4939 832 4995 Dubitanti
877 4951 1053 4995 utrum
1100 4941 1190 5008 sit,
1239 4941 1318 4996 rei
1371 4945 1582 5014 neganti
1635 4945 1702 4976 ⁹³¹
1725 4945 1866 5016 quod
1891 4947 1972 5000 sit
2081 4943 2260 5014 aliqua
2283 4941 2404 4998 talis
2433 4952 2650 5008 natura,
2671 4959 2776 5013 qua
2823 4939 3160 5012 nihii'majus
3212 4937 3432 5009 cogitari
3456 4936 3662 5008 possit;

727 5048 760 5070 ’⁹
1672 5056 1904 5113 VARUS
1941 5056 2344 5114 LECTWNES.

455 5149 528 5181 ⁸³³
553 5148 818 5204 Coltntum
857 5148 1050 5202 esthoc
1089 5147 1396 5218 opusculum
1421 5165 1535 5204 cum
1555 5165 1684 5206 mss.
1709 5150 1910 5204 duobus
1951 5149 2232 5204 Victorinis
2255 5148 2372 5204 EE.
2407 5149 2474 5204 15
2495 5159 2541 5202 et
2573 5147 2668 5202 RR
2696 5149 2730 5204 5
2751 5189 2764 5211 ,
2793 5163 2907 5218 uno,
2931 5143 3322 5218 Gemntcticcnsi
3365 5139 3406 5196 C
3429 5141 3528 5206 54,
3555 5157 3662 5196 uno

385 5219 689 5273 Corbciensi
731 5217 864 5276 307,
909 5235 1010 5272 uno
1045 5213 1366 5272 bililiothcrte
1389 5219 1622 5274 Thnunw
1663 5221 1734 5276 90
1757 5262 1792 5286 ,,
1825 5237 1930 5276 uno
1963 5219 2298 5275 Cisterciensi
2350 5231 2400 5273 et
2445 5235 2550 5274 uno
2605 5219 2818 5272 εωθιοὸὶὶ
2871 5217 2931 5272 S.
2983 5214 3254 5286 Michaelis
3287 5213 3342 5265 in
3379 5221 3558 5286 monte
3591 5241 3662 5252 -—

387 5287 784 5360 Mss.A(iem.ct
825 5287 960 5360 Vict.
989 5289 1044 5360 '5.
1075 5297 1122 5341 et
1147 5287 1216 5360 S.
1253 5288 1414 5344 Mich.
1461 5289 1617 5344 Hunc
1659 5293 1938 5360 prwﬁgunt
1976 5291 2186 5345 titulum

1697 5309 1938 5360 rwpgum
1976 5309 2186 5345 mutum
2217 5309 2354 5357 uuiu
2381 5309 2448 5344 au
2474 5309 2589 5343 natc
2623 5309 2944 5358 respondeat
2985 5309 3202 5354 mnuum
3248 5309 3344 5350 pru
3379 5309 3660 5349 ιιιδψιυιιιυ

1637 5309 1868 5416 dicentis
1899 5363 1949 5415 in
1981 5363 2143 5416 corde
2164 5377 2262 5415 suo
2294 5379 2306 5412 :
2337 5359 2458 5413 Non
2487 5369 2562 5412 est
2590 5358 2748 5412 Deus.
2781 5373 2876 5408 ms.
2911 5355 3068 5409 Corb.
3101 5353 3398 5420 Responsio
3420 5351 3660 5419 qualiter

383 5375 490 5412 ms.
543 5357 680 5412 Tim.
729 5359 922 5428 incipit
964 5359 1257 5429 disputatio
1288 5361 1591 5429 insipientis

2217 5291 2356 5357 Quid
2381 5290 2448 5344 ad
2474 5291 2589 5343 huic
2623 5288 2949 5358 respondeat
2985 5285 3202 5358 quidam
3245 5297 3359 5358 pro_
3379 5280 3662 5358 insipiente

383 5430 713 5502 respondeat
742 5421 959 5502 quidam
1003 5421 1100 5502 nis.
1137 5427 1274 5483 Vict.
1310 5421 1406 5502 j5:
1437 5431 1626 5500 Incipit
1668 5432 1962 5502 disputatio
2001 5431 2428 5502 propinsipicnte.
2457 5445 2553 5481 ms.
2583 5427 2766 5502 Cister.
2799 5425 3028 5502 Quidad
3055 5423 3166 5476 haec
3196 5421 3514 5502 respondeat
3535 5423 3658 5502 qni-

383 5491 514 5552 tiam
541 5515 640 5568 pro
663 5491 968 5568 insipiente.
1006 5499 1072 5552 In
1121 5515 1244 5554 mss.
1293 5491 1688 5556 Gemmeticensi
1739 5491 1785 5555 ἐι
1831 5491 2018 5556 Sancti
2067 5491 2338 5556 Michaelis
2389 5509 2596 5552 notatur
2648 5491 2968 5568 hujus-ilibri
3012 5504 3196 5568 auctor
3225 5493 3386 5568 fuisse
3431 5491 3660 5568 {inunita

381 5571 678 5623 monachus

385 5649 506 5696 tant
534 5649 714 5697 utrum
743 5639 856 5712 sit,
889 5639 974 5696 vel
993 5651 1190 5714 negant

786 5569 1292 5646 njort'eromtstert'i
1313 5613 1326 5640 ,
1377 5573 1562 5644 uulgo,
1615 5571 2032 5646 Mair-lloutisn
2103 5571 2170 5603 ⁸³⁸
2205 5569 2476 5627 Dubitanti
2505 5579 2681 5624 utrum
2706 5559 2777 5622 sit
2799 5609 2812 5634 ,
2846 5565 2928 5622 vel
2955 5565 3168 5636 neganti
3193 5559 3291 5620 nis.
3321 5559 3475 5619 Cori.
3498 5563 3680 5618 dubir

3133 5733 3162 5746 υ
