  <div class='ocr_page' id='page_1' title='image "/cluster/home/n/w/nwhite01/storage/ocr_20150623/158/hvd.32044054760160/127.png"; bbox 0 0 3916 6054; ppageno 0'>
   <div class='ocr_carea' id='block_1_1' title="bbox 274 276 381 333">
    <p class='ocr_par' dir='ltr' id='par_1_1' title="bbox 274 276 381 333">
     <span class='ocr_line' id='line_1_1' title="bbox 274 276 381 333; baseline -0.028 0"><span class='ocrx_word' id='word_1_1' title='bbox 274 276 381 333; x_wconf 63' lang='grc'><strong><em>943</em></strong></span> 
     </span>
    </p>
   </div>
   <div class='ocr_carea' id='block_1_2' title="bbox 791 276 3000 338">
    <p class='ocr_par' dir='ltr' id='par_1_2' title="bbox 791 276 3000 338">
     <span class='ocr_line' id='line_1_2' title="bbox 791 276 3000 338; baseline 0.002 -5"><span class='ocrx_word' id='word_1_2' title='bbox 791 278 851 333; x_wconf 87' lang='lat' dir='ltr'><strong><em>S.</em></strong></span> <span class='ocrx_word' id='word_1_3' title='bbox 889 278 1187 333; x_wconf 79' lang='lat' dir='ltr'><strong><em>ANSELMI</em></strong></span> <span class='ocrx_word' id='word_1_4' title='bbox 1228 280 1577 335; x_wconf 73' lang='lat' dir='ltr'><strong><em>CANTUAR.</em></strong></span> <span class='ocrx_word' id='word_1_5' title='bbox 1618 276 1938 335; x_wconf 77' lang='lat' dir='ltr'><strong><em>ARCIIIEP.</em></strong></span> <span class='ocrx_word' id='word_1_6' title='bbox 1980 276 2134 334; x_wconf 83' lang='lat' dir='ltr'><strong><em>OPP.</em></strong></span> <span class='ocrx_word' id='word_1_7' title='bbox 2176 278 2354 335; x_wconf 72' lang='lat' dir='ltr'><strong><em>PARS</em></strong></span> <span class='ocrx_word' id='word_1_8' title='bbox 2389 280 2428 335; x_wconf 91' lang='lat' dir='ltr'><strong><em>l.</em></strong></span> <span class='ocrx_word' id='word_1_9' title='bbox 2470 311 2539 321; x_wconf 93' lang='lat'><strong>--</strong></span> <span class='ocrx_word' id='word_1_10' title='bbox 2582 278 3000 338; x_wconf 69' lang='lat' dir='ltr'><strong><em>DOGMATICA.</em></strong></span> 
     </span>
    </p>
   </div>
   <div class='ocr_carea' id='block_1_3' title="bbox 3408 288 3517 345">
    <p class='ocr_par' dir='ltr' id='par_1_3' title="bbox 3408 288 3517 345">
     <span class='ocr_line' id='line_1_3' title="bbox 3408 288 3517 345; baseline 0.028 -3"><span class='ocrx_word' id='word_1_11' title='bbox 3408 288 3443 342; x_wconf 72' lang='lat'><strong>2</strong></span> <span class='ocrx_word' id='word_1_12' title='bbox 3458 290 3517 345; x_wconf 67' lang='grc' dir='ltr'>Η</span> 
     </span>
    </p>
   </div>
   <div class='ocr_carea' id='block_1_4' title="bbox 277 369 3535 444">
    <p class='ocr_par' dir='ltr' id='par_1_4' title="bbox 277 369 3535 444">
     <span class='ocr_line' id='line_1_4' title="bbox 277 369 3535 444; baseline 0.004 -21"><span class='ocrx_word' id='word_1_13' title='bbox 277 380 450 424; x_wconf 82' lang='lat' dir='ltr'><strong><em>tamen</em></strong></span> <span class='ocrx_word' id='word_1_14' title='bbox 487 384 597 424; x_wconf 86' lang='lat' dir='ltr'><strong><em>esse</em></strong></span> <span class='ocrx_word' id='word_1_15' title='bbox 656 369 725 401; x_wconf 83' lang='grc'><strong><em>⁹³¹</em></strong></span> <span class='ocrx_word' id='word_1_16' title='bbox 754 369 924 436; x_wconf 90' lang='lat' dir='ltr'><strong><em>illam,</em></strong></span> <span class='ocrx_word' id='word_1_17' title='bbox 974 372 1095 426; x_wconf 88' lang='lat' dir='ltr'><strong><em>hinc</em></strong></span> <span class='ocrx_word' id='word_1_18' title='bbox 1142 373 1337 426; x_wconf 84' lang='lat' dir='ltr'><strong><em>dicitur</em></strong></span> <span class='ocrx_word' id='word_1_19' title='bbox 1378 372 1548 441; x_wconf 83' lang='lat' dir='ltr'><strong><em>primo</em></strong></span> <span class='ocrx_word' id='word_1_20' title='bbox 1591 372 1801 442; x_wconf 88' lang='lat' dir='ltr'><strong><em>probari</em></strong></span> <span class='ocrx_word' id='word_1_21' title='bbox 1832 384 1851 422; x_wconf 91' lang='lat'><strong><em>:</em></strong></span> <span class='ocrx_word' id='word_1_22' title='bbox 1881 372 1925 425; x_wconf 86' lang='lat' dir='ltr'><strong>A</strong></span> <span class='ocrx_word' id='word_1_23' title='bbox 1953 372 2007 426; x_wconf 86' lang='lat' dir='ltr'><strong><em>in</em></strong></span> <span class='ocrx_word' id='word_1_24' title='bbox 2046 372 2204 426; x_wconf 87' lang='lat' dir='ltr'><strong><em>dubio</em></strong></span> <span class='ocrx_word' id='word_1_25' title='bbox 2243 371 2421 442; x_wconf 84' lang='lat' dir='ltr'><strong><em>aliquo</em></strong></span> <span class='ocrx_word' id='word_1_26' title='bbox 2450 372 2777 440; x_wconf 74' lang='lat' dir='ltr'><strong><em>probandum</em></strong></span> <span class='ocrx_word' id='word_1_27' title='bbox 2802 374 2930 428; x_wconf 78' lang='lat' dir='ltr'><strong><em>mihi</em></strong></span> <span class='ocrx_word' id='word_1_28' title='bbox 2953 383 3027 427; x_wconf 90' lang='lat' dir='ltr'><strong><em>est</em></strong></span> <span class='ocrx_word' id='word_1_29' title='bbox 3057 384 3404 444; x_wconf 80' lang='lat' dir='ltr'><strong><em>argumento:</em></strong></span> <span class='ocrx_word' id='word_1_30' title='bbox 3432 396 3535 435; x_wconf 88' lang='lat' dir='ltr'><strong><em>non</em></strong></span> 
     </span>
    </p>
   </div>
   <div class='ocr_carea' id='block_1_5' title="bbox 274 460 1850 533">
    <p class='ocr_par' dir='ltr' id='par_1_5' title="bbox 274 460 1850 533">
     <span class='ocr_line' id='line_1_5' title="bbox 274 460 1850 533; baseline 0.003 -19"><span class='ocrx_word' id='word_1_31' title='bbox 274 460 413 529; x_wconf 86' lang='lat' dir='ltr'><strong><em>quod</em></strong></span> <span class='ocrx_word' id='word_1_32' title='bbox 436 461 545 530; x_wconf 88' lang='lat' dir='ltr'><strong><em>ipse</em></strong></span> <span class='ocrx_word' id='word_1_33' title='bbox 567 476 762 531; x_wconf 86' lang='lat' dir='ltr'><strong><em>negans</em></strong></span> <span class='ocrx_word' id='word_1_34' title='bbox 800 461 880 517; x_wconf 91' lang='lat' dir='ltr'><strong><em>vel</em></strong></span> <span class='ocrx_word' id='word_1_35' title='bbox 910 462 1176 533; x_wconf 76' lang='lat' dir='ltr'><strong><em>ambigens</em></strong></span> <span class='ocrx_word' id='word_1_36' title='bbox 1228 463 1293 517; x_wconf 86' lang='lat' dir='ltr'><strong><em>de</em></strong></span> <span class='ocrx_word' id='word_1_37' title='bbox 1349 462 1468 528; x_wconf 86' lang='lat' dir='ltr'><strong><em>illa,</em></strong></span> <span class='ocrx_word' id='word_1_38' title='bbox 1501 463 1620 533; x_wconf 81' lang='lat' dir='ltr'><strong><em>jam</em></strong></span> <span class='ocrx_word' id='word_1_39' title='bbox 1663 463 1850 519; x_wconf 82' lang='lat' dir='ltr'><strong><em>habeat</em></strong></span> 
     </span>
    </p>
   </div>
   <div class='ocr_carea' id='block_1_6' title="bbox 274 550 1851 624">
    <p class='ocr_par' dir='ltr' id='par_1_6' title="bbox 274 550 1851 624">
     <span class='ocr_line' id='line_1_6' title="bbox 274 550 1851 624; baseline 0.001 -17"><span class='ocrx_word' id='word_1_40' title='bbox 274 566 391 607; x_wconf 80' lang='lat' dir='ltr'><strong><em>eam</em></strong></span> <span class='ocrx_word' id='word_1_41' title='bbox 418 550 477 605; x_wconf 86' lang='lat' dir='ltr'><strong><em>in</em></strong></span> <span class='ocrx_word' id='word_1_42' title='bbox 519 550 830 617; x_wconf 81' lang='lat' dir='ltr'><strong><em>intellectu;</em></strong></span> <span class='ocrx_word' id='word_1_43' title='bbox 873 567 995 606; x_wconf 83' lang='lat' dir='ltr'><strong><em>cum</em></strong></span> <span class='ocrx_word' id='word_1_44' title='bbox 1031 552 1253 607; x_wconf 82' lang='lat' dir='ltr'><strong><em>audiens</em></strong></span> <span class='ocrx_word' id='word_1_45' title='bbox 1280 551 1431 607; x_wconf 81' lang='lat' dir='ltr'><strong><em>illam</em></strong></span> <span class='ocrx_word' id='word_1_46' title='bbox 1470 553 1600 619; x_wconf 88' lang='lat' dir='ltr'><strong><em>dici,</em></strong></span> <span class='ocrx_word' id='word_1_47' title='bbox 1628 554 1684 607; x_wconf 90' lang='lat' dir='ltr'><strong><em>id</em></strong></span> <span class='ocrx_word' id='word_1_48' title='bbox 1711 552 1851 624; x_wconf 86' lang='lat' dir='ltr'><strong><em>quod</em></strong></span> 
     </span>
    </p>
   </div>
   <div class='ocr_carea' id='block_1_7' title="bbox 274 642 1850 717">
    <p class='ocr_par' dir='ltr' id='par_1_7' title="bbox 274 642 1850 717">
     <span class='ocr_line' id='line_1_7' title="bbox 274 642 1850 717; baseline 0.002 -21"><span class='ocrx_word' id='word_1_49' title='bbox 274 643 474 696; x_wconf 85' lang='lat' dir='ltr'><strong><em>dicitur</em></strong></span> <span class='ocrx_word' id='word_1_50' title='bbox 543 642 833 714; x_wconf 84' lang='lat' dir='ltr'><strong><em>intelligit;</em></strong></span> <span class='ocrx_word' id='word_1_51' title='bbox 885 643 1093 708; x_wconf 85' lang='lat' dir='ltr'><strong><em>deinde,</em></strong></span> <span class='ocrx_word' id='word_1_52' title='bbox 1166 643 1297 710; x_wconf 91' lang='lat' dir='ltr'><strong><em>quia</em></strong></span> <span class='ocrx_word' id='word_1_53' title='bbox 1373 646 1513 713; x_wconf 88' lang='lat' dir='ltr'><strong><em>quod</em></strong></span> <span class='ocrx_word' id='word_1_54' title='bbox 1581 646 1850 717; x_wconf 87' lang='lat' dir='ltr'><strong><em>intelligit,</em></strong></span> 
     </span>
    </p>
   </div>
   <div class='ocr_carea' id='block_1_8' title="bbox 275 734 1853 803">
    <p class='ocr_par' dir='ltr' id='par_1_8' title="bbox 275 734 1853 803">
     <span class='ocr_line' id='line_1_8' title="bbox 275 734 1853 803; baseline 0.004 -17"><span class='ocrx_word' id='word_1_55' title='bbox 275 749 482 790; x_wconf 79' lang='lat' dir='ltr'><strong><em>necesse</em></strong></span> <span class='ocrx_word' id='word_1_56' title='bbox 527 743 603 790; x_wconf 77' lang='lat' dir='ltr'><strong><em>est</em></strong></span> <span class='ocrx_word' id='word_1_57' title='bbox 633 744 690 789; x_wconf 89' lang='lat' dir='ltr'><strong><em>ut</em></strong></span> <span class='ocrx_word' id='word_1_58' title='bbox 718 752 821 789; x_wconf 81' lang='lat' dir='ltr'><strong><em>non</em></strong></span> <span class='ocrx_word' id='word_1_59' title='bbox 852 736 907 789; x_wconf 89' lang='lat' dir='ltr'><strong><em>in</em></strong></span> <span class='ocrx_word' id='word_1_60' title='bbox 932 734 1046 790; x_wconf 88' lang='lat' dir='ltr'><strong><em>solo</em></strong></span> <span class='ocrx_word' id='word_1_61' title='bbox 1093 736 1383 803; x_wconf 85' lang='lat' dir='ltr'><strong><em>intellectu,</em></strong></span> <span class='ocrx_word' id='word_1_62' title='bbox 1412 738 1506 792; x_wconf 82' lang='lat' dir='ltr'><strong><em>sed</em></strong></span> <span class='ocrx_word' id='word_1_63' title='bbox 1530 738 1766 793; x_wconf 84' lang='lat' dir='ltr'><strong><em>etiamin</em></strong></span> <span class='ocrx_word' id='word_1_64' title='bbox 1796 755 1853 793; x_wconf 89' lang='lat' dir='ltr'><strong><em>re</em></strong></span> 
     </span>
    </p>
   </div>
   <div class='ocr_carea' id='block_1_9' title="bbox 273 830 1851 904">
    <p class='ocr_par' dir='ltr' id='par_1_9' title="bbox 273 830 1851 904">
     <span class='ocr_line' id='line_1_9' title="bbox 273 830 1851 904; baseline 0.002 -17"><span class='ocrx_word' id='word_1_65' title='bbox 273 830 363 888; x_wconf 87' lang='lat' dir='ltr'><strong><em>sit.</em></strong></span> <span class='ocrx_word' id='word_1_66' title='bbox 412 832 481 886; x_wconf 79' lang='lat' dir='ltr'><strong><em>Et</em></strong></span> <span class='ocrx_word' id='word_1_67' title='bbox 501 832 598 886; x_wconf 81' lang='lat' dir='ltr'><strong><em>hoc</em></strong></span> <span class='ocrx_word' id='word_1_68' title='bbox 618 833 693 886; x_wconf 86' lang='lat' dir='ltr'><strong><em>ita</em></strong></span> <span class='ocrx_word' id='word_1_69' title='bbox 712 832 995 903; x_wconf 77' lang='lat' dir='ltr'><strong><em>probatur,</em></strong></span> <span class='ocrx_word' id='word_1_70' title='bbox 1017 834 1143 903; x_wconf 86' lang='lat' dir='ltr'><strong><em>quia</em></strong></span> <span class='ocrx_word' id='word_1_71' title='bbox 1170 833 1344 904; x_wconf 85' lang='lat' dir='ltr'><strong><em>majus</em></strong></span> <span class='ocrx_word' id='word_1_72' title='bbox 1369 843 1444 888; x_wconf 88' lang='lat' dir='ltr'><strong><em>est</em></strong></span> <span class='ocrx_word' id='word_1_73' title='bbox 1483 851 1593 891; x_wconf 88' lang='lat' dir='ltr'><strong><em>esse</em></strong></span> <span class='ocrx_word' id='word_1_74' title='bbox 1619 834 1676 888; x_wconf 91' lang='lat' dir='ltr'><strong><em>in</em></strong></span> <span class='ocrx_word' id='word_1_75' title='bbox 1699 834 1851 890; x_wconf 84' lang='lat' dir='ltr'><strong><em>intel-</em></strong></span> 
     </span>
    </p>
   </div>
   <div class='ocr_carea' id='block_1_10' title="bbox 275 920 1852 993">
    <p class='ocr_par' dir='ltr' id='par_1_10' title="bbox 275 920 1852 993">
     <span class='ocr_line' id='line_1_10' title="bbox 275 920 1852 993; baseline 0.003 -19"><span class='ocrx_word' id='word_1_76' title='bbox 275 923 412 975; x_wconf 81' lang='lat' dir='ltr'><strong><em>lectu</em></strong></span> <span class='ocrx_word' id='word_1_77' title='bbox 432 928 481 976; x_wconf 91' lang='lat' dir='ltr'><strong><em>et</em></strong></span> <span class='ocrx_word' id='word_1_78' title='bbox 501 922 557 975; x_wconf 90' lang='lat' dir='ltr'><strong><em>in</em></strong></span> <span class='ocrx_word' id='word_1_79' title='bbox 578 920 648 954; x_wconf 78' lang='grc'><strong><em>’³³</em></strong></span> <span class='ocrx_word' id='word_1_80' title='bbox 672 938 752 988; x_wconf 91' lang='lat' dir='ltr'><strong><em>re,</em></strong></span> <span class='ocrx_word' id='word_1_81' title='bbox 773 938 930 993; x_wconf 85' lang='lat' dir='ltr'><strong><em>quam</em></strong></span> <span class='ocrx_word' id='word_1_82' title='bbox 953 923 1009 978; x_wconf 89' lang='lat' dir='ltr'><strong><em>in</em></strong></span> <span class='ocrx_word' id='word_1_83' title='bbox 1032 922 1143 978; x_wconf 91' lang='lat' dir='ltr'><strong><em>solo</em></strong></span> <span class='ocrx_word' id='word_1_84' title='bbox 1167 924 1447 979; x_wconf 84' lang='lat' dir='ltr'><strong><em>intellectu.</em></strong></span> <span class='ocrx_word' id='word_1_85' title='bbox 1477 923 1546 978; x_wconf 86' lang='lat' dir='ltr'><strong><em>Et</em></strong></span> <span class='ocrx_word' id='word_1_86' title='bbox 1570 925 1617 978; x_wconf 92' lang='lat' dir='ltr'><strong><em>si</em></strong></span> <span class='ocrx_word' id='word_1_87' title='bbox 1641 923 1774 979; x_wconf 87' lang='lat' dir='ltr'><strong><em>illud</em></strong></span> <span class='ocrx_word' id='word_1_88' title='bbox 1798 924 1852 979; x_wconf 89' lang='lat' dir='ltr'><strong><em>in</em></strong></span> 
     </span>
    </p>
   </div>
   <div class='ocr_carea' id='block_1_11' title="bbox 273 1014 1853 1088">
    <p class='ocr_par' dir='ltr' id='par_1_11' title="bbox 273 1014 1853 1088">
     <span class='ocr_line' id='line_1_11' title="bbox 273 1014 1853 1088; baseline 0.002 -20"><span class='ocrx_word' id='word_1_89' title='bbox 273 1014 386 1069; x_wconf 75' lang='lat' dir='ltr'><strong><em>salo</em></strong></span> <span class='ocrx_word' id='word_1_90' title='bbox 411 1022 489 1069; x_wconf 85' lang='lat' dir='ltr'><strong><em>est</em></strong></span> <span class='ocrx_word' id='word_1_91' title='bbox 518 1014 807 1080; x_wconf 85' lang='lat' dir='ltr'><strong><em>intellectu,</em></strong></span> <span class='ocrx_word' id='word_1_92' title='bbox 837 1014 1009 1082; x_wconf 73' lang='lat' dir='ltr'><strong><em>nscius</em></strong></span> <span class='ocrx_word' id='word_1_93' title='bbox 1034 1015 1126 1070; x_wconf 87' lang='lat' dir='ltr'><strong><em>illo</em></strong></span> <span class='ocrx_word' id='word_1_94' title='bbox 1151 1017 1249 1070; x_wconf 88' lang='lat' dir='ltr'><strong><em>erit</em></strong></span> <span class='ocrx_word' id='word_1_95' title='bbox 1277 1016 1530 1088; x_wconf 81' lang='lat' dir='ltr'><strong><em>quidquid</em></strong></span> <span class='ocrx_word' id='word_1_96' title='bbox 1555 1017 1710 1071; x_wconf 86' lang='lat' dir='ltr'><strong><em>etiam</em></strong></span> <span class='ocrx_word' id='word_1_97' title='bbox 1739 1016 1853 1086; x_wconf 62' lang='lat' dir='ltr'><strong><em>fuco</em></strong></span> 
     </span>
    </p>
   </div>
   <div class='ocr_carea' id='block_1_12' title="bbox 274 1105 1851 1179">
    <p class='ocr_par' dir='ltr' id='par_1_12' title="bbox 274 1105 1851 1179">
     <span class='ocr_line' id='line_1_12' title="bbox 274 1105 1851 1179; baseline 0.001 -20"><span class='ocrx_word' id='word_1_98' title='bbox 274 1106 344 1159; x_wconf 90' lang='lat' dir='ltr'><strong><em>rit</em></strong></span> <span class='ocrx_word' id='word_1_99' title='bbox 372 1105 430 1160; x_wconf 89' lang='lat' dir='ltr'><strong><em>in</em></strong></span> <span class='ocrx_word' id='word_1_100' title='bbox 460 1121 515 1161; x_wconf 87' lang='lat' dir='ltr'><strong><em>re</em></strong></span> <span class='ocrx_word' id='word_1_101' title='bbox 537 1119 557 1158; x_wconf 91' lang='lat'><em>:</em></span> <span class='ocrx_word' id='word_1_102' title='bbox 588 1123 655 1160; x_wconf 83' lang='lat' dir='ltr'><strong><em>ac</em></strong></span> <span class='ocrx_word' id='word_1_103' title='bbox 674 1107 750 1160; x_wconf 86' lang='lat' dir='ltr'><strong><em>sic</em></strong></span> <span class='ocrx_word' id='word_1_104' title='bbox 771 1107 942 1176; x_wconf 88' lang='lat' dir='ltr'><strong><em>majus</em></strong></span> <span class='ocrx_word' id='word_1_105' title='bbox 968 1108 1039 1139; x_wconf 73' lang='grc'><strong><em>⁹³⁴</em></strong></span> <span class='ocrx_word' id='word_1_106' title='bbox 1061 1107 1505 1173; x_wconf 87' lang='lat' dir='ltr'><strong><em>omnibus,miuus</em></strong></span> <span class='ocrx_word' id='word_1_107' title='bbox 1532 1109 1626 1162; x_wconf 86' lang='lat' dir='ltr'><strong><em>erit</em></strong></span> <span class='ocrx_word' id='word_1_108' title='bbox 1649 1107 1851 1179; x_wconf 84' lang='lat' dir='ltr'><strong><em>aliquo;</em></strong></span> 
     </span>
    </p>
   </div>
   <div class='ocr_carea' id='block_1_13' title="bbox 271 1196 1851 1269">
    <p class='ocr_par' dir='ltr' id='par_1_13' title="bbox 271 1196 1851 1269">
     <span class='ocr_line' id='line_1_13' title="bbox 271 1196 1851 1269; baseline 0.001 -19"><span class='ocrx_word' id='word_1_109' title='bbox 271 1206 320 1251; x_wconf 84' lang='lat' dir='ltr'><strong><em>et</em></strong></span> <span class='ocrx_word' id='word_1_110' title='bbox 354 1211 457 1251; x_wconf 85' lang='lat' dir='ltr'><strong><em>non</em></strong></span> <span class='ocrx_word' id='word_1_111' title='bbox 477 1196 576 1251; x_wconf 85' lang='lat' dir='ltr'><strong><em>erit</em></strong></span> <span class='ocrx_word' id='word_1_112' title='bbox 605 1197 780 1267; x_wconf 80' lang='lat' dir='ltr'><strong><em>majus</em></strong></span> <span class='ocrx_word' id='word_1_113' title='bbox 812 1197 1073 1263; x_wconf 86' lang='lat' dir='ltr'><strong><em>omnibus,</em></strong></span> <span class='ocrx_word' id='word_1_114' title='bbox 1095 1197 1235 1269; x_wconf 88' lang='lat' dir='ltr'><strong><em>quod</em></strong></span> <span class='ocrx_word' id='word_1_115' title='bbox 1258 1199 1437 1269; x_wconf 87' lang='lat' dir='ltr'><strong><em>utique</em></strong></span> <span class='ocrx_word' id='word_1_116' title='bbox 1478 1196 1750 1268; x_wconf 75' lang='lat' dir='ltr'><strong><em>repugnat.</em></strong></span> <span class='ocrx_word' id='word_1_117' title='bbox 1781 1196 1851 1252; x_wconf 83' lang='lat' dir='ltr'><strong><em>Et</em></strong></span> 
     </span>
    </p>
   </div>
   <div class='ocr_carea' id='block_1_14' title="bbox 273 1278 1854 1360">
    <p class='ocr_par' dir='ltr' id='par_1_14' title="bbox 273 1278 1854 1360">
     <span class='ocr_line' id='line_1_14' title="bbox 273 1278 1854 1360; baseline 0.001 -19"><span class='ocrx_word' id='word_1_118' title='bbox 273 1287 393 1343; x_wconf 86' lang='lat' dir='ltr'><strong><em>ideo</em></strong></span> <span class='ocrx_word' id='word_1_119' title='bbox 422 1304 626 1343; x_wconf 86' lang='lat' dir='ltr'><strong><em>necesse</em></strong></span> <span class='ocrx_word' id='word_1_120' title='bbox 650 1298 804 1343; x_wconf 89' lang='lat' dir='ltr'><strong><em>estut</em></strong></span> <span class='ocrx_word' id='word_1_121' title='bbox 830 1288 1004 1359; x_wconf 87' lang='lat' dir='ltr'><strong><em>majus</em></strong></span> <span class='ocrx_word' id='word_1_122' title='bbox 1023 1278 1435 1360; x_wconf 85' lang='lat' dir='ltr'><strong><em>omnibus,quod</em></strong></span> <span class='ocrx_word' id='word_1_123' title='bbox 1437 1288 1555 1360; x_wconf 88' lang='lat' dir='ltr'><strong><em>jam</em></strong></span> <span class='ocrx_word' id='word_1_124' title='bbox 1576 1289 1854 1358; x_wconf 79' lang='lat' dir='ltr'><strong><em>probatum</em></strong></span> 
     </span>
    </p>
   </div>
   <div class='ocr_carea' id='block_1_15' title="bbox 273 1378 1853 1444">
    <p class='ocr_par' dir='ltr' id='par_1_15' title="bbox 273 1378 1853 1444">
     <span class='ocr_line' id='line_1_15' title="bbox 273 1378 1853 1444; baseline 0.001 -13"><span class='ocrx_word' id='word_1_125' title='bbox 273 1387 351 1432; x_wconf 90' lang='lat' dir='ltr'><strong><em>est</em></strong></span> <span class='ocrx_word' id='word_1_126' title='bbox 374 1395 486 1434; x_wconf 88' lang='lat' dir='ltr'><strong><em>esse</em></strong></span> <span class='ocrx_word' id='word_1_127' title='bbox 512 1379 566 1434; x_wconf 81' lang='lat' dir='ltr'><strong><em>in</em></strong></span> <span class='ocrx_word' id='word_1_128' title='bbox 591 1378 877 1443; x_wconf 89' lang='lat' dir='ltr'><strong><em>intellectu,</em></strong></span> <span class='ocrx_word' id='word_1_129' title='bbox 893 1395 996 1434; x_wconf 87' lang='lat' dir='ltr'><strong><em>non</em></strong></span> <span class='ocrx_word' id='word_1_130' title='bbox 1020 1379 1199 1435; x_wconf 82' lang='lat' dir='ltr'><strong><em>insolo</em></strong></span> <span class='ocrx_word' id='word_1_131' title='bbox 1220 1379 1505 1444; x_wconf 86' lang='lat' dir='ltr'><strong><em>intellectu,</em></strong></span> <span class='ocrx_word' id='word_1_132' title='bbox 1528 1380 1621 1436; x_wconf 81' lang='lat' dir='ltr'><strong><em>sed</em></strong></span> <span class='ocrx_word' id='word_1_133' title='bbox 1640 1390 1689 1434; x_wconf 89' lang='lat' dir='ltr'><strong><em>et</em></strong></span> <span class='ocrx_word' id='word_1_134' title='bbox 1720 1380 1774 1433; x_wconf 87' lang='lat' dir='ltr'><strong><em>in</em></strong></span> <span class='ocrx_word' id='word_1_135' title='bbox 1797 1395 1853 1433; x_wconf 86' lang='lat' dir='ltr'><strong><em>re</em></strong></span> 
     </span>
    </p>
   </div>
   <div class='ocr_carea' id='block_1_16' title="bbox 273 1472 1848 1545">
    <p class='ocr_par' dir='ltr' id='par_1_16' title="bbox 273 1472 1848 1545">
     <span class='ocr_line' id='line_1_16' title="bbox 273 1472 1848 1545; baseline 0.002 -19"><span class='ocrx_word' id='word_1_136' title='bbox 273 1472 346 1505; x_wconf 79' lang='grc'><strong><em>⁸³³</em></strong></span> <span class='ocrx_word' id='word_1_137' title='bbox 364 1472 465 1535; x_wconf 89' lang='lat' dir='ltr'><strong><em>sit;</em></strong></span> <span class='ocrx_word' id='word_1_138' title='bbox 484 1474 731 1544; x_wconf 77' lang='lat' dir='ltr'><strong><em>quoniam</em></strong></span> <span class='ocrx_word' id='word_1_139' title='bbox 759 1473 915 1529; x_wconf 87' lang='lat' dir='ltr'><strong><em>aliter</em></strong></span> <span class='ocrx_word' id='word_1_140' title='bbox 940 1475 1114 1544; x_wconf 83' lang='lat' dir='ltr'><strong><em>majus</em></strong></span> <span class='ocrx_word' id='word_1_141' title='bbox 1129 1474 1366 1529; x_wconf 84' lang='lat' dir='ltr'><strong><em>omnibus</em></strong></span> <span class='ocrx_word' id='word_1_142' title='bbox 1382 1490 1491 1529; x_wconf 87' lang='lat' dir='ltr'><strong><em>esse</em></strong></span> <span class='ocrx_word' id='word_1_143' title='bbox 1516 1491 1620 1529; x_wconf 89' lang='lat' dir='ltr'><strong><em>non</em></strong></span> <span class='ocrx_word' id='word_1_144' title='bbox 1642 1475 1848 1545; x_wconf 80' lang='lat' dir='ltr'><strong><em>poterit-</em></strong></span> 
     </span>
    </p>
   </div>
   <div class='ocr_carea' id='block_1_17' title="bbox 344 1562 1850 1637">
    <p class='ocr_par' dir='ltr' id='par_1_17' title="bbox 344 1562 1850 1637">
     <span class='ocr_line' id='line_1_17' title="bbox 344 1562 1850 1637; baseline 0.001 -20"><span class='ocrx_word' id='word_1_145' title='bbox 344 1563 404 1618; x_wconf 74' lang='lat'><strong><em>9.</em></strong></span> <span class='ocrx_word' id='word_1_146' title='bbox 432 1562 765 1633; x_wconf 75' lang='lat' dir='ltr'><strong><em>Respondere</em></strong></span> <span class='ocrx_word' id='word_1_147' title='bbox 811 1565 1036 1634; x_wconf 88' lang='lat' dir='ltr'><strong><em>forsitan</em></strong></span> <span class='ocrx_word' id='word_1_148' title='bbox 1096 1575 1259 1635; x_wconf 87' lang='lat' dir='ltr'><strong><em>potest</em></strong></span> <span class='ocrx_word' id='word_1_149' title='bbox 1286 1566 1379 1633; x_wconf 81' lang='grc'>⁹³⁶,</span> <span class='ocrx_word' id='word_1_150' title='bbox 1409 1566 1549 1637; x_wconf 86' lang='lat' dir='ltr'><strong><em>quod</em></strong></span> <span class='ocrx_word' id='word_1_151' title='bbox 1590 1566 1686 1621; x_wconf 81' lang='lat' dir='ltr'><strong><em>hoc</em></strong></span> <span class='ocrx_word' id='word_1_152' title='bbox 1732 1566 1850 1636; x_wconf 83' lang='lat' dir='ltr'><strong><em>jam</em></strong></span> 
     </span>
    </p>
   </div>
   <div class='ocr_carea' id='block_1_18' title="bbox 271 1654 1851 1728">
    <p class='ocr_par' dir='ltr' id='par_1_18' title="bbox 271 1654 1851 1728">
     <span class='ocr_line' id='line_1_18' title="bbox 271 1654 1851 1728; baseline 0.001 -19"><span class='ocrx_word' id='word_1_153' title='bbox 271 1669 386 1709; x_wconf 80' lang='lat' dir='ltr'><strong><em>csse</em></strong></span> <span class='ocrx_word' id='word_1_154' title='bbox 409 1654 604 1707; x_wconf 84' lang='lat' dir='ltr'><strong><em>dicitur</em></strong></span> <span class='ocrx_word' id='word_1_155' title='bbox 629 1654 682 1708; x_wconf 87' lang='lat' dir='ltr'><strong><em>in</em></strong></span> <span class='ocrx_word' id='word_1_156' title='bbox 712 1655 976 1711; x_wconf 85' lang='lat' dir='ltr'><strong><em>intellectu</em></strong></span> <span class='ocrx_word' id='word_1_157' title='bbox 1016 1672 1152 1722; x_wconf 85' lang='lat' dir='ltr'><strong><em>meo,</em></strong></span> <span class='ocrx_word' id='word_1_158' title='bbox 1184 1672 1286 1711; x_wconf 85' lang='lat' dir='ltr'><strong><em>non</em></strong></span> <span class='ocrx_word' id='word_1_159' title='bbox 1311 1656 1374 1711; x_wconf 81' lang='lat' dir='ltr'><strong><em>ob</em></strong></span> <span class='ocrx_word' id='word_1_160' title='bbox 1399 1656 1570 1718; x_wconf 84' lang='lat' dir='ltr'><strong><em>aliud.</em></strong></span> <span class='ocrx_word' id='word_1_161' title='bbox 1600 1656 1703 1713; x_wconf 85' lang='lat' dir='ltr'><strong><em>nisi</em></strong></span> <span class='ocrx_word' id='word_1_162' title='bbox 1726 1658 1851 1728; x_wconf 88' lang='lat' dir='ltr'><strong><em>quia</em></strong></span> 
     </span>
    </p>
   </div>
   <div class='ocr_carea' id='block_1_19' title="bbox 271 1738 1849 1814">
    <p class='ocr_par' dir='ltr' id='par_1_19' title="bbox 271 1738 1849 1814">
     <span class='ocr_line' id='line_1_19' title="bbox 271 1738 1849 1814; baseline 0.003 -20"><span class='ocrx_word' id='word_1_163' title='bbox 271 1739 327 1794; x_wconf 84' lang='lat' dir='ltr'><strong><em>id</em></strong></span> <span class='ocrx_word' id='word_1_164' title='bbox 347 1740 486 1810; x_wconf 81' lang='lat' dir='ltr'><strong><em>quod</em></strong></span> <span class='ocrx_word' id='word_1_165' title='bbox 510 1738 706 1794; x_wconf 75' lang='lat' dir='ltr'><strong><em>dicitur</em></strong></span> <span class='ocrx_word' id='word_1_166' title='bbox 741 1740 994 1811; x_wconf 72' lang='lat' dir='ltr'><strong><em>intelligo.</em></strong></span> <span class='ocrx_word' id='word_1_167' title='bbox 1031 1738 1222 1797; x_wconf 83' lang='lat' dir='ltr'><strong><em>Nonne</em></strong></span> <span class='ocrx_word' id='word_1_168' title='bbox 1242 1752 1289 1796; x_wconf 87' lang='lat' dir='ltr'><strong><em>et</em></strong></span> <span class='ocrx_word' id='word_1_169' title='bbox 1318 1758 1644 1814; x_wconf 67' lang='lat' dir='ltr'><strong><em>quacunque</em></strong></span> <span class='ocrx_word' id='word_1_170' title='bbox 1689 1742 1849 1812; x_wconf 84' lang='lat' dir='ltr'><strong><em>false.</em></strong></span> 
     </span>
    </p>
   </div>
   <div class='ocr_carea' id='block_1_20' title="bbox 269 1830 1851 1903">
    <p class='ocr_par' dir='ltr' id='par_1_20' title="bbox 269 1830 1851 1903">
     <span class='ocr_line' id='line_1_20' title="bbox 269 1830 1851 1903; baseline 0.004 -19"><span class='ocrx_word' id='word_1_171' title='bbox 269 1848 336 1884; x_wconf 84' lang='lat' dir='ltr'><strong><em>ac</em></strong></span> <span class='ocrx_word' id='word_1_172' title='bbox 358 1830 506 1886; x_wconf 88' lang='lat' dir='ltr'><strong><em>nullo</em></strong></span> <span class='ocrx_word' id='word_1_173' title='bbox 526 1848 743 1902; x_wconf 77' lang='lat' dir='ltr'><strong><em>prorsus</em></strong></span> <span class='ocrx_word' id='word_1_174' title='bbox 764 1833 919 1887; x_wconf 82' lang='lat' dir='ltr'><strong><em>modo</em></strong></span> <span class='ocrx_word' id='word_1_175' title='bbox 966 1834 1021 1888; x_wconf 88' lang='lat' dir='ltr'><strong><em>in</em></strong></span> <span class='ocrx_word' id='word_1_176' title='bbox 1067 1834 1248 1903; x_wconf 80' lang='lat' dir='ltr'><strong><em>seipsis</em></strong></span> <span class='ocrx_word' id='word_1_177' title='bbox 1276 1834 1548 1890; x_wconf 74' lang='lat' dir='ltr'><strong><em>existentia</em></strong></span> <span class='ocrx_word' id='word_1_178' title='bbox 1577 1835 1669 1901; x_wconf 69' lang='grc' dir='ltr'><strong><em>η’,</em></strong></span> <span class='ocrx_word' id='word_1_179' title='bbox 1702 1836 1757 1890; x_wconf 85' lang='lat' dir='ltr'><strong><em>in</em></strong></span> <span class='ocrx_word' id='word_1_180' title='bbox 1781 1835 1851 1869; x_wconf 79' lang='grc'><strong><em>’³⁸</em></strong></span> 
     </span>
    </p>
   </div>
   <div class='ocr_carea' id='block_1_21' title="bbox 271 1922 1850 1996">
    <p class='ocr_par' dir='ltr' id='par_1_21' title="bbox 271 1922 1850 1996">
     <span class='ocr_line' id='line_1_21' title="bbox 271 1922 1850 1996; baseline 0.004 -21"><span class='ocrx_word' id='word_1_181' title='bbox 271 1923 539 1978; x_wconf 83' lang='lat' dir='ltr'><strong><em>intellectu</em></strong></span> <span class='ocrx_word' id='word_1_182' title='bbox 559 1924 750 1979; x_wconf 88' lang='lat' dir='ltr'><strong><em>habere</em></strong></span> <span class='ocrx_word' id='word_1_183' title='bbox 778 1922 1019 1979; x_wconf 78' lang='lat' dir='ltr'><strong><em>similiter</em></strong></span> <span class='ocrx_word' id='word_1_184' title='bbox 1045 1925 1150 1980; x_wconf 88' lang='lat' dir='ltr'><strong><em>dici</em></strong></span> <span class='ocrx_word' id='word_1_185' title='bbox 1194 1942 1398 1996; x_wconf 80' lang='lat' dir='ltr'><strong><em>possem</em></strong></span> <span class='ocrx_word' id='word_1_186' title='bbox 1419 1927 1490 1960; x_wconf 75' lang='grc'><strong><em>⁸⁸⁸</em></strong></span> <span class='ocrx_word' id='word_1_187' title='bbox 1520 1943 1638 1982; x_wconf 89' lang='lat' dir='ltr'><strong><em>cum</em></strong></span> <span class='ocrx_word' id='word_1_188' title='bbox 1660 1944 1742 1993; x_wconf 88' lang='lat' dir='ltr'><strong><em>ea,</em></strong></span> <span class='ocrx_word' id='word_1_189' title='bbox 1767 1927 1850 1982; x_wconf 81' lang='lat' dir='ltr'><strong><em>di-</em></strong></span> 
     </span>
    </p>
   </div>
   <div class='ocr_carea' id='block_1_22' title="bbox 268 2014 1847 2089">
    <p class='ocr_par' dir='ltr' id='par_1_22' title="bbox 268 2014 1847 2089">
     <span class='ocr_line' id='line_1_22' title="bbox 268 2014 1847 2089; baseline 0.004 -21"><span class='ocrx_word' id='word_1_190' title='bbox 268 2025 417 2069; x_wconf 86' lang='lat' dir='ltr'><strong><em>cente</em></strong></span> <span class='ocrx_word' id='word_1_191' title='bbox 449 2014 522 2047; x_wconf 74' lang='lat'><strong><em>’“</em></strong></span> <span class='ocrx_word' id='word_1_192' title='bbox 545 2015 744 2087; x_wconf 85' lang='lat' dir='ltr'><strong><em>aliquo,</em></strong></span> <span class='ocrx_word' id='word_1_193' title='bbox 769 2031 1110 2087; x_wconf 55' lang='lat' dir='ltr'><strong><em>quacumque</em></strong></span> <span class='ocrx_word' id='word_1_194' title='bbox 1136 2017 1225 2073; x_wconf 90' lang='lat' dir='ltr'><strong><em>ille</em></strong></span> <span class='ocrx_word' id='word_1_195' title='bbox 1245 2019 1462 2085; x_wconf 88' lang='lat' dir='ltr'><strong><em>diceret,</em></strong></span> <span class='ocrx_word' id='word_1_196' title='bbox 1506 2035 1601 2089; x_wconf 87' lang='lat' dir='ltr'><strong><em>ego</em></strong></span> <span class='ocrx_word' id='word_1_197' title='bbox 1652 2019 1847 2075; x_wconf 82' lang='lat' dir='ltr'><strong><em>intelli-</em></strong></span> 
     </span>
    </p>
   </div>
   <div class='ocr_carea' id='block_1_23' title="bbox 267 2106 1848 2177">
    <p class='ocr_par' dir='ltr' id='par_1_23' title="bbox 267 2106 1848 2177">
     <span class='ocr_line' id='line_1_23' title="bbox 267 2106 1848 2177; baseline 0.003 -16"><span class='ocrx_word' id='word_1_198' title='bbox 267 2122 436 2177; x_wconf 82' lang='lat' dir='ltr'><strong><em>gerem</em></strong></span> <span class='ocrx_word' id='word_1_199' title='bbox 468 2107 494 2161; x_wconf 75' lang='lat' dir='ltr'><strong><em>l</em></strong></span> <span class='ocrx_word' id='word_1_200' title='bbox 518 2107 618 2161; x_wconf 83' lang='lat' dir='ltr'><strong><em>nisi</em></strong></span> <span class='ocrx_word' id='word_1_201' title='bbox 644 2107 780 2176; x_wconf 89' lang='lat' dir='ltr'><strong><em>forte</em></strong></span> <span class='ocrx_word' id='word_1_202' title='bbox 804 2106 910 2163; x_wconf 82' lang='lat' dir='ltr'><strong><em>tale</em></strong></span> <span class='ocrx_word' id='word_1_203' title='bbox 956 2107 1091 2164; x_wconf 84' lang='lat' dir='ltr'><strong><em>illud</em></strong></span> <span class='ocrx_word' id='word_1_204' title='bbox 1122 2119 1329 2165; x_wconf 89' lang='lat' dir='ltr'><strong><em>constat</em></strong></span> <span class='ocrx_word' id='word_1_205' title='bbox 1369 2126 1499 2175; x_wconf 88' lang='lat' dir='ltr'><strong><em>esse,</em></strong></span> <span class='ocrx_word' id='word_1_206' title='bbox 1555 2120 1611 2164; x_wconf 85' lang='lat' dir='ltr'><strong><em>ut</em></strong></span> <span class='ocrx_word' id='word_1_207' title='bbox 1658 2127 1764 2166; x_wconf 86' lang='lat' dir='ltr'><strong><em>non</em></strong></span> <span class='ocrx_word' id='word_1_208' title='bbox 1789 2127 1848 2166; x_wconf 86' lang='lat' dir='ltr'><strong><em>eo</em></strong></span> 
     </span>
    </p>
   </div>
   <div class='ocr_carea' id='block_1_24' title="bbox 265 2199 1849 2273">
    <p class='ocr_par' dir='ltr' id='par_1_24' title="bbox 265 2199 1849 2273">
     <span class='ocr_line' id='line_1_24' title="bbox 265 2199 1849 2273; baseline 0.004 -21"><span class='ocrx_word' id='word_1_209' title='bbox 265 2199 425 2253; x_wconf 77' lang='lat' dir='ltr'><strong><em>mode</em></strong></span> <span class='ocrx_word' id='word_1_210' title='bbox 450 2214 553 2269; x_wconf 74' lang='lat' dir='ltr'><strong><em>quo</em></strong></span> <span class='ocrx_word' id='word_1_211' title='bbox 572 2200 729 2253; x_wconf 88' lang='lat' dir='ltr'><strong><em>etiam</em></strong></span> <span class='ocrx_word' id='word_1_212' title='bbox 758 2199 897 2269; x_wconf 90' lang='lat' dir='ltr'><strong><em>falsa</em></strong></span> <span class='ocrx_word' id='word_1_213' title='bbox 924 2216 1141 2271; x_wconf 64' lang='lat' dir='ltr'><strong><em>quaeque</em></strong></span> <span class='ocrx_word' id='word_1_214' title='bbox 1177 2201 1257 2257; x_wconf 82' lang='lat' dir='ltr'><strong><em>vel</em></strong></span> <span class='ocrx_word' id='word_1_215' title='bbox 1304 2202 1489 2267; x_wconf 85' lang='lat' dir='ltr'><strong><em>dubia,</em></strong></span> <span class='ocrx_word' id='word_1_216' title='bbox 1521 2203 1703 2257; x_wconf 86' lang='lat' dir='ltr'><strong><em>haberi</em></strong></span> <span class='ocrx_word' id='word_1_217' title='bbox 1728 2220 1849 2273; x_wconf 89' lang='lat' dir='ltr'><strong><em>pos-</em></strong></span> 
     </span>
    </p>
   </div>
   <div class='ocr_carea' id='block_1_25' title="bbox 264 2290 1844 2360">
    <p class='ocr_par' dir='ltr' id='par_1_25' title="bbox 264 2290 1844 2360">
     <span class='ocr_line' id='line_1_25' title="bbox 264 2290 1844 2360; baseline 0.003 -17"><span class='ocrx_word' id='word_1_218' title='bbox 264 2291 334 2344; x_wconf 88' lang='lat' dir='ltr'><strong><em>sit</em></strong></span> <span class='ocrx_word' id='word_1_219' title='bbox 358 2290 428 2322; x_wconf 75' lang='lat'><strong><em>’“</em></strong></span> <span class='ocrx_word' id='word_1_220' title='bbox 454 2291 509 2345; x_wconf 86' lang='lat' dir='ltr'><strong><em>in</em></strong></span> <span class='ocrx_word' id='word_1_221' title='bbox 537 2290 852 2360; x_wconf 77' lang='lat' dir='ltr'><strong><em>cogitatione</em></strong></span> <span class='ocrx_word' id='word_1_222' title='bbox 877 2304 898 2344; x_wconf 89' lang='lat'><strong><em>:</em></strong></span> <span class='ocrx_word' id='word_1_223' title='bbox 922 2301 971 2346; x_wconf 90' lang='lat' dir='ltr'><strong><em>et</em></strong></span> <span class='ocrx_word' id='word_1_224' title='bbox 993 2292 1114 2347; x_wconf 89' lang='lat' dir='ltr'><strong><em>ideo</em></strong></span> <span class='ocrx_word' id='word_1_225' title='bbox 1143 2309 1247 2348; x_wconf 85' lang='lat' dir='ltr'><strong><em>non</em></strong></span> <span class='ocrx_word' id='word_1_226' title='bbox 1270 2293 1421 2349; x_wconf 87' lang='lat' dir='ltr'><strong><em>dicor</em></strong></span> <span class='ocrx_word' id='word_1_227' title='bbox 1438 2292 1573 2348; x_wconf 84' lang='lat' dir='ltr'><strong><em>illud</em></strong></span> <span class='ocrx_word' id='word_1_228' title='bbox 1601 2296 1844 2348; x_wconf 86' lang='lat' dir='ltr'><strong><em>auditum</em></strong></span> 
     </span>
    </p>
   </div>
   <div class='ocr_carea' id='block_1_26' title="bbox 267 2380 1845 2455">
    <p class='ocr_par' dir='ltr' id='par_1_26' title="bbox 267 2380 1845 2455">
     <span class='ocr_line' id='line_1_26' title="bbox 267 2380 1845 2455; baseline 0.006 -24"><span class='ocrx_word' id='word_1_229' title='bbox 267 2382 521 2450; x_wconf 75' lang='lat' dir='ltr'><strong><em>rogitare,</em></strong></span> <span class='ocrx_word' id='word_1_230' title='bbox 545 2380 626 2437; x_wconf 95' lang='lat' dir='ltr'><strong><em>vel</em></strong></span> <span class='ocrx_word' id='word_1_231' title='bbox 652 2383 707 2437; x_wconf 84' lang='lat' dir='ltr'><strong><em>in</em></strong></span> <span class='ocrx_word' id='word_1_232' title='bbox 730 2381 1045 2452; x_wconf 86' lang='lat' dir='ltr'><strong><em>cogitatione</em></strong></span> <span class='ocrx_word' id='word_1_233' title='bbox 1067 2383 1299 2449; x_wconf 87' lang='lat' dir='ltr'><strong><em>habere;</em></strong></span> <span class='ocrx_word' id='word_1_234' title='bbox 1328 2384 1419 2440; x_wconf 89' lang='lat' dir='ltr'><strong><em>sed</em></strong></span> <span class='ocrx_word' id='word_1_235' title='bbox 1457 2385 1765 2455; x_wconf 84' lang='lat' dir='ltr'><strong><em>intelligere,</em></strong></span> <span class='ocrx_word' id='word_1_236' title='bbox 1794 2397 1845 2441; x_wconf 92' lang='lat' dir='ltr'><strong><em>et</em></strong></span> 
     </span>
    </p>
   </div>
   <div class='ocr_carea' id='block_1_27' title="bbox 264 2472 1845 2545">
    <p class='ocr_par' dir='ltr' id='par_1_27' title="bbox 264 2472 1845 2545">
     <span class='ocr_line' id='line_1_27' title="bbox 264 2472 1845 2545; baseline 0.004 -21"><span class='ocrx_word' id='word_1_237' title='bbox 264 2472 321 2525; x_wconf 87' lang='lat' dir='ltr'><strong><em>in</em></strong></span> <span class='ocrx_word' id='word_1_238' title='bbox 367 2472 635 2528; x_wconf 82' lang='lat' dir='ltr'><strong><em>intellectu</em></strong></span> <span class='ocrx_word' id='word_1_239' title='bbox 682 2472 917 2538; x_wconf 82' lang='lat' dir='ltr'><strong><em>habere;</em></strong></span> <span class='ocrx_word' id='word_1_240' title='bbox 951 2474 1077 2543; x_wconf 87' lang='lat' dir='ltr'><strong><em>quia</em></strong></span> <span class='ocrx_word' id='word_1_241' title='bbox 1117 2474 1337 2537; x_wconf 76' lang='lat' dir='ltr'><strong><em>scilicet.</em></strong></span> <span class='ocrx_word' id='word_1_242' title='bbox 1386 2491 1488 2531; x_wconf 88' lang='lat' dir='ltr'><strong><em>non</em></strong></span> <span class='ocrx_word' id='word_1_243' title='bbox 1539 2492 1750 2545; x_wconf 85' lang='lat' dir='ltr'><strong><em>possum</em></strong></span> <span class='ocrx_word' id='word_1_244' title='bbox 1775 2478 1845 2511; x_wconf 63' lang='lat'><strong><em>9&quot;</em></strong></span> 
     </span>
    </p>
   </div>
   <div class='ocr_carea' id='block_1_28' title="bbox 265 2560 1845 2632">
    <p class='ocr_par' dir='ltr' id='par_1_28' title="bbox 265 2560 1845 2632">
     <span class='ocr_line' id='line_1_28' title="bbox 265 2560 1845 2632; baseline 0.005 -18"><span class='ocrx_word' id='word_1_245' title='bbox 265 2565 365 2615; x_wconf 80' lang='lat' dir='ltr'><strong><em>hoc</em></strong></span> <span class='ocrx_word' id='word_1_246' title='bbox 383 2560 542 2615; x_wconf 83' lang='lat' dir='ltr'><strong><em>aliter</em></strong></span> <span class='ocrx_word' id='word_1_247' title='bbox 591 2562 842 2632; x_wconf 79' lang='lat' dir='ltr'><strong><em>cogitare,</em></strong></span> <span class='ocrx_word' id='word_1_248' title='bbox 891 2560 994 2616; x_wconf 85' lang='lat' dir='ltr'><strong><em>nisi</em></strong></span> <span class='ocrx_word' id='word_1_249' title='bbox 1035 2561 1399 2632; x_wconf 84' lang='lat' dir='ltr'><strong><em>intelligendo,</em></strong></span> <span class='ocrx_word' id='word_1_250' title='bbox 1424 2564 1481 2617; x_wconf 88' lang='lat' dir='ltr'><strong><em>id</em></strong></span> <span class='ocrx_word' id='word_1_251' title='bbox 1506 2574 1581 2619; x_wconf 90' lang='lat' dir='ltr'><strong><em>est</em></strong></span> <span class='ocrx_word' id='word_1_252' title='bbox 1624 2565 1845 2622; x_wconf 82' lang='lat' dir='ltr'><strong><em>scientia</em></strong></span> 
     </span>
    </p>
   </div>
   <div class='ocr_carea' id='block_1_29' title="bbox 264 2650 1845 2721">
    <p class='ocr_par' dir='ltr' id='par_1_29' title="bbox 264 2650 1845 2721">
     <span class='ocr_line' id='line_1_29' title="bbox 264 2650 1845 2721; baseline 0.006 -17"><span class='ocrx_word' id='word_1_253' title='bbox 264 2651 771 2720; x_wconf 75' lang='lat' dir='ltr'><strong><em>comprehendendo,</em></strong></span> <span class='ocrx_word' id='word_1_254' title='bbox 831 2652 1006 2721; x_wconf 85' lang='lat' dir='ltr'><strong><em>reipsa</em></strong></span> <span class='ocrx_word' id='word_1_255' title='bbox 1068 2650 1203 2706; x_wconf 86' lang='lat' dir='ltr'><strong><em>illud</em></strong></span> <span class='ocrx_word' id='word_1_256' title='bbox 1236 2653 1479 2708; x_wconf 65' lang='lat' dir='ltr'><strong><em>existere.</em></strong></span> <span class='ocrx_word' id='word_1_257' title='bbox 1534 2652 1638 2710; x_wconf 87' lang='lat' dir='ltr'><strong><em>Sed</em></strong></span> <span class='ocrx_word' id='word_1_258' title='bbox 1669 2656 1715 2710; x_wconf 89' lang='lat' dir='ltr'><strong><em>si</em></strong></span> <span class='ocrx_word' id='word_1_259' title='bbox 1748 2656 1845 2713; x_wconf 87' lang='lat' dir='ltr'><strong><em>hoc</em></strong></span> 
     </span>
    </p>
   </div>
   <div class='ocr_carea' id='block_1_30' title="bbox 262 2742 1845 2817">
    <p class='ocr_par' dir='ltr' id='par_1_30' title="bbox 262 2742 1845 2817">
     <span class='ocr_line' id='line_1_30' title="bbox 262 2742 1845 2817; baseline 0.004 -19"><span class='ocrx_word' id='word_1_260' title='bbox 262 2754 341 2799; x_wconf 85' lang='lat' dir='ltr'><strong><em>est</em></strong></span> <span class='ocrx_word' id='word_1_261' title='bbox 382 2762 405 2802; x_wconf 89' lang='lat'><strong><em>:</em></strong></span> <span class='ocrx_word' id='word_1_262' title='bbox 438 2744 607 2812; x_wconf 86' lang='lat' dir='ltr'><strong><em>primo</em></strong></span> <span class='ocrx_word' id='word_1_263' title='bbox 655 2742 865 2812; x_wconf 81' lang='lat' dir='ltr'><strong><em>quidem</em></strong></span> <span class='ocrx_word' id='word_1_264' title='bbox 906 2759 1010 2805; x_wconf 82' lang='lat' dir='ltr'><strong><em>non</em></strong></span> <span class='ocrx_word' id='word_1_265' title='bbox 1058 2743 1143 2799; x_wconf 80' lang='lat' dir='ltr'><strong><em>hic</em></strong></span> <span class='ocrx_word' id='word_1_266' title='bbox 1168 2744 1262 2799; x_wconf 86' lang='lat' dir='ltr'><strong><em>erit</em></strong></span> <span class='ocrx_word' id='word_1_267' title='bbox 1295 2745 1365 2776; x_wconf 76' lang='lat'><strong>’“</strong></span> <span class='ocrx_word' id='word_1_268' title='bbox 1403 2744 1572 2812; x_wconf 83' lang='lat' dir='ltr'><strong><em>aliud,</em></strong></span> <span class='ocrx_word' id='word_1_269' title='bbox 1606 2748 1845 2817; x_wconf 84' lang='lat' dir='ltr'><strong><em>idemque</em></strong></span> 
     </span>
    </p>
   </div>
   <div class='ocr_carea' id='block_1_31' title="bbox 266 2834 1840 2906">
    <p class='ocr_par' dir='ltr' id='par_1_31' title="bbox 266 2834 1840 2906">
     <span class='ocr_line' id='line_1_31' title="bbox 266 2834 1840 2906; baseline 0.004 -19"><span class='ocrx_word' id='word_1_270' title='bbox 266 2844 495 2905; x_wconf 87' lang='lat' dir='ltr'><strong><em>tempore</em></strong></span> <span class='ocrx_word' id='word_1_271' title='bbox 516 2834 831 2903; x_wconf 80' lang='lat' dir='ltr'><strong><em>prtecedens,</em></strong></span> <span class='ocrx_word' id='word_1_272' title='bbox 855 2834 1045 2889; x_wconf 85' lang='lat' dir='ltr'><strong><em>habere</em></strong></span> <span class='ocrx_word' id='word_1_273' title='bbox 1067 2850 1173 2889; x_wconf 85' lang='lat' dir='ltr'><strong><em>rent</em></strong></span> <span class='ocrx_word' id='word_1_274' title='bbox 1196 2836 1249 2890; x_wconf 86' lang='lat' dir='ltr'><strong><em>in</em></strong></span> <span class='ocrx_word' id='word_1_275' title='bbox 1271 2836 1534 2895; x_wconf 82' lang='lat' dir='ltr'><strong><em>intellectu</em></strong></span> <span class='ocrx_word' id='word_1_276' title='bbox 1558 2856 1576 2904; x_wconf 87' lang='lat'><strong><em>;</em></strong></span> <span class='ocrx_word' id='word_1_277' title='bbox 1598 2850 1645 2894; x_wconf 88' lang='lat' dir='ltr'><strong><em>et</em></strong></span> <span class='ocrx_word' id='word_1_278' title='bbox 1672 2840 1840 2906; x_wconf 85' lang='lat' dir='ltr'><strong><em>aliud,</em></strong></span> 
     </span>
    </p>
   </div>
   <div class='ocr_carea' id='block_1_32' title="bbox 265 2921 1839 2996">
    <p class='ocr_par' dir='ltr' id='par_1_32' title="bbox 265 2921 1839 2996">
     <span class='ocr_line' id='line_1_32' title="bbox 265 2921 1839 2996; baseline 0.007 -22"><span class='ocrx_word' id='word_1_279' title='bbox 265 2922 504 2992; x_wconf 89' lang='lat' dir='ltr'><strong><em>idemque</em></strong></span> <span class='ocrx_word' id='word_1_280' title='bbox 531 2921 601 2954; x_wconf 74' lang='lat'><strong><em>&#39;“</em></strong></span> <span class='ocrx_word' id='word_1_281' title='bbox 622 2932 848 2991; x_wconf 89' lang='lat' dir='ltr'><strong><em>tempore</em></strong></span> <span class='ocrx_word' id='word_1_282' title='bbox 892 2940 1130 2993; x_wconf 85' lang='lat' dir='ltr'><strong><em>sequens,</em></strong></span> <span class='ocrx_word' id='word_1_283' title='bbox 1156 2924 1445 2996; x_wconf 83' lang='lat' dir='ltr'><strong><em>intelligere</em></strong></span> <span class='ocrx_word' id='word_1_284' title='bbox 1488 2944 1595 2982; x_wconf 85' lang='lat' dir='ltr'><strong><em>rem</em></strong></span> <span class='ocrx_word' id='word_1_285' title='bbox 1620 2945 1749 2992; x_wconf 83' lang='lat' dir='ltr'><strong><em>esse,</em></strong></span> <span class='ocrx_word' id='word_1_286' title='bbox 1782 2942 1839 2984; x_wconf 88' lang='lat' dir='ltr'><strong><em>ut</em></strong></span> 
     </span>
    </p>
   </div>
   <div class='ocr_carea' id='block_1_33' title="bbox 1953 464 3535 535">
    <p class='ocr_par' dir='ltr' id='par_1_33' title="bbox 1953 464 3535 535">
     <span class='ocr_line' id='line_1_33' title="bbox 1953 464 3535 535; baseline 0.005 -17"><span class='ocrx_word' id='word_1_287' title='bbox 1953 474 2134 519; x_wconf 87' lang='lat' dir='ltr'><strong><em>autem</em></strong></span> <span class='ocrx_word' id='word_1_288' title='bbox 2153 464 2298 530; x_wconf 84' lang='lat' dir='ltr'><strong><em>ista;</em></strong></span> <span class='ocrx_word' id='word_1_289' title='bbox 2326 465 2467 535; x_wconf 84' lang='lat' dir='ltr'><strong><em>quod</em></strong></span> <span class='ocrx_word' id='word_1_290' title='bbox 2484 466 2606 534; x_wconf 88' lang='lat' dir='ltr'><strong><em>jam</em></strong></span> <span class='ocrx_word' id='word_1_291' title='bbox 2648 466 2715 519; x_wconf 91' lang='lat' dir='ltr'><strong><em>sit</em></strong></span> <span class='ocrx_word' id='word_1_292' title='bbox 2761 466 2859 519; x_wconf 85' lang='lat' dir='ltr'><strong><em>ltoc</em></strong></span> <span class='ocrx_word' id='word_1_293' title='bbox 2884 466 2939 520; x_wconf 87' lang='lat' dir='ltr'><strong><em>in</em></strong></span> <span class='ocrx_word' id='word_1_294' title='bbox 2960 466 3223 521; x_wconf 85' lang='lat' dir='ltr'><strong><em>intellectu</em></strong></span> <span class='ocrx_word' id='word_1_295' title='bbox 3250 484 3386 535; x_wconf 84' lang='lat' dir='ltr'><strong><em>meo,</em></strong></span> <span class='ocrx_word' id='word_1_296' title='bbox 3415 488 3535 525; x_wconf 84' lang='lat' dir='ltr'><strong><em>cum</em></strong></span> 
     </span>
    </p>
   </div>
   <div class='ocr_carea' id='block_1_34' title="bbox 1953 554 3539 629">
    <p class='ocr_par' dir='ltr' id='par_1_34' title="bbox 1953 554 3539 629">
     <span class='ocr_line' id='line_1_34' title="bbox 1953 554 3539 629; baseline 0.005 -22"><span class='ocrx_word' id='word_1_297' title='bbox 1953 555 2196 610; x_wconf 87' lang='lat' dir='ltr'><strong><em>auditum</em></strong></span> <span class='ocrx_word' id='word_1_298' title='bbox 2249 554 2484 626; x_wconf 81' lang='lat' dir='ltr'><strong><em>intelligo</em></strong></span> <span class='ocrx_word' id='word_1_299' title='bbox 2518 571 2539 609; x_wconf 90' lang='lat'><strong><em>:</em></strong></span> <span class='ocrx_word' id='word_1_300' title='bbox 2565 555 2623 609; x_wconf 90' lang='lat' dir='ltr'><strong><em>in</em></strong></span> <span class='ocrx_word' id='word_1_301' title='bbox 2656 571 2759 625; x_wconf 90' lang='lat' dir='ltr'><strong><em>quo</em></strong></span> <span class='ocrx_word' id='word_1_302' title='bbox 2804 555 3044 611; x_wconf 84' lang='lat' dir='ltr'><strong><em>similiter</em></strong></span> <span class='ocrx_word' id='word_1_303' title='bbox 3070 573 3183 611; x_wconf 87' lang='lat' dir='ltr'><strong><em>esse</em></strong></span> <span class='ocrx_word' id='word_1_304' title='bbox 3209 574 3362 627; x_wconf 84' lang='lat' dir='ltr'><strong><em>posse</em></strong></span> <span class='ocrx_word' id='word_1_305' title='bbox 3388 576 3539 629; x_wconf 79' lang='lat' dir='ltr'><strong><em>quee-</em></strong></span> 
     </span>
    </p>
   </div>
   <div class='ocr_carea' id='block_1_35' title="bbox 1951 643 3535 720">
    <p class='ocr_par' dir='ltr' id='par_1_35' title="bbox 1951 643 3535 720">
     <span class='ocr_line' id='line_1_35' title="bbox 1951 643 3535 720; baseline 0.004 -21"><span class='ocrx_word' id='word_1_306' title='bbox 1951 662 2157 715; x_wconf 81' lang='lat' dir='ltr'><strong><em>cunque</em></strong></span> <span class='ocrx_word' id='word_1_307' title='bbox 2182 644 2289 700; x_wconf 91' lang='lat' dir='ltr'><strong><em>alia</em></strong></span> <span class='ocrx_word' id='word_1_308' title='bbox 2312 643 2534 711; x_wconf 84' lang='lat' dir='ltr'><strong><em>incerta,</em></strong></span> <span class='ocrx_word' id='word_1_309' title='bbox 2561 644 2638 701; x_wconf 84' lang='lat' dir='ltr'><strong><em>vel</em></strong></span> <span class='ocrx_word' id='word_1_310' title='bbox 2683 646 2843 701; x_wconf 84' lang='lat' dir='ltr'><strong><em>etiam</em></strong></span> <span class='ocrx_word' id='word_1_311' title='bbox 2876 645 3017 715; x_wconf 89' lang='lat' dir='ltr'><strong><em>falsa</em></strong></span> <span class='ocrx_word' id='word_1_312' title='bbox 3066 648 3132 701; x_wconf 87' lang='lat' dir='ltr'><strong><em>ab</em></strong></span> <span class='ocrx_word' id='word_1_313' title='bbox 3157 647 3358 719; x_wconf 88' lang='lat' dir='ltr'><strong><em>aliquo,</em></strong></span> <span class='ocrx_word' id='word_1_314' title='bbox 3382 650 3535 720; x_wconf 85' lang='lat' dir='ltr'><strong><em>cujus</em></strong></span> 
     </span>
    </p>
   </div>
   <div class='ocr_carea' id='block_1_36' title="bbox 1952 735 3527 812">
    <p class='ocr_par' dir='ltr' id='par_1_36' title="bbox 1952 735 3527 812">
     <span class='ocr_line' id='line_1_36' title="bbox 1952 735 3527 812; baseline 0.001 -21"><span class='ocrx_word' id='word_1_315' title='bbox 1952 736 2107 792; x_wconf 88' lang='lat' dir='ltr'><strong><em>verba</em></strong></span> <span class='ocrx_word' id='word_1_316' title='bbox 2127 736 2467 807; x_wconf 82' lang='lat' dir='ltr'><strong><em>intelligerent</em></strong></span> <span class='ocrx_word' id='word_1_317' title='bbox 2490 739 2632 793; x_wconf 89' lang='lat' dir='ltr'><strong><em>dicta</em></strong></span> <span class='ocrx_word' id='word_1_318' title='bbox 2667 740 2841 794; x_wconf 84' lang='lat' dir='ltr'><strong><em>adhuc</em></strong></span> <span class='ocrx_word' id='word_1_319' title='bbox 2863 739 2934 772; x_wconf 63' lang='grc' dir='ltr'><strong><em>’δ’</em></strong></span> <span class='ocrx_word' id='word_1_320' title='bbox 2953 750 3078 809; x_wconf 87' lang='lat' dir='ltr'><strong><em>puto</em></strong></span> <span class='ocrx_word' id='word_1_321' title='bbox 3103 757 3122 805; x_wconf 90' lang='lat'><strong><em>;</em></strong></span> <span class='ocrx_word' id='word_1_322' title='bbox 3150 750 3197 795; x_wconf 91' lang='lat' dir='ltr'><strong><em>et</em></strong></span> <span class='ocrx_word' id='word_1_323' title='bbox 3226 741 3445 812; x_wconf 76' lang='lat' dir='ltr'><strong><em>insuper</em></strong></span> <span class='ocrx_word' id='word_1_324' title='bbox 3456 735 3527 766; x_wconf 82' lang='lat'><strong><em>&quot;&#39;</em></strong></span> 
     </span>
    </p>
   </div>
   <div class='ocr_carea' id='block_1_37' title="bbox 1950 827 3533 901">
    <p class='ocr_par' dir='ltr' id='par_1_37' title="bbox 1950 827 3533 901">
     <span class='ocr_line' id='line_1_37' title="bbox 1950 827 3533 901; baseline 0.005 -20"><span class='ocrx_word' id='word_1_325' title='bbox 1950 827 2145 898; x_wconf 84' lang='lat' dir='ltr'><strong><em>magis,</em></strong></span> <span class='ocrx_word' id='word_1_326' title='bbox 2171 829 2218 882; x_wconf 89' lang='lat' dir='ltr'><strong><em>si</em></strong></span> <span class='ocrx_word' id='word_1_327' title='bbox 2251 827 2344 882; x_wconf 90' lang='lat' dir='ltr'><strong><em>illa</em></strong></span> <span class='ocrx_word' id='word_1_328' title='bbox 2377 829 2622 899; x_wconf 80' lang='lat' dir='ltr'><strong><em>deceptus</em></strong></span> <span class='ocrx_word' id='word_1_329' title='bbox 2650 830 2742 896; x_wconf 79' lang='grc'><strong><em>⁸⁸³,</em></strong></span> <span class='ocrx_word' id='word_1_330' title='bbox 2778 841 2835 885; x_wconf 85' lang='lat' dir='ltr'><strong><em>ut</em></strong></span> <span class='ocrx_word' id='word_1_331' title='bbox 2877 848 3016 901; x_wconf 67' lang='lat' dir='ltr'><strong><em>sape</em></strong></span> <span class='ocrx_word' id='word_1_332' title='bbox 3048 832 3108 900; x_wconf 72' lang='lat' dir='ltr'><strong><em>ﬁt</em></strong></span> <span class='ocrx_word' id='word_1_333' title='bbox 3136 831 3228 899; x_wconf 78' lang='lat'><strong><em>&quot;&#39;,</em></strong></span> <span class='ocrx_word' id='word_1_334' title='bbox 3271 833 3533 889; x_wconf 77' lang='lat' dir='ltr'><strong><em>crederm</em></strong></span> 
     </span>
    </p>
   </div>
   <div class='ocr_carea' id='block_1_38' title="bbox 1953 917 2851 987">
    <p class='ocr_par' dir='ltr' id='par_1_38' title="bbox 1953 917 2851 987">
     <span class='ocr_line' id='line_1_38' title="bbox 1953 917 2851 987; baseline 0.006 -15"><span class='ocrx_word' id='word_1_335' title='bbox 1953 917 2025 950; x_wconf 79' lang='grc'><strong><em>³⁸³</em></strong></span> <span class='ocrx_word' id='word_1_336' title='bbox 2044 919 2134 987; x_wconf 84' lang='lat' dir='ltr'><strong><em>qui</em></strong></span> <span class='ocrx_word' id='word_1_337' title='bbox 2156 920 2299 974; x_wconf 85' lang='lat' dir='ltr'><strong><em>istud</em></strong></span> <span class='ocrx_word' id='word_1_338' title='bbox 2322 920 2553 974; x_wconf 86' lang='lat' dir='ltr'><strong><em>nondum</em></strong></span> <span class='ocrx_word' id='word_1_339' title='bbox 2578 920 2649 953; x_wconf 76' lang='lat'><strong>’“</strong></span> <span class='ocrx_word' id='word_1_340' title='bbox 2673 922 2851 977; x_wconf 83' lang='lat' dir='ltr'><strong><em>credo.</em></strong></span> 
     </span>
    </p>
   </div>
   <div class='ocr_carea' id='block_1_39' title="bbox 2023 1008 3534 1085">
    <p class='ocr_par' dir='ltr' id='par_1_39' title="bbox 2023 1008 3534 1085">
     <span class='ocr_line' id='line_1_39' title="bbox 2023 1008 3534 1085; baseline 0.003 -21"><span class='ocrx_word' id='word_1_341' title='bbox 2023 1009 2076 1065; x_wconf 75' lang='lat'><strong><em>3.</em></strong></span> <span class='ocrx_word' id='word_1_342' title='bbox 2103 1008 2256 1065; x_wconf 87' lang='lat' dir='ltr'><strong><em>Unde</em></strong></span> <span class='ocrx_word' id='word_1_343' title='bbox 2305 1027 2399 1066; x_wconf 87' lang='lat' dir='ltr'><strong><em>nec</em></strong></span> <span class='ocrx_word' id='word_1_344' title='bbox 2425 1012 2495 1044; x_wconf 77' lang='lat'><strong><em>&quot;&#39;</em></strong></span> <span class='ocrx_word' id='word_1_345' title='bbox 2525 1011 2657 1066; x_wconf 85' lang='lat' dir='ltr'><strong><em>illud</em></strong></span> <span class='ocrx_word' id='word_1_346' title='bbox 2686 1013 2978 1084; x_wconf 71' lang='lat' dir='ltr'><strong><em>exemplum</em></strong></span> <span class='ocrx_word' id='word_1_347' title='bbox 3009 1015 3075 1069; x_wconf 85' lang='lat' dir='ltr'><strong><em>de</em></strong></span> <span class='ocrx_word' id='word_1_348' title='bbox 3104 1015 3321 1085; x_wconf 83' lang='lat' dir='ltr'><strong><em>pictore,</em></strong></span> <span class='ocrx_word' id='word_1_349' title='bbox 3361 1014 3534 1085; x_wconf 85' lang='lat' dir='ltr'><strong><em>pictu-</em></strong></span> 
     </span>
    </p>
   </div>
   <div class='ocr_carea' id='block_1_40' title="bbox 1955 1102 3532 1174">
    <p class='ocr_par' dir='ltr' id='par_1_40' title="bbox 1955 1102 3532 1174">
     <span class='ocr_line' id='line_1_40' title="bbox 1955 1102 3532 1174; baseline 0.005 -22"><span class='ocrx_word' id='word_1_350' title='bbox 1955 1114 2088 1167; x_wconf 89' lang='lat' dir='ltr'><strong><em>ram,</em></strong></span> <span class='ocrx_word' id='word_1_351' title='bbox 2117 1116 2273 1170; x_wconf 80' lang='lat' dir='ltr'><strong><em>quam</em></strong></span> <span class='ocrx_word' id='word_1_352' title='bbox 2304 1102 2544 1171; x_wconf 86' lang='lat' dir='ltr'><strong><em>facturus</em></strong></span> <span class='ocrx_word' id='word_1_353' title='bbox 2568 1113 2665 1168; x_wconf 87' lang='lat' dir='ltr'><strong><em>est,</em></strong></span> <span class='ocrx_word' id='word_1_354' title='bbox 2695 1105 2813 1174; x_wconf 86' lang='lat' dir='ltr'><strong><em>jam</em></strong></span> <span class='ocrx_word' id='word_1_355' title='bbox 2863 1105 2919 1159; x_wconf 91' lang='lat' dir='ltr'><strong><em>in</em></strong></span> <span class='ocrx_word' id='word_1_356' title='bbox 2966 1105 3230 1160; x_wconf 83' lang='lat' dir='ltr'><strong><em>intellectu</em></strong></span> <span class='ocrx_word' id='word_1_357' title='bbox 3290 1106 3532 1171; x_wconf 80' lang='lat' dir='ltr'><strong><em>habente,</em></strong></span> 
     </span>
    </p>
   </div>
   <div class='ocr_carea' id='block_1_41' title="bbox 1952 1193 3531 1268">
    <p class='ocr_par' dir='ltr' id='par_1_41' title="bbox 1952 1193 3531 1268">
     <span class='ocr_line' id='line_1_41' title="bbox 1952 1193 3531 1268; baseline 0.003 -21"><span class='ocrx_word' id='word_1_358' title='bbox 1952 1193 2082 1248; x_wconf 88' lang='lat' dir='ltr'><strong><em>satis</em></strong></span> <span class='ocrx_word' id='word_1_359' title='bbox 2118 1193 2229 1265; x_wconf 75' lang='lat'><strong><em>36</em></strong></span> <span class='ocrx_word' id='word_1_360' title='bbox 2254 1204 2419 1265; x_wconf 79' lang='lat' dir='ltr'><strong><em>potest</em></strong></span> <span class='ocrx_word' id='word_1_361' title='bbox 2447 1195 2571 1252; x_wconf 68' lang='lat' dir='ltr'><strong><em>huic</em></strong></span> <span class='ocrx_word' id='word_1_362' title='bbox 2597 1205 2905 1266; x_wconf 84' lang='lat' dir='ltr'><strong><em>argumento</em></strong></span> <span class='ocrx_word' id='word_1_363' title='bbox 2933 1213 3237 1268; x_wconf 82' lang='lat' dir='ltr'><strong><em>congruere.</em></strong></span> <span class='ocrx_word' id='word_1_364' title='bbox 3270 1196 3376 1251; x_wconf 85' lang='lat' dir='ltr'><strong><em>Illa</em></strong></span> <span class='ocrx_word' id='word_1_365' title='bbox 3395 1197 3531 1252; x_wconf 84' lang='lat' dir='ltr'><strong><em>enim</em></strong></span> 
     </span>
    </p>
   </div>
   <div class='ocr_carea' id='block_1_42' title="bbox 1951 1284 3530 1357">
    <p class='ocr_par' dir='ltr' id='par_1_42' title="bbox 1951 1284 3530 1357">
     <span class='ocr_line' id='line_1_42' title="bbox 1951 1284 3530 1357; baseline 0.003 -20"><span class='ocrx_word' id='word_1_366' title='bbox 1951 1284 2186 1352; x_wconf 82' lang='lat' dir='ltr'><strong><em>pictura,</em></strong></span> <span class='ocrx_word' id='word_1_367' title='bbox 2242 1296 2521 1357; x_wconf 83' lang='lat' dir='ltr'><strong><em>antequam</em></strong></span> <span class='ocrx_word' id='word_1_368' title='bbox 2570 1287 2665 1355; x_wconf 81' lang='lat' dir='ltr'><strong><em>ﬁat</em></strong></span> <span class='ocrx_word' id='word_1_369' title='bbox 2704 1286 2797 1354; x_wconf 76' lang='lat'><strong><em>&quot;°,</em></strong></span> <span class='ocrx_word' id='word_1_370' title='bbox 2822 1287 2877 1341; x_wconf 90' lang='lat' dir='ltr'><strong><em>in</em></strong></span> <span class='ocrx_word' id='word_1_371' title='bbox 2915 1287 3030 1357; x_wconf 90' lang='lat' dir='ltr'><strong><em>ipsa</em></strong></span> <span class='ocrx_word' id='word_1_372' title='bbox 3066 1288 3279 1356; x_wconf 84' lang='lat' dir='ltr'><strong><em>pictoris</em></strong></span> <span class='ocrx_word' id='word_1_373' title='bbox 3323 1298 3437 1341; x_wconf 88' lang='lat' dir='ltr'><strong><em>arte</em></strong></span> <span class='ocrx_word' id='word_1_374' title='bbox 3459 1286 3530 1318; x_wconf 81' lang='lat'><strong><em>&#39;&quot;</em></strong></span> 
     </span>
    </p>
   </div>
   <div class='ocr_carea' id='block_1_43' title="bbox 1952 1375 3532 1451">
    <p class='ocr_par' dir='ltr' id='par_1_43' title="bbox 1952 1375 3532 1451">
     <span class='ocr_line' id='line_1_43' title="bbox 1952 1375 3532 1451; baseline 0.004 -24"><span class='ocrx_word' id='word_1_375' title='bbox 1952 1375 2198 1442; x_wconf 85' lang='lat' dir='ltr'><strong><em>habetur;</em></strong></span> <span class='ocrx_word' id='word_1_376' title='bbox 2249 1387 2297 1432; x_wconf 90' lang='lat' dir='ltr'><strong><em>et</em></strong></span> <span class='ocrx_word' id='word_1_377' title='bbox 2328 1378 2433 1433; x_wconf 85' lang='lat' dir='ltr'><strong><em>tale</em></strong></span> <span class='ocrx_word' id='word_1_378' title='bbox 2464 1379 2730 1446; x_wconf 76' lang='lat' dir='ltr'><strong><em>quidpiam</em></strong></span> <span class='ocrx_word' id='word_1_379' title='bbox 2772 1379 2831 1435; x_wconf 89' lang='lat' dir='ltr'><strong><em>in</em></strong></span> <span class='ocrx_word' id='word_1_380' title='bbox 2874 1389 2988 1434; x_wconf 89' lang='lat' dir='ltr'><strong><em>arte</em></strong></span> <span class='ocrx_word' id='word_1_381' title='bbox 3034 1379 3257 1451; x_wconf 66' lang='lat' dir='ltr'><strong><em>artiﬁcis</em></strong></span> <span class='ocrx_word' id='word_1_382' title='bbox 3302 1379 3532 1448; x_wconf 80' lang='lat' dir='ltr'><strong><em>alicujus</em></strong></span> 
     </span>
    </p>
   </div>
   <div class='ocr_carea' id='block_1_44' title="bbox 1954 1464 3531 1541">
    <p class='ocr_par' dir='ltr' id='par_1_44' title="bbox 1954 1464 3531 1541">
     <span class='ocr_line' id='line_1_44' title="bbox 1954 1464 3531 1541; baseline 0.003 -23"><span class='ocrx_word' id='word_1_383' title='bbox 1954 1464 2085 1520; x_wconf 85' lang='lat' dir='ltr'><strong><em>nihil</em></strong></span> <span class='ocrx_word' id='word_1_384' title='bbox 2103 1476 2177 1523; x_wconf 90' lang='lat' dir='ltr'><strong><em>est</em></strong></span> <span class='ocrx_word' id='word_1_385' title='bbox 2198 1467 2347 1522; x_wconf 87' lang='lat' dir='ltr'><strong><em>aliud</em></strong></span> <span class='ocrx_word' id='word_1_386' title='bbox 2364 1484 2524 1535; x_wconf 83' lang='lat' dir='ltr'><strong><em>quam</em></strong></span> <span class='ocrx_word' id='word_1_387' title='bbox 2544 1486 2668 1539; x_wconf 90' lang='lat' dir='ltr'><strong><em>pars</em></strong></span> <span class='ocrx_word' id='word_1_388' title='bbox 2686 1470 2930 1541; x_wconf 64' lang='lat' dir='ltr'><strong><em>quendam</em></strong></span> <span class='ocrx_word' id='word_1_389' title='bbox 2954 1469 3308 1539; x_wconf 65' lang='lat' dir='ltr'><strong><em>intelligentia:</em></strong></span> <span class='ocrx_word' id='word_1_390' title='bbox 3334 1469 3531 1539; x_wconf 84' lang='lat' dir='ltr'><strong><em>ipsius;</em></strong></span> 
     </span>
    </p>
   </div>
   <div class='ocr_carea' id='block_1_45' title="bbox 1951 1556 3530 1631">
    <p class='ocr_par' dir='ltr' id='par_1_45' title="bbox 1951 1556 3530 1631">
     <span class='ocr_line' id='line_1_45' title="bbox 1951 1556 3530 1631; baseline 0.003 -22"><span class='ocrx_word' id='word_1_391' title='bbox 1951 1556 2076 1625; x_wconf 87' lang='lat' dir='ltr'><strong><em>quia</em></strong></span> <span class='ocrx_word' id='word_1_392' title='bbox 2098 1567 2145 1612; x_wconf 91' lang='lat' dir='ltr'><strong><em>et</em></strong></span> <span class='ocrx_word' id='word_1_393' title='bbox 2178 1557 2335 1627; x_wconf 78' lang='lat' dir='ltr'><strong><em>(sicut</em></strong></span> <span class='ocrx_word' id='word_1_394' title='bbox 2354 1559 2425 1592; x_wconf 79' lang='grc'><strong><em>⁸³⁸</em></strong></span> <span class='ocrx_word' id='word_1_395' title='bbox 2436 1570 2647 1616; x_wconf 83' lang='lat' dir='ltr'><strong><em>sanctus</em></strong></span> <span class='ocrx_word' id='word_1_396' title='bbox 2668 1561 2987 1631; x_wconf 76' lang='lat' dir='ltr'><strong><em>Augustinus</em></strong></span> <span class='ocrx_word' id='word_1_397' title='bbox 3007 1561 3105 1630; x_wconf 80' lang='lat' dir='ltr'><strong><em>sit)</em></strong></span> <span class='ocrx_word' id='word_1_398' title='bbox 3123 1574 3243 1615; x_wconf 85' lang='lat' dir='ltr'><strong><em>cum</em></strong></span> <span class='ocrx_word' id='word_1_399' title='bbox 3264 1560 3413 1630; x_wconf 79' lang='lat' dir='ltr'><strong><em>faber</em></strong></span> <span class='ocrx_word' id='word_1_400' title='bbox 3438 1576 3530 1614; x_wconf 86' lang='lat' dir='ltr'><strong><em>ar-</em></strong></span> 
     </span>
    </p>
   </div>
   <div class='ocr_carea' id='block_1_46' title="bbox 1953 1649 3532 1721">
    <p class='ocr_par' dir='ltr' id='par_1_46' title="bbox 1953 1649 3532 1721">
     <span class='ocr_line' id='line_1_46' title="bbox 1953 1649 3532 1721; baseline 0.003 -22"><span class='ocrx_word' id='word_1_401' title='bbox 1953 1662 2071 1700; x_wconf 89' lang='lat' dir='ltr'><strong><em>cam</em></strong></span> <span class='ocrx_word' id='word_1_402' title='bbox 2108 1649 2346 1717; x_wconf 84' lang='lat' dir='ltr'><strong><em>facturus</em></strong></span> <span class='ocrx_word' id='word_1_403' title='bbox 2383 1651 2443 1707; x_wconf 90' lang='lat' dir='ltr'><strong><em>in</em></strong></span> <span class='ocrx_word' id='word_1_404' title='bbox 2487 1667 2659 1721; x_wconf 86' lang='lat' dir='ltr'><strong><em>opere,</em></strong></span> <span class='ocrx_word' id='word_1_405' title='bbox 2700 1653 2849 1721; x_wconf 89' lang='lat' dir='ltr'><strong><em>prius</em></strong></span> <span class='ocrx_word' id='word_1_406' title='bbox 2901 1651 3057 1707; x_wconf 82' lang='lat' dir='ltr'><strong><em>habet</em></strong></span> <span class='ocrx_word' id='word_1_407' title='bbox 3102 1651 3253 1707; x_wconf 84' lang='lat' dir='ltr'><strong><em>illam</em></strong></span> <span class='ocrx_word' id='word_1_408' title='bbox 3291 1652 3348 1708; x_wconf 89' lang='lat' dir='ltr'><strong><em>in</em></strong></span> <span class='ocrx_word' id='word_1_409' title='bbox 3374 1661 3489 1706; x_wconf 84' lang='lat' dir='ltr'><strong><em>arte</em></strong></span> <span class='ocrx_word' id='word_1_410' title='bbox 3512 1664 3532 1703; x_wconf 90' lang='lat'><strong><em>:</em></strong></span> 
     </span>
    </p>
   </div>
   <div class='ocr_carea' id='block_1_47' title="bbox 1955 1738 3531 1810">
    <p class='ocr_par' dir='ltr' id='par_1_47' title="bbox 1955 1738 3531 1810">
     <span class='ocr_line' id='line_1_47' title="bbox 1955 1738 3531 1810; baseline 0.003 -21"><span class='ocrx_word' id='word_1_411' title='bbox 1955 1752 2102 1802; x_wconf 91' lang='lat' dir='ltr'><strong><em>arca,</em></strong></span> <span class='ocrx_word' id='word_1_412' title='bbox 2133 1754 2251 1807; x_wconf 79' lang='lat' dir='ltr'><strong><em>qutc</em></strong></span> <span class='ocrx_word' id='word_1_413' title='bbox 2282 1738 2341 1806; x_wconf 80' lang='lat' dir='ltr'><strong><em>fit</em></strong></span> <span class='ocrx_word' id='word_1_414' title='bbox 2371 1739 2428 1795; x_wconf 90' lang='lat' dir='ltr'><strong><em>in</em></strong></span> <span class='ocrx_word' id='word_1_415' title='bbox 2457 1756 2632 1809; x_wconf 85' lang='lat' dir='ltr'><strong><em>opere,</em></strong></span> <span class='ocrx_word' id='word_1_416' title='bbox 2682 1756 2788 1794; x_wconf 88' lang='lat' dir='ltr'><strong><em>non</em></strong></span> <span class='ocrx_word' id='word_1_417' title='bbox 2836 1749 2912 1794; x_wconf 82' lang='lat' dir='ltr'><strong><em>est</em></strong></span> <span class='ocrx_word' id='word_1_418' title='bbox 2965 1741 3113 1806; x_wconf 85' lang='lat' dir='ltr'><strong><em>vita;</em></strong></span> <span class='ocrx_word' id='word_1_419' title='bbox 3140 1756 3289 1806; x_wconf 87' lang='lat' dir='ltr'><strong><em>arca,</em></strong></span> <span class='ocrx_word' id='word_1_420' title='bbox 3309 1755 3428 1810; x_wconf 71' lang='lat' dir='ltr'><strong><em>qua</em></strong></span> <span class='ocrx_word' id='word_1_421' title='bbox 3454 1750 3531 1794; x_wconf 88' lang='lat' dir='ltr'><strong><em>est</em></strong></span> 
     </span>
    </p>
   </div>
   <div class='ocr_carea' id='block_1_48' title="bbox 1951 1831 3532 1902">
    <p class='ocr_par' dir='ltr' id='par_1_48' title="bbox 1951 1831 3532 1902">
     <span class='ocr_line' id='line_1_48' title="bbox 1951 1831 3532 1902; baseline -0.005 -13"><span class='ocrx_word' id='word_1_422' title='bbox 1951 1834 2007 1889; x_wconf 86' lang='lat' dir='ltr'><strong><em>in</em></strong></span> <span class='ocrx_word' id='word_1_423' title='bbox 2024 1842 2159 1897; x_wconf 85' lang='lat' dir='ltr'><strong><em>arte,</em></strong></span> <span class='ocrx_word' id='word_1_424' title='bbox 2191 1831 2296 1887; x_wconf 89' lang='lat' dir='ltr'><strong><em>vita</em></strong></span> <span class='ocrx_word' id='word_1_425' title='bbox 2333 1841 2459 1898; x_wconf 84' lang='lat' dir='ltr'><strong><em>est;</em></strong></span> <span class='ocrx_word' id='word_1_426' title='bbox 2490 1832 2614 1902; x_wconf 85' lang='lat' dir='ltr'><strong><em>quia</em></strong></span> <span class='ocrx_word' id='word_1_427' title='bbox 2659 1832 2783 1889; x_wconf 85' lang='lat' dir='ltr'><strong><em>vivit</em></strong></span> <span class='ocrx_word' id='word_1_428' title='bbox 2829 1832 3012 1887; x_wconf 82' lang='lat' dir='ltr'><strong><em>anima</em></strong></span> <span class='ocrx_word' id='word_1_429' title='bbox 3053 1832 3295 1900; x_wconf 78' lang='lat' dir='ltr'><strong><em>artificis,</em></strong></span> <span class='ocrx_word' id='word_1_430' title='bbox 3330 1831 3385 1883; x_wconf 90' lang='lat' dir='ltr'><strong><em>in</em></strong></span> <span class='ocrx_word' id='word_1_431' title='bbox 3425 1845 3532 1899; x_wconf 85' lang='lat' dir='ltr'><strong><em>qua</em></strong></span> 
     </span>
    </p>
   </div>
   <div class='ocr_carea' id='block_1_49' title="bbox 1951 1920 3531 1996">
    <p class='ocr_par' dir='ltr' id='par_1_49' title="bbox 1951 1920 3531 1996">
     <span class='ocr_line' id='line_1_49' title="bbox 1951 1920 3531 1996; baseline -0.005 -16"><span class='ocrx_word' id='word_1_432' title='bbox 1951 1933 2073 1980; x_wconf 86' lang='lat' dir='ltr'><strong><em>sunt</em></strong></span> <span class='ocrx_word' id='word_1_433' title='bbox 2132 1923 2235 1978; x_wconf 87' lang='lat' dir='ltr'><strong><em>ista</em></strong></span> <span class='ocrx_word' id='word_1_434' title='bbox 2291 1924 2494 1989; x_wconf 84' lang='lat' dir='ltr'><strong><em>omnia,</em></strong></span> <span class='ocrx_word' id='word_1_435' title='bbox 2543 1933 2823 1995; x_wconf 82' lang='lat' dir='ltr'><strong><em>antequam</em></strong></span> <span class='ocrx_word' id='word_1_436' title='bbox 2870 1924 3229 1994; x_wconf 78' lang='lat' dir='ltr'><strong><em>proferantur.</em></strong></span> <span class='ocrx_word' id='word_1_437' title='bbox 3281 1920 3349 1979; x_wconf 89' lang='lat' dir='ltr'><strong><em>Ut</em></strong></span> <span class='ocrx_word' id='word_1_438' title='bbox 3400 1920 3531 1996; x_wconf 85' lang='lat' dir='ltr'><strong><em>quid</em></strong></span> 
     </span>
    </p>
   </div>
   <div class='ocr_carea' id='block_1_50' title="bbox 1950 2010 3531 2083">
    <p class='ocr_par' dir='ltr' id='par_1_50' title="bbox 1950 2010 3531 2083">
     <span class='ocr_line' id='line_1_50' title="bbox 1950 2010 3531 2083; baseline 0.006 -19"><span class='ocrx_word' id='word_1_439' title='bbox 1950 2011 2087 2067; x_wconf 90' lang='lat' dir='ltr'><strong><em>enim</em></strong></span> <span class='ocrx_word' id='word_1_440' title='bbox 2109 2010 2164 2066; x_wconf 89' lang='lat' dir='ltr'><strong><em>in</em></strong></span> <span class='ocrx_word' id='word_1_441' title='bbox 2191 2010 2387 2066; x_wconf 79' lang='lat' dir='ltr'><strong><em>vivente</em></strong></span> <span class='ocrx_word' id='word_1_442' title='bbox 2413 2011 2633 2081; x_wconf 74' lang='lat' dir='ltr'><strong><em>artiﬁcis</em></strong></span> <span class='ocrx_word' id='word_1_443' title='bbox 2666 2013 2841 2068; x_wconf 86' lang='lat' dir='ltr'><strong><em>anima</em></strong></span> <span class='ocrx_word' id='word_1_444' title='bbox 2870 2012 2978 2069; x_wconf 82' lang='lat' dir='ltr'><strong><em>vita</em></strong></span> <span class='ocrx_word' id='word_1_445' title='bbox 3007 2012 3078 2045; x_wconf 85' lang='grc'><strong><em>⁹⁵⁹</em></strong></span> <span class='ocrx_word' id='word_1_446' title='bbox 3105 2023 3227 2069; x_wconf 82' lang='lat' dir='ltr'><strong><em>sunt</em></strong></span> <span class='ocrx_word' id='word_1_447' title='bbox 3250 2016 3352 2070; x_wconf 89' lang='lat' dir='ltr'><strong><em>ista</em></strong></span> <span class='ocrx_word' id='word_1_448' title='bbox 3378 2056 3395 2083; x_wconf 87' lang='lat'><strong><em>,</em></strong></span> <span class='ocrx_word' id='word_1_449' title='bbox 3425 2019 3531 2075; x_wconf 74' lang='lat' dir='ltr'><strong><em>nisi</em></strong></span> 
     </span>
    </p>
   </div>
   <div class='ocr_carea' id='block_1_51' title="bbox 1948 2103 3528 2180">
    <p class='ocr_par' dir='ltr' id='par_1_51' title="bbox 1948 2103 3528 2180">
     <span class='ocr_line' id='line_1_51' title="bbox 1948 2103 3528 2180; baseline 0.005 -23"><span class='ocrx_word' id='word_1_450' title='bbox 1948 2105 2073 2175; x_wconf 87' lang='lat' dir='ltr'><strong><em>quia</em></strong></span> <span class='ocrx_word' id='word_1_451' title='bbox 2116 2103 2249 2159; x_wconf 88' lang='lat' dir='ltr'><strong><em>nihil</em></strong></span> <span class='ocrx_word' id='word_1_452' title='bbox 2277 2114 2398 2159; x_wconf 80' lang='lat' dir='ltr'><strong><em>sunt</em></strong></span> <span class='ocrx_word' id='word_1_453' title='bbox 2427 2103 2576 2161; x_wconf 82' lang='lat' dir='ltr'><strong><em>aliud</em></strong></span> <span class='ocrx_word' id='word_1_454' title='bbox 2610 2121 2769 2176; x_wconf 87' lang='lat' dir='ltr'><strong><em>quam</em></strong></span> <span class='ocrx_word' id='word_1_455' title='bbox 2789 2105 3032 2171; x_wconf 80' lang='lat' dir='ltr'><strong><em>scientia,</em></strong></span> <span class='ocrx_word' id='word_1_456' title='bbox 3060 2107 3141 2162; x_wconf 83' lang='lat' dir='ltr'><strong><em>vel</em></strong></span> <span class='ocrx_word' id='word_1_457' title='bbox 3189 2107 3528 2180; x_wconf 69' lang='lat' dir='ltr'><strong><em>intelligentia</em></strong></span> 
     </span>
    </p>
   </div>
   <div class='ocr_carea' id='block_1_52' title="bbox 1950 2193 3530 2269">
    <p class='ocr_par' dir='ltr' id='par_1_52' title="bbox 1950 2193 3530 2269">
     <span class='ocr_line' id='line_1_52' title="bbox 1950 2193 3530 2269; baseline -0.005 -21"><span class='ocrx_word' id='word_1_458' title='bbox 1950 2193 2145 2249; x_wconf 81' lang='lat' dir='ltr'><strong><em>anima:</em></strong></span> <span class='ocrx_word' id='word_1_459' title='bbox 2170 2194 2337 2262; x_wconf 84' lang='lat' dir='ltr'><strong><em>ipsius</em></strong></span> <span class='ocrx_word' id='word_1_460' title='bbox 2359 2193 2388 2249; x_wconf 69' lang='grc'><strong><em>2</em></strong></span> <span class='ocrx_word' id='word_1_461' title='bbox 2434 2194 2502 2249; x_wconf 80' lang='lat' dir='ltr'><strong><em>At</em></strong></span> <span class='ocrx_word' id='word_1_462' title='bbox 2570 2212 2693 2251; x_wconf 81' lang='lat' dir='ltr'><strong><em>vero</em></strong></span> <span class='ocrx_word' id='word_1_463' title='bbox 2722 2196 2794 2229; x_wconf 85' lang='grc'><strong><em>⁹⁶⁹</em></strong></span> <span class='ocrx_word' id='word_1_464' title='bbox 2829 2196 3086 2269; x_wconf 83' lang='lat' dir='ltr'><strong><em>quidquid</em></strong></span> <span class='ocrx_word' id='word_1_465' title='bbox 3126 2208 3277 2253; x_wconf 62' lang='lat' dir='ltr'><strong><em>eum</em></strong></span> <span class='ocrx_word' id='word_1_466' title='bbox 3320 2200 3412 2254; x_wconf 72' lang='lat' dir='ltr'><strong><em>ma</em></strong></span> <span class='ocrx_word' id='word_1_467' title='bbox 3433 2202 3530 2268; x_wconf 55' lang='grc' dir='ltr'>θαι,</span> 
     </span>
    </p>
   </div>
   <div class='ocr_carea' id='block_1_53' title="bbox 1946 2284 3528 2357">
    <p class='ocr_par' dir='ltr' id='par_1_53' title="bbox 1946 2284 3528 2357">
     <span class='ocr_line' id='line_1_53' title="bbox 1946 2284 3528 2357; baseline 0.005 -21"><span class='ocrx_word' id='word_1_468' title='bbox 1946 2300 2064 2353; x_wconf 73' lang='lat' dir='ltr'><strong><em>quae</em></strong></span> <span class='ocrx_word' id='word_1_469' title='bbox 2090 2284 2161 2338; x_wconf 84' lang='lat' dir='ltr'><strong><em>ad</em></strong></span> <span class='ocrx_word' id='word_1_470' title='bbox 2180 2284 2347 2355; x_wconf 89' lang='lat' dir='ltr'><strong><em>ipsam</em></strong></span> <span class='ocrx_word' id='word_1_471' title='bbox 2384 2284 2571 2340; x_wconf 86' lang='lat' dir='ltr'><strong><em>mentis</em></strong></span> <span class='ocrx_word' id='word_1_472' title='bbox 2616 2296 2913 2341; x_wconf 83' lang='lat' dir='ltr'><strong><em>noscuntur</em></strong></span> <span class='ocrx_word' id='word_1_473' title='bbox 2954 2288 3215 2357; x_wconf 81' lang='lat' dir='ltr'><strong><em>pertinere</em></strong></span> <span class='ocrx_word' id='word_1_474' title='bbox 3257 2298 3528 2357; x_wconf 85' lang='lat' dir='ltr'><strong><em>naturam,</em></strong></span> 
     </span>
    </p>
   </div>
   <div class='ocr_carea' id='block_1_54' title="bbox 1947 2378 3531 2450">
    <p class='ocr_par' dir='ltr' id='par_1_54' title="bbox 1947 2378 3531 2450">
     <span class='ocr_line' id='line_1_54' title="bbox 1947 2378 3531 2450; baseline 0.004 -20"><span class='ocrx_word' id='word_1_475' title='bbox 1947 2386 2039 2431; x_wconf 91' lang='lat' dir='ltr'><strong><em>aut</em></strong></span> <span class='ocrx_word' id='word_1_476' title='bbox 2074 2378 2315 2431; x_wconf 85' lang='lat' dir='ltr'><strong><em>auditum</em></strong></span> <span class='ocrx_word' id='word_1_477' title='bbox 2336 2388 2430 2432; x_wconf 88' lang='lat' dir='ltr'><strong><em>aut</em></strong></span> <span class='ocrx_word' id='word_1_478' title='bbox 2477 2378 2828 2448; x_wconf 68' lang='lat' dir='ltr'><strong><em>excogitatum</em></strong></span> <span class='ocrx_word' id='word_1_479' title='bbox 2851 2379 3115 2434; x_wconf 82' lang='lat' dir='ltr'><strong><em>intellectu</em></strong></span> <span class='ocrx_word' id='word_1_480' title='bbox 3142 2381 3423 2450; x_wconf 82' lang='lat' dir='ltr'><strong><em>percipitur</em></strong></span> <span class='ocrx_word' id='word_1_481' title='bbox 3442 2398 3531 2437; x_wconf 85' lang='lat' dir='ltr'><strong><em>ve-</em></strong></span> 
     </span>
    </p>
   </div>
   <div class='ocr_carea' id='block_1_55' title="bbox 1947 2470 3525 2539">
    <p class='ocr_par' dir='ltr' id='par_1_55' title="bbox 1947 2470 3525 2539">
     <span class='ocr_line' id='line_1_55' title="bbox 1947 2470 3525 2539; baseline 0.003 -14"><span class='ocrx_word' id='word_1_482' title='bbox 1947 2486 2111 2539; x_wconf 85' lang='lat' dir='ltr'><strong><em>rum;</em></strong></span> <span class='ocrx_word' id='word_1_483' title='bbox 2163 2470 2312 2527; x_wconf 89' lang='lat' dir='ltr'><strong><em>aliud</em></strong></span> <span class='ocrx_word' id='word_1_484' title='bbox 2371 2471 2485 2526; x_wconf 88' lang='lat' dir='ltr'><strong><em>sine</em></strong></span> <span class='ocrx_word' id='word_1_485' title='bbox 2541 2471 2702 2528; x_wconf 84' lang='lat' dir='ltr'><strong><em>dubio</em></strong></span> <span class='ocrx_word' id='word_1_486' title='bbox 2763 2481 2841 2527; x_wconf 90' lang='lat' dir='ltr'><strong><em>est</em></strong></span> <span class='ocrx_word' id='word_1_487' title='bbox 2904 2487 3084 2528; x_wconf 79' lang='lat' dir='ltr'><strong><em>verum</em></strong></span> <span class='ocrx_word' id='word_1_488' title='bbox 3148 2472 3307 2539; x_wconf 85' lang='lat' dir='ltr'><strong><em>illud,</em></strong></span> <span class='ocrx_word' id='word_1_489' title='bbox 3374 2473 3525 2529; x_wconf 85' lang='lat' dir='ltr'><strong><em>aliud</em></strong></span> 
     </span>
    </p>
   </div>
   <div class='ocr_carea' id='block_1_56' title="bbox 1946 2560 3524 2633">
    <p class='ocr_par' dir='ltr' id='par_1_56' title="bbox 1946 2560 3524 2633">
     <span class='ocr_line' id='line_1_56' title="bbox 1946 2560 3524 2633; baseline 0.001 -16"><span class='ocrx_word' id='word_1_490' title='bbox 1946 2560 2236 2617; x_wconf 83' lang='lat' dir='ltr'><strong><em>intellectus</em></strong></span> <span class='ocrx_word' id='word_1_491' title='bbox 2273 2561 2347 2594; x_wconf 70' lang='grc' dir='ltr'><strong><em>’θ’</em></strong></span> <span class='ocrx_word' id='word_1_492' title='bbox 2380 2563 2489 2631; x_wconf 88' lang='lat' dir='ltr'><strong><em>ipse</em></strong></span> <span class='ocrx_word' id='word_1_493' title='bbox 2548 2579 2653 2633; x_wconf 89' lang='lat' dir='ltr'><strong><em>quo</em></strong></span> <span class='ocrx_word' id='word_1_494' title='bbox 2700 2562 2908 2633; x_wconf 83' lang='lat' dir='ltr'><strong><em>capitur</em></strong></span> <span class='ocrx_word' id='word_1_495' title='bbox 2952 2577 2974 2621; x_wconf 89' lang='lat'><strong><em>:</em></strong></span> <span class='ocrx_word' id='word_1_496' title='bbox 3023 2564 3272 2633; x_wconf 84' lang='lat' dir='ltr'><strong><em>quocirca</em></strong></span> <span class='ocrx_word' id='word_1_497' title='bbox 3313 2564 3524 2619; x_wconf 74' lang='lat' dir='ltr'><strong><em>etiamsi</em></strong></span> 
     </span>
    </p>
   </div>
   <div class='ocr_carea' id='block_1_57' title="bbox 1946 2651 3526 2724">
    <p class='ocr_par' dir='ltr' id='par_1_57' title="bbox 1946 2651 3526 2724">
     <span class='ocr_line' id='line_1_57' title="bbox 1946 2651 3526 2724; baseline 0.001 -18"><span class='ocrx_word' id='word_1_498' title='bbox 1946 2667 2124 2706; x_wconf 84' lang='lat' dir='ltr'><strong><em>verum</em></strong></span> <span class='ocrx_word' id='word_1_499' title='bbox 2146 2653 2214 2706; x_wconf 89' lang='lat' dir='ltr'><strong><em>sit</em></strong></span> <span class='ocrx_word' id='word_1_500' title='bbox 2234 2668 2345 2706; x_wconf 91' lang='lat' dir='ltr'><strong><em>esse</em></strong></span> <span class='ocrx_word' id='word_1_501' title='bbox 2377 2651 2601 2723; x_wconf 84' lang='lat' dir='ltr'><strong><em>aliquid.</em></strong></span> <span class='ocrx_word' id='word_1_502' title='bbox 2632 2668 2737 2723; x_wconf 84' lang='lat' dir='ltr'><strong><em>quo</em></strong></span> <span class='ocrx_word' id='word_1_503' title='bbox 2766 2652 2941 2722; x_wconf 84' lang='lat' dir='ltr'><strong><em>majus</em></strong></span> <span class='ocrx_word' id='word_1_504' title='bbox 2970 2653 3260 2723; x_wconf 79' lang='lat' dir='ltr'><strong><em>quidquam</em></strong></span> <span class='ocrx_word' id='word_1_505' title='bbox 3308 2662 3526 2724; x_wconf 88' lang='lat' dir='ltr'><strong><em>nequeat</em></strong></span> 
     </span>
    </p>
   </div>
   <div class='ocr_carea' id='block_1_58' title="bbox 1945 2742 3528 2813">
    <p class='ocr_par' dir='ltr' id='par_1_58' title="bbox 1945 2742 3528 2813">
     <span class='ocr_line' id='line_1_58' title="bbox 1945 2742 3528 2813; baseline 0.001 -17"><span class='ocrx_word' id='word_1_506' title='bbox 1945 2742 2165 2813; x_wconf 87' lang='lat' dir='ltr'><strong><em>cogitari</em></strong></span> <span class='ocrx_word' id='word_1_507' title='bbox 2193 2759 2213 2808; x_wconf 78' lang='lat'><strong><em>,-</em></strong></span> <span class='ocrx_word' id='word_1_508' title='bbox 2237 2759 2340 2798; x_wconf 90' lang='lat' dir='ltr'><strong><em>non</em></strong></span> <span class='ocrx_word' id='word_1_509' title='bbox 2361 2752 2537 2799; x_wconf 86' lang='lat' dir='ltr'><strong><em>tamen</em></strong></span> <span class='ocrx_word' id='word_1_510' title='bbox 2558 2744 2658 2798; x_wconf 87' lang='lat' dir='ltr'><strong><em>hoc</em></strong></span> <span class='ocrx_word' id='word_1_511' title='bbox 2680 2744 2924 2798; x_wconf 83' lang='lat' dir='ltr'><strong><em>auditum</em></strong></span> <span class='ocrx_word' id='word_1_512' title='bbox 2955 2753 3002 2797; x_wconf 90' lang='lat' dir='ltr'><strong><em>et</em></strong></span> <span class='ocrx_word' id='word_1_513' title='bbox 3026 2743 3371 2808; x_wconf 84' lang='lat' dir='ltr'><strong><em>intellectum,</em></strong></span> <span class='ocrx_word' id='word_1_514' title='bbox 3418 2747 3528 2799; x_wconf 81' lang='lat' dir='ltr'><strong><em>tale</em></strong></span> 
     </span>
    </p>
   </div>
   <div class='ocr_carea' id='block_1_59' title="bbox 1944 2833 3524 2903">
    <p class='ocr_par' dir='ltr' id='par_1_59' title="bbox 1944 2833 3524 2903">
     <span class='ocr_line' id='line_1_59' title="bbox 1944 2833 3524 2903; baseline 0 -16"><span class='ocrx_word' id='word_1_515' title='bbox 1944 2842 2044 2897; x_wconf 88' lang='lat' dir='ltr'><strong><em>est,</em></strong></span> <span class='ocrx_word' id='word_1_516' title='bbox 2066 2835 2237 2902; x_wconf 89' lang='lat' dir='ltr'><strong><em>qualis</em></strong></span> <span class='ocrx_word' id='word_1_517' title='bbox 2260 2833 2492 2888; x_wconf 89' lang='lat' dir='ltr'><strong><em>nondum</em></strong></span> <span class='ocrx_word' id='word_1_518' title='bbox 2514 2833 2657 2903; x_wconf 88' lang='lat' dir='ltr'><strong><em>facta</em></strong></span> <span class='ocrx_word' id='word_1_519' title='bbox 2672 2833 2878 2902; x_wconf 85' lang='lat' dir='ltr'><strong><em>pictura</em></strong></span> <span class='ocrx_word' id='word_1_520' title='bbox 2907 2834 2963 2887; x_wconf 90' lang='lat' dir='ltr'><strong><em>in</em></strong></span> <span class='ocrx_word' id='word_1_521' title='bbox 2994 2833 3261 2895; x_wconf 84' lang='lat' dir='ltr'><strong><em>intellectu</em></strong></span> <span class='ocrx_word' id='word_1_522' title='bbox 3287 2834 3524 2903; x_wconf 78' lang='lat' dir='ltr'><strong><em>pictoris.</em></strong></span> 
     </span>
    </p>
   </div>
   <div class='ocr_carea' id='block_1_60' title="bbox 2015 2923 3527 2994">
    <p class='ocr_par' dir='ltr' id='par_1_60' title="bbox 2015 2923 3527 2994">
     <span class='ocr_line' id='line_1_60' title="bbox 2015 2923 3527 2994; baseline 0 -16"><span class='ocrx_word' id='word_1_523' title='bbox 2015 2924 2069 2978; x_wconf 71' lang='grc'><strong><em>4.</em></strong></span> <span class='ocrx_word' id='word_1_524' title='bbox 2102 2923 2220 2979; x_wconf 84' lang='lat' dir='ltr'><strong><em>Huc</em></strong></span> <span class='ocrx_word' id='word_1_525' title='bbox 2264 2924 2463 2978; x_wconf 83' lang='lat' dir='ltr'><strong><em>accedit</em></strong></span> <span class='ocrx_word' id='word_1_526' title='bbox 2512 2923 2667 2990; x_wconf 90' lang='lat' dir='ltr'><strong><em>illud,</em></strong></span> <span class='ocrx_word' id='word_1_527' title='bbox 2723 2925 2864 2994; x_wconf 89' lang='lat' dir='ltr'><strong><em>quod</em></strong></span> <span class='ocrx_word' id='word_1_528' title='bbox 2895 2933 3252 2994; x_wconf 75' lang='lat' dir='ltr'><strong><em>prtetaxatum</em></strong></span> <span class='ocrx_word' id='word_1_529' title='bbox 3280 2933 3353 2977; x_wconf 83' lang='lat' dir='ltr'><strong><em>est</em></strong></span> <span class='ocrx_word' id='word_1_530' title='bbox 3377 2940 3527 2993; x_wconf 83' lang='lat' dir='ltr'><strong><em>supe-</em></strong></span> 
     </span>
    </p>
   </div>
   <div class='ocr_carea' id='block_1_61' title="bbox 1949 3014 3527 3088">
    <p class='ocr_par' dir='ltr' id='par_1_61' title="bbox 1949 3014 3527 3088">
     <span class='ocr_line' id='line_1_61' title="bbox 1949 3014 3527 3088; baseline 0.001 -20"><span class='ocrx_word' id='word_1_531' title='bbox 1949 3016 2103 3081; x_wconf 84' lang='lat' dir='ltr'><strong><em>rius;</em></strong></span> <span class='ocrx_word' id='word_1_532' title='bbox 2133 3016 2257 3085; x_wconf 87' lang='lat' dir='ltr'><strong><em>quia</em></strong></span> <span class='ocrx_word' id='word_1_533' title='bbox 2283 3016 2478 3070; x_wconf 88' lang='lat' dir='ltr'><strong><em>scilicet</em></strong></span> <span class='ocrx_word' id='word_1_534' title='bbox 2518 3015 2652 3069; x_wconf 89' lang='lat' dir='ltr'><strong><em>illud</em></strong></span> <span class='ocrx_word' id='word_1_535' title='bbox 2676 3016 2937 3080; x_wconf 82' lang='lat' dir='ltr'><strong><em>omnibus,</em></strong></span> <span class='ocrx_word' id='word_1_536' title='bbox 2977 3031 3094 3087; x_wconf 73' lang='lat' dir='ltr'><strong><em>qua:</em></strong></span> <span class='ocrx_word' id='word_1_537' title='bbox 3139 3014 3361 3088; x_wconf 84' lang='lat' dir='ltr'><strong><em>cogitari</em></strong></span> <span class='ocrx_word' id='word_1_538' title='bbox 3404 3031 3527 3085; x_wconf 86' lang='lat' dir='ltr'><strong><em>pos-</em></strong></span> 
     </span>
    </p>
   </div>
   <div class='ocr_carea' id='block_1_62' title="bbox 261 3101 3524 3175">
    <p class='ocr_par' dir='ltr' id='par_1_62' title="bbox 261 3101 3524 3175">
     <span class='ocr_line' id='line_1_62' title="bbox 261 3101 3524 3175; baseline 0.002 -23"><span class='ocrx_word' id='word_1_539' title='bbox 261 3101 453 3156; x_wconf 85' lang='lat' dir='ltr'><strong><em>deinde</em></strong></span> <span class='ocrx_word' id='word_1_540' title='bbox 481 3102 533 3156; x_wconf 88' lang='lat' dir='ltr'><strong><em>in</em></strong></span> <span class='ocrx_word' id='word_1_541' title='bbox 558 3118 726 3172; x_wconf 87' lang='lat' dir='ltr'><strong><em>opere.</em></strong></span> <span class='ocrx_word' id='word_1_542' title='bbox 755 3102 980 3168; x_wconf 86' lang='lat' dir='ltr'><strong><em>Deinde,</em></strong></span> <span class='ocrx_word' id='word_1_543' title='bbox 1017 3109 1099 3163; x_wconf 68' lang='lat' dir='ltr'><strong><em>vix</em></strong></span> <span class='ocrx_word' id='word_1_544' title='bbox 1131 3120 1362 3175; x_wconf 83' lang='lat' dir='ltr'><strong><em>unquam</em></strong></span> <span class='ocrx_word' id='word_1_545' title='bbox 1382 3106 1571 3175; x_wconf 89' lang='lat' dir='ltr'><strong><em>poterit</em></strong></span> <span class='ocrx_word' id='word_1_546' title='bbox 1600 3124 1709 3164; x_wconf 90' lang='lat' dir='ltr'><strong><em>esse</em></strong></span> <span class='ocrx_word' id='word_1_547' title='bbox 1728 3124 1841 3164; x_wconf 84' lang='lat' dir='ltr'><strong><em>cre-</em></strong></span> <span class='ocrx_word' id='word_1_548' title='bbox 1877 3101 1916 3113; x_wconf 61' lang='grc'>⁷</span> <span class='ocrx_word' id='word_1_549' title='bbox 1947 3106 2075 3171; x_wconf 87' lang='lat' dir='ltr'><strong><em>sint,</em></strong></span> <span class='ocrx_word' id='word_1_550' title='bbox 2122 3106 2318 3175; x_wconf 88' lang='lat' dir='ltr'><strong><em>majus,</em></strong></span> <span class='ocrx_word' id='word_1_551' title='bbox 2348 3105 2488 3175; x_wconf 86' lang='lat' dir='ltr'><strong><em>quod</em></strong></span> <span class='ocrx_word' id='word_1_552' title='bbox 2534 3104 2665 3160; x_wconf 80' lang='lat' dir='ltr'><strong><em>nihil</em></strong></span> <span class='ocrx_word' id='word_1_553' title='bbox 2721 3105 2869 3160; x_wconf 85' lang='lat' dir='ltr'><strong><em>aliud</em></strong></span> <span class='ocrx_word' id='word_1_554' title='bbox 2890 3105 2959 3138; x_wconf 80' lang='lat'><strong><em>&quot;’</em></strong></span> <span class='ocrx_word' id='word_1_555' title='bbox 2987 3121 3138 3175; x_wconf 86' lang='lat' dir='ltr'><strong><em>posse</em></strong></span> <span class='ocrx_word' id='word_1_556' title='bbox 3177 3120 3291 3161; x_wconf 86' lang='lat' dir='ltr'><strong><em>esse</em></strong></span> <span class='ocrx_word' id='word_1_557' title='bbox 3327 3104 3524 3159; x_wconf 86' lang='lat' dir='ltr'><strong><em>dicitur</em></strong></span> 
     </span>
    </p>
   </div>
   <div class='ocr_carea' id='block_1_63' title="bbox 263 3193 3527 3269">
    <p class='ocr_par' dir='ltr' id='par_1_63' title="bbox 263 3193 3527 3269">
     <span class='ocr_line' id='line_1_63' title="bbox 263 3193 3527 3269; baseline 0.002 -26"><span class='ocrx_word' id='word_1_558' title='bbox 263 3193 444 3259; x_wconf 76' lang='lat' dir='ltr'><strong><em>(libile,</em></strong></span> <span class='ocrx_word' id='word_1_559' title='bbox 482 3210 600 3247; x_wconf 87' lang='lat' dir='ltr'><strong><em>cum</em></strong></span> <span class='ocrx_word' id='word_1_560' title='bbox 635 3194 833 3249; x_wconf 88' lang='lat' dir='ltr'><strong><em>dictum</em></strong></span> <span class='ocrx_word' id='word_1_561' title='bbox 858 3204 905 3249; x_wconf 90' lang='lat' dir='ltr'><strong><em>et</em></strong></span> <span class='ocrx_word' id='word_1_562' title='bbox 929 3196 1175 3251; x_wconf 81' lang='lat' dir='ltr'><strong><em>auditum</em></strong></span> <span class='ocrx_word' id='word_1_563' title='bbox 1224 3194 1386 3264; x_wconf 87' lang='lat' dir='ltr'><strong><em>fuerit</em></strong></span> <span class='ocrx_word' id='word_1_564' title='bbox 1432 3197 1574 3253; x_wconf 86' lang='lat' dir='ltr'><strong><em>istud</em></strong></span> <span class='ocrx_word' id='word_1_565' title='bbox 1631 3215 1737 3253; x_wconf 89' lang='lat' dir='ltr'><strong><em>non</em></strong></span> <span class='ocrx_word' id='word_1_566' title='bbox 1771 3215 1832 3254; x_wconf 89' lang='lat' dir='ltr'><strong><em>eo</em></strong></span> <span class='ocrx_word' id='word_1_567' title='bbox 1945 3213 2099 3269; x_wconf 90' lang='lat' dir='ltr'><strong><em>quam</em></strong></span> <span class='ocrx_word' id='word_1_568' title='bbox 2142 3197 2251 3265; x_wconf 88' lang='lat' dir='ltr'><strong><em>ipse</em></strong></span> <span class='ocrx_word' id='word_1_569' title='bbox 2298 3195 2484 3261; x_wconf 87' lang='lat' dir='ltr'><strong><em>Deus;</em></strong></span> <span class='ocrx_word' id='word_1_570' title='bbox 2526 3205 2635 3250; x_wconf 91' lang='lat' dir='ltr'><strong><em>tam</em></strong></span> <span class='ocrx_word' id='word_1_571' title='bbox 2676 3213 2768 3269; x_wconf 85' lang='lat' dir='ltr'><strong><em>ego</em></strong></span> <span class='ocrx_word' id='word_1_572' title='bbox 2791 3197 2862 3228; x_wconf 79' lang='lat'><strong>’“</strong></span> <span class='ocrx_word' id='word_1_573' title='bbox 2881 3194 3169 3252; x_wconf 85' lang='lat' dir='ltr'><strong><em>secundum</em></strong></span> <span class='ocrx_word' id='word_1_574' title='bbox 3207 3210 3337 3259; x_wconf 90' lang='lat' dir='ltr'><strong><em>rem,</em></strong></span> <span class='ocrx_word' id='word_1_575' title='bbox 3363 3194 3527 3250; x_wconf 70' lang='lat' dir='ltr'><strong><em>velex</em></strong></span> 
     </span>
    </p>
   </div>
   <div class='ocr_carea' id='block_1_64' title="bbox 263 3283 3525 3360">
    <p class='ocr_par' dir='ltr' id='par_1_64' title="bbox 263 3283 3525 3360">
     <span class='ocr_line' id='line_1_64' title="bbox 263 3283 3525 3360; baseline -0 -20"><span class='ocrx_word' id='word_1_576' title='bbox 263 3286 334 3316; x_wconf 75' lang='lat'><strong><em>&quot;‘°</em></strong></span> <span class='ocrx_word' id='word_1_577' title='bbox 364 3285 521 3340; x_wconf 86' lang='lat' dir='ltr'><strong><em>modo</em></strong></span> <span class='ocrx_word' id='word_1_578' title='bbox 540 3300 689 3353; x_wconf 87' lang='lat' dir='ltr'><strong><em>posse</em></strong></span> <span class='ocrx_word' id='word_1_579' title='bbox 738 3287 960 3355; x_wconf 86' lang='lat' dir='ltr'><strong><em>cogitari</em></strong></span> <span class='ocrx_word' id='word_1_580' title='bbox 1008 3303 1112 3341; x_wconf 89' lang='lat' dir='ltr'><strong><em>non</em></strong></span> <span class='ocrx_word' id='word_1_581' title='bbox 1159 3303 1289 3349; x_wconf 83' lang='lat' dir='ltr'><strong><em>esse,</em></strong></span> <span class='ocrx_word' id='word_1_582' title='bbox 1320 3305 1422 3358; x_wconf 88' lang='lat' dir='ltr'><strong><em>quo</em></strong></span> <span class='ocrx_word' id='word_1_583' title='bbox 1470 3292 1629 3349; x_wconf 84' lang='lat' dir='ltr'><strong><em>etiam</em></strong></span> <span class='ocrx_word' id='word_1_584' title='bbox 1673 3300 1842 3360; x_wconf 86' lang='lat' dir='ltr'><strong><em>potest</em></strong></span> <span class='ocrx_word' id='word_1_585' title='bbox 1946 3288 2116 3355; x_wconf 88' lang='lat' dir='ltr'><strong><em>specie</em></strong></span> <span class='ocrx_word' id='word_1_586' title='bbox 2138 3289 2265 3341; x_wconf 88' lang='lat' dir='ltr'><strong><em>mihi</em></strong></span> <span class='ocrx_word' id='word_1_587' title='bbox 2289 3285 2365 3341; x_wconf 91' lang='lat' dir='ltr'><strong><em>vel</em></strong></span> <span class='ocrx_word' id='word_1_588' title='bbox 2387 3302 2451 3339; x_wconf 75' lang='lat' dir='ltr'><strong><em>ea:</em></strong></span> <span class='ocrx_word' id='word_1_589' title='bbox 2491 3304 2676 3357; x_wconf 87' lang='lat' dir='ltr'><strong><em>genere</em></strong></span> <span class='ocrx_word' id='word_1_590' title='bbox 2701 3295 2897 3351; x_wconf 82' lang='lat' dir='ltr'><strong><em>notam,</em></strong></span> <span class='ocrx_word' id='word_1_591' title='bbox 2931 3286 3162 3357; x_wconf 86' lang='lat' dir='ltr'><strong><em>cogitare</em></strong></span> <span class='ocrx_word' id='word_1_592' title='bbox 3182 3286 3424 3340; x_wconf 84' lang='lat' dir='ltr'><strong><em>auditum</em></strong></span> <span class='ocrx_word' id='word_1_593' title='bbox 3445 3283 3525 3339; x_wconf 72' lang='lat' dir='ltr'><strong><em>vel</em></strong></span> 
     </span>
    </p>
   </div>
   <div class='ocr_carea' id='block_1_65' title="bbox 260 3376 3524 3449">
    <p class='ocr_par' dir='ltr' id='par_1_65' title="bbox 260 3376 3524 3449">
     <span class='ocr_line' id='line_1_65' title="bbox 260 3376 3524 3449; baseline 0 -21"><span class='ocrx_word' id='word_1_594' title='bbox 260 3376 479 3446; x_wconf 77' lang='lat' dir='ltr'><strong><em>cogitari</em></strong></span> <span class='ocrx_word' id='word_1_595' title='bbox 508 3392 613 3431; x_wconf 88' lang='lat' dir='ltr'><strong><em>non</em></strong></span> <span class='ocrx_word' id='word_1_596' title='bbox 659 3392 768 3432; x_wconf 88' lang='lat' dir='ltr'><strong><em>esse</em></strong></span> <span class='ocrx_word' id='word_1_597' title='bbox 790 3376 930 3430; x_wconf 88' lang='lat' dir='ltr'><strong><em>Deus</em></strong></span> <span class='ocrx_word' id='word_1_598' title='bbox 954 3376 1048 3431; x_wconf 61' lang='grc' dir='ltr'><strong><em>θη.</em></strong></span> <span class='ocrx_word' id='word_1_599' title='bbox 1074 3376 1216 3432; x_wconf 81' lang='lat' dir='ltr'><strong><em>Nam</em></strong></span> <span class='ocrx_word' id='word_1_600' title='bbox 1251 3378 1295 3432; x_wconf 91' lang='lat' dir='ltr'><strong><em>si</em></strong></span> <span class='ocrx_word' id='word_1_601' title='bbox 1345 3395 1450 3434; x_wconf 91' lang='lat' dir='ltr'><strong><em>non</em></strong></span> <span class='ocrx_word' id='word_1_602' title='bbox 1492 3389 1657 3449; x_wconf 88' lang='lat' dir='ltr'><strong><em>potest</em></strong></span> <span class='ocrx_word' id='word_1_603' title='bbox 1687 3420 1703 3445; x_wconf 98' lang='lat'><strong><em>,</em></strong></span> <span class='ocrx_word' id='word_1_604' title='bbox 1742 3397 1841 3434; x_wconf 88' lang='lat' dir='ltr'><strong><em>cur</em></strong></span> <span class='ocrx_word' id='word_1_605' title='bbox 1946 3376 2001 3431; x_wconf 89' lang='lat' dir='ltr'><strong><em>in</em></strong></span> <span class='ocrx_word' id='word_1_606' title='bbox 2024 3376 2288 3431; x_wconf 87' lang='lat' dir='ltr'><strong><em>intellectu</em></strong></span> <span class='ocrx_word' id='word_1_607' title='bbox 2311 3376 2381 3409; x_wconf 74' lang='grc'><strong><em>⁸³³</em></strong></span> <span class='ocrx_word' id='word_1_608' title='bbox 2409 3376 2599 3431; x_wconf 81' lang='lat' dir='ltr'><strong><em>habere</em></strong></span> <span class='ocrx_word' id='word_1_609' title='bbox 2623 3393 2725 3431; x_wconf 89' lang='lat' dir='ltr'><strong><em>non</em></strong></span> <span class='ocrx_word' id='word_1_610' title='bbox 2756 3391 2992 3446; x_wconf 87' lang='lat' dir='ltr'><strong><em>possum,</em></strong></span> <span class='ocrx_word' id='word_1_611' title='bbox 3034 3392 3192 3448; x_wconf 86' lang='lat' dir='ltr'><strong><em>quam</em></strong></span> <span class='ocrx_word' id='word_1_612' title='bbox 3236 3392 3329 3430; x_wconf 87' lang='lat' dir='ltr'><strong><em>nec</em></strong></span> <span class='ocrx_word' id='word_1_613' title='bbox 3352 3376 3524 3443; x_wconf 84' lang='lat' dir='ltr'><strong><em>ipsum</em></strong></span> 
     </span>
    </p>
   </div>
   <div class='ocr_carea' id='block_1_66' title="bbox 261 3467 3522 3541">
    <p class='ocr_par' dir='ltr' id='par_1_66' title="bbox 261 3467 3522 3541">
     <span class='ocr_line' id='line_1_66' title="bbox 261 3467 3522 3541; baseline 0.003 -23"><span class='ocrx_word' id='word_1_614' title='bbox 261 3476 443 3519; x_wconf 84' lang='lat' dir='ltr'><strong><em>contra</em></strong></span> <span class='ocrx_word' id='word_1_615' title='bbox 473 3475 744 3535; x_wconf 81' lang='lat' dir='ltr'><strong><em>negantem</em></strong></span> <span class='ocrx_word' id='word_1_616' title='bbox 773 3476 865 3520; x_wconf 88' lang='lat' dir='ltr'><strong><em>aut</em></strong></span> <span class='ocrx_word' id='word_1_617' title='bbox 903 3467 1227 3521; x_wconf 87' lang='lat' dir='ltr'><strong><em>dubitantem</em></strong></span> <span class='ocrx_word' id='word_1_618' title='bbox 1270 3470 1409 3538; x_wconf 87' lang='lat' dir='ltr'><strong><em>quod</em></strong></span> <span class='ocrx_word' id='word_1_619' title='bbox 1438 3469 1485 3523; x_wconf 92' lang='lat' dir='ltr'><strong><em>si</em></strong></span> <span class='ocrx_word' id='word_1_620' title='bbox 1512 3469 1691 3541; x_wconf 89' lang='lat' dir='ltr'><strong><em>aliqua</em></strong></span> <span class='ocrx_word' id='word_1_621' title='bbox 1717 3472 1837 3528; x_wconf 89' lang='lat' dir='ltr'><strong><em>talis</em></strong></span> <span class='ocrx_word' id='word_1_622' title='bbox 1951 3467 2137 3535; x_wconf 84' lang='lat' dir='ltr'><strong><em>Deum,</em></strong></span> <span class='ocrx_word' id='word_1_623' title='bbox 2158 3484 2308 3538; x_wconf 78' lang='lat' dir='ltr'><strong><em>quem</em></strong></span> <span class='ocrx_word' id='word_1_624' title='bbox 2333 3469 2510 3538; x_wconf 73' lang='lat' dir='ltr'><strong><em>utique</em></strong></span> <span class='ocrx_word' id='word_1_625' title='bbox 2533 3467 2595 3521; x_wconf 77' lang='lat' dir='ltr'><strong><em>ob</em></strong></span> <span class='ocrx_word' id='word_1_626' title='bbox 2622 3468 2721 3521; x_wconf 74' lang='lat' dir='ltr'><strong><em>hoc</em></strong></span> <span class='ocrx_word' id='word_1_627' title='bbox 2744 3468 2914 3537; x_wconf 77' lang='lat' dir='ltr'><strong><em>ipsum</em></strong></span> <span class='ocrx_word' id='word_1_628' title='bbox 2935 3471 3091 3521; x_wconf 68' lang='lat' dir='ltr'><strong><em>etiam</em></strong></span> <span class='ocrx_word' id='word_1_629' title='bbox 3116 3483 3219 3522; x_wconf 77' lang='lat' dir='ltr'><strong><em>non</em></strong></span> <span class='ocrx_word' id='word_1_630' title='bbox 3246 3482 3357 3522; x_wconf 68' lang='lat' dir='ltr'><strong><em>ene</em></strong></span> <span class='ocrx_word' id='word_1_631' title='bbox 3381 3467 3522 3536; x_wconf 68' lang='grc' dir='ltr'><strong><em>θοαί-</em></strong></span> 
     </span>
    </p>
   </div>
   <div class='ocr_carea' id='block_1_67' title="bbox 260 3556 3524 3631">
    <p class='ocr_par' dir='ltr' id='par_1_67' title="bbox 260 3556 3524 3631">
     <span class='ocr_line' id='line_1_67' title="bbox 260 3556 3524 3631; baseline 0.001 -23"><span class='ocrx_word' id='word_1_632' title='bbox 260 3565 473 3621; x_wconf 73' lang='lat' dir='ltr'><strong><em>natura,</em></strong></span> <span class='ocrx_word' id='word_1_633' title='bbox 513 3565 621 3610; x_wconf 91' lang='lat' dir='ltr'><strong><em>tota</em></strong></span> <span class='ocrx_word' id='word_1_634' title='bbox 646 3557 744 3610; x_wconf 78' lang='lat' dir='ltr'><strong><em>ista</em></strong></span> <span class='ocrx_word' id='word_1_635' title='bbox 765 3557 1049 3627; x_wconf 87' lang='lat' dir='ltr'><strong><em>disputatio</em></strong></span> <span class='ocrx_word' id='word_1_636' title='bbox 1072 3569 1340 3628; x_wconf 88' lang='lat' dir='ltr'><strong><em>assumpta</em></strong></span> <span class='ocrx_word' id='word_1_637' title='bbox 1378 3569 1453 3615; x_wconf 86' lang='lat' dir='ltr'><strong><em>est</em></strong></span> <span class='ocrx_word' id='word_1_638' title='bbox 1483 3560 1510 3614; x_wconf 71' lang='lat'><strong><em>.9</em></strong></span> <span class='ocrx_word' id='word_1_639' title='bbox 1538 3560 1833 3631; x_wconf 85' lang='lat' dir='ltr'><strong><em>Postremo,</em></strong></span> <span class='ocrx_word' id='word_1_640' title='bbox 1943 3568 2059 3614; x_wconf 89' lang='lat' dir='ltr'><strong><em>tare</em></strong></span> <span class='ocrx_word' id='word_1_641' title='bbox 2095 3574 2304 3629; x_wconf 89' lang='lat' dir='ltr'><strong><em>possum</em></strong></span> <span class='ocrx_word' id='word_1_642' title='bbox 2348 3559 2441 3614; x_wconf 74' lang='lat' dir='ltr'><strong><em>m.</em></strong></span> <span class='ocrx_word' id='word_1_643' title='bbox 2488 3556 2670 3629; x_wconf 87' lang='lat' dir='ltr'><strong><em>Neque</em></strong></span> <span class='ocrx_word' id='word_1_644' title='bbox 2725 3558 2865 3613; x_wconf 86' lang='lat' dir='ltr'><strong><em>enim</em></strong></span> <span class='ocrx_word' id='word_1_645' title='bbox 2912 3566 3005 3611; x_wconf 86' lang='lat' dir='ltr'><strong><em>aut</em></strong></span> <span class='ocrx_word' id='word_1_646' title='bbox 3063 3572 3173 3611; x_wconf 86' lang='lat' dir='ltr'><strong><em>rem</em></strong></span> <span class='ocrx_word' id='word_1_647' title='bbox 3215 3557 3384 3628; x_wconf 81' lang='lat' dir='ltr'><strong><em>ipsum</em></strong></span> <span class='ocrx_word' id='word_1_648' title='bbox 3405 3571 3524 3627; x_wconf 68' lang='lat' dir='ltr'><strong><em>qua!</em></strong></span> 
     </span>
    </p>
   </div>
   <div class='ocr_carea' id='block_1_68' title="bbox 259 3630 3523 3723">
    <p class='ocr_par' dir='ltr' id='par_1_68' title="bbox 259 3630 3523 3723">
     <span class='ocr_line' id='line_1_68' title="bbox 259 3630 3523 3723; baseline 0.002 -26"><span class='ocrx_word' id='word_1_649' title='bbox 259 3645 399 3714; x_wconf 87' lang='lat' dir='ltr'><strong><em>quod</em></strong></span> <span class='ocrx_word' id='word_1_650' title='bbox 422 3645 526 3700; x_wconf 90' lang='lat' dir='ltr'><strong><em>tale</em></strong></span> <span class='ocrx_word' id='word_1_651' title='bbox 562 3646 628 3699; x_wconf 91' lang='lat' dir='ltr'><strong><em>sit</em></strong></span> <span class='ocrx_word' id='word_1_652' title='bbox 652 3630 806 3715; x_wconf 82' lang='lat' dir='ltr'><strong><em>illud,</em></strong></span> <span class='ocrx_word' id='word_1_653' title='bbox 838 3658 1019 3702; x_wconf 85' lang='lat' dir='ltr'><strong><em>utnon</em></strong></span> <span class='ocrx_word' id='word_1_654' title='bbox 1040 3650 1225 3717; x_wconf 84' lang='lat' dir='ltr'><strong><em>possit,</em></strong></span> <span class='ocrx_word' id='word_1_655' title='bbox 1256 3650 1357 3704; x_wconf 88' lang='lat' dir='ltr'><strong><em>nisi</em></strong></span> <span class='ocrx_word' id='word_1_656' title='bbox 1386 3666 1507 3705; x_wconf 73' lang='lat' dir='ltr'><strong><em>mox</em></strong></span> <span class='ocrx_word' id='word_1_657' title='bbox 1529 3630 1833 3723; x_wconf 82' lang='lat' dir='ltr'><strong><em>cogitatum,</em></strong></span> <span class='ocrx_word' id='word_1_658' title='bbox 1950 3650 2087 3706; x_wconf 87' lang='lat' dir='ltr'><strong><em>Deus</em></strong></span> <span class='ocrx_word' id='word_1_659' title='bbox 2118 3660 2215 3717; x_wconf 90' lang='lat' dir='ltr'><strong><em>est,</em></strong></span> <span class='ocrx_word' id='word_1_660' title='bbox 2253 3651 2369 3705; x_wconf 90' lang='lat' dir='ltr'><strong><em>novi</em></strong></span> <span class='ocrx_word' id='word_1_661' title='bbox 2393 3667 2412 3717; x_wconf 88' lang='lat'><em>;</em></span> <span class='ocrx_word' id='word_1_662' title='bbox 2434 3660 2523 3705; x_wconf 88' lang='lat' dir='ltr'><strong><em>aut</em></strong></span> <span class='ocrx_word' id='word_1_663' title='bbox 2558 3653 2725 3721; x_wconf 88' lang='lat' dir='ltr'><strong><em>ipsam</em></strong></span> <span class='ocrx_word' id='word_1_664' title='bbox 2771 3666 2983 3722; x_wconf 86' lang='lat' dir='ltr'><strong><em>possum</em></strong></span> <span class='ocrx_word' id='word_1_665' title='bbox 3027 3649 3287 3721; x_wconf 83' lang='lat' dir='ltr'><strong><em>conjicere</em></strong></span> <span class='ocrx_word' id='word_1_666' title='bbox 3330 3666 3395 3703; x_wconf 80' lang='lat' dir='ltr'><strong><em>ea:</em></strong></span> <span class='ocrx_word' id='word_1_667' title='bbox 3416 3648 3523 3703; x_wconf 88' lang='lat' dir='ltr'><strong><em>alia</em></strong></span> 
     </span>
    </p>
   </div>
   <div class='ocr_carea' id='block_1_69' title="bbox 257 3735 3524 3817">
    <p class='ocr_par' dir='ltr' id='par_1_69' title="bbox 257 3735 3524 3817">
     <span class='ocr_line' id='line_1_69' title="bbox 257 3735 3524 3817; baseline 0.002 -30"><span class='ocrx_word' id='word_1_668' title='bbox 257 3735 615 3793; x_wconf 76' lang='lat' dir='ltr'><strong><em>indubitabilis</em></strong></span> <span class='ocrx_word' id='word_1_669' title='bbox 633 3736 919 3793; x_wconf 65' lang='lat' dir='ltr'><strong><em>eminentia:</em></strong></span> <span class='ocrx_word' id='word_1_670' title='bbox 939 3755 1051 3795; x_wconf 73' lang='lat' dir='ltr'><strong><em>sua:</em></strong></span> <span class='ocrx_word' id='word_1_671' title='bbox 1068 3750 1205 3794; x_wconf 84' lang='lat' dir='ltr'><strong><em>certo</em></strong></span> <span class='ocrx_word' id='word_1_672' title='bbox 1223 3742 1416 3813; x_wconf 85' lang='lat' dir='ltr'><strong><em>percipi</em></strong></span> <span class='ocrx_word' id='word_1_673' title='bbox 1438 3742 1507 3777; x_wconf 69' lang='grc'><strong><em>⁸⁸⁸</em></strong></span> <span class='ocrx_word' id='word_1_674' title='bbox 1526 3744 1823 3811; x_wconf 85' lang='lat' dir='ltr'><strong><em>intellectu;</em></strong></span> <span class='ocrx_word' id='word_1_675' title='bbox 1945 3746 2105 3801; x_wconf 87' lang='lat' dir='ltr'><strong><em>simili</em></strong></span> <span class='ocrx_word' id='word_1_676' title='bbox 2151 3745 2248 3811; x_wconf 77' lang='lat'><strong><em>&quot;&quot;,</em></strong></span> <span class='ocrx_word' id='word_1_677' title='bbox 2282 3743 2701 3817; x_wconf 84' lang='lat' dir='ltr'><strong><em>quandoquidem</em></strong></span> <span class='ocrx_word' id='word_1_678' title='bbox 2722 3754 2768 3798; x_wconf 91' lang='lat' dir='ltr'><strong><em>et</em></strong></span> <span class='ocrx_word' id='word_1_679' title='bbox 2791 3753 2847 3797; x_wconf 90' lang='lat' dir='ltr'><strong><em>tu</em></strong></span> <span class='ocrx_word' id='word_1_680' title='bbox 2864 3741 3022 3797; x_wconf 86' lang='lat' dir='ltr'><strong><em>talem</em></strong></span> <span class='ocrx_word' id='word_1_681' title='bbox 3042 3741 3113 3775; x_wconf 81' lang='lat'><strong><em>&#39;“</em></strong></span> <span class='ocrx_word' id='word_1_682' title='bbox 3134 3742 3325 3797; x_wconf 90' lang='lat' dir='ltr'><strong><em>asseris</em></strong></span> <span class='ocrx_word' id='word_1_683' title='bbox 3350 3739 3524 3813; x_wconf 73' lang='lat' dir='ltr'><strong><em>illam,</em></strong></span> 
     </span>
    </p>
   </div>
   <div class='ocr_carea' id='block_1_70' title="bbox 1540 3857 2213 3917">
    <p class='ocr_par' dir='ltr' id='par_1_70' title="bbox 1540 3857 2213 3917">
     <span class='ocr_line' id='line_1_70' title="bbox 1540 3857 2213 3917; baseline 0.001 -5"><span class='ocrx_word' id='word_1_684' title='bbox 1540 3858 1625 3913; x_wconf 81' lang='lat' dir='ltr'><strong><em>VA</em></strong></span> <span class='ocrx_word' id='word_1_685' title='bbox 1636 3858 1774 3915; x_wconf 73' lang='lat' dir='ltr'><strong><em>RUE</em></strong></span> <span class='ocrx_word' id='word_1_686' title='bbox 1810 3857 2213 3917; x_wconf 84' lang='lat' dir='ltr'><strong><em>LECTIUNES.</em></strong></span> 
     </span>
    </p>
   </div>
   <div class='ocr_carea' id='block_1_71' title="bbox 267 3010 1837 3087">
    <p class='ocr_par' dir='ltr' id='par_1_71' title="bbox 267 3010 1837 3087">
     <span class='ocr_line' id='line_1_71' title="bbox 267 3010 1837 3087; baseline 0.006 -23"><span class='ocrx_word' id='word_1_687' title='bbox 267 3011 327 3077; x_wconf 80' lang='lat' dir='ltr'><strong><em>ﬁt</em></strong></span> <span class='ocrx_word' id='word_1_688' title='bbox 349 3010 417 3066; x_wconf 83' lang='lat' dir='ltr'><strong><em>de</em></strong></span> <span class='ocrx_word' id='word_1_689' title='bbox 461 3012 690 3082; x_wconf 87' lang='lat' dir='ltr'><strong><em>pictura,</em></strong></span> <span class='ocrx_word' id='word_1_690' title='bbox 730 3028 847 3084; x_wconf 71' lang='lat' dir='ltr'><strong><em>qua:</em></strong></span> <span class='ocrx_word' id='word_1_691' title='bbox 877 3014 1025 3082; x_wconf 89' lang='lat' dir='ltr'><strong><em>prius</em></strong></span> <span class='ocrx_word' id='word_1_692' title='bbox 1063 3022 1139 3069; x_wconf 89' lang='lat' dir='ltr'><strong><em>est</em></strong></span> <span class='ocrx_word' id='word_1_693' title='bbox 1163 3014 1217 3068; x_wconf 92' lang='lat' dir='ltr'><strong><em>in</em></strong></span> <span class='ocrx_word' id='word_1_694' title='bbox 1247 3015 1424 3069; x_wconf 85' lang='lat' dir='ltr'><strong><em>animo</em></strong></span> <span class='ocrx_word' id='word_1_695' title='bbox 1470 3016 1683 3087; x_wconf 88' lang='lat' dir='ltr'><strong><em>pictoris</em></strong></span> <span class='ocrx_word' id='word_1_696' title='bbox 1720 3018 1791 3051; x_wconf 65' lang='lat'><strong>9“</strong></span> <span class='ocrx_word' id='word_1_697' title='bbox 1821 3060 1837 3087; x_wconf 90' lang='lat'><strong><em>,</em></strong></span> 
     </span>
    </p>
   </div>
   <div class='ocr_carea' id='block_1_72' title="bbox 326 3944 3629 4011">
    <p class='ocr_par' dir='ltr' id='par_1_72' title="bbox 326 3944 3629 4011">
     <span class='ocr_line' id='line_1_72' title="bbox 326 3944 3629 4011; baseline 0.003 -12"><span class='ocrx_word' id='word_1_698' title='bbox 326 3944 393 3977; x_wconf 78' lang='lat'><strong><em>”’</em></strong></span> <span class='ocrx_word' id='word_1_699' title='bbox 420 3944 621 4000; x_wconf 86' lang='lat' dir='ltr'><strong><em>Tamen</em></strong></span> <span class='ocrx_word' id='word_1_700' title='bbox 643 3960 762 4002; x_wconf 89' lang='lat' dir='ltr'><strong><em>esse</em></strong></span> <span class='ocrx_word' id='word_1_701' title='bbox 782 3963 906 4001; x_wconf 85' lang='lat' dir='ltr'><strong><em>mss.</em></strong></span> <span class='ocrx_word' id='word_1_702' title='bbox 941 3944 1089 4002; x_wconf 80' lang='lat' dir='ltr'><strong><em>Gem.</em></strong></span> <span class='ocrx_word' id='word_1_703' title='bbox 1123 3948 1278 4003; x_wconf 87' lang='lat' dir='ltr'><strong><em>Corb.</em></strong></span> <span class='ocrx_word' id='word_1_704' title='bbox 1308 3950 1444 4005; x_wconf 87' lang='lat' dir='ltr'><strong><em>Thu.</em></strong></span> <span class='ocrx_word' id='word_1_705' title='bbox 1476 3967 1597 4008; x_wconf 92' lang='lat' dir='ltr'><strong><em>cum</em></strong></span> <span class='ocrx_word' id='word_1_706' title='bbox 1625 3967 1745 4009; x_wconf 82' lang='lat' dir='ltr'><strong><em>esse</em></strong></span> <span class='ocrx_word' id='word_1_707' title='bbox 1820 3955 1888 3988; x_wconf 76' lang='grc'><strong><em>⁸³³</em></strong></span> <span class='ocrx_word' id='word_1_708' title='bbox 1921 3956 2053 4011; x_wconf 85' lang='lat' dir='ltr'><strong><em>Esse</em></strong></span> <span class='ocrx_word' id='word_1_709' title='bbox 2091 3954 2145 4009; x_wconf 91' lang='lat' dir='ltr'><strong><em>in</em></strong></span> <span class='ocrx_word' id='word_1_710' title='bbox 2171 3953 2443 4009; x_wconf 82' lang='lat' dir='ltr'><strong><em>intellectu</em></strong></span> <span class='ocrx_word' id='word_1_711' title='bbox 2467 3960 2520 4007; x_wconf 87' lang='lat' dir='ltr'><strong><em>et</em></strong></span> <span class='ocrx_word' id='word_1_712' title='bbox 2546 3953 2596 4005; x_wconf 92' lang='lat' dir='ltr'><strong><em>in</em></strong></span> <span class='ocrx_word' id='word_1_713' title='bbox 2615 3968 2738 4006; x_wconf 88' lang='lat' dir='ltr'><strong><em>mss.</em></strong></span> <span class='ocrx_word' id='word_1_714' title='bbox 2774 3951 2910 4006; x_wconf 87' lang='lat' dir='ltr'><strong><em>Vict.</em></strong></span> <span class='ocrx_word' id='word_1_715' title='bbox 2936 3952 3021 4007; x_wconf 79' lang='grc'><strong><em>15.</em></strong></span> <span class='ocrx_word' id='word_1_716' title='bbox 3051 3963 3099 4007; x_wconf 92' lang='lat' dir='ltr'><strong><em>et</em></strong></span> <span class='ocrx_word' id='word_1_717' title='bbox 3134 3951 3322 4008; x_wconf 86' lang='lat' dir='ltr'><strong><em>Cister.</em></strong></span> <span class='ocrx_word' id='word_1_718' title='bbox 3346 3953 3518 4008; x_wconf 90' lang='lat' dir='ltr'><strong><em>omitt.</em></strong></span> <span class='ocrx_word' id='word_1_719' title='bbox 3611 3955 3629 3973; x_wconf 83' lang='lat'><strong><em>°</em></strong></span> 
     </span>
    </p>
   </div>
   <div class='ocr_carea' id='block_1_73' title="bbox 256 4015 3522 4093">
    <p class='ocr_par' dir='ltr' id='par_1_73' title="bbox 256 4015 3522 4093">
     <span class='ocr_line' id='line_1_73' title="bbox 256 4015 3522 4093; baseline 0.003 -26"><span class='ocrx_word' id='word_1_720' title='bbox 256 4017 307 4093; x_wconf 80' lang='lat' dir='ltr'><strong><em>in</em></strong></span> <span class='ocrx_word' id='word_1_721' title='bbox 334 4015 602 4070; x_wconf 86' lang='lat' dir='ltr'><strong><em>intellectu</em></strong></span> <span class='ocrx_word' id='word_1_722' title='bbox 624 4027 678 4093; x_wconf 77' lang='lat' dir='ltr'><strong><em>et</em></strong></span> <span class='ocrx_word' id='word_1_723' title='bbox 776 4017 850 4093; x_wconf 54' lang='grc' dir='ltr'><strong><em>’ξι</em></strong></span> <span class='ocrx_word' id='word_1_724' title='bbox 872 4017 950 4093; x_wconf 50' lang='lat' dir='ltr'><strong><em>Ac</em></strong></span> <span class='ocrx_word' id='word_1_725' title='bbox 976 4018 1020 4093; x_wconf 74' lang='lat' dir='ltr'><strong><em>si</em></strong></span> <span class='ocrx_word' id='word_1_726' title='bbox 1040 4016 1209 4086; x_wconf 83' lang='lat' dir='ltr'><strong><em>majus</em></strong></span> <span class='ocrx_word' id='word_1_727' title='bbox 1232 4037 1354 4093; x_wconf 74' lang='lat' dir='ltr'><strong><em>mss.</em></strong></span> <span class='ocrx_word' id='word_1_728' title='bbox 1376 4020 1504 4075; x_wconf 85' lang='lat' dir='ltr'><strong><em>Vict.</em></strong></span> <span class='ocrx_word' id='word_1_729' title='bbox 1538 4032 1585 4075; x_wconf 89' lang='lat' dir='ltr'><strong><em>et</em></strong></span> <span class='ocrx_word' id='word_1_730' title='bbox 1612 4021 1798 4077; x_wconf 86' lang='lat' dir='ltr'><strong><em>Cister.</em></strong></span> <span class='ocrx_word' id='word_1_731' title='bbox 1835 4040 1897 4081; x_wconf 83' lang='lat' dir='ltr'><strong><em>ac</em></strong></span> <span class='ocrx_word' id='word_1_732' title='bbox 1920 4041 2000 4081; x_wconf 72' lang='lat' dir='ltr'><strong><em>suc</em></strong></span> <span class='ocrx_word' id='word_1_733' title='bbox 2040 4024 2211 4093; x_wconf 80' lang='lat' dir='ltr'><strong><em>majus</em></strong></span> <span class='ocrx_word' id='word_1_734' title='bbox 2284 4024 2354 4055; x_wconf 79' lang='grc'><strong><em>’³⁸</em></strong></span> <span class='ocrx_word' id='word_1_735' title='bbox 2380 4023 2527 4089; x_wconf 82' lang='lat' dir='ltr'><strong><em>Quod</em></strong></span> <span class='ocrx_word' id='word_1_736' title='bbox 2559 4032 2642 4076; x_wconf 90' lang='lat' dir='ltr'><strong><em>est</em></strong></span> <span class='ocrx_word' id='word_1_737' title='bbox 2665 4021 2779 4087; x_wconf 80' lang='lat' dir='ltr'><strong><em>jam</em></strong></span> <span class='ocrx_word' id='word_1_738' title='bbox 2812 4023 3117 4092; x_wconf 85' lang='lat' dir='ltr'><strong><em>probatum,</em></strong></span> <span class='ocrx_word' id='word_1_739' title='bbox 3139 4023 3341 4093; x_wconf 86' lang='lat' dir='ltr'><strong><em>essein</em></strong></span> <span class='ocrx_word' id='word_1_740' title='bbox 3370 4023 3522 4078; x_wconf 76' lang='lat' dir='ltr'><strong><em>intel-</em></strong></span> 
     </span>
    </p>
   </div>
   <div class='ocr_carea' id='block_1_74' title="bbox 261 4086 3516 4164">
    <p class='ocr_par' dir='ltr' id='par_1_74' title="bbox 261 4086 3516 4164">
     <span class='ocr_line' id='line_1_74' title="bbox 261 4086 3516 4164; baseline 0.002 -27"><span class='ocrx_word' id='word_1_741' title='bbox 261 4086 511 4164; x_wconf 81' lang='lat' dir='ltr'><strong><em>lec_tu,_ct</em></strong></span> <span class='ocrx_word' id='word_1_742' title='bbox 534 4102 635 4140; x_wconf 88' lang='lat' dir='ltr'><strong><em>non</em></strong></span> <span class='ocrx_word' id='word_1_743' title='bbox 655 4086 853 4164; x_wconf 63' lang='lat' dir='ltr'><strong><em>insula</em></strong></span> <span class='ocrx_word' id='word_1_744' title='bbox 875 4087 1277 4164; x_wconf 75' lang='lat' dir='ltr'><strong><em>intellectu,sed</em></strong></span> <span class='ocrx_word' id='word_1_745' title='bbox 1303 4089 1354 4143; x_wconf 88' lang='lat' dir='ltr'><strong><em>in</em></strong></span> <span class='ocrx_word' id='word_1_746' title='bbox 1387 4106 1582 4164; x_wconf 60' lang='lat' dir='ltr'><strong><em>mutes.</em></strong></span> <span class='ocrx_word' id='word_1_747' title='bbox 1617 4093 1759 4164; x_wconf 83' lang='lat' dir='ltr'><strong><em>quod</em></strong></span> <span class='ocrx_word' id='word_1_748' title='bbox 1781 4107 1900 4149; x_wconf 89' lang='lat' dir='ltr'><strong><em>esse</em></strong></span> <span class='ocrx_word' id='word_1_749' title='bbox 1922 4096 2033 4164; x_wconf 89' lang='lat' dir='ltr'><strong><em>jam</em></strong></span> <span class='ocrx_word' id='word_1_750' title='bbox 2057 4086 2338 4163; x_wconf 74' lang='lat' dir='ltr'><strong><em>probatum</em></strong></span> <span class='ocrx_word' id='word_1_751' title='bbox 2363 4086 2443 4164; x_wconf 76' lang='lat' dir='ltr'><strong><em>est</em></strong></span> <span class='ocrx_word' id='word_1_752' title='bbox 2473 4093 2524 4164; x_wconf 83' lang='lat' dir='ltr'><strong><em>in</em></strong></span> <span class='ocrx_word' id='word_1_753' title='bbox 2555 4086 2851 4164; x_wconf 83' lang='lat' dir='ltr'><strong><em>intellectu,</em></strong></span> <span class='ocrx_word' id='word_1_754' title='bbox 2872 4108 2978 4148; x_wconf 87' lang='lat' dir='ltr'><strong><em>non</em></strong></span> <span class='ocrx_word' id='word_1_755' title='bbox 3008 4094 3062 4148; x_wconf 89' lang='lat' dir='ltr'><strong><em>in</em></strong></span> <span class='ocrx_word' id='word_1_756' title='bbox 3082 4086 3195 4164; x_wconf 80' lang='lat' dir='ltr'><strong><em>solo</em></strong></span> <span class='ocrx_word' id='word_1_757' title='bbox 3218 4092 3516 4164; x_wconf 71' lang='lat' dir='ltr'><strong><em>intellectu,</em></strong></span> 
     </span>
    </p>
   </div>
   <div class='ocr_carea' id='block_1_75' title="bbox 252 4157 3518 4235">
    <p class='ocr_par' dir='ltr' id='par_1_75' title="bbox 252 4157 3518 4235">
     <span class='ocr_line' id='line_1_75' title="bbox 252 4157 3518 4235; baseline 0.003 -28"><span class='ocrx_word' id='word_1_758' title='bbox 252 4158 417 4235; x_wconf 77' lang='lat' dir='ltr'><strong><em>sedet</em></strong></span> <span class='ocrx_word' id='word_1_759' title='bbox 442 4157 505 4235; x_wconf 86' lang='lat' dir='ltr'><strong><em>in_</em></strong></span> <span class='ocrx_word' id='word_1_760' title='bbox 528 4170 587 4210; x_wconf 87' lang='lat' dir='ltr'><strong><em>re</em></strong></span> <span class='ocrx_word' id='word_1_761' title='bbox 612 4157 1086 4235; x_wconf 73' lang='lat' dir='ltr'><strong><em>__°_“_B_esp0nderi</em></strong></span> <span class='ocrx_word' id='word_1_762' title='bbox 1111 4166 1286 4235; x_wconf 72' lang='lat' dir='ltr'><strong><em>potest</em></strong></span> <span class='ocrx_word' id='word_1_763' title='bbox 1312 4157 1801 4235; x_wconf 68' lang='lat' dir='ltr'><strong><em>mss._Resp9_ndet_‘e</em></strong></span> <span class='ocrx_word' id='word_1_764' title='bbox 1830 4157 2007 4221; x_wconf 77' lang='lat' dir='ltr'><strong><em>forsan</em></strong></span> <span class='ocrx_word' id='word_1_765' title='bbox 2032 4157 2209 4235; x_wconf 75' lang='lat' dir='ltr'><strong><em>potest</em></strong></span> <span class='ocrx_word' id='word_1_766' title='bbox 2276 4165 2349 4235; x_wconf 57' lang='grc' dir='ltr'>⁹³ἶ</span> <span class='ocrx_word' id='word_1_767' title='bbox 2372 4163 2432 4235; x_wconf 79' lang='lat' dir='ltr'><strong><em>In</em></strong></span> <span class='ocrx_word' id='word_1_768' title='bbox 2453 4162 2646 4235; x_wconf 81' lang='lat' dir='ltr'><strong><em>seipsis</em></strong></span> <span class='ocrx_word' id='word_1_769' title='bbox 2679 4162 2986 4235; x_wconf 60' lang='lat' dir='ltr'><strong><em>eximentis,</em></strong></span> <span class='ocrx_word' id='word_1_770' title='bbox 3013 4180 3111 4218; x_wconf 89' lang='lat' dir='ltr'><strong><em>ms.</em></strong></span> <span class='ocrx_word' id='word_1_771' title='bbox 3130 4162 3342 4235; x_wconf 68' lang='lat' dir='ltr'><strong><em>Vict._.’).</em></strong></span> <span class='ocrx_word' id='word_1_772' title='bbox 3369 4157 3518 4235; x_wconf 76' lang='lat' dir='ltr'><strong><em>inse</em></strong></span> 
     </span>
    </p>
   </div>
   <div class='ocr_carea' id='block_1_76' title="bbox 253 4225 3515 4304">
    <p class='ocr_par' dir='ltr' id='par_1_76' title="bbox 253 4225 3515 4304">
     <span class='ocr_line' id='line_1_76' title="bbox 253 4225 3515 4304; baseline 0.002 -24"><span class='ocrx_word' id='word_1_773' title='bbox 253 4226 541 4281; x_wconf 72' lang='lat' dir='ltr'><strong><em>existentia</em></strong></span> <span class='ocrx_word' id='word_1_774' title='bbox 612 4226 684 4304; x_wconf 51' lang='grc' dir='ltr'><strong><em>ξ’</em></strong></span> <span class='ocrx_word' id='word_1_775' title='bbox 706 4225 1025 4304; x_wconf 61' lang='lat' dir='ltr'><strong><em>Exislentia,</em></strong></span> <span class='ocrx_word' id='word_1_776' title='bbox 1058 4225 1181 4304; x_wconf 68' lang='lat' dir='ltr'><strong><em>esse</em></strong></span> <span class='ocrx_word' id='word_1_777' title='bbox 1200 4228 1251 4304; x_wconf 77' lang='lat' dir='ltr'><strong><em>in</em></strong></span> <span class='ocrx_word' id='word_1_778' title='bbox 1280 4245 1403 4282; x_wconf 87' lang='lat' dir='ltr'><strong><em>mss.</em></strong></span> <span class='ocrx_word' id='word_1_779' title='bbox 1429 4225 1878 4304; x_wconf 47' lang='lat' dir='ltr'><strong><em>Corb.Vict.Thu.</em></strong></span> <span class='ocrx_word' id='word_1_780' title='bbox 1904 4225 2073 4290; x_wconf 70' lang='lat' dir='ltr'><strong><em>omitl.</em></strong></span> <span class='ocrx_word' id='word_1_781' title='bbox 2097 4250 2217 4290; x_wconf 84' lang='lat' dir='ltr'><strong><em>esse</em></strong></span> <span class='ocrx_word' id='word_1_782' title='bbox 2286 4233 2355 4266; x_wconf 74' lang='grc'>⁸³⁸</span> <span class='ocrx_word' id='word_1_783' title='bbox 2381 4225 2641 4304; x_wconf 83' lang='lat' dir='ltr'><strong><em>Similiter</em></strong></span> <span class='ocrx_word' id='word_1_784' title='bbox 2664 4234 2765 4287; x_wconf 89' lang='lat' dir='ltr'><strong><em>dici</em></strong></span> <span class='ocrx_word' id='word_1_785' title='bbox 2791 4242 2967 4304; x_wconf 80' lang='lat' dir='ltr'><strong><em>posset</em></strong></span> <span class='ocrx_word' id='word_1_786' title='bbox 2990 4250 3113 4287; x_wconf 90' lang='lat' dir='ltr'><strong><em>mss.</em></strong></span> <span class='ocrx_word' id='word_1_787' title='bbox 3138 4232 3388 4289; x_wconf 88' lang='lat' dir='ltr'><strong><em>similiter</em></strong></span> <span class='ocrx_word' id='word_1_788' title='bbox 3408 4233 3515 4288; x_wconf 88' lang='lat' dir='ltr'><strong><em>dici</em></strong></span> 
     </span>
    </p>
   </div>
   <div class='ocr_carea' id='block_1_77' title="bbox 252 4292 3512 4367">
    <p class='ocr_par' dir='ltr' id='par_1_77' title="bbox 252 4292 3512 4367">
     <span class='ocr_line' id='line_1_77' title="bbox 252 4292 3512 4367; baseline 0.002 -18"><span class='ocrx_word' id='word_1_789' title='bbox 252 4308 465 4367; x_wconf 52' lang='lat' dir='ltr'><strong><em>possem</em></strong></span> <span class='ocrx_word' id='word_1_790' title='bbox 484 4311 583 4350; x_wconf 90' lang='lat' dir='ltr'><strong><em>ms.</em></strong></span> <span class='ocrx_word' id='word_1_791' title='bbox 610 4292 765 4367; x_wconf 82' lang='lat' dir='ltr'><strong><em>Corb.</em></strong></span> <span class='ocrx_word' id='word_1_792' title='bbox 792 4292 1111 4367; x_wconf 75' lang='lat' dir='ltr'><strong><em>simpliciter</em></strong></span> <span class='ocrx_word' id='word_1_793' title='bbox 1131 4297 1234 4351; x_wconf 89' lang='lat' dir='ltr'><strong><em>dici</em></strong></span> <span class='ocrx_word' id='word_1_794' title='bbox 1260 4309 1480 4367; x_wconf 77' lang='lat' dir='ltr'><strong><em>possent</em></strong></span> <span class='ocrx_word' id='word_1_795' title='bbox 1540 4301 1609 4335; x_wconf 77' lang='lat'><strong><em>&quot;&#39;°</em></strong></span> <span class='ocrx_word' id='word_1_796' title='bbox 1626 4302 1758 4357; x_wconf 88' lang='lat' dir='ltr'><strong><em>Cum</em></strong></span> <span class='ocrx_word' id='word_1_797' title='bbox 1773 4318 1835 4357; x_wconf 84' lang='lat' dir='ltr'><strong><em>ea</em></strong></span> <span class='ocrx_word' id='word_1_798' title='bbox 1860 4306 2071 4360; x_wconf 84' lang='lat' dir='ltr'><strong><em>dicente</em></strong></span> <span class='ocrx_word' id='word_1_799' title='bbox 2094 4322 2188 4358; x_wconf 89' lang='lat' dir='ltr'><strong><em>ms.</em></strong></span> <span class='ocrx_word' id='word_1_800' title='bbox 2222 4304 2377 4358; x_wconf 86' lang='lat' dir='ltr'><strong><em>Corb.</em></strong></span> <span class='ocrx_word' id='word_1_801' title='bbox 2406 4319 2529 4358; x_wconf 91' lang='lat' dir='ltr'><strong><em>cum</em></strong></span> <span class='ocrx_word' id='word_1_802' title='bbox 2549 4303 2761 4358; x_wconf 85' lang='lat' dir='ltr'><strong><em>dicente</em></strong></span> <span class='ocrx_word' id='word_1_803' title='bbox 2791 4292 2807 4304; x_wconf 84' lang='grc'><em>’</em></span> <span class='ocrx_word' id='word_1_804' title='bbox 2833 4304 2903 4335; x_wconf 76' lang='grc'><strong><em>⁸⁸⁸</em></strong></span> <span class='ocrx_word' id='word_1_805' title='bbox 2935 4302 3131 4358; x_wconf 80' lang='lat' dir='ltr'><strong><em>Haberi</em></strong></span> <span class='ocrx_word' id='word_1_806' title='bbox 3159 4304 3364 4367; x_wconf 82' lang='lat' dir='ltr'><strong><em>possint</em></strong></span> <span class='ocrx_word' id='word_1_807' title='bbox 3384 4319 3512 4357; x_wconf 84' lang='lat' dir='ltr'><strong><em>mss.</em></strong></span> 
     </span>
    </p>
   </div>
   <div class='ocr_carea' id='block_1_78' title="bbox 258 4364 3512 4443">
    <p class='ocr_par' dir='ltr' id='par_1_78' title="bbox 258 4364 3512 4443">
     <span class='ocr_line' id='line_1_78' title="bbox 258 4364 3512 4443; baseline 0.003 -26"><span class='ocrx_word' id='word_1_808' title='bbox 258 4364 441 4443; x_wconf 72' lang='lat' dir='ltr'><strong><em>Ita_l_)_eri</em></strong></span> <span class='ocrx_word' id='word_1_809' title='bbox 467 4366 638 4436; x_wconf 83' lang='lat' dir='ltr'><strong><em>possit</em></strong></span> <span class='ocrx_word' id='word_1_810' title='bbox 707 4365 779 4398; x_wconf 64' lang='grc' dir='ltr'><strong><em>’δ’</em></strong></span> <span class='ocrx_word' id='word_1_811' title='bbox 804 4364 1122 4443; x_wconf 65' lang='lat' dir='ltr'><strong><em>Intelligiun‘</em></strong></span> <span class='ocrx_word' id='word_1_812' title='bbox 1148 4364 1535 4443; x_wconf 68' lang='lat' dir='ltr'><strong><em>_hal1ére__esse,_</em></strong></span> <span class='ocrx_word' id='word_1_813' title='bbox 1557 4373 1681 4441; x_wconf 82' lang='lat' dir='ltr'><strong><em>quia</em></strong></span> <span class='ocrx_word' id='word_1_814' title='bbox 1710 4413 1725 4431; x_wconf 90' lang='lat'><strong><em>.</em></strong></span> <span class='ocrx_word' id='word_1_815' title='bbox 1756 4373 1992 4437; x_wconf 87' lang='lat' dir='ltr'><strong><em>scilicet,</em></strong></span> <span class='ocrx_word' id='word_1_816' title='bbox 2032 4375 2161 4429; x_wconf 88' lang='lat' dir='ltr'><strong><em>licet</em></strong></span> <span class='ocrx_word' id='word_1_817' title='bbox 2183 4391 2289 4429; x_wconf 87' lang='lat' dir='ltr'><strong><em>non</em></strong></span> <span class='ocrx_word' id='word_1_818' title='bbox 2315 4388 2535 4443; x_wconf 83' lang='lat' dir='ltr'><strong><em>possum</em></strong></span> <span class='ocrx_word' id='word_1_819' title='bbox 2564 4390 2691 4427; x_wconf 87' lang='lat' dir='ltr'><strong><em>mss.</em></strong></span> <span class='ocrx_word' id='word_1_820' title='bbox 2722 4374 2773 4426; x_wconf 92' lang='lat' dir='ltr'><strong><em>in</em></strong></span> <span class='ocrx_word' id='word_1_821' title='bbox 2798 4373 3069 4429; x_wconf 81' lang='lat' dir='ltr'><strong><em>intellectu</em></strong></span> <span class='ocrx_word' id='word_1_822' title='bbox 3096 4364 3294 4429; x_wconf 73' lang='lat' dir='ltr'><strong><em>habere</em></strong></span> <span class='ocrx_word' id='word_1_823' title='bbox 3319 4413 3336 4437; x_wconf 91' lang='lat'><strong><em>,</em></strong></span> <span class='ocrx_word' id='word_1_824' title='bbox 3359 4374 3512 4443; x_wconf 79' lang='lat' dir='ltr'><strong><em>quia,</em></strong></span> 
     </span>
    </p>
   </div>
   <div class='ocr_carea' id='block_1_79' title="bbox 250 4435 3513 4515">
    <p class='ocr_par' dir='ltr' id='par_1_79' title="bbox 250 4435 3513 4515">
     <span class='ocr_line' id='line_1_79' title="bbox 250 4435 3513 4515; baseline 0.002 -26"><span class='ocrx_word' id='word_1_825' title='bbox 250 4435 492 4515; x_wconf 75' lang='lat' dir='ltr'><strong><em>scilicet,</em></strong></span> <span class='ocrx_word' id='word_1_826' title='bbox 522 4451 626 4515; x_wconf 76' lang='lat' dir='ltr'><strong><em>non</em></strong></span> <span class='ocrx_word' id='word_1_827' title='bbox 655 4451 870 4505; x_wconf 87' lang='lat' dir='ltr'><strong><em>possum</em></strong></span> <span class='ocrx_word' id='word_1_828' title='bbox 898 4435 1000 4491; x_wconf 57' lang='lat' dir='ltr'><strong><em>ms:</em></strong></span> <span class='ocrx_word' id='word_1_829' title='bbox 1034 4436 1189 4515; x_wconf 64' lang='lat' dir='ltr'><strong><em>Corb.</em></strong></span> <span class='ocrx_word' id='word_1_830' title='bbox 1226 4437 1503 4515; x_wconf 72' lang='lat' dir='ltr'><strong><em>intellectu</em></strong></span> <span class='ocrx_word' id='word_1_831' title='bbox 1525 4435 1726 4515; x_wconf 74' lang='lat' dir='ltr'><strong><em>habere</em></strong></span> <span class='ocrx_word' id='word_1_832' title='bbox 1745 4444 1871 4513; x_wconf 80' lang='lat' dir='ltr'><strong><em>quia</em></strong></span> <span class='ocrx_word' id='word_1_833' title='bbox 1896 4435 2068 4500; x_wconf 88' lang='lat' dir='ltr'><strong><em>solum</em></strong></span> <span class='ocrx_word' id='word_1_834' title='bbox 2097 4460 2201 4500; x_wconf 86' lang='lat' dir='ltr'><strong><em>non</em></strong></span> <span class='ocrx_word' id='word_1_835' title='bbox 2226 4435 2452 4515; x_wconf 71' lang='lat' dir='ltr'><strong><em>possim.</em></strong></span> <span class='ocrx_word' id='word_1_836' title='bbox 2531 4443 2603 4515; x_wconf 51' lang='grc' dir='ltr'><strong><em>ξδ’</em></strong></span> <span class='ocrx_word' id='word_1_837' title='bbox 2633 4444 2737 4499; x_wconf 85' lang='lat' dir='ltr'><strong><em>Sed</em></strong></span> <span class='ocrx_word' id='word_1_838' title='bbox 2763 4443 2864 4515; x_wconf 84' lang='lat' dir='ltr'><strong><em>hoc</em></strong></span> <span class='ocrx_word' id='word_1_839' title='bbox 2894 4460 2999 4498; x_wconf 91' lang='lat' dir='ltr'><strong><em>non</em></strong></span> <span class='ocrx_word' id='word_1_840' title='bbox 3028 4455 3130 4515; x_wconf 75' lang='lat' dir='ltr'><strong><em>es_t_.</em></strong></span> <span class='ocrx_word' id='word_1_841' title='bbox 3162 4435 3344 4515; x_wconf 80' lang='lat' dir='ltr'><strong><em>Primo</em></strong></span> <span class='ocrx_word' id='word_1_842' title='bbox 3377 4435 3513 4512; x_wconf 65' lang='grc' dir='ltr'><strong><em>’ψεῖ-ζ</em></strong></span> 
     </span>
    </p>
   </div>
   <div class='ocr_carea' id='block_1_80' title="bbox 251 4506 3515 4584">
    <p class='ocr_par' dir='ltr' id='par_1_80' title="bbox 251 4506 3515 4584">
     <span class='ocr_line' id='line_1_80' title="bbox 251 4506 3515 4584; baseline 0.004 -28"><span class='ocrx_word' id='word_1_843' title='bbox 251 4506 511 4584; x_wconf 70' lang='lat' dir='ltr'><strong><em>dem_no_n_</em></strong></span> <span class='ocrx_word' id='word_1_844' title='bbox 546 4506 646 4560; x_wconf 85' lang='lat' dir='ltr'><strong><em>hoc</em></strong></span> <span class='ocrx_word' id='word_1_845' title='bbox 676 4518 794 4562; x_wconf 89' lang='lat' dir='ltr'><strong><em>erat</em></strong></span> <span class='ocrx_word' id='word_1_846' title='bbox 814 4525 935 4584; x_wconf 69' lang='lat' dir='ltr'><strong><em>mss.</em></strong></span> <span class='ocrx_word' id='word_1_847' title='bbox 966 4508 1061 4584; x_wconf 78' lang='lat' dir='ltr'><strong><em>sed</em></strong></span> <span class='ocrx_word' id='word_1_848' title='bbox 1085 4507 1128 4562; x_wconf 89' lang='lat' dir='ltr'><strong><em>si</em></strong></span> <span class='ocrx_word' id='word_1_849' title='bbox 1159 4508 1262 4584; x_wconf 76' lang='lat' dir='ltr'><strong><em>hoc</em></strong></span> <span class='ocrx_word' id='word_1_850' title='bbox 1281 4517 1393 4584; x_wconf 63' lang='lat' dir='ltr'><strong><em>est;</em></strong></span> <span class='ocrx_word' id='word_1_851' title='bbox 1426 4512 1600 4578; x_wconf 85' lang='lat' dir='ltr'><strong><em>primo</em></strong></span> <span class='ocrx_word' id='word_1_852' title='bbox 1634 4506 1850 4581; x_wconf 75' lang='lat' dir='ltr'><strong><em>quidem</em></strong></span> <span class='ocrx_word' id='word_1_853' title='bbox 1880 4531 1985 4569; x_wconf 86' lang='lat' dir='ltr'><strong><em>non</em></strong></span> <span class='ocrx_word' id='word_1_854' title='bbox 2014 4515 2103 4570; x_wconf 86' lang='lat' dir='ltr'><strong><em>hic</em></strong></span> <span class='ocrx_word' id='word_1_855' title='bbox 2121 4506 2242 4570; x_wconf 61' lang='lat' dir='ltr'><strong><em>erit&#39;</em></strong></span> <span class='ocrx_word' id='word_1_856' title='bbox 2299 4515 2370 4548; x_wconf 70' lang='lat'><strong>’“</strong></span> <span class='ocrx_word' id='word_1_857' title='bbox 2396 4515 2462 4569; x_wconf 85' lang='lat' dir='ltr'><strong><em>Et</em></strong></span> <span class='ocrx_word' id='word_1_858' title='bbox 2503 4513 2651 4568; x_wconf 84' lang='lat' dir='ltr'><strong><em>aliud</em></strong></span> <span class='ocrx_word' id='word_1_859' title='bbox 2678 4550 2695 4576; x_wconf 87' lang='lat'><strong><em>.</em></strong></span> <span class='ocrx_word' id='word_1_860' title='bbox 2726 4514 2887 4584; x_wconf 81' lang='lat' dir='ltr'><strong><em>idque</em></strong></span> <span class='ocrx_word' id='word_1_861' title='bbox 2909 4530 3036 4568; x_wconf 91' lang='lat' dir='ltr'><strong><em>mss.</em></strong></span> <span class='ocrx_word' id='word_1_862' title='bbox 3067 4513 3212 4584; x_wconf 76' lang='lat' dir='ltr'><strong><em>Vict.</em></strong></span> <span class='ocrx_word' id='word_1_863' title='bbox 3238 4506 3425 4584; x_wconf 56' lang='grc' dir='ltr'><strong><em>(ᾄξειεν.</em></strong></span> <span class='ocrx_word' id='word_1_864' title='bbox 3456 4522 3515 4568; x_wconf 86' lang='lat' dir='ltr'><strong><em>et</em></strong></span> 
     </span>
    </p>
   </div>
   <div class='ocr_carea' id='block_1_81' title="bbox 253 4575 3511 4655">
    <p class='ocr_par' dir='ltr' id='par_1_81' title="bbox 253 4575 3511 4655">
     <span class='ocr_line' id='line_1_81' title="bbox 253 4575 3511 4655; baseline 0.003 -29"><span class='ocrx_word' id='word_1_865' title='bbox 253 4575 428 4655; x_wconf 56' lang='lat' dir='ltr'><strong><em>.‘Llllltl,</em></strong></span> <span class='ocrx_word' id='word_1_866' title='bbox 461 4575 826 4655; x_wconf 41' lang='lat' dir='ltr'><strong><em>idemque-ms.</em></strong></span> <span class='ocrx_word' id='word_1_867' title='bbox 860 4577 1015 4655; x_wconf 77' lang='lat' dir='ltr'><strong><em>Corb.</em></strong></span> <span class='ocrx_word' id='word_1_868' title='bbox 1040 4586 1135 4631; x_wconf 84' lang='lat' dir='ltr'><strong><em>aut</em></strong></span> <span class='ocrx_word' id='word_1_869' title='bbox 1162 4578 1306 4655; x_wconf 75' lang='lat' dir='ltr'><strong><em>aliud</em></strong></span> <span class='ocrx_word' id='word_1_870' title='bbox 1342 4575 1593 4655; x_wconf 36' lang='lat' dir='ltr'><strong><em>ide—mque</em></strong></span> <span class='ocrx_word' id='word_1_871' title='bbox 1651 4575 1734 4615; x_wconf 66' lang='grc'><strong><em>’⁸⁵⁵</em></strong></span> <span class='ocrx_word' id='word_1_872' title='bbox 1762 4584 1892 4653; x_wconf 52' lang='lat' dir='ltr'><strong><em>Quae</em></strong></span> <span class='ocrx_word' id='word_1_873' title='bbox 1916 4586 2065 4655; x_wconf 89' lang='lat' dir='ltr'><strong><em>prius</em></strong></span> <span class='ocrx_word' id='word_1_874' title='bbox 2091 4595 2176 4640; x_wconf 89' lang='lat' dir='ltr'><strong><em>est</em></strong></span> <span class='ocrx_word' id='word_1_875' title='bbox 2206 4587 2259 4640; x_wconf 92' lang='lat' dir='ltr'><strong><em>in</em></strong></span> <span class='ocrx_word' id='word_1_876' title='bbox 2311 4585 2492 4640; x_wconf 83' lang='lat' dir='ltr'><strong><em>animo</em></strong></span> <span class='ocrx_word' id='word_1_877' title='bbox 2544 4575 2814 4655; x_wconf 65' lang='lat' dir='ltr'><strong><em>pictoruni</em></strong></span> <span class='ocrx_word' id='word_1_878' title='bbox 2876 4600 3001 4638; x_wconf 87' lang='lat' dir='ltr'><strong><em>mss.</em></strong></span> <span class='ocrx_word' id='word_1_879' title='bbox 3064 4583 3202 4655; x_wconf 71' lang='lat' dir='ltr'><strong><em>Vict.</em></strong></span> <span class='ocrx_word' id='word_1_880' title='bbox 3226 4654 3231 4655; x_wconf 14' lang='grc' dir='ltr'>ί</span> <span class='ocrx_word' id='word_1_881' title='bbox 3257 4583 3395 4637; x_wconf 86' lang='lat' dir='ltr'><strong><em>Tha.</em></strong></span> <span class='ocrx_word' id='word_1_882' title='bbox 3457 4592 3511 4636; x_wconf 86' lang='lat' dir='ltr'><strong><em>et</em></strong></span> 
     </span>
    </p>
   </div>
   <div class='ocr_carea' id='block_1_82' title="bbox 258 4643 3512 4727">
    <p class='ocr_par' dir='ltr' id='par_1_82' title="bbox 258 4643 3512 4727">
     <span class='ocr_line' id='line_1_82' title="bbox 258 4643 3512 4727; baseline 0.003 -29"><span class='ocrx_word' id='word_1_883' title='bbox 258 4643 791 4727; x_wconf 45' lang='lat' dir='ltr'><strong><em>Cister._gtttn;pri_tts</em></strong></span> <span class='ocrx_word' id='word_1_884' title='bbox 817 4657 931 4727; x_wconf 38' lang='lat' dir='ltr'><strong><em>“est</em></strong></span> <span class='ocrx_word' id='word_1_885' title='bbox 983 4647 1276 4727; x_wconf 62' lang='lat' dir='ltr'><strong><em>inmanimq</em></strong></span> <span class='ocrx_word' id='word_1_886' title='bbox 1304 4643 1526 4727; x_wconf 66' lang='lat' dir='ltr'><strong><em>pictoris</em></strong></span> <span class='ocrx_word' id='word_1_887' title='bbox 1586 4669 1711 4727; x_wconf 81' lang='lat' dir='ltr'><strong><em>mss.</em></strong></span> <span class='ocrx_word' id='word_1_888' title='bbox 1766 4643 1932 4709; x_wconf 60' lang='lat' dir='ltr'><strong><em>Corb:</em></strong></span> <span class='ocrx_word' id='word_1_889' title='bbox 1980 4657 2146 4727; x_wconf 74' lang='lat' dir='ltr'><strong><em>omitt.</em></strong></span> <span class='ocrx_word' id='word_1_890' title='bbox 2196 4671 2317 4727; x_wconf 75' lang='lat' dir='ltr'><strong><em>qua:</em></strong></span> <span class='ocrx_word' id='word_1_891' title='bbox 2369 4657 2518 4725; x_wconf 86' lang='lat' dir='ltr'><strong><em>prius</em></strong></span> <span class='ocrx_word' id='word_1_892' title='bbox 2545 4643 2697 4727; x_wconf 65' lang='grc' dir='ltr'><strong><em>’ρει⁸</em></strong></span> <span class='ocrx_word' id='word_1_893' title='bbox 2744 4653 2815 4690; x_wconf 71' lang='lat'><strong><em>9“</em></strong></span> <span class='ocrx_word' id='word_1_894' title='bbox 2862 4655 3051 4727; x_wconf 70' lang='lat' dir='ltr'><strong><em>Fuerit</em></strong></span> <span class='ocrx_word' id='word_1_895' title='bbox 3107 4653 3235 4727; x_wconf 82' lang='lat' dir='ltr'><strong><em>illud</em></strong></span> <span class='ocrx_word' id='word_1_896' title='bbox 3290 4668 3393 4709; x_wconf 89' lang='lat' dir='ltr'><strong><em>non</em></strong></span> <span class='ocrx_word' id='word_1_897' title='bbox 3443 4667 3512 4708; x_wconf 86' lang='lat' dir='ltr'><strong><em>eo</em></strong></span> 
     </span>
    </p>
   </div>
   <div class='ocr_carea' id='block_1_83' title="bbox 250 4714 3508 4794">
    <p class='ocr_par' dir='ltr' id='par_1_83' title="bbox 250 4714 3508 4794">
     <span class='ocr_line' id='line_1_83' title="bbox 250 4714 3508 4794; baseline 0.003 -25"><span class='ocrx_word' id='word_1_898' title='bbox 250 4730 408 4794; x_wconf 78' lang='lat' dir='ltr'><strong><em>mss._</em></strong></span> <span class='ocrx_word' id='word_1_899' title='bbox 446 4714 578 4769; x_wconf 88' lang='lat' dir='ltr'><strong><em>Vict.</em></strong></span> <span class='ocrx_word' id='word_1_900' title='bbox 603 4714 766 4794; x_wconf 50' lang='grc' dir='ltr'><strong><em>(ἔστι)ζ</em></strong></span> <span class='ocrx_word' id='word_1_901' title='bbox 816 4715 1204 4794; x_wconf 39' lang='lat' dir='ltr'><strong><em>Thu..__Ci_ster.</em></strong></span> <span class='ocrx_word' id='word_1_902' title='bbox 1250 4714 1415 4794; x_wconf 79' lang='lat' dir='ltr'><strong><em>fuerit</em></strong></span> <span class='ocrx_word' id='word_1_903' title='bbox 1454 4720 1611 4794; x_wconf 78' lang='lat' dir='ltr'><strong><em>istud</em></strong></span> <span class='ocrx_word' id='word_1_904' title='bbox 1660 4738 1764 4794; x_wconf 88' lang='lat' dir='ltr'><strong><em>non</em></strong></span> <span class='ocrx_word' id='word_1_905' title='bbox 1818 4739 1887 4780; x_wconf 87' lang='lat' dir='ltr'><strong><em>eo</em></strong></span> <span class='ocrx_word' id='word_1_906' title='bbox 1985 4725 2052 4758; x_wconf 72' lang='grc'><strong><em>³⁸⁷</em></strong></span> <span class='ocrx_word' id='word_1_907' title='bbox 2103 4714 2291 4782; x_wconf 75' lang='lat' dir='ltr'><strong><em>Potest</em></strong></span> <span class='ocrx_word' id='word_1_908' title='bbox 2347 4714 2453 4780; x_wconf 75' lang='lat' dir='ltr'><strong><em>non</em></strong></span> <span class='ocrx_word' id='word_1_909' title='bbox 2512 4738 2634 4779; x_wconf 82' lang='lat' dir='ltr'><strong><em>esse</em></strong></span> <span class='ocrx_word' id='word_1_910' title='bbox 2672 4725 2813 4779; x_wconf 87' lang='lat' dir='ltr'><strong><em>Deus</em></strong></span> <span class='ocrx_word' id='word_1_911' title='bbox 2850 4741 2949 4779; x_wconf 86' lang='lat' dir='ltr'><strong><em>ms.</em></strong></span> <span class='ocrx_word' id='word_1_912' title='bbox 3010 4723 3167 4779; x_wconf 84' lang='lat' dir='ltr'><strong><em>Corb.</em></strong></span> <span class='ocrx_word' id='word_1_913' title='bbox 3212 4732 3508 4794; x_wconf 78' lang='lat' dir='ltr'><strong><em>potestea-</em></strong></span> 
     </span>
    </p>
   </div>
   <div class='ocr_carea' id='block_1_84' title="bbox 248 4785 3511 4867">
    <p class='ocr_par' dir='ltr' id='par_1_84' title="bbox 248 4785 3511 4867">
     <span class='ocr_line' id='line_1_84' title="bbox 248 4785 3511 4867; baseline 0.003 -29"><span class='ocrx_word' id='word_1_914' title='bbox 248 4785 698 4867; x_wconf 55' lang='lat' dir='ltr'><strong><em>gitarinpnnesse</em></strong></span> <span class='ocrx_word' id='word_1_915' title='bbox 735 4787 914 4867; x_wconf 52' lang='lat' dir='ltr'><strong><em>Deus“</em></strong></span> <span class='ocrx_word' id='word_1_916' title='bbox 948 4787 1017 4867; x_wconf 61' lang='grc' dir='ltr'>Ψ</span> <span class='ocrx_word' id='word_1_917' title='bbox 1059 4787 1221 4867; x_wconf 65' lang='grc' dir='ltr'><strong><em>(ξςι-ιο</em></strong></span> <span class='ocrx_word' id='word_1_918' title='bbox 1264 4791 1465 4867; x_wconf 55' lang='lat' dir='ltr'><strong><em>percipi</em></strong></span> <span class='ocrx_word' id='word_1_919' title='bbox 1505 4809 1604 4867; x_wconf 86' lang='lat' dir='ltr'><strong><em>ms.</em></strong></span> <span class='ocrx_word' id='word_1_920' title='bbox 1655 4793 1813 4849; x_wconf 82' lang='lat' dir='ltr'><strong><em>Corb.</em></strong></span> <span class='ocrx_word' id='word_1_921' title='bbox 1861 4811 1960 4867; x_wconf 67' lang='lat' dir='ltr'><strong><em>pro</em></strong></span> <span class='ocrx_word' id='word_1_922' title='bbox 1999 4807 2150 4867; x_wconf 74' lang='lat' dir='ltr'><strong><em>certo</em></strong></span> <span class='ocrx_word' id='word_1_923' title='bbox 2200 4796 2440 4867; x_wconf 13' lang='lat' dir='ltr'><strong><em>percipi,</em></strong></span> <span class='ocrx_word' id='word_1_924' title='bbox 2485 4795 2567 4867; x_wconf 73' lang='lat'><strong><em>_’_&#39;_&quot;</em></strong></span> <span class='ocrx_word' id='word_1_925' title='bbox 2599 4794 3031 4867; x_wconf 78' lang='lat' dir='ltr'><strong><em>Intelligerentur</em></strong></span> <span class='ocrx_word' id='word_1_926' title='bbox 3077 4785 3227 4867; x_wconf 71' lang='lat' dir='ltr'><strong><em>dicta</em></strong></span> <span class='ocrx_word' id='word_1_927' title='bbox 3266 4811 3279 4867; x_wconf 68' lang='grc' dir='ltr'>ς</span> <span class='ocrx_word' id='word_1_928' title='bbox 3335 4795 3511 4867; x_wconf 83' lang='lat' dir='ltr'><strong><em>adhuc</em></strong></span> 
     </span>
    </p>
   </div>
   <div class='ocr_carea' id='block_1_85' title="bbox 248 4808 3510 4936">
    <p class='ocr_par' dir='ltr' id='par_1_85' title="bbox 248 4808 3510 4936">
     <span class='ocr_line' id='line_1_85' title="bbox 248 4808 3510 4867; baseline 0.003 -29"><span class='ocrx_word' id='word_1_929' title='bbox 248 4808 409 4854; x_wconf 75' lang='lat' dir='ltr'><strong><em>gnari</em></strong></span> <span class='ocrx_word' id='word_1_930' title='bbox 441 4808 549 4840; x_wconf 69' lang='lat' dir='ltr'><strong><em>nun</em></strong></span> <span class='ocrx_word' id='word_1_931' title='bbox 577 4808 698 4840; x_wconf 49' lang='lat' dir='ltr'><strong><em>esse</em></strong></span> <span class='ocrx_word' id='word_1_932' title='bbox 737 4808 874 4842; x_wconf 71' lang='lat' dir='ltr'><strong><em>treus</em></strong></span> <span class='ocrx_word' id='word_1_933' title='bbox 949 4808 1017 4820; x_wconf 82' lang='lat'><strong><em>&quot;&quot;</em></strong></span> <span class='ocrx_word' id='word_1_934' title='bbox 1059 4808 1221 4843; x_wconf 65' lang='lat' dir='ltr'><strong><em>uerto</em></strong></span> <span class='ocrx_word' id='word_1_935' title='bbox 1264 4808 1409 4861; x_wconf 74' lang='lat' dir='ltr'><strong><em>[teret</em></strong></span> <span class='ocrx_word' id='word_1_936' title='bbox 1452 4809 1465 4845; x_wconf 84' lang='grc' dir='ltr'><strong><em>ι</em></strong></span> <span class='ocrx_word' id='word_1_937' title='bbox 1505 4809 1604 4847; x_wconf 86' lang='lat' dir='ltr'><strong><em>ms.</em></strong></span> <span class='ocrx_word' id='word_1_938' title='bbox 1655 4808 1813 4849; x_wconf 77' lang='lat' dir='ltr'><strong><em>Loro.</em></strong></span> <span class='ocrx_word' id='word_1_939' title='bbox 1861 4811 1960 4866; x_wconf 85' lang='lat' dir='ltr'><strong><em>pro</em></strong></span> <span class='ocrx_word' id='word_1_940' title='bbox 1999 4808 2150 4851; x_wconf 76' lang='lat' dir='ltr'><strong><em>certo</em></strong></span> <span class='ocrx_word' id='word_1_941' title='bbox 2200 4812 2402 4867; x_wconf 74' lang='lat' dir='ltr'><strong><em>pen:th</em></strong></span> <span class='ocrx_word' id='word_1_942' title='bbox 2498 4808 2567 4827; x_wconf 64' lang='grc' dir='ltr'><strong><em>’δι’</em></strong></span> <span class='ocrx_word' id='word_1_943' title='bbox 2599 4808 3031 4863; x_wconf 74' lang='lat' dir='ltr'><strong><em>Intelligerentur</em></strong></span> <span class='ocrx_word' id='word_1_944' title='bbox 3085 4808 3226 4849; x_wconf 82' lang='lat' dir='ltr'><strong><em>meta</em></strong></span> <span class='ocrx_word' id='word_1_945' title='bbox 3266 4811 3279 4846; x_wconf 84' lang='lat'><strong>:</strong></span> <span class='ocrx_word' id='word_1_946' title='bbox 3335 4808 3510 4850; x_wconf 78' lang='lat' dir='ltr'><strong><em>adhuc</em></strong></span> 
     </span>
     <span class='ocr_line' id='line_1_86' title="bbox 248 4808 3510 4936; baseline 0.004 -29"><span class='ocrx_word' id='word_1_947' title='bbox 248 4872 371 4909; x_wconf 82' lang='lat' dir='ltr'><strong><em>mss.</em></strong></span> <span class='ocrx_word' id='word_1_948' title='bbox 428 4854 808 4936; x_wconf 63' lang='lat' dir='ltr'><strong><em>intelligercm,</em></strong></span> <span class='ocrx_word' id='word_1_949' title='bbox 865 4857 1005 4936; x_wconf 68' lang='lat' dir='ltr'><strong><em>dicta</em></strong></span> <span class='ocrx_word' id='word_1_950' title='bbox 1032 4858 1207 4936; x_wconf 66' lang='lat' dir='ltr'><strong><em>adhuc</em></strong></span> <span class='ocrx_word' id='word_1_951' title='bbox 1256 4860 1368 4936; x_wconf 79' lang='lat'><strong><em>_&quot;°</em></strong></span> <span class='ocrx_word' id='word_1_952' title='bbox 1417 4808 1488 4915; x_wconf 48' lang='lat' dir='ltr'><strong><em>git</em></strong></span> <span class='ocrx_word' id='word_1_953' title='bbox 1519 4863 1861 4936; x_wconf 20' lang='lat' dir='ltr'><strong><em>insuperims.</em></strong></span> <span class='ocrx_word' id='word_1_954' title='bbox 1902 4864 2055 4919; x_wconf 83' lang='lat' dir='ltr'><strong><em>Corb.</em></strong></span> <span class='ocrx_word' id='word_1_955' title='bbox 2090 4865 2307 4936; x_wconf 86' lang='lat' dir='ltr'><strong><em>insuper</em></strong></span> <span class='ocrx_word' id='word_1_956' title='bbox 2377 4865 2446 4897; x_wconf 83' lang='grc'><strong><em>⁹⁸¹</em></strong></span> <span class='ocrx_word' id='word_1_957' title='bbox 2484 4864 2576 4919; x_wconf 84' lang='lat' dir='ltr'><strong><em>Illa</em></strong></span> <span class='ocrx_word' id='word_1_958' title='bbox 2621 4864 2881 4936; x_wconf 78' lang='lat' dir='ltr'><strong><em>deceptus</em></strong></span> <span class='ocrx_word' id='word_1_959' title='bbox 2925 4881 3023 4918; x_wconf 90' lang='lat' dir='ltr'><strong><em>ms.</em></strong></span> <span class='ocrx_word' id='word_1_960' title='bbox 3063 4862 3219 4918; x_wconf 87' lang='lat' dir='ltr'><strong><em>Corb.</em></strong></span> <span class='ocrx_word' id='word_1_961' title='bbox 3268 4865 3382 4936; x_wconf 85' lang='lat' dir='ltr'><strong><em>ipsa</em></strong></span> <span class='ocrx_word' id='word_1_962' title='bbox 3414 4866 3510 4920; x_wconf 87' lang='lat' dir='ltr'><strong><em>de-</em></strong></span> 
     </span>
    </p>
   </div>
   <div class='ocr_carea' id='block_1_86' title="bbox 249 4926 3506 4997">
    <p class='ocr_par' dir='ltr' id='par_1_86' title="bbox 249 4926 3506 4997">
     <span class='ocr_line' id='line_1_87' title="bbox 249 4926 3506 4997; baseline 0.004 -17"><span class='ocrx_word' id='word_1_963' title='bbox 249 4936 438 4997; x_wconf 86' lang='lat' dir='ltr'><strong><em>ceptus</em></strong></span> <span class='ocrx_word' id='word_1_964' title='bbox 511 4926 580 4959; x_wconf 78' lang='lat'><strong><em>’&quot;</em></strong></span> <span class='ocrx_word' id='word_1_965' title='bbox 609 4926 673 4983; x_wconf 87' lang='lat' dir='ltr'><strong><em>Ut</em></strong></span> <span class='ocrx_word' id='word_1_966' title='bbox 715 4942 857 4997; x_wconf 63' lang='lat' dir='ltr'><strong><em>saepe</em></strong></span> <span class='ocrx_word' id='word_1_967' title='bbox 911 4927 969 4981; x_wconf 83' lang='lat' dir='ltr'><strong><em>ﬁt</em></strong></span> <span class='ocrx_word' id='word_1_968' title='bbox 1017 4944 1115 4981; x_wconf 79' lang='lat' dir='ltr'><strong><em>ms.</em></strong></span> <span class='ocrx_word' id='word_1_969' title='bbox 1143 4928 1296 4984; x_wconf 89' lang='lat' dir='ltr'><strong><em>Corb.</em></strong></span> <span class='ocrx_word' id='word_1_970' title='bbox 1328 4940 1385 4985; x_wconf 90' lang='lat' dir='ltr'><strong><em>ut</em></strong></span> <span class='ocrx_word' id='word_1_971' title='bbox 1424 4948 1607 4988; x_wconf 89' lang='lat' dir='ltr'><strong><em>secum</em></strong></span> <span class='ocrx_word' id='word_1_972' title='bbox 1641 4926 1657 4933; x_wconf 86' lang='grc'><em>’</em></span> <span class='ocrx_word' id='word_1_973' title='bbox 1709 4934 1779 4965; x_wconf 73' lang='grc'><strong><em>⁸⁸³</em></strong></span> <span class='ocrx_word' id='word_1_974' title='bbox 1831 4936 2133 4990; x_wconf 71' lang='lat' dir='ltr'><strong><em>tiredentur</em></strong></span> <span class='ocrx_word' id='word_1_975' title='bbox 2181 4926 2303 4990; x_wconf 81' lang='lat' dir='ltr'><strong><em>mss.</em></strong></span> <span class='ocrx_word' id='word_1_976' title='bbox 2339 4936 2615 4992; x_wconf 83' lang='lat' dir='ltr'><strong><em>crederem</em></strong></span> <span class='ocrx_word' id='word_1_977' title='bbox 2710 4926 2780 4966; x_wconf 63' lang='lat'><strong><em>9“</em></strong></span> <span class='ocrx_word' id='word_1_978' title='bbox 2823 4934 3123 4990; x_wconf 82' lang='lat' dir='ltr'><strong><em>Credentur</em></strong></span> <span class='ocrx_word' id='word_1_979' title='bbox 3168 4926 3311 4997; x_wconf 75' lang='lat' dir='ltr'><strong><em>quod</em></strong></span> <span class='ocrx_word' id='word_1_980' title='bbox 3362 4935 3506 4993; x_wconf 76' lang='lat' dir='ltr'><strong><em>ismd</em></strong></span> 
     </span>
    </p>
   </div>
   <div class='ocr_carea' id='block_1_87' title="bbox 248 4998 3503 5074">
    <p class='ocr_par' dir='ltr' id='par_1_87' title="bbox 248 4998 3503 5074">
     <span class='ocr_line' id='line_1_88' title="bbox 248 4998 3503 5074; baseline 0.002 -21"><span class='ocrx_word' id='word_1_981' title='bbox 248 4998 635 5074; x_wconf 72' lang='lat' dir='ltr'><strong><em>nontlum_mss.</em></strong></span> <span class='ocrx_word' id='word_1_982' title='bbox 661 5000 937 5074; x_wconf 75' lang='lat' dir='ltr'><strong><em>crederem</em></strong></span> <span class='ocrx_word' id='word_1_983' title='bbox 966 5000 1054 5067; x_wconf 87' lang='lat' dir='ltr'><strong><em>qui</em></strong></span> <span class='ocrx_word' id='word_1_984' title='bbox 1087 5000 1225 5053; x_wconf 87' lang='lat' dir='ltr'><strong><em>istud</em></strong></span> <span class='ocrx_word' id='word_1_985' title='bbox 1270 5002 1506 5055; x_wconf 87' lang='lat' dir='ltr'><strong><em>nondum</em></strong></span> <span class='ocrx_word' id='word_1_986' title='bbox 1534 5020 1633 5057; x_wconf 81' lang='lat' dir='ltr'><strong><em>ms.</em></strong></span> <span class='ocrx_word' id='word_1_987' title='bbox 1677 5002 1809 5057; x_wconf 81' lang='lat' dir='ltr'><strong><em>Vict.</em></strong></span> <span class='ocrx_word' id='word_1_988' title='bbox 1841 5006 1923 5060; x_wconf 77' lang='grc'><strong><em>15.</em></strong></span> <span class='ocrx_word' id='word_1_989' title='bbox 1959 5007 2082 5074; x_wconf 88' lang='lat' dir='ltr'><strong><em>quia</em></strong></span> <span class='ocrx_word' id='word_1_990' title='bbox 2108 5008 2247 5061; x_wconf 80' lang='lat' dir='ltr'><strong><em>istud</em></strong></span> <span class='ocrx_word' id='word_1_991' title='bbox 2292 5007 2526 5061; x_wconf 92' lang='lat' dir='ltr'><strong><em>nondum</em></strong></span> <span class='ocrx_word' id='word_1_992' title='bbox 2624 5004 2693 5036; x_wconf 74' lang='grc'><strong><em>⁸³⁵</em></strong></span> <span class='ocrx_word' id='word_1_993' title='bbox 2720 5003 2871 5060; x_wconf 88' lang='lat' dir='ltr'><strong><em>Unde</em></strong></span> <span class='ocrx_word' id='word_1_994' title='bbox 2901 5021 2999 5059; x_wconf 81' lang='lat' dir='ltr'><strong><em>nec</em></strong></span> <span class='ocrx_word' id='word_1_995' title='bbox 3024 5022 3124 5057; x_wconf 85' lang='lat' dir='ltr'><strong><em>ms.</em></strong></span> <span class='ocrx_word' id='word_1_996' title='bbox 3156 4998 3311 5060; x_wconf 82' lang='lat' dir='ltr'><strong><em>Corb.</em></strong></span> <span class='ocrx_word' id='word_1_997' title='bbox 3336 5007 3503 5061; x_wconf 89' lang='lat' dir='ltr'><strong><em>omitt.</em></strong></span> 
     </span>
    </p>
   </div>
   <div class='ocr_carea' id='block_1_88' title="bbox 248 5068 3507 5143">
    <p class='ocr_par' dir='ltr' id='par_1_88' title="bbox 248 5068 3507 5143">
     <span class='ocr_line' id='line_1_89' title="bbox 248 5068 3507 5143; baseline 0.004 -25"><span class='ocrx_word' id='word_1_998' title='bbox 248 5068 529 5143; x_wconf 76' lang='lat' dir='ltr'><strong><em>unde__&quot;°</em></strong></span> <span class='ocrx_word' id='word_1_999' title='bbox 558 5068 1042 5143; x_wconf 50' lang='lat' dir='ltr'><strong><em>Antequpmﬁerct</em></strong></span> <span class='ocrx_word' id='word_1_1000' title='bbox 1071 5086 1192 5122; x_wconf 84' lang='lat' dir='ltr'><strong><em>mss.</em></strong></span> <span class='ocrx_word' id='word_1_1001' title='bbox 1222 5074 1637 5143; x_wconf 29' lang='lat' dir='ltr'><strong><em>antequamﬂtiat</em></strong></span> <span class='ocrx_word' id='word_1_1002' title='bbox 1715 5074 1785 5109; x_wconf 76' lang='grc'><strong><em>⁹⁵⁷</em></strong></span> <span class='ocrx_word' id='word_1_1003' title='bbox 1835 5068 2063 5131; x_wconf 73' lang='lat' dir='ltr'><strong><em>Pictoris</em></strong></span> <span class='ocrx_word' id='word_1_1004' title='bbox 2092 5086 2208 5130; x_wconf 85' lang='lat' dir='ltr'><strong><em>arte</em></strong></span> <span class='ocrx_word' id='word_1_1005' title='bbox 2236 5093 2333 5130; x_wconf 88' lang='lat' dir='ltr'><strong><em>ms.</em></strong></span> <span class='ocrx_word' id='word_1_1006' title='bbox 2363 5075 2519 5130; x_wconf 84' lang='lat' dir='ltr'><strong><em>Corb.</em></strong></span> <span class='ocrx_word' id='word_1_1007' title='bbox 2548 5074 2768 5143; x_wconf 85' lang='lat' dir='ltr'><strong><em>pictoris</em></strong></span> <span class='ocrx_word' id='word_1_1008' title='bbox 2805 5083 2985 5131; x_wconf 82' lang='lat' dir='ltr'><strong><em>mente</em></strong></span> <span class='ocrx_word' id='word_1_1009' title='bbox 3055 5075 3126 5107; x_wconf 74' lang='grc'><strong><em>’⁸⁸</em></strong></span> <span class='ocrx_word' id='word_1_1010' title='bbox 3163 5077 3320 5142; x_wconf 81' lang='lat' dir='ltr'><strong><em>Quia,</em></strong></span> <span class='ocrx_word' id='word_1_1011' title='bbox 3363 5078 3507 5131; x_wconf 85' lang='lat' dir='ltr'><strong><em>sicut</em></strong></span> 
     </span>
    </p>
   </div>
   <div class='ocr_carea' id='block_1_89' title="bbox 241 5138 3505 5209">
    <p class='ocr_par' dir='ltr' id='par_1_89' title="bbox 241 5138 3505 5209">
     <span class='ocr_line' id='line_1_90' title="bbox 241 5138 3505 5209; baseline 0.003 -17"><span class='ocrx_word' id='word_1_1012' title='bbox 241 5156 372 5195; x_wconf 79' lang='lat' dir='ltr'><strong><em>mss.</em></strong></span> <span class='ocrx_word' id='word_1_1013' title='bbox 405 5138 541 5194; x_wconf 79' lang='lat' dir='ltr'><strong><em>Tha.</em></strong></span> <span class='ocrx_word' id='word_1_1014' title='bbox 593 5138 727 5193; x_wconf 84' lang='lat' dir='ltr'><strong><em>Vict.</em></strong></span> <span class='ocrx_word' id='word_1_1015' title='bbox 752 5138 913 5194; x_wconf 88' lang='lat' dir='ltr'><strong><em>Corb.</em></strong></span> <span class='ocrx_word' id='word_1_1016' title='bbox 941 5139 1091 5208; x_wconf 83' lang='lat' dir='ltr'><strong><em>quia,</em></strong></span> <span class='ocrx_word' id='word_1_1017' title='bbox 1119 5149 1173 5195; x_wconf 89' lang='lat' dir='ltr'><strong><em>et</em></strong></span> <span class='ocrx_word' id='word_1_1018' title='bbox 1194 5140 1335 5195; x_wconf 88' lang='lat' dir='ltr'><strong><em>sicut</em></strong></span> <span class='ocrx_word' id='word_1_1019' title='bbox 1367 5138 1380 5141; x_wconf 73' lang='grc'><strong><em>“</em></strong></span> <span class='ocrx_word' id='word_1_1020' title='bbox 1406 5140 1475 5173; x_wconf 80' lang='grc'><strong><em>⁹⁵⁹</em></strong></span> <span class='ocrx_word' id='word_1_1021' title='bbox 1508 5141 1735 5198; x_wconf 82' lang='lat' dir='ltr'><strong><em>Vivente</em></strong></span> <span class='ocrx_word' id='word_1_1022' title='bbox 1756 5146 1957 5209; x_wconf 84' lang='lat' dir='ltr'><strong><em>anima,</em></strong></span> <span class='ocrx_word' id='word_1_1023' title='bbox 1997 5146 2103 5201; x_wconf 85' lang='lat' dir='ltr'><strong><em>vita</em></strong></span> <span class='ocrx_word' id='word_1_1024' title='bbox 2133 5162 2258 5200; x_wconf 86' lang='lat' dir='ltr'><strong><em>mss.</em></strong></span> <span class='ocrx_word' id='word_1_1025' title='bbox 2306 5147 2358 5200; x_wconf 87' lang='lat' dir='ltr'><strong><em>in</em></strong></span> <span class='ocrx_word' id='word_1_1026' title='bbox 2402 5138 2615 5199; x_wconf 85' lang='lat' dir='ltr'><strong><em>vivente</em></strong></span> <span class='ocrx_word' id='word_1_1027' title='bbox 2652 5146 2878 5202; x_wconf 77' lang='lat' dir='ltr'><strong><em>artiﬁcis</em></strong></span> <span class='ocrx_word' id='word_1_1028' title='bbox 2920 5145 3098 5199; x_wconf 87' lang='lat' dir='ltr'><strong><em>anima</em></strong></span> <span class='ocrx_word' id='word_1_1029' title='bbox 3137 5138 3245 5200; x_wconf 71' lang='lat' dir='ltr'><strong><em>vita</em></strong></span> <span class='ocrx_word' id='word_1_1030' title='bbox 3310 5138 3389 5178; x_wconf 11' lang='lat'><strong><em>7&#39;“</em></strong></span> <span class='ocrx_word' id='word_1_1031' title='bbox 3434 5149 3505 5201; x_wconf 84' lang='lat' dir='ltr'><strong><em>At</em></strong></span> 
     </span>
    </p>
   </div>
   <div class='ocr_carea' id='block_1_90' title="bbox 246 5209 3507 5284">
    <p class='ocr_par' dir='ltr' id='par_1_90' title="bbox 246 5209 3507 5284">
     <span class='ocr_line' id='line_1_91' title="bbox 246 5209 3507 5284; baseline 0.004 -25"><span class='ocrx_word' id='word_1_1032' title='bbox 246 5224 376 5284; x_wconf 54' lang='lat' dir='ltr'><strong><em>rere</em></strong></span> <span class='ocrx_word' id='word_1_1033' title='bbox 406 5227 505 5265; x_wconf 80' lang='lat' dir='ltr'><strong><em>me.</em></strong></span> <span class='ocrx_word' id='word_1_1034' title='bbox 537 5209 1047 5284; x_wconf 52' lang='lat' dir='ltr'><strong><em>Corb.or_nit._yet_&#39;o_</em></strong></span> <span class='ocrx_word' id='word_1_1035' title='bbox 1112 5210 1183 5284; x_wconf 43' lang='lat'><strong><em>&quot;1</em></strong></span> <span class='ocrx_word' id='word_1_1036' title='bbox 1213 5211 1376 5265; x_wconf 81' lang='lat' dir='ltr'><strong><em>Extra</em></strong></span> <span class='ocrx_word' id='word_1_1037' title='bbox 1431 5211 1517 5266; x_wconf 86' lang='lat' dir='ltr'><strong><em>illa</em></strong></span> <span class='ocrx_word' id='word_1_1038' title='bbox 1540 5230 1639 5284; x_wconf 76' lang='lat' dir='ltr'><strong><em>ms.</em></strong></span> <span class='ocrx_word' id='word_1_1039' title='bbox 1698 5212 1854 5284; x_wconf 75' lang='lat' dir='ltr'><strong><em>Corb.</em></strong></span> <span class='ocrx_word' id='word_1_1040' title='bbox 1897 5231 2002 5269; x_wconf 90' lang='lat' dir='ltr'><strong><em>non</em></strong></span> <span class='ocrx_word' id='word_1_1041' title='bbox 2031 5227 2181 5269; x_wconf 75' lang='lat' dir='ltr'><strong><em>extra</em></strong></span> <span class='ocrx_word' id='word_1_1042' title='bbox 2220 5216 2306 5270; x_wconf 86' lang='lat' dir='ltr'><strong><em>illa</em></strong></span> <span class='ocrx_word' id='word_1_1043' title='bbox 2380 5216 2450 5247; x_wconf 78' lang='grc'><strong><em>¹¹⁶²</em></strong></span> <span class='ocrx_word' id='word_1_1044' title='bbox 2494 5214 2791 5284; x_wconf 78' lang='lat' dir='ltr'><strong><em>Percipitur</em></strong></span> <span class='ocrx_word' id='word_1_1045' title='bbox 2812 5231 3033 5279; x_wconf 80' lang='lat' dir='ltr'><strong><em>verum,</em></strong></span> <span class='ocrx_word' id='word_1_1046' title='bbox 3088 5215 3234 5271; x_wconf 87' lang='lat' dir='ltr'><strong><em>aliud</em></strong></span> <span class='ocrx_word' id='word_1_1047' title='bbox 3270 5226 3351 5272; x_wconf 85' lang='lat' dir='ltr'><strong><em>est</em></strong></span> <span class='ocrx_word' id='word_1_1048' title='bbox 3387 5217 3507 5272; x_wconf 82' lang='lat' dir='ltr'><strong><em>sine</em></strong></span> 
     </span>
    </p>
   </div>
   <div class='ocr_carea' id='block_1_91' title="bbox 249 5278 3504 5355">
    <p class='ocr_par' dir='ltr' id='par_1_91' title="bbox 249 5278 3504 5355">
     <span class='ocr_line' id='line_1_92' title="bbox 249 5278 3504 5355; baseline 0.003 -24"><span class='ocrx_word' id='word_1_1049' title='bbox 249 5278 414 5355; x_wconf 75' lang='lat' dir='ltr'><strong><em>dubio</em></strong></span> <span class='ocrx_word' id='word_1_1050' title='bbox 441 5295 628 5355; x_wconf 57' lang='lat' dir='ltr'><strong><em>rerum</em></strong></span> <span class='ocrx_word' id='word_1_1051' title='bbox 652 5279 780 5355; x_wconf 78' lang='lat' dir='ltr'><strong><em>illud</em></strong></span> <span class='ocrx_word' id='word_1_1052' title='bbox 805 5321 821 5346; x_wconf 92' lang='lat'><strong><em>,</em></strong></span> <span class='ocrx_word' id='word_1_1053' title='bbox 859 5279 1001 5334; x_wconf 81' lang='lat' dir='ltr'><strong><em>aliud</em></strong></span> <span class='ocrx_word' id='word_1_1054' title='bbox 1034 5278 1344 5355; x_wconf 62' lang='lat' dir='ltr'><strong><em>intellectys</em></strong></span> <span class='ocrx_word' id='word_1_1055' title='bbox 1378 5299 1504 5355; x_wconf 83' lang='lat' dir='ltr'><strong><em>mss.</em></strong></span> <span class='ocrx_word' id='word_1_1056' title='bbox 1544 5280 1693 5336; x_wconf 80' lang='lat' dir='ltr'><strong><em>Gem.</em></strong></span> <span class='ocrx_word' id='word_1_1057' title='bbox 1737 5282 1870 5339; x_wconf 88' lang='lat' dir='ltr'><strong><em>Vict.</em></strong></span> <span class='ocrx_word' id='word_1_1058' title='bbox 1890 5290 1951 5355; x_wconf 82' lang='lat' dir='ltr'><strong><em>et</em></strong></span> <span class='ocrx_word' id='word_1_1059' title='bbox 1981 5285 2113 5339; x_wconf 87' lang='lat' dir='ltr'><strong><em>Thu.</em></strong></span> <span class='ocrx_word' id='word_1_1060' title='bbox 2141 5286 2434 5355; x_wconf 79' lang='lat' dir='ltr'><strong><em>percipitur</em></strong></span> <span class='ocrx_word' id='word_1_1061' title='bbox 2454 5278 2670 5355; x_wconf 60' lang='lat' dir='ltr'><strong><em>verum}</em></strong></span> <span class='ocrx_word' id='word_1_1062' title='bbox 2701 5287 2843 5341; x_wconf 81' lang='lat' dir='ltr'><strong><em>aliud</em></strong></span> <span class='ocrx_word' id='word_1_1063' title='bbox 2866 5287 2984 5341; x_wconf 87' lang='lat' dir='ltr'><strong><em>sine</em></strong></span> <span class='ocrx_word' id='word_1_1064' title='bbox 3013 5287 3174 5342; x_wconf 81' lang='lat' dir='ltr'><strong><em>dubio</em></strong></span> <span class='ocrx_word' id='word_1_1065' title='bbox 3196 5298 3297 5350; x_wconf 86' lang='lat' dir='ltr'><strong><em>est,</em></strong></span> <span class='ocrx_word' id='word_1_1066' title='bbox 3315 5303 3504 5341; x_wconf 80' lang='lat' dir='ltr'><strong><em>verum</em></strong></span> 
     </span>
    </p>
   </div>
   <div class='ocr_carea' id='block_1_92' title="bbox 246 5348 3505 5421">
    <p class='ocr_par' dir='ltr' id='par_1_92' title="bbox 246 5348 3505 5421">
     <span class='ocr_line' id='line_1_93' title="bbox 246 5348 3505 5421; baseline 0.004 -22"><span class='ocrx_word' id='word_1_1067' title='bbox 246 5348 397 5421; x_wconf 73' lang='lat' dir='ltr'><strong><em>illud.</em></strong></span> <span class='ocrx_word' id='word_1_1068' title='bbox 428 5351 577 5421; x_wconf 80' lang='lat' dir='ltr'><strong><em>aliud</em></strong></span> <span class='ocrx_word' id='word_1_1069' title='bbox 605 5351 1040 5421; x_wconf 39' lang='lat' dir='ltr'><strong><em>intellectusums.</em></strong></span> <span class='ocrx_word' id='word_1_1070' title='bbox 1079 5348 1233 5421; x_wconf 56' lang='lat' dir='ltr'><strong><em>Corb.</em></strong></span> <span class='ocrx_word' id='word_1_1071' title='bbox 1269 5349 1589 5421; x_wconf 83' lang='lat' dir='ltr'><strong><em>Percipitur,</em></strong></span> <span class='ocrx_word' id='word_1_1072' title='bbox 1616 5369 1803 5409; x_wconf 81' lang='lat' dir='ltr'><strong><em>verum</em></strong></span> <span class='ocrx_word' id='word_1_1073' title='bbox 1853 5354 1992 5408; x_wconf 83' lang='lat' dir='ltr'><strong><em>aliud</em></strong></span> <span class='ocrx_word' id='word_1_1074' title='bbox 2024 5348 2327 5411; x_wconf 48' lang='lat' dir='ltr'><strong><em>sine-dubio</em></strong></span> <span class='ocrx_word' id='word_1_1075' title='bbox 2350 5366 2454 5410; x_wconf 82' lang='lat' dir='ltr'><strong><em>est.</em></strong></span> <span class='ocrx_word' id='word_1_1076' title='bbox 2490 5354 2642 5411; x_wconf 85' lang='lat' dir='ltr'><strong><em>Unde</em></strong></span> <span class='ocrx_word' id='word_1_1077' title='bbox 2666 5356 2794 5411; x_wconf 86' lang='lat' dir='ltr'><strong><em>illud</em></strong></span> <span class='ocrx_word' id='word_1_1078' title='bbox 2853 5358 2998 5412; x_wconf 89' lang='lat' dir='ltr'><strong><em>aliud</em></strong></span> <span class='ocrx_word' id='word_1_1079' title='bbox 3061 5348 3363 5412; x_wconf 80' lang='lat' dir='ltr'><strong><em>intellectus</em></strong></span> <span class='ocrx_word' id='word_1_1080' title='bbox 3432 5358 3505 5392; x_wconf 73' lang='grc' dir='ltr'><strong><em>⁹ε³</em></strong></span> 
     </span>
    </p>
   </div>
   <div class='ocr_carea' id='block_1_93' title="bbox 244 5417 3505 5499">
    <p class='ocr_par' dir='ltr' id='par_1_93' title="bbox 244 5417 3505 5499">
     <span class='ocr_line' id='line_1_94' title="bbox 244 5417 3505 5499; baseline 0.004 -29"><span class='ocrx_word' id='word_1_1081' title='bbox 244 5417 432 5498; x_wconf 64' lang='lat' dir='ltr'><strong><em>Maius,</em></strong></span> <span class='ocrx_word' id='word_1_1082' title='bbox 454 5419 888 5499; x_wconf 63' lang='lat' dir='ltr'><strong><em>nihilalitultnss.</em></strong></span> <span class='ocrx_word' id='word_1_1083' title='bbox 906 5418 1037 5475; x_wconf 86' lang='lat' dir='ltr'><strong><em>Vict.</em></strong></span> <span class='ocrx_word' id='word_1_1084' title='bbox 1058 5430 1105 5474; x_wconf 92' lang='lat' dir='ltr'><strong><em>et</em></strong></span> <span class='ocrx_word' id='word_1_1085' title='bbox 1127 5417 1281 5499; x_wconf 60' lang='lat' dir='ltr'><strong><em>garb.</em></strong></span> <span class='ocrx_word' id='word_1_1086' title='bbox 1305 5432 1350 5474; x_wconf 86' lang='lat' dir='ltr'><strong><em>et</em></strong></span> <span class='ocrx_word' id='word_1_1087' title='bbox 1367 5417 1609 5499; x_wconf 48' lang='lat' dir='ltr'><strong><em>S.&#39;Mich.</em></strong></span> <span class='ocrx_word' id='word_1_1088' title='bbox 1626 5424 1797 5499; x_wconf 72' lang='lat' dir='ltr'><strong><em>majus</em></strong></span> <span class='ocrx_word' id='word_1_1089' title='bbox 1820 5425 1963 5499; x_wconf 77' lang='lat' dir='ltr'><strong><em>quod</em></strong></span> <span class='ocrx_word' id='word_1_1090' title='bbox 1990 5425 2123 5499; x_wconf 64' lang='lat' dir='ltr'><strong><em>nillil</em></strong></span> <span class='ocrx_word' id='word_1_1091' title='bbox 2152 5427 2297 5482; x_wconf 85' lang='lat' dir='ltr'><strong><em>aliud</em></strong></span> <span class='ocrx_word' id='word_1_1092' title='bbox 2358 5426 2433 5499; x_wconf 58' lang='grc' dir='ltr'>ἐξ</span> <span class='ocrx_word' id='word_1_1093' title='bbox 2441 5426 2571 5481; x_wconf 84' lang='lat' dir='ltr'><strong><em>Tam</em></strong></span> <span class='ocrx_word' id='word_1_1094' title='bbox 2595 5436 3099 5499; x_wconf 72' lang='lat' dir='ltr'><strong><em>ergatnss.tamcgo</em></strong></span> <span class='ocrx_word' id='word_1_1095' title='bbox 3158 5427 3231 5499; x_wconf 63' lang='grc'><strong><em>9⁸⁸⁵</em></strong></span> <span class='ocrx_word' id='word_1_1096' title='bbox 3251 5427 3505 5499; x_wconf 65' lang='lat' dir='ltr'><strong><em>Cogitate</em></strong></span> 
     </span>
    </p>
   </div>
   <div class='ocr_carea' id='block_1_94' title="bbox 246 5489 3503 5568">
    <p class='ocr_par' dir='ltr' id='par_1_94' title="bbox 246 5489 3503 5568">
     <span class='ocr_line' id='line_1_95' title="bbox 246 5489 3503 5568; baseline 0.004 -28"><span class='ocrx_word' id='word_1_1097' title='bbox 246 5491 486 5568; x_wconf 48' lang='lat' dir='ltr'><strong><em>auditum</em></strong></span> <span class='ocrx_word' id='word_1_1098' title='bbox 521 5489 959 5568; x_wconf 59' lang='lat' dir='ltr'><strong><em>velitttellcctum</em></strong></span> <span class='ocrx_word' id='word_1_1099' title='bbox 993 5490 1281 5568; x_wconf 76' lang='lat' dir='ltr'><strong><em>ms._(.‘orb.</em></strong></span> <span class='ocrx_word' id='word_1_1100' title='bbox 1310 5494 1547 5560; x_wconf 81' lang='lat' dir='ltr'><strong><em>cogitare</em></strong></span> <span class='ocrx_word' id='word_1_1101' title='bbox 1575 5489 1780 5568; x_wconf 74' lang='lat' dir='ltr'><strong><em>auditu,</em></strong></span> <span class='ocrx_word' id='word_1_1102' title='bbox 1805 5489 1898 5568; x_wconf 56' lang='grc' dir='ltr'><strong><em>Διξυι</em></strong></span> <span class='ocrx_word' id='word_1_1103' title='bbox 1925 5497 2198 5551; x_wconf 86' lang='lat' dir='ltr'><strong><em>intellectu</em></strong></span> <span class='ocrx_word' id='word_1_1104' title='bbox 2251 5514 2378 5552; x_wconf 84' lang='lat' dir='ltr'><strong><em>mss.</em></strong></span> <span class='ocrx_word' id='word_1_1105' title='bbox 2415 5497 2546 5550; x_wconf 83' lang='lat' dir='ltr'><strong><em>Vict.</em></strong></span> <span class='ocrx_word' id='word_1_1106' title='bbox 2586 5489 2731 5551; x_wconf 54' lang='lat' dir='ltr'><strong><em>can.</em></strong></span> <span class='ocrx_word' id='word_1_1107' title='bbox 2760 5498 3000 5568; x_wconf 79' lang='lat' dir='ltr'><strong><em>cogitare</em></strong></span> <span class='ocrx_word' id='word_1_1108' title='bbox 3032 5489 3419 5563; x_wconf 45' lang='lat' dir='ltr'><strong><em>&#39;auditumﬂ&#39;el</em></strong></span> <span class='ocrx_word' id='word_1_1109' title='bbox 3448 5497 3503 5552; x_wconf 87' lang='lat' dir='ltr'><strong><em>in</em></strong></span> 
     </span>
    </p>
   </div>
   <div class='ocr_carea' id='block_1_95' title="bbox 246 5558 3500 5637">
    <p class='ocr_par' dir='ltr' id='par_1_95' title="bbox 246 5558 3500 5637">
     <span class='ocr_line' id='line_1_96' title="bbox 246 5558 3500 5637; baseline 0.003 -26"><span class='ocrx_word' id='word_1_1110' title='bbox 246 5558 523 5637; x_wconf 72' lang='lat' dir='ltr'><strong><em>intellectu</em></strong></span> <span class='ocrx_word' id='word_1_1111' title='bbox 622 5558 691 5589; x_wconf 76' lang='grc'><strong><em>⁹⁶⁶</em></strong></span> <span class='ocrx_word' id='word_1_1112' title='bbox 726 5560 840 5613; x_wconf 87' lang='grc' dir='ltr'><strong><em>Νοη</em></strong></span> <span class='ocrx_word' id='word_1_1113' title='bbox 865 5575 983 5637; x_wconf 75' lang='lat' dir='ltr'><strong><em>esse</em></strong></span> <span class='ocrx_word' id='word_1_1114' title='bbox 1002 5558 1489 5637; x_wconf 61' lang='lat' dir='ltr'><strong><em>cogitat&#39;c_}tossttm_</em></strong></span> <span class='ocrx_word' id='word_1_1115' title='bbox 1505 5581 1602 5637; x_wconf 82' lang='lat' dir='ltr'><strong><em>ms.</em></strong></span> <span class='ocrx_word' id='word_1_1116' title='bbox 1629 5558 1776 5637; x_wconf 51' lang='lat' dir='ltr'><strong><em>Vict.</em></strong></span> <span class='ocrx_word' id='word_1_1117' title='bbox 1796 5565 1887 5637; x_wconf 80' lang='grc'><strong><em>15.</em></strong></span> <span class='ocrx_word' id='word_1_1118' title='bbox 1918 5582 2021 5621; x_wconf 88' lang='lat' dir='ltr'><strong><em>non</em></strong></span> <span class='ocrx_word' id='word_1_1119' title='bbox 2049 5582 2168 5623; x_wconf 85' lang='lat' dir='ltr'><strong><em>esse</em></strong></span> <span class='ocrx_word' id='word_1_1120' title='bbox 2190 5570 2424 5635; x_wconf 76' lang='lat' dir='ltr'><strong><em>cogitare</em></strong></span> <span class='ocrx_word' id='word_1_1121' title='bbox 2447 5582 2551 5621; x_wconf 81' lang='lat' dir='ltr'><strong><em>non</em></strong></span> <span class='ocrx_word' id='word_1_1122' title='bbox 2583 5580 2798 5637; x_wconf 76' lang='lat' dir='ltr'><strong><em>possum</em></strong></span> <span class='ocrx_word' id='word_1_1123' title='bbox 2826 5558 2854 5568; x_wconf 76' lang='grc'>”</span> <span class='ocrx_word' id='word_1_1124' title='bbox 2892 5568 2961 5631; x_wconf 60' lang='grc'><strong><em>9⁸7</em></strong></span> <span class='ocrx_word' id='word_1_1125' title='bbox 2988 5568 3121 5623; x_wconf 82' lang='lat' dir='ltr'><strong><em>Rem</em></strong></span> <span class='ocrx_word' id='word_1_1126' title='bbox 3149 5558 3317 5637; x_wconf 80' lang='lat' dir='ltr'><strong><em>ipsam</em></strong></span> <span class='ocrx_word' id='word_1_1127' title='bbox 3344 5570 3500 5634; x_wconf 76' lang='lat' dir='ltr'><strong><em>novi‘,</em></strong></span> 
     </span>
    </p>
   </div>
   <div class='ocr_carea' id='block_1_96' title="bbox 251 5630 3501 5711">
    <p class='ocr_par' dir='ltr' id='par_1_96' title="bbox 251 5630 3501 5711">
     <span class='ocr_line' id='line_1_97' title="bbox 251 5630 3501 5711; baseline 0.004 -31"><span class='ocrx_word' id='word_1_1128' title='bbox 251 5638 343 5681; x_wconf 86' lang='lat' dir='ltr'><strong><em>aut</em></strong></span> <span class='ocrx_word' id='word_1_1129' title='bbox 369 5644 433 5683; x_wconf 77' lang='lat' dir='ltr'><strong><em>cx</em></strong></span> <span class='ocrx_word' id='word_1_1130' title='bbox 458 5630 558 5711; x_wconf 75' lang='lat' dir='ltr'><strong><em>alia</em></strong></span> <span class='ocrx_word' id='word_1_1131' title='bbox 588 5643 806 5711; x_wconf 63' lang='lat' dir='ltr'><strong><em>possunt</em></strong></span> <span class='ocrx_word' id='word_1_1132' title='bbox 832 5630 1103 5711; x_wconf 43' lang='lat' dir='ltr'><strong><em>cht&#39;ltntjipere</em></strong></span> <span class='ocrx_word' id='word_1_1133' title='bbox 1134 5632 1293 5711; x_wconf 68' lang='lat' dir='ltr'><strong><em>simili</em></strong></span> <span class='ocrx_word' id='word_1_1134' title='bbox 1313 5651 1408 5685; x_wconf 82' lang='lat' dir='ltr'><strong><em>ms.</em></strong></span> <span class='ocrx_word' id='word_1_1135' title='bbox 1451 5633 1582 5711; x_wconf 52' lang='lat' dir='ltr'><strong><em>ln’ict.</em></strong></span> <span class='ocrx_word' id='word_1_1136' title='bbox 1619 5635 1705 5688; x_wconf 79' lang='grc'><strong><em>13.</em></strong></span> <span class='ocrx_word' id='word_1_1137' title='bbox 1737 5650 1848 5689; x_wconf 91' lang='lat' dir='ltr'><strong><em>rem</em></strong></span> <span class='ocrx_word' id='word_1_1138' title='bbox 1878 5636 2070 5711; x_wconf 79' lang='lat' dir='ltr'><strong><em>ipsam,</em></strong></span> <span class='ocrx_word' id='word_1_1139' title='bbox 2112 5655 2229 5710; x_wconf 71' lang='lat' dir='ltr'><strong><em>quae</em></strong></span> <span class='ocrx_word' id='word_1_1140' title='bbox 2253 5630 2395 5696; x_wconf 75' lang='lat' dir='ltr'><strong><em>Deus</em></strong></span> <span class='ocrx_word' id='word_1_1141' title='bbox 2422 5647 2508 5696; x_wconf 84' lang='lat' dir='ltr'><strong><em>est</em></strong></span> <span class='ocrx_word' id='word_1_1142' title='bbox 2535 5630 2656 5692; x_wconf 74' lang='lat' dir='ltr'><strong><em>novi</em></strong></span> <span class='ocrx_word' id='word_1_1143' title='bbox 2675 5652 2690 5707; x_wconf 67' lang='grc' dir='ltr'><strong><em>ς</em></strong></span> <span class='ocrx_word' id='word_1_1144' title='bbox 2710 5646 2801 5693; x_wconf 86' lang='lat' dir='ltr'><strong><em>aut</em></strong></span> <span class='ocrx_word' id='word_1_1145' title='bbox 2829 5638 2999 5709; x_wconf 86' lang='lat' dir='ltr'><strong><em>ipsam</em></strong></span> <span class='ocrx_word' id='word_1_1146' title='bbox 3026 5630 3246 5711; x_wconf 76' lang='lat' dir='ltr'><strong><em>possunt</em></strong></span> <span class='ocrx_word' id='word_1_1147' title='bbox 3272 5630 3501 5694; x_wconf 68' lang='lat' dir='ltr'><strong><em>conva</em></strong></span> 
     </span>
    </p>
   </div>
   <div class='ocr_carea' id='block_1_97' title="bbox 245 5697 2012 5763">
    <p class='ocr_par' dir='ltr' id='par_1_97' title="bbox 245 5697 2012 5763">
     <span class='ocr_line' id='line_1_98' title="bbox 245 5697 2012 5763; baseline 0.006 -10"><span class='ocrx_word' id='word_1_1148' title='bbox 245 5714 365 5757; x_wconf 63' lang='lat' dir='ltr'><strong><em>care</em></strong></span> <span class='ocrx_word' id='word_1_1149' title='bbox 391 5715 457 5756; x_wconf 81' lang='lat' dir='ltr'><strong><em>ex</em></strong></span> <span class='ocrx_word' id='word_1_1150' title='bbox 480 5698 583 5754; x_wconf 85' lang='lat' dir='ltr'><strong><em>alia</em></strong></span> <span class='ocrx_word' id='word_1_1151' title='bbox 622 5697 781 5754; x_wconf 86' lang='lat' dir='ltr'><strong><em>simili</em></strong></span> <span class='ocrx_word' id='word_1_1152' title='bbox 856 5700 924 5731; x_wconf 65' lang='lat'><strong><em>“’3</em></strong></span> <span class='ocrx_word' id='word_1_1153' title='bbox 953 5701 1017 5755; x_wconf 78' lang='lat' dir='ltr'><strong><em>Et</em></strong></span> <span class='ocrx_word' id='word_1_1154' title='bbox 1049 5708 1101 5755; x_wconf 90' lang='lat' dir='ltr'><strong><em>tu</em></strong></span> <span class='ocrx_word' id='word_1_1155' title='bbox 1124 5702 1280 5758; x_wconf 80' lang='lat' dir='ltr'><strong><em>talem</em></strong></span> <span class='ocrx_word' id='word_1_1156' title='bbox 1317 5720 1410 5759; x_wconf 86' lang='lat' dir='ltr'><strong><em>ms.</em></strong></span> <span class='ocrx_word' id='word_1_1157' title='bbox 1448 5702 1600 5760; x_wconf 86' lang='lat' dir='ltr'><strong><em>Corb.</em></strong></span> <span class='ocrx_word' id='word_1_1158' title='bbox 1631 5714 1683 5760; x_wconf 86' lang='lat' dir='ltr'><strong><em>et</em></strong></span> <span class='ocrx_word' id='word_1_1159' title='bbox 1706 5721 1826 5760; x_wconf 85' lang='lat' dir='ltr'><strong><em>cum</em></strong></span> <span class='ocrx_word' id='word_1_1160' title='bbox 1853 5697 2012 5763; x_wconf 77' lang='lat' dir='ltr'><strong><em>talem</em></strong></span> 
     </span>
    </p>
   </div>
  </div>
