  <div class='ocr_page' id='page_1' title='image "/cluster/home/n/w/nwhite01/storage/ocr_20150623/158/hvd.32044054760160/130.png"; bbox 0 0 3926 6054; ppageno 0'>
   <div class='ocr_carea' id='block_1_1' title="bbox 191 255 304 311">
    <p class='ocr_par' dir='ltr' id='par_1_1' title="bbox 191 255 304 311">
     <span class='ocr_line' id='line_1_1' title="bbox 191 255 304 311; baseline 0.009 -2"><span class='ocrx_word' id='word_1_1' title='bbox 191 255 304 311; x_wconf 68' lang='grc'><strong>219</strong></span> 
     </span>
    </p>
   </div>
   <div class='ocr_carea' id='block_1_2' title="bbox 715 364 1265 422">
    <p class='ocr_par' dir='ltr' id='par_1_2' title="bbox 715 364 1265 422">
     <span class='ocr_line' id='line_1_2' title="bbox 715 364 1265 422; baseline 0.002 -1"><span class='ocrx_word' id='word_1_2' title='bbox 715 364 944 421; x_wconf 77' lang='lat' dir='ltr'><strong>CAPUT</strong></span> <span class='ocrx_word' id='word_1_3' title='bbox 974 365 1265 422; x_wconf 76' lang='lat' dir='ltr'><strong>PRIMUM.</strong></span> 
     </span>
    </p>
   </div>
   <div class='ocr_carea' id='block_1_3' title="bbox 191 456 1786 526">
    <p class='ocr_par' dir='ltr' id='par_1_3' title="bbox 191 456 1786 526">
     <span class='ocr_line' id='line_1_3' title="bbox 191 456 1786 526; baseline 0.002 -13"><span class='ocrx_word' id='word_1_4' title='bbox 191 456 495 513; x_wconf 76' lang='lat' dir='ltr'><strong>Generatim</strong></span> <span class='ocrx_word' id='word_1_5' title='bbox 534 457 794 526; x_wconf 74' lang='lat' dir='ltr'><strong>refellitur</strong></span> <span class='ocrx_word' id='word_1_6' title='bbox 818 459 1111 511; x_wconf 71' lang='lat' dir='ltr'><strong>aduersarii</strong></span> <span class='ocrx_word' id='word_1_7' title='bbox 1141 459 1508 521; x_wconf 81' lang='lat' dir='ltr'><strong>ratiocinatio;</strong></span> <span class='ocrx_word' id='word_1_8' title='bbox 1539 470 1586 511; x_wconf 78' lang='lat' dir='ltr'><strong>et</strong></span> <span class='ocrx_word' id='word_1_9' title='bbox 1612 471 1786 516; x_wconf 72' lang='lat' dir='ltr'><strong>osten-</strong></span> 
     </span>
    </p>
   </div>
   <div class='ocr_carea' id='block_1_4' title="bbox 235 528 1745 610">
    <p class='ocr_par' dir='ltr' id='par_1_4' title="bbox 235 528 1745 610">
     <span class='ocr_line' id='line_1_4' title="bbox 235 528 1745 610; baseline 0.002 -28"><span class='ocrx_word' id='word_1_10' title='bbox 235 533 384 584; x_wconf 80' lang='lat' dir='ltr'><strong>ditur</strong></span> <span class='ocrx_word' id='word_1_11' title='bbox 415 531 467 582; x_wconf 84' lang='lat' dir='ltr'><strong>id</strong></span> <span class='ocrx_word' id='word_1_12' title='bbox 489 541 591 599; x_wconf 77' lang='lat' dir='ltr'><strong>quo</strong></span> <span class='ocrx_word' id='word_1_13' title='bbox 613 528 788 596; x_wconf 71' lang='lat' dir='ltr'><strong>majus</strong></span> <span class='ocrx_word' id='word_1_14' title='bbox 811 529 1030 598; x_wconf 81' lang='lat' dir='ltr'><strong>cogitari</strong></span> <span class='ocrx_word' id='word_1_15' title='bbox 1071 545 1172 582; x_wconf 79' lang='lat' dir='ltr'><strong>non</strong></span> <span class='ocrx_word' id='word_1_16' title='bbox 1201 539 1386 597; x_wconf 81' lang='lat' dir='ltr'><strong>potest,</strong></span> <span class='ocrx_word' id='word_1_17' title='bbox 1417 546 1527 583; x_wconf 80' lang='lat' dir='ltr'><strong>esse</strong></span> <span class='ocrx_word' id='word_1_18' title='bbox 1554 533 1745 610; x_wconf 76' lang='lat' dir='ltr'><strong>reipsa.</strong></span> 
     </span>
    </p>
   </div>
   <div class='ocr_carea' id='block_1_5' title="bbox 267 617 1783 687">
    <p class='ocr_par' dir='ltr' id='par_1_5' title="bbox 267 617 1783 687">
     <span class='ocr_line' id='line_1_5' title="bbox 267 617 1783 687; baseline 0.003 -14"><span class='ocrx_word' id='word_1_19' title='bbox 267 619 414 674; x_wconf 85' lang='lat' dir='ltr'><strong>Dicis</strong></span> <span class='ocrx_word' id='word_1_20' title='bbox 444 618 661 687; x_wconf 84' lang='lat' dir='ltr'><strong>quidem</strong></span> <span class='ocrx_word' id='word_1_21' title='bbox 705 617 799 648; x_wconf 59' lang='grc' dir='ltr'><strong>¹⁰δ⁸</strong></span> <span class='ocrx_word' id='word_1_22' title='bbox 860 618 1194 687; x_wconf 72' lang='lat' dir='ltr'><strong>(quicunque</strong></span> <span class='ocrx_word' id='word_1_23' title='bbox 1249 634 1308 672; x_wconf 87' lang='lat' dir='ltr'><strong>es</strong></span> <span class='ocrx_word' id='word_1_24' title='bbox 1340 619 1442 686; x_wconf 77' lang='lat' dir='ltr'><strong>qui</strong></span> <span class='ocrx_word' id='word_1_25' title='bbox 1468 619 1625 686; x_wconf 63' lang='lat' dir='ltr'><strong>dicis</strong></span> <span class='ocrx_word' id='word_1_26' title='bbox 1670 621 1783 678; x_wconf 69' lang='lat' dir='ltr'><strong>lucc</strong></span> 
     </span>
    </p>
   </div>
   <div class='ocr_carea' id='block_1_6' title="bbox 189 691 1786 779">
    <p class='ocr_par' dir='ltr' id='par_1_6' title="bbox 189 691 1786 779">
     <span class='ocr_line' id='line_1_6' title="bbox 189 691 1786 779; baseline -0.001 -13"><span class='ocrx_word' id='word_1_27' title='bbox 189 726 356 779; x_wconf 83' lang='lat' dir='ltr'><strong>posse</strong></span> <span class='ocrx_word' id='word_1_28' title='bbox 397 709 580 764; x_wconf 81' lang='lat' dir='ltr'><strong>dicere</strong></span> <span class='ocrx_word' id='word_1_29' title='bbox 607 708 701 766; x_wconf 62' lang='grc' dir='ltr'><strong>¹⁰ἓ³</strong></span> <span class='ocrx_word' id='word_1_30' title='bbox 735 708 1099 778; x_wconf 87' lang='lat' dir='ltr'><strong>insipientem)</strong></span> <span class='ocrx_word' id='word_1_31' title='bbox 1130 709 1256 777; x_wconf 84' lang='lat' dir='ltr'><strong>quia</strong></span> <span class='ocrx_word' id='word_1_32' title='bbox 1283 691 1396 763; x_wconf 83' lang='lat' dir='ltr'><strong>non</strong></span> <span class='ocrx_word' id='word_1_33' title='bbox 1431 719 1514 764; x_wconf 90' lang='lat' dir='ltr'><strong>est</strong></span> <span class='ocrx_word' id='word_1_34' title='bbox 1546 710 1599 763; x_wconf 91' lang='lat' dir='ltr'><strong>in</strong></span> <span class='ocrx_word' id='word_1_35' title='bbox 1628 711 1786 765; x_wconf 80' lang='lat' dir='ltr'><strong>intel-</strong></span> 
     </span>
    </p>
   </div>
   <div class='ocr_carea' id='block_1_7' title="bbox 193 800 1786 872">
    <p class='ocr_par' dir='ltr' id='par_1_7' title="bbox 193 800 1786 872">
     <span class='ocr_line' id='line_1_7' title="bbox 193 800 1786 872; baseline -0.001 -14"><span class='ocrx_word' id='word_1_36' title='bbox 193 801 589 871; x_wconf 84' lang='lat' dir='ltr'><strong>lectualiqnid,</strong></span> <span class='ocrx_word' id='word_1_37' title='bbox 621 816 729 870; x_wconf 90' lang='lat' dir='ltr'><strong>quo</strong></span> <span class='ocrx_word' id='word_1_38' title='bbox 749 800 926 870; x_wconf 85' lang='lat' dir='ltr'><strong>majus</strong></span> <span class='ocrx_word' id='word_1_39' title='bbox 962 801 1193 871; x_wconf 78' lang='lat' dir='ltr'><strong>cogitari</strong></span> <span class='ocrx_word' id='word_1_40' title='bbox 1219 801 1309 832; x_wconf 69' lang='grc'><strong>¹⁰⁵⁸</strong></span> <span class='ocrx_word' id='word_1_41' title='bbox 1339 816 1444 858; x_wconf 83' lang='grc' dir='ltr'>ιιοη</span> <span class='ocrx_word' id='word_1_42' title='bbox 1465 804 1652 872; x_wconf 84' lang='lat' dir='ltr'><strong>possit,</strong></span> <span class='ocrx_word' id='word_1_43' title='bbox 1684 804 1786 858; x_wconf 85' lang='lat' dir='ltr'><strong>ali—</strong></span> 
     </span>
    </p>
   </div>
   <div class='ocr_carea' id='block_1_8' title="bbox 194 894 1782 965">
    <p class='ocr_par' dir='ltr' id='par_1_8' title="bbox 194 894 1782 965">
     <span class='ocr_line' id='line_1_8' title="bbox 194 894 1782 965; baseline 0.001 -14"><span class='ocrx_word' id='word_1_44' title='bbox 194 907 280 951; x_wconf 90' lang='lat' dir='ltr'><strong>ter</strong></span> <span class='ocrx_word' id='word_1_45' title='bbox 305 910 473 964; x_wconf 84' lang='lat' dir='ltr'><strong>quam</strong></span> <span class='ocrx_word' id='word_1_46' title='bbox 527 894 670 964; x_wconf 85' lang='lat' dir='ltr'><strong>quod</strong></span> <span class='ocrx_word' id='word_1_47' title='bbox 715 895 1012 953; x_wconf 89' lang='lat' dir='ltr'><strong>secundum</strong></span> <span class='ocrx_word' id='word_1_48' title='bbox 1076 894 1362 950; x_wconf 90' lang='lat' dir='ltr'><strong>veritatem</strong></span> <span class='ocrx_word' id='word_1_49' title='bbox 1403 895 1663 965; x_wconf 82' lang='lat' dir='ltr'><strong>cujusque</strong></span> <span class='ocrx_word' id='word_1_50' title='bbox 1703 897 1782 952; x_wconf 81' lang='lat' dir='ltr'><strong>rei</strong></span> 
     </span>
    </p>
   </div>
   <div class='ocr_carea' id='block_1_9' title="bbox 194 986 1785 1058">
    <p class='ocr_par' dir='ltr' id='par_1_9' title="bbox 194 986 1785 1058">
     <span class='ocr_line' id='line_1_9' title="bbox 194 986 1785 1058; baseline 0.001 -15"><span class='ocrx_word' id='word_1_51' title='bbox 194 989 386 1056; x_wconf 65' lang='lat' dir='ltr'><strong>neajuit</strong></span> <span class='ocrx_word' id='word_1_52' title='bbox 429 986 620 1042; x_wconf 87' lang='lat' dir='ltr'><strong>saltem</strong></span> <span class='ocrx_word' id='word_1_53' title='bbox 655 987 922 1058; x_wconf 79' lang='lat' dir='ltr'><strong>cogitari:</strong></span> <span class='ocrx_word' id='word_1_54' title='bbox 959 996 1016 1041; x_wconf 88' lang='lat' dir='ltr'><strong>et</strong></span> <span class='ocrx_word' id='word_1_55' title='bbox 1053 987 1177 1055; x_wconf 84' lang='lat' dir='ltr'><strong>quia</strong></span> <span class='ocrx_word' id='word_1_56' title='bbox 1227 1002 1332 1041; x_wconf 90' lang='lat' dir='ltr'><strong>non</strong></span> <span class='ocrx_word' id='word_1_57' title='bbox 1380 989 1552 1058; x_wconf 84' lang='lat' dir='ltr'><strong>magis</strong></span> <span class='ocrx_word' id='word_1_58' title='bbox 1586 1004 1785 1044; x_wconf 86' lang='lat' dir='ltr'><strong>conse-</strong></span> 
     </span>
    </p>
   </div>
   <div class='ocr_carea' id='block_1_10' title="bbox 193 1077 1782 1150">
    <p class='ocr_par' dir='ltr' id='par_1_10' title="bbox 193 1077 1782 1150">
     <span class='ocr_line' id='line_1_10' title="bbox 193 1077 1782 1150; baseline 0.004 -20"><span class='ocrx_word' id='word_1_59' title='bbox 193 1082 380 1148; x_wconf 55' lang='lat' dir='ltr'><strong>quitur</strong></span> <span class='ocrx_word' id='word_1_60' title='bbox 407 1078 500 1108; x_wconf 68' lang='grc' dir='ltr'><strong>ὀη</strong></span> <span class='ocrx_word' id='word_1_61' title='bbox 538 1078 656 1141; x_wconf 84' lang='lat' dir='ltr'><strong>hoc,</strong></span> <span class='ocrx_word' id='word_1_62' title='bbox 697 1077 838 1146; x_wconf 92' lang='lat' dir='ltr'><strong>quod</strong></span> <span class='ocrx_word' id='word_1_63' title='bbox 870 1077 1012 1141; x_wconf 80' lang='lat' dir='ltr'><strong>dico,</strong></span> <span class='ocrx_word' id='word_1_64' title='bbox 1067 1093 1176 1147; x_wconf 91' lang='lat' dir='ltr'><strong>quo</strong></span> <span class='ocrx_word' id='word_1_65' title='bbox 1207 1078 1384 1148; x_wconf 83' lang='lat' dir='ltr'><strong>majus</strong></span> <span class='ocrx_word' id='word_1_66' title='bbox 1419 1081 1644 1150; x_wconf 79' lang='lat' dir='ltr'><strong>cogitari</strong></span> <span class='ocrx_word' id='word_1_67' title='bbox 1676 1097 1782 1136; x_wconf 89' lang='lat' dir='ltr'><strong>non</strong></span> 
     </span>
    </p>
   </div>
   <div class='ocr_carea' id='block_1_11' title="bbox 193 1161 1782 1238">
    <p class='ocr_par' dir='ltr' id='par_1_11' title="bbox 193 1161 1782 1238">
     <span class='ocr_line' id='line_1_11' title="bbox 193 1161 1782 1238; baseline 0.003 -16"><span class='ocrx_word' id='word_1_68' title='bbox 193 1169 389 1238; x_wconf 90' lang='lat' dir='ltr'><strong>possit,</strong></span> <span class='ocrx_word' id='word_1_69' title='bbox 420 1161 488 1222; x_wconf 82' lang='lat' dir='ltr'><strong>ex</strong></span> <span class='ocrx_word' id='word_1_70' title='bbox 527 1183 592 1222; x_wconf 90' lang='lat' dir='ltr'><strong>co</strong></span> <span class='ocrx_word' id='word_1_71' title='bbox 618 1168 743 1236; x_wconf 84' lang='lat' dir='ltr'><strong>quia</strong></span> <span class='ocrx_word' id='word_1_72' title='bbox 785 1175 868 1222; x_wconf 86' lang='lat' dir='ltr'><strong>est</strong></span> <span class='ocrx_word' id='word_1_73' title='bbox 917 1167 970 1222; x_wconf 92' lang='lat' dir='ltr'><strong>in</strong></span> <span class='ocrx_word' id='word_1_74' title='bbox 1008 1167 1305 1236; x_wconf 89' lang='lat' dir='ltr'><strong>intellectu,</strong></span> <span class='ocrx_word' id='word_1_75' title='bbox 1356 1185 1476 1225; x_wconf 92' lang='lat' dir='ltr'><strong>esse</strong></span> <span class='ocrx_word' id='word_1_76' title='bbox 1522 1180 1576 1224; x_wconf 90' lang='lat' dir='ltr'><strong>et</strong></span> <span class='ocrx_word' id='word_1_77' title='bbox 1622 1171 1673 1225; x_wconf 94' lang='lat' dir='ltr'><strong>in</strong></span> <span class='ocrx_word' id='word_1_78' title='bbox 1701 1188 1782 1238; x_wconf 87' lang='lat' dir='ltr'><strong>re,</strong></span> 
     </span>
    </p>
   </div>
   <div class='ocr_carea' id='block_1_12' title="bbox 193 1256 1782 1334">
    <p class='ocr_par' dir='ltr' id='par_1_12' title="bbox 193 1256 1782 1334">
     <span class='ocr_line' id='line_1_12' title="bbox 193 1256 1782 1334; baseline 0.006 -23"><span class='ocrx_word' id='word_1_79' title='bbox 193 1274 360 1328; x_wconf 88' lang='lat' dir='ltr'><strong>quam</strong></span> <span class='ocrx_word' id='word_1_80' title='bbox 401 1258 666 1326; x_wconf 90' lang='lat' dir='ltr'><strong>perditam</strong></span> <span class='ocrx_word' id='word_1_81' title='bbox 698 1257 788 1288; x_wconf 70' lang='grc'><strong>¹⁰⁵⁷</strong></span> <span class='ocrx_word' id='word_1_82' title='bbox 821 1256 1049 1310; x_wconf 91' lang='lat' dir='ltr'><strong>insulam</strong></span> <span class='ocrx_word' id='word_1_83' title='bbox 1099 1258 1402 1314; x_wconf 72' lang='lat' dir='ltr'><strong>certissime</strong></span> <span class='ocrx_word' id='word_1_84' title='bbox 1451 1261 1684 1334; x_wconf 78' lang='lat' dir='ltr'><strong>existere</strong></span> <span class='ocrx_word' id='word_1_85' title='bbox 1716 1277 1782 1320; x_wconf 79' lang='lat' dir='ltr'><strong>ex</strong></span> 
     </span>
    </p>
   </div>
   <div class='ocr_carea' id='block_1_13' title="bbox 192 1347 1783 1424">
    <p class='ocr_par' dir='ltr' id='par_1_13' title="bbox 192 1347 1783 1424">
     <span class='ocr_line' id='line_1_13' title="bbox 192 1347 1783 1424; baseline 0 -20"><span class='ocrx_word' id='word_1_86' title='bbox 192 1365 258 1404; x_wconf 90' lang='lat' dir='ltr'><strong>eo</strong></span> <span class='ocrx_word' id='word_1_87' title='bbox 290 1348 417 1418; x_wconf 86' lang='lat' dir='ltr'><strong>quia</strong></span> <span class='ocrx_word' id='word_1_88' title='bbox 446 1363 566 1402; x_wconf 90' lang='lat' dir='ltr'><strong>cum</strong></span> <span class='ocrx_word' id='word_1_89' title='bbox 594 1347 687 1379; x_wconf 60' lang='grc' dir='ltr'><strong>ὀη</strong></span> <span class='ocrx_word' id='word_1_90' title='bbox 713 1347 1253 1424; x_wconf 85' lang='lat' dir='ltr'><strong>describiturverbis,</strong></span> <span class='ocrx_word' id='word_1_91' title='bbox 1279 1347 1503 1404; x_wconf 88' lang='lat' dir='ltr'><strong>audiens</strong></span> <span class='ocrx_word' id='word_1_92' title='bbox 1533 1365 1650 1403; x_wconf 88' lang='lat' dir='ltr'><strong>eam</strong></span> <span class='ocrx_word' id='word_1_93' title='bbox 1677 1347 1783 1405; x_wconf 88' lang='lat' dir='ltr'><strong>non</strong></span> 
     </span>
    </p>
   </div>
   <div class='ocr_carea' id='block_1_14' title="bbox 193 1423 1782 1518">
    <p class='ocr_par' dir='ltr' id='par_1_14' title="bbox 193 1423 1782 1518">
     <span class='ocr_line' id='line_1_14' title="bbox 193 1423 1782 1518; baseline 0.005 -33"><span class='ocrx_word' id='word_1_94' title='bbox 193 1438 424 1507; x_wconf 64' lang='lat' dir='ltr'><strong>amb‘git</strong></span> <span class='ocrx_word' id='word_1_95' title='bbox 463 1436 820 1518; x_wconf 4' lang='lat' dir='ltr'><strong>inpinteile‘etu</strong></span> <span class='ocrx_word' id='word_1_96' title='bbox 871 1452 968 1492; x_wconf 91' lang='lat' dir='ltr'><strong>suo</strong></span> <span class='ocrx_word' id='word_1_97' title='bbox 999 1423 1139 1491; x_wconf 78' lang='lat' dir='ltr'><strong>esse.</strong></span> <span class='ocrx_word' id='word_1_98' title='bbox 1185 1438 1298 1508; x_wconf 81' lang='lat' dir='ltr'><strong>Ego</strong></span> <span class='ocrx_word' id='word_1_99' title='bbox 1338 1455 1466 1492; x_wconf 89' lang='lat' dir='ltr'><strong>vero</strong></span> <span class='ocrx_word' id='word_1_100' title='bbox 1505 1440 1669 1495; x_wconf 90' lang='lat' dir='ltr'><strong>dico:</strong></span> <span class='ocrx_word' id='word_1_101' title='bbox 1702 1442 1782 1507; x_wconf 88' lang='lat' dir='ltr'><strong>Si,</strong></span> 
     </span>
    </p>
   </div>
   <div class='ocr_carea' id='block_1_15' title="bbox 193 1510 1782 1600">
    <p class='ocr_par' dir='ltr' id='par_1_15' title="bbox 193 1510 1782 1600">
     <span class='ocr_line' id='line_1_15' title="bbox 193 1510 1782 1600; baseline 0.004 -20"><span class='ocrx_word' id='word_1_102' title='bbox 193 1546 306 1600; x_wconf 69' lang='lat' dir='ltr'><strong>quo</strong></span> <span class='ocrx_word' id='word_1_103' title='bbox 333 1517 509 1598; x_wconf 76' lang='lat' dir='ltr'><strong>majus</strong></span> <span class='ocrx_word' id='word_1_104' title='bbox 531 1515 533 1518; x_wconf 7' lang='lat' dir='ltr'><strong>i</strong></span> <span class='ocrx_word' id='word_1_105' title='bbox 555 1510 779 1598; x_wconf 73' lang='lat' dir='ltr'><strong>cogitari</strong></span> <span class='ocrx_word' id='word_1_106' title='bbox 815 1543 918 1582; x_wconf 93' lang='lat' dir='ltr'><strong>non</strong></span> <span class='ocrx_word' id='word_1_107' title='bbox 950 1537 1146 1597; x_wconf 74' lang='lat' dir='ltr'><strong>potest,</strong></span> <span class='ocrx_word' id='word_1_108' title='bbox 1195 1541 1300 1584; x_wconf 90' lang='lat' dir='ltr'><strong>non</strong></span> <span class='ocrx_word' id='word_1_109' title='bbox 1335 1529 1670 1600; x_wconf 76' lang='lat' dir='ltr'><strong>intelligitur,</strong></span> <span class='ocrx_word' id='word_1_110' title='bbox 1702 1533 1782 1587; x_wconf 78' lang='lat' dir='ltr'><strong>vel</strong></span> 
     </span>
    </p>
   </div>
   <div class='ocr_carea' id='block_1_16' title="bbox 194 1609 1786 1692">
    <p class='ocr_par' dir='ltr' id='par_1_16' title="bbox 194 1609 1786 1692">
     <span class='ocr_line' id='line_1_16' title="bbox 194 1609 1786 1692; baseline 0.001 -17"><span class='ocrx_word' id='word_1_111' title='bbox 194 1609 486 1690; x_wconf 71' lang='lat' dir='ltr'><strong>cogitatur,</strong></span> <span class='ocrx_word' id='word_1_112' title='bbox 521 1635 618 1674; x_wconf 89' lang='lat' dir='ltr'><strong>nec</strong></span> <span class='ocrx_word' id='word_1_113' title='bbox 649 1627 733 1674; x_wconf 86' lang='lat' dir='ltr'><strong>est</strong></span> <span class='ocrx_word' id='word_1_114' title='bbox 773 1619 826 1673; x_wconf 94' lang='lat' dir='ltr'><strong>in</strong></span> <span class='ocrx_word' id='word_1_115' title='bbox 858 1619 1129 1674; x_wconf 89' lang='lat' dir='ltr'><strong>intellectu</strong></span> <span class='ocrx_word' id='word_1_116' title='bbox 1165 1620 1245 1674; x_wconf 88' lang='lat' dir='ltr'><strong>vel</strong></span> <span class='ocrx_word' id='word_1_117' title='bbox 1275 1621 1629 1692; x_wconf 80' lang='lat' dir='ltr'><strong>cogitatione;</strong></span> <span class='ocrx_word' id='word_1_118' title='bbox 1662 1611 1786 1690; x_wconf 53' lang='lat' dir='ltr'><strong>pro?</strong></span> 
     </span>
    </p>
   </div>
   <div class='ocr_carea' id='block_1_17' title="bbox 1123 251 2472 314">
    <p class='ocr_par' dir='ltr' id='par_1_17' title="bbox 1123 251 2472 314">
     <span class='ocr_line' id='line_1_17' title="bbox 1123 251 2472 314; baseline 0.003 -6"><span class='ocrx_word' id='word_1_119' title='bbox 1123 251 1326 308; x_wconf 73' lang='lat' dir='ltr'><strong>LIBER</strong></span> <span class='ocrx_word' id='word_1_120' title='bbox 1360 251 1649 310; x_wconf 71' lang='lat' dir='ltr'><strong>APOLOC.</strong></span> <span class='ocrx_word' id='word_1_121' title='bbox 1679 253 1970 312; x_wconf 63' lang='lat' dir='ltr'><strong>CONTRA</strong></span> <span class='ocrx_word' id='word_1_122' title='bbox 1989 255 2472 314; x_wconf 59' lang='lat' dir='ltr'><strong>GAUNILONEM;</strong></span> 
     </span>
    </p>
   </div>
   <div class='ocr_carea' id='block_1_18' title="bbox 3369 265 3477 320">
    <p class='ocr_par' dir='ltr' id='par_1_18' title="bbox 3369 265 3477 320">
     <span class='ocr_line' id='line_1_18' title="bbox 3369 265 3477 320; baseline 0 0"><span class='ocrx_word' id='word_1_123' title='bbox 3369 265 3477 320; x_wconf 68' lang='lat'><strong>9.50</strong></span> 
     </span>
    </p>
   </div>
   <div class='ocr_carea' id='block_1_19' title="bbox 1809 369 3472 444">
    <p class='ocr_par' dir='ltr' id='par_1_19' title="bbox 1809 369 3472 444">
     <span class='ocr_line' id='line_1_19' title="bbox 1809 369 3472 444; baseline 0.005 -21"><span class='ocrx_word' id='word_1_124' title='bbox 1809 370 2000 440; x_wconf 72' lang='lat' dir='ltr'><strong>Aque</strong></span> <span class='ocrx_word' id='word_1_125' title='bbox 2045 369 2224 438; x_wconf 80' lang='lat' dir='ltr'><strong>majus</strong></span> <span class='ocrx_word' id='word_1_126' title='bbox 2269 369 2495 440; x_wconf 84' lang='lat' dir='ltr'><strong>cogitari</strong></span> <span class='ocrx_word' id='word_1_127' title='bbox 2538 385 2645 424; x_wconf 90' lang='lat' dir='ltr'><strong>non</strong></span> <span class='ocrx_word' id='word_1_128' title='bbox 2694 379 2876 438; x_wconf 82' lang='lat' dir='ltr'><strong>posset</strong></span> <span class='ocrx_word' id='word_1_129' title='bbox 2904 371 3170 438; x_wconf 73' lang='lat' dir='ltr'><strong>‘°&quot;;’sed</strong></span> <span class='ocrx_word' id='word_1_130' title='bbox 3209 373 3472 444; x_wconf 80' lang='lat' dir='ltr'><strong>quidquid</strong></span> 
     </span>
    </p>
   </div>
   <div class='ocr_carea' id='block_1_20' title="bbox 1890 462 3473 533">
    <p class='ocr_par' dir='ltr' id='par_1_20' title="bbox 1890 462 3473 533">
     <span class='ocr_line' id='line_1_20' title="bbox 1890 462 3473 533; baseline 0.003 -16"><span class='ocrx_word' id='word_1_131' title='bbox 1890 462 2118 532; x_wconf 82' lang='lat' dir='ltr'><strong>cogitari</strong></span> <span class='ocrx_word' id='word_1_132' title='bbox 2153 471 2349 530; x_wconf 79' lang='lat' dir='ltr'><strong>potest,</strong></span> <span class='ocrx_word' id='word_1_133' title='bbox 2382 470 2437 516; x_wconf 90' lang='lat' dir='ltr'><strong>et</strong></span> <span class='ocrx_word' id='word_1_134' title='bbox 2476 475 2580 516; x_wconf 91' lang='lat' dir='ltr'><strong>non</strong></span> <span class='ocrx_word' id='word_1_135' title='bbox 2616 470 2736 527; x_wconf 88' lang='lat' dir='ltr'><strong>est;</strong></span> <span class='ocrx_word' id='word_1_136' title='bbox 2767 462 2810 516; x_wconf 88' lang='lat' dir='ltr'><strong>si</strong></span> <span class='ocrx_word' id='word_1_137' title='bbox 2842 472 3007 529; x_wconf 89' lang='lat' dir='ltr'><strong>esset,</strong></span> <span class='ocrx_word' id='word_1_138' title='bbox 3036 474 3218 533; x_wconf 86' lang='lat' dir='ltr'><strong>posset</strong></span> <span class='ocrx_word' id='word_1_139' title='bbox 3240 465 3357 530; x_wconf 59' lang='lat'><strong>“6°,</strong></span> <span class='ocrx_word' id='word_1_140' title='bbox 3388 466 3473 521; x_wconf 86' lang='lat' dir='ltr'><strong>vel</strong></span> 
     </span>
    </p>
   </div>
   <div class='ocr_carea' id='block_1_21' title="bbox 1887 551 3474 625">
    <p class='ocr_par' dir='ltr' id='par_1_21' title="bbox 1887 551 3474 625">
     <span class='ocr_line' id='line_1_21' title="bbox 1887 551 3474 625; baseline 0.003 -19"><span class='ocrx_word' id='word_1_141' title='bbox 1887 561 2011 606; x_wconf 88' lang='lat' dir='ltr'><strong>actu</strong></span> <span class='ocrx_word' id='word_1_142' title='bbox 2060 551 2475 607; x_wconf 81' lang='lat' dir='ltr'><strong>vel&#39;intelleetu</strong></span> <span class='ocrx_word' id='word_1_143' title='bbox 2512 566 2640 606; x_wconf 81' lang='lat' dir='ltr'><strong>non</strong></span> <span class='ocrx_word' id='word_1_144' title='bbox 2689 567 2836 607; x_wconf 86' lang='lat' dir='ltr'><strong>esse.</strong></span> <span class='ocrx_word' id='word_1_145' title='bbox 2869 553 3046 618; x_wconf 89' lang='lat' dir='ltr'><strong>Quare</strong></span> <span class='ocrx_word' id='word_1_146' title='bbox 3091 553 3136 607; x_wconf 85' lang='lat' dir='ltr'><strong>si</strong></span> <span class='ocrx_word' id='word_1_147' title='bbox 3188 553 3270 608; x_wconf 90' lang='lat' dir='ltr'><strong>vel</strong></span> <span class='ocrx_word' id='word_1_148' title='bbox 3322 556 3474 625; x_wconf 72' lang='lat' dir='ltr'><strong>cogi-</strong></span> 
     </span>
    </p>
   </div>
   <div class='ocr_carea' id='block_1_22' title="bbox 1887 642 3476 717">
    <p class='ocr_par' dir='ltr' id='par_1_22' title="bbox 1887 642 3476 717">
     <span class='ocr_line' id='line_1_22' title="bbox 1887 642 3476 717; baseline 0.004 -22"><span class='ocrx_word' id='word_1_149' title='bbox 1887 643 1989 696; x_wconf 79' lang='lat' dir='ltr'><strong>tari</strong></span> <span class='ocrx_word' id='word_1_150' title='bbox 2018 642 2111 675; x_wconf 78' lang='grc'><strong>¹⁰⁶¹</strong></span> <span class='ocrx_word' id='word_1_151' title='bbox 2148 650 2344 712; x_wconf 86' lang='lat' dir='ltr'><strong>potest,</strong></span> <span class='ocrx_word' id='word_1_152' title='bbox 2369 657 2474 696; x_wconf 91' lang='lat' dir='ltr'><strong>non</strong></span> <span class='ocrx_word' id='word_1_153' title='bbox 2499 649 2684 710; x_wconf 86' lang='lat' dir='ltr'><strong>potest</strong></span> <span class='ocrx_word' id='word_1_154' title='bbox 2702 657 2808 698; x_wconf 90' lang='lat' dir='ltr'><strong>non</strong></span> <span class='ocrx_word' id='word_1_155' title='bbox 2843 658 2967 703; x_wconf 83' lang='lat' dir='ltr'><strong>esse</strong></span> <span class='ocrx_word' id='word_1_156' title='bbox 2995 642 3307 714; x_wconf 83' lang='lat' dir='ltr'><strong>quomajus</strong></span> <span class='ocrx_word' id='word_1_157' title='bbox 3325 649 3476 717; x_wconf 78' lang='lat' dir='ltr'><strong>cogi-</strong></span> 
     </span>
    </p>
   </div>
   <div class='ocr_carea' id='block_1_23' title="bbox 1887 732 3473 810">
    <p class='ocr_par' dir='ltr' id='par_1_23' title="bbox 1887 732 3473 810">
     <span class='ocr_line' id='line_1_23' title="bbox 1887 732 3473 810; baseline 0.004 -23"><span class='ocrx_word' id='word_1_158' title='bbox 1887 734 1988 787; x_wconf 88' lang='lat' dir='ltr'><strong>tari</strong></span> <span class='ocrx_word' id='word_1_159' title='bbox 2017 734 2230 803; x_wconf 87' lang='lat' dir='ltr'><strong>nequit.</strong></span> <span class='ocrx_word' id='word_1_160' title='bbox 2263 732 2370 786; x_wconf 85' lang='lat' dir='ltr'><strong>Sed</strong></span> <span class='ocrx_word' id='word_1_161' title='bbox 2399 747 2666 800; x_wconf 85' lang='lat' dir='ltr'><strong>ponamus</strong></span> <span class='ocrx_word' id='word_1_162' title='bbox 2706 749 2813 788; x_wconf 86' lang='lat' dir='ltr'><strong>non</strong></span> <span class='ocrx_word' id='word_1_163' title='bbox 2845 749 2988 796; x_wconf 85' lang='lat' dir='ltr'><strong>esse,</strong></span> <span class='ocrx_word' id='word_1_164' title='bbox 3036 735 3081 790; x_wconf 88' lang='lat' dir='ltr'><strong>si</strong></span> <span class='ocrx_word' id='word_1_165' title='bbox 3127 736 3224 810; x_wconf 87' lang='lat' dir='ltr'><strong>vel</strong></span> <span class='ocrx_word' id='word_1_166' title='bbox 3245 739 3473 806; x_wconf 77' lang='lat' dir='ltr'><strong>cogitari</strong></span> 
     </span>
    </p>
   </div>
   <div class='ocr_carea' id='block_1_24' title="bbox 1885 824 3468 894">
    <p class='ocr_par' dir='ltr' id='par_1_24' title="bbox 1885 824 3468 894">
     <span class='ocr_line' id='line_1_24' title="bbox 1885 824 3468 894; baseline 0.004 -18"><span class='ocrx_word' id='word_1_167' title='bbox 1885 824 2066 880; x_wconf 86' lang='lat' dir='ltr'><strong>valet:</strong></span> <span class='ocrx_word' id='word_1_168' title='bbox 2095 836 2150 878; x_wconf 86' lang='lat' dir='ltr'><strong>at</strong></span> <span class='ocrx_word' id='word_1_169' title='bbox 2187 825 2448 894; x_wconf 65' lang='lat' dir='ltr'><strong>qiidquid</strong></span> <span class='ocrx_word' id='word_1_170' title='bbox 2473 825 2565 855; x_wconf 85' lang='grc'><strong>¹⁰⁶²</strong></span> <span class='ocrx_word' id='word_1_171' title='bbox 2603 824 2830 894; x_wconf 79' lang='lat' dir='ltr'><strong>cogitari</strong></span> <span class='ocrx_word' id='word_1_172' title='bbox 2862 834 3061 894; x_wconf 85' lang='lat' dir='ltr'><strong>potest,</strong></span> <span class='ocrx_word' id='word_1_173' title='bbox 3092 835 3149 882; x_wconf 90' lang='lat' dir='ltr'><strong>et</strong></span> <span class='ocrx_word' id='word_1_174' title='bbox 3193 843 3297 882; x_wconf 92' lang='lat' dir='ltr'><strong>non</strong></span> <span class='ocrx_word' id='word_1_175' title='bbox 3349 840 3468 894; x_wconf 85' lang='lat' dir='ltr'><strong>est;</strong></span> 
     </span>
    </p>
   </div>
   <div class='ocr_carea' id='block_1_25' title="bbox 1885 914 3471 985">
    <p class='ocr_par' dir='ltr' id='par_1_25' title="bbox 1885 914 3471 985">
     <span class='ocr_line' id='line_1_25' title="bbox 1885 914 3471 985; baseline 0.003 -16"><span class='ocrx_word' id='word_1_176' title='bbox 1885 915 1930 970; x_wconf 92' lang='lat' dir='ltr'><strong>si</strong></span> <span class='ocrx_word' id='word_1_177' title='bbox 1955 923 2125 976; x_wconf 78' lang='lat' dir='ltr'><strong>esset,</strong></span> <span class='ocrx_word' id='word_1_178' title='bbox 2143 923 2426 969; x_wconf 71' lang='lat' dir='ltr'><strong>non’esset</strong></span> <span class='ocrx_word' id='word_1_179' title='bbox 2455 929 2559 982; x_wconf 88' lang='lat' dir='ltr'><strong>quo</strong></span> <span class='ocrx_word' id='word_1_180' title='bbox 2590 914 2764 982; x_wconf 84' lang='lat' dir='ltr'><strong>majus</strong></span> <span class='ocrx_word' id='word_1_181' title='bbox 2789 915 3018 984; x_wconf 80' lang='lat' dir='ltr'><strong>cogitari</strong></span> <span class='ocrx_word' id='word_1_182' title='bbox 3052 931 3158 970; x_wconf 89' lang='lat' dir='ltr'><strong>non</strong></span> <span class='ocrx_word' id='word_1_183' title='bbox 3187 918 3374 985; x_wconf 89' lang='lat' dir='ltr'><strong>possit.</strong></span> <span class='ocrx_word' id='word_1_184' title='bbox 3407 919 3471 974; x_wconf 91' lang='lat' dir='ltr'><strong>Si</strong></span> 
     </span>
    </p>
   </div>
   <div class='ocr_carea' id='block_1_26' title="bbox 1883 1005 3473 1076">
    <p class='ocr_par' dir='ltr' id='par_1_26' title="bbox 1883 1005 3473 1076">
     <span class='ocr_line' id='line_1_26' title="bbox 1883 1005 3473 1076; baseline 0.002 -16"><span class='ocrx_word' id='word_1_185' title='bbox 1883 1020 2016 1076; x_wconf 86' lang='lat' dir='ltr'><strong>ergo</strong></span> <span class='ocrx_word' id='word_1_186' title='bbox 2040 1015 2188 1060; x_wconf 86' lang='lat' dir='ltr'><strong>esset</strong></span> <span class='ocrx_word' id='word_1_187' title='bbox 2233 1021 2343 1075; x_wconf 89' lang='lat' dir='ltr'><strong>quo</strong></span> <span class='ocrx_word' id='word_1_188' title='bbox 2381 1006 2556 1076; x_wconf 80' lang='lat' dir='ltr'><strong>majus</strong></span> <span class='ocrx_word' id='word_1_189' title='bbox 2587 1005 2811 1076; x_wconf 85' lang='lat' dir='ltr'><strong>cogitari</strong></span> <span class='ocrx_word' id='word_1_190' title='bbox 2841 1021 2946 1060; x_wconf 92' lang='lat' dir='ltr'><strong>non</strong></span> <span class='ocrx_word' id='word_1_191' title='bbox 2976 1007 3164 1076; x_wconf 91' lang='lat' dir='ltr'><strong>possit,</strong></span> <span class='ocrx_word' id='word_1_192' title='bbox 3196 1023 3302 1063; x_wconf 92' lang='lat' dir='ltr'><strong>non</strong></span> <span class='ocrx_word' id='word_1_193' title='bbox 3331 1019 3473 1063; x_wconf 80' lang='lat' dir='ltr'><strong>esset</strong></span> 
     </span>
    </p>
   </div>
   <div class='ocr_carea' id='block_1_27' title="bbox 1884 1097 3471 1168">
    <p class='ocr_par' dir='ltr' id='par_1_27' title="bbox 1884 1097 3471 1168">
     <span class='ocr_line' id='line_1_27' title="bbox 1884 1097 3471 1168; baseline 0.003 -18"><span class='ocrx_word' id='word_1_194' title='bbox 1884 1112 1992 1167; x_wconf 90' lang='lat' dir='ltr'><strong>quo</strong></span> <span class='ocrx_word' id='word_1_195' title='bbox 2019 1097 2194 1167; x_wconf 84' lang='lat' dir='ltr'><strong>majus</strong></span> <span class='ocrx_word' id='word_1_196' title='bbox 2219 1097 2443 1165; x_wconf 78' lang='lat' dir='ltr'><strong>cegitari</strong></span> <span class='ocrx_word' id='word_1_197' title='bbox 2480 1113 2586 1152; x_wconf 91' lang='lat' dir='ltr'><strong>non</strong></span> <span class='ocrx_word' id='word_1_198' title='bbox 2622 1098 2791 1167; x_wconf 87' lang='lat' dir='ltr'><strong>possit</strong></span> <span class='ocrx_word' id='word_1_199' title='bbox 2819 1113 2832 1148; x_wconf 93' lang='lat'><strong>:</strong></span> <span class='ocrx_word' id='word_1_200' title='bbox 2868 1112 2974 1166; x_wconf 91' lang='lat' dir='ltr'><strong>quo</strong></span> <span class='ocrx_word' id='word_1_201' title='bbox 2998 1097 3186 1168; x_wconf 89' lang='lat' dir='ltr'><strong>[quod]</strong></span> <span class='ocrx_word' id='word_1_202' title='bbox 3214 1100 3471 1154; x_wconf 60' lang='lat' dir='ltr'><strong>nimiam”</strong></span> 
     </span>
    </p>
   </div>
   <div class='ocr_carea' id='block_1_28' title="bbox 1885 1187 3468 1258">
    <p class='ocr_par' dir='ltr' id='par_1_28' title="bbox 1885 1187 3468 1258">
     <span class='ocr_line' id='line_1_28' title="bbox 1885 1187 3468 1258; baseline 0.001 -15"><span class='ocrx_word' id='word_1_203' title='bbox 1885 1197 1969 1244; x_wconf 90' lang='lat' dir='ltr'><strong>est</strong></span> <span class='ocrx_word' id='word_1_204' title='bbox 1998 1188 2310 1242; x_wconf 88' lang='lat' dir='ltr'><strong>absurdum.</strong></span> <span class='ocrx_word' id='word_1_205' title='bbox 2359 1187 2574 1243; x_wconf 83' lang='lat' dir='ltr'><strong>Falsum</strong></span> <span class='ocrx_word' id='word_1_206' title='bbox 2640 1197 2724 1243; x_wconf 92' lang='lat' dir='ltr'><strong>est</strong></span> <span class='ocrx_word' id='word_1_207' title='bbox 2757 1187 2920 1258; x_wconf 84' lang='lat' dir='ltr'><strong>igitur</strong></span> <span class='ocrx_word' id='word_1_208' title='bbox 2950 1204 3054 1242; x_wconf 93' lang='lat' dir='ltr'><strong>non</strong></span> <span class='ocrx_word' id='word_1_209' title='bbox 3092 1205 3213 1245; x_wconf 86' lang='lat' dir='ltr'><strong>esse</strong></span> <span class='ocrx_word' id='word_1_210' title='bbox 3245 1190 3468 1258; x_wconf 91' lang='lat' dir='ltr'><strong>aliquid,</strong></span> 
     </span>
    </p>
   </div>
   <div class='ocr_carea' id='block_1_29' title="bbox 1884 1279 3468 1354">
    <p class='ocr_par' dir='ltr' id='par_1_29' title="bbox 1884 1279 3468 1354">
     <span class='ocr_line' id='line_1_29' title="bbox 1884 1279 3468 1354; baseline 0.001 -21"><span class='ocrx_word' id='word_1_211' title='bbox 1884 1296 1992 1354; x_wconf 87' lang='lat' dir='ltr'><strong>quo</strong></span> <span class='ocrx_word' id='word_1_212' title='bbox 2036 1280 2211 1350; x_wconf 86' lang='lat' dir='ltr'><strong>majus</strong></span> <span class='ocrx_word' id='word_1_213' title='bbox 2254 1281 2480 1352; x_wconf 78' lang='lat' dir='ltr'><strong>cogitari</strong></span> <span class='ocrx_word' id='word_1_214' title='bbox 2529 1295 2633 1335; x_wconf 90' lang='lat' dir='ltr'><strong>non</strong></span> <span class='ocrx_word' id='word_1_215' title='bbox 2677 1280 2850 1350; x_wconf 86' lang='lat' dir='ltr'><strong>possit</strong></span> <span class='ocrx_word' id='word_1_216' title='bbox 2877 1279 2971 1310; x_wconf 64' lang='lat' dir='ltr'><strong>&quot;m</strong></span> <span class='ocrx_word' id='word_1_217' title='bbox 3020 1281 3064 1334; x_wconf 89' lang='lat' dir='ltr'><strong>si</strong></span> <span class='ocrx_word' id='word_1_218' title='bbox 3117 1280 3199 1334; x_wconf 90' lang='lat' dir='ltr'><strong>vel</strong></span> <span class='ocrx_word' id='word_1_219' title='bbox 3237 1282 3468 1350; x_wconf 83' lang='lat' dir='ltr'><strong>cogitari</strong></span> 
     </span>
    </p>
   </div>
   <div class='ocr_carea' id='block_1_30' title="bbox 1884 1371 3470 1442">
    <p class='ocr_par' dir='ltr' id='par_1_30' title="bbox 1884 1371 3470 1442">
     <span class='ocr_line' id='line_1_30' title="bbox 1884 1371 3470 1442; baseline 0.001 -18"><span class='ocrx_word' id='word_1_220' title='bbox 1884 1380 2059 1440; x_wconf 86' lang='lat' dir='ltr'><strong>potest</strong></span> <span class='ocrx_word' id='word_1_221' title='bbox 2089 1389 2102 1424; x_wconf 90' lang='lat'>:</span> <span class='ocrx_word' id='word_1_222' title='bbox 2130 1371 2298 1424; x_wconf 88' lang='lat' dir='ltr'><strong>multo</strong></span> <span class='ocrx_word' id='word_1_223' title='bbox 2347 1373 2529 1440; x_wconf 81' lang='lat' dir='ltr'><strong>itaque</strong></span> <span class='ocrx_word' id='word_1_224' title='bbox 2580 1372 2772 1441; x_wconf 84' lang='lat' dir='ltr'><strong>magis,</strong></span> <span class='ocrx_word' id='word_1_225' title='bbox 2816 1372 2858 1425; x_wconf 89' lang='lat' dir='ltr'><strong>si</strong></span> <span class='ocrx_word' id='word_1_226' title='bbox 2907 1371 3000 1402; x_wconf 77' lang='grc' dir='ltr'><strong>¹ο⁶⁸</strong></span> <span class='ocrx_word' id='word_1_227' title='bbox 3033 1372 3260 1442; x_wconf 78' lang='lat' dir='ltr'><strong>intelligi</strong></span> <span class='ocrx_word' id='word_1_228' title='bbox 3293 1381 3387 1426; x_wconf 85' lang='lat' dir='ltr'><strong>aut</strong></span> <span class='ocrx_word' id='word_1_229' title='bbox 3417 1371 3470 1426; x_wconf 90' lang='lat' dir='ltr'><strong>in</strong></span> 
     </span>
    </p>
   </div>
   <div class='ocr_carea' id='block_1_31' title="bbox 1887 1462 3471 1533">
    <p class='ocr_par' dir='ltr' id='par_1_31' title="bbox 1887 1462 3471 1533">
     <span class='ocr_line' id='line_1_31' title="bbox 1887 1462 3471 1533; baseline 0 -16"><span class='ocrx_word' id='word_1_230' title='bbox 1887 1462 2160 1518; x_wconf 84' lang='lat' dir='ltr'><strong>intellectu</strong></span> <span class='ocrx_word' id='word_1_231' title='bbox 2191 1463 2284 1494; x_wconf 80' lang='grc'><strong>¹⁰⁶⁸</strong></span> <span class='ocrx_word' id='word_1_232' title='bbox 2307 1478 2426 1518; x_wconf 86' lang='grc' dir='ltr'>εεεε</span> <span class='ocrx_word' id='word_1_233' title='bbox 2460 1471 2659 1533; x_wconf 83' lang='lat' dir='ltr'><strong>potest.-</strong></span> <span class='ocrx_word' id='word_1_234' title='bbox 2692 1462 2819 1517; x_wconf 88' lang='lat' dir='ltr'><strong>Plus</strong></span> <span class='ocrx_word' id='word_1_235' title='bbox 2842 1462 3043 1531; x_wconf 88' lang='lat' dir='ltr'><strong>aliquid</strong></span> <span class='ocrx_word' id='word_1_236' title='bbox 3089 1463 3262 1517; x_wconf 88' lang='lat' dir='ltr'><strong>dicam</strong></span> <span class='ocrx_word' id='word_1_237' title='bbox 3297 1481 3310 1516; x_wconf 88' lang='lat'><strong>:</strong></span> <span class='ocrx_word' id='word_1_238' title='bbox 3345 1479 3471 1533; x_wconf 85' lang='lat' dir='ltr'><strong>pro-</strong></span> 
     </span>
    </p>
   </div>
   <div class='ocr_carea' id='block_1_32' title="bbox 1887 1555 3468 1624">
    <p class='ocr_par' dir='ltr' id='par_1_32' title="bbox 1887 1555 3468 1624">
     <span class='ocr_line' id='line_1_32' title="bbox 1887 1555 3468 1624; baseline 0 -16"><span class='ocrx_word' id='word_1_239' title='bbox 1887 1555 1973 1620; x_wconf 87' lang='lat' dir='ltr'><strong>cul</strong></span> <span class='ocrx_word' id='word_1_240' title='bbox 2004 1555 2167 1609; x_wconf 83' lang='lat' dir='ltr'><strong>dubio</strong></span> <span class='ocrx_word' id='word_1_241' title='bbox 2193 1555 2458 1624; x_wconf 84' lang='lat' dir='ltr'><strong>quidquid</strong></span> <span class='ocrx_word' id='word_1_242' title='bbox 2505 1555 2701 1609; x_wconf 89' lang='lat' dir='ltr'><strong>alicubi</strong></span> <span class='ocrx_word' id='word_1_243' title='bbox 2748 1563 2842 1608; x_wconf 91' lang='lat' dir='ltr'><strong>aut</strong></span> <span class='ocrx_word' id='word_1_244' title='bbox 2891 1555 3182 1623; x_wconf 89' lang='lat' dir='ltr'><strong>aliquando</strong></span> <span class='ocrx_word' id='word_1_245' title='bbox 3222 1571 3326 1609; x_wconf 91' lang='lat' dir='ltr'><strong>non</strong></span> <span class='ocrx_word' id='word_1_246' title='bbox 3365 1563 3468 1619; x_wconf 90' lang='lat' dir='ltr'><strong>est,</strong></span> 
     </span>
    </p>
   </div>
   <div class='ocr_carea' id='block_1_33' title="bbox 1885 1642 3469 1722">
    <p class='ocr_par' dir='ltr' id='par_1_33' title="bbox 1885 1642 3469 1722">
     <span class='ocr_line' id='line_1_33' title="bbox 1885 1642 3469 1722; baseline 0.001 -24"><span class='ocrx_word' id='word_1_247' title='bbox 1885 1643 2096 1698; x_wconf 87' lang='lat' dir='ltr'><strong>etiamsi</strong></span> <span class='ocrx_word' id='word_1_248' title='bbox 2151 1644 2341 1698; x_wconf 83' lang='grc' dir='ltr'>εει¹⁰⁶⁷</span> <span class='ocrx_word' id='word_1_249' title='bbox 2397 1643 2594 1700; x_wconf 87' lang='lat' dir='ltr'><strong>alicubi</strong></span> <span class='ocrx_word' id='word_1_250' title='bbox 2648 1652 2739 1696; x_wconf 88' lang='lat' dir='ltr'><strong>aut</strong></span> <span class='ocrx_word' id='word_1_251' title='bbox 2799 1642 3119 1712; x_wconf 87' lang='lat' dir='ltr'><strong>aliquando;</strong></span> <span class='ocrx_word' id='word_1_252' title='bbox 3169 1654 3345 1712; x_wconf 85' lang='lat' dir='ltr'><strong>potest</strong></span> <span class='ocrx_word' id='word_1_253' title='bbox 3382 1654 3469 1722; x_wconf 54' lang='lat' dir='ltr'><strong>ta-j</strong></span> 
     </span>
    </p>
   </div>
   <div class='ocr_carea' id='block_1_34' title="bbox 196 1708 3469 1805">
    <p class='ocr_par' dir='ltr' id='par_1_34' title="bbox 196 1708 3469 1805">
     <span class='ocr_line' id='line_1_34' title="bbox 196 1708 3469 1805; baseline 0.001 -40"><span class='ocrx_word' id='word_1_254' title='bbox 196 1712 343 1766; x_wconf 81' lang='lat' dir='ltr'><strong>lecto</strong></span> <span class='ocrx_word' id='word_1_255' title='bbox 369 1712 509 1765; x_wconf 87' lang='lat' dir='ltr'><strong>Deus</strong></span> <span class='ocrx_word' id='word_1_256' title='bbox 539 1719 626 1764; x_wconf 91' lang='lat' dir='ltr'><strong>aut</strong></span> <span class='ocrx_word' id='word_1_257' title='bbox 661 1725 766 1763; x_wconf 88' lang='lat' dir='ltr'><strong>non</strong></span> <span class='ocrx_word' id='word_1_258' title='bbox 811 1717 894 1764; x_wconf 90' lang='lat' dir='ltr'><strong>cst</strong></span> <span class='ocrx_word' id='word_1_259' title='bbox 927 1726 1035 1798; x_wconf 85' lang='lat' dir='ltr'><strong>quo</strong></span> <span class='ocrx_word' id='word_1_260' title='bbox 1068 1708 1242 1791; x_wconf 84' lang='lat' dir='ltr'><strong>majus</strong></span> <span class='ocrx_word' id='word_1_261' title='bbox 1278 1710 1500 1780; x_wconf 84' lang='lat' dir='ltr'><strong>cogitari</strong></span> <span class='ocrx_word' id='word_1_262' title='bbox 1526 1728 1628 1765; x_wconf 92' lang='lat' dir='ltr'><strong>non</strong></span> <span class='ocrx_word' id='word_1_263' title='bbox 1659 1727 1784 1781; x_wconf 86' lang='lat' dir='ltr'><strong>pos-</strong></span> <span class='ocrx_word' id='word_1_264' title='bbox 1815 1710 1859 1770; x_wconf 84' lang='grc' dir='ltr'><strong><em>Β</em></strong></span> <span class='ocrx_word' id='word_1_265' title='bbox 1888 1751 2010 1788; x_wconf 58' lang='lat' dir='ltr'><strong>me“</strong></span> <span class='ocrx_word' id='word_1_266' title='bbox 2033 1734 2125 1766; x_wconf 79' lang='lat' dir='ltr'><strong>toea</strong></span> <span class='ocrx_word' id='word_1_267' title='bbox 2173 1735 2398 1805; x_wconf 51' lang='lat' dir='ltr'><strong>cogitari</strong></span> <span class='ocrx_word' id='word_1_268' title='bbox 2451 1750 2721 1803; x_wconf 67' lang='lat' dir='ltr'><strong>&quot;unquam</strong></span> <span class='ocrx_word' id='word_1_269' title='bbox 2771 1742 2828 1789; x_wconf 61' lang='grc' dir='ltr'>ει</span> <span class='ocrx_word' id='word_1_270' title='bbox 2874 1708 3135 1803; x_wconf 54' lang='grc' dir='ltr'><strong>,ξηεηυωη</strong></span> <span class='ocrx_word' id='word_1_271' title='bbox 3166 1708 3258 1769; x_wconf 68' lang='lat' dir='ltr'><strong>{om</strong></span> <span class='ocrx_word' id='word_1_272' title='bbox 3310 1717 3469 1802; x_wconf 30' lang='lat' dir='ltr'><strong>esse;</strong></span> 
     </span>
    </p>
   </div>
   <div class='ocr_carea' id='block_1_35' title="bbox 195 1789 1785 1869">
    <p class='ocr_par' dir='ltr' id='par_1_35' title="bbox 195 1789 1785 1869">
     <span class='ocr_line' id='line_1_35' title="bbox 195 1789 1785 1869; baseline 0.001 -14"><span class='ocrx_word' id='word_1_273' title='bbox 195 1800 291 1865; x_wconf 89' lang='lat' dir='ltr'><strong>sit,</strong></span> <span class='ocrx_word' id='word_1_274' title='bbox 323 1811 419 1854; x_wconf 87' lang='lat' dir='ltr'><strong>aut</strong></span> <span class='ocrx_word' id='word_1_275' title='bbox 442 1817 544 1855; x_wconf 90' lang='lat' dir='ltr'><strong>non</strong></span> <span class='ocrx_word' id='word_1_276' title='bbox 579 1799 893 1868; x_wconf 81' lang='lat' dir='ltr'><strong>intelligitur</strong></span> <span class='ocrx_word' id='word_1_277' title='bbox 918 1799 1010 1831; x_wconf 67' lang='grc'><strong>¹⁰⁸⁹</strong></span> <span class='ocrx_word' id='word_1_278' title='bbox 1031 1789 1139 1853; x_wconf 73' lang='grc' dir='ltr'><strong>’γἐῐ</strong></span> <span class='ocrx_word' id='word_1_279' title='bbox 1161 1799 1448 1869; x_wconf 79' lang='lat' dir='ltr'><strong>cogitatur,</strong></span> <span class='ocrx_word' id='word_1_280' title='bbox 1479 1809 1528 1854; x_wconf 88' lang='lat' dir='ltr'><strong>et</strong></span> <span class='ocrx_word' id='word_1_281' title='bbox 1568 1816 1671 1854; x_wconf 93' lang='lat' dir='ltr'><strong>non</strong></span> <span class='ocrx_word' id='word_1_282' title='bbox 1702 1809 1785 1856; x_wconf 88' lang='lat' dir='ltr'><strong>est</strong></span> 
     </span>
    </p>
   </div>
   <div class='ocr_carea' id='block_1_36' title="bbox 195 1876 1780 1964">
    <p class='ocr_par' dir='ltr' id='par_1_36' title="bbox 195 1876 1780 1964">
     <span class='ocr_line' id='line_1_36' title="bbox 195 1876 1780 1964; baseline 0 -17"><span class='ocrx_word' id='word_1_283' title='bbox 195 1893 249 1948; x_wconf 92' lang='lat' dir='ltr'><strong>in</strong></span> <span class='ocrx_word' id='word_1_284' title='bbox 281 1893 553 1948; x_wconf 87' lang='lat' dir='ltr'><strong>intellectu</strong></span> <span class='ocrx_word' id='word_1_285' title='bbox 585 1893 666 1948; x_wconf 79' lang='lat' dir='ltr'><strong>Vel</strong></span> <span class='ocrx_word' id='word_1_286' title='bbox 696 1876 1038 1964; x_wconf 75' lang='lat' dir='ltr'><strong>cogitatione.</strong></span> <span class='ocrx_word' id='word_1_287' title='bbox 1074 1893 1226 1959; x_wconf 84' lang='lat' dir='ltr'><strong>Quod</strong></span> <span class='ocrx_word' id='word_1_288' title='bbox 1263 1907 1425 1962; x_wconf 87' lang='lat' dir='ltr'><strong>quam</strong></span> <span class='ocrx_word' id='word_1_289' title='bbox 1460 1892 1652 1947; x_wconf 80' lang='lat' dir='ltr'><strong>falsum</strong></span> <span class='ocrx_word' id='word_1_290' title='bbox 1687 1895 1780 1960; x_wconf 87' lang='lat' dir='ltr'><strong>sit,</strong></span> 
     </span>
    </p>
   </div>
   <div class='ocr_carea' id='block_1_37' title="bbox 197 1967 1786 2056">
    <p class='ocr_par' dir='ltr' id='par_1_37' title="bbox 197 1967 1786 2056">
     <span class='ocr_line' id='line_1_37' title="bbox 197 1967 1786 2056; baseline 0 -17"><span class='ocrx_word' id='word_1_291' title='bbox 197 1986 308 2039; x_wconf 84' lang='lat' dir='ltr'><strong>ﬁde</strong></span> <span class='ocrx_word' id='word_1_292' title='bbox 356 1967 776 2040; x_wconf 64' lang='lat' dir='ltr'><strong>et&#39;conscicntia</strong></span> <span class='ocrx_word' id='word_1_293' title='bbox 832 1995 919 2039; x_wconf 89' lang='lat' dir='ltr'><strong>tua</strong></span> <span class='ocrx_word' id='word_1_294' title='bbox 969 2000 1068 2054; x_wconf 89' lang='lat' dir='ltr'><strong>pro</strong></span> <span class='ocrx_word' id='word_1_295' title='bbox 1108 1984 1419 2039; x_wconf 85' lang='lat' dir='ltr'><strong>ﬁrmissimo</strong></span> <span class='ocrx_word' id='word_1_296' title='bbox 1461 1979 1594 2038; x_wconf 54' lang='lat' dir='ltr'><strong>utor&#39;</strong></span> <span class='ocrx_word' id='word_1_297' title='bbox 1623 2001 1786 2056; x_wconf 83' lang='lat' dir='ltr'><strong>argu-</strong></span> 
     </span>
    </p>
   </div>
   <div class='ocr_carea' id='block_1_38' title="bbox 199 2075 1785 2150">
    <p class='ocr_par' dir='ltr' id='par_1_38' title="bbox 199 2075 1785 2150">
     <span class='ocr_line' id='line_1_38' title="bbox 199 2075 1785 2150; baseline 0.001 -18"><span class='ocrx_word' id='word_1_298' title='bbox 199 2088 409 2132; x_wconf 86' lang='lat' dir='ltr'><strong>mento.</strong></span> <span class='ocrx_word' id='word_1_299' title='bbox 463 2080 603 2145; x_wconf 71' lang='lat' dir='ltr'><strong>Ergo</strong></span> <span class='ocrx_word' id='word_1_300' title='bbox 643 2095 752 2149; x_wconf 88' lang='lat' dir='ltr'><strong>quo</strong></span> <span class='ocrx_word' id='word_1_301' title='bbox 791 2079 964 2149; x_wconf 84' lang='lat' dir='ltr'><strong>majus</strong></span> <span class='ocrx_word' id='word_1_302' title='bbox 1003 2079 1227 2150; x_wconf 84' lang='lat' dir='ltr'><strong>cogitari</strong></span> <span class='ocrx_word' id='word_1_303' title='bbox 1273 2095 1379 2132; x_wconf 93' lang='lat' dir='ltr'><strong>non</strong></span> <span class='ocrx_word' id='word_1_304' title='bbox 1423 2088 1616 2149; x_wconf 86' lang='lat' dir='ltr'><strong>potest,</strong></span> <span class='ocrx_word' id='word_1_305' title='bbox 1657 2075 1785 2138; x_wconf 82' lang='lat' dir='ltr'><strong>vere</strong></span> 
     </span>
    </p>
   </div>
   <div class='ocr_carea' id='block_1_39' title="bbox 201 2163 1783 2244">
    <p class='ocr_par' dir='ltr' id='par_1_39' title="bbox 201 2163 1783 2244">
     <span class='ocr_line' id='line_1_39' title="bbox 201 2163 1783 2244; baseline 0.001 -19"><span class='ocrx_word' id='word_1_306' title='bbox 201 2171 522 2242; x_wconf 87' lang='lat' dir='ltr'><strong>intelligitur</strong></span> <span class='ocrx_word' id='word_1_307' title='bbox 559 2182 614 2226; x_wconf 92' lang='lat' dir='ltr'><strong>et</strong></span> <span class='ocrx_word' id='word_1_308' title='bbox 643 2173 932 2244; x_wconf 76' lang='lat' dir='ltr'><strong>Cogitatur,</strong></span> <span class='ocrx_word' id='word_1_309' title='bbox 966 2181 1019 2226; x_wconf 91' lang='lat' dir='ltr'><strong>et</strong></span> <span class='ocrx_word' id='word_1_310' title='bbox 1047 2180 1131 2226; x_wconf 90' lang='lat' dir='ltr'><strong>est</strong></span> <span class='ocrx_word' id='word_1_311' title='bbox 1168 2172 1220 2225; x_wconf 93' lang='lat' dir='ltr'><strong>in</strong></span> <span class='ocrx_word' id='word_1_312' title='bbox 1253 2163 1609 2227; x_wconf 22' lang='lat' dir='ltr'><strong>intellectu&#39;et</strong></span> <span class='ocrx_word' id='word_1_313' title='bbox 1634 2172 1783 2243; x_wconf 86' lang='lat' dir='ltr'><strong>cogi-</strong></span> 
     </span>
    </p>
   </div>
   <div class='ocr_carea' id='block_1_40' title="bbox 200 2259 1783 2334">
    <p class='ocr_par' dir='ltr' id='par_1_40' title="bbox 200 2259 1783 2334">
     <span class='ocr_line' id='line_1_40' title="bbox 200 2259 1783 2334; baseline 0.002 -17"><span class='ocrx_word' id='word_1_314' title='bbox 200 2262 428 2317; x_wconf 88' lang='lat' dir='ltr'><strong>tatione.</strong></span> <span class='ocrx_word' id='word_1_315' title='bbox 477 2261 676 2328; x_wconf 81' lang='lat' dir='ltr'><strong>Quare,</strong></span> <span class='ocrx_word' id='word_1_316' title='bbox 727 2272 818 2317; x_wconf 91' lang='lat' dir='ltr'><strong>aut</strong></span> <span class='ocrx_word' id='word_1_317' title='bbox 848 2279 975 2317; x_wconf 88' lang='lat' dir='ltr'><strong>vera</strong></span> <span class='ocrx_word' id='word_1_318' title='bbox 1029 2279 1131 2317; x_wconf 91' lang='lat' dir='ltr'><strong>non</strong></span> <span class='ocrx_word' id='word_1_319' title='bbox 1180 2271 1306 2316; x_wconf 90' lang='lat' dir='ltr'><strong>sunt</strong></span> <span class='ocrx_word' id='word_1_320' title='bbox 1356 2261 1552 2334; x_wconf 86' lang='lat' dir='ltr'><strong>quibus</strong></span> <span class='ocrx_word' id='word_1_321' title='bbox 1591 2259 1783 2320; x_wconf 83' lang='lat' dir='ltr'><strong>contra</strong></span> 
     </span>
    </p>
   </div>
   <div class='ocr_carea' id='block_1_41' title="bbox 198 2337 1785 2426">
    <p class='ocr_par' dir='ltr' id='par_1_41' title="bbox 198 2337 1785 2426">
     <span class='ocr_line' id='line_1_41' title="bbox 198 2337 1785 2426; baseline 0.001 -16"><span class='ocrx_word' id='word_1_322' title='bbox 198 2355 419 2410; x_wconf 89' lang='lat' dir='ltr'><strong>conaris</strong></span> <span class='ocrx_word' id='word_1_323' title='bbox 445 2355 535 2390; x_wconf 71' lang='lat'><strong>&quot;5°</strong></span> <span class='ocrx_word' id='word_1_324' title='bbox 589 2337 841 2425; x_wconf 83' lang='lat' dir='ltr'><strong>probare,</strong></span> <span class='ocrx_word' id='word_1_325' title='bbox 884 2364 978 2408; x_wconf 90' lang='lat' dir='ltr'><strong>aut</strong></span> <span class='ocrx_word' id='word_1_326' title='bbox 1021 2371 1087 2409; x_wconf 79' lang='lat' dir='ltr'><strong>ex</strong></span> <span class='ocrx_word' id='word_1_327' title='bbox 1139 2357 1218 2409; x_wconf 89' lang='lat' dir='ltr'><strong>eis</strong></span> <span class='ocrx_word' id='word_1_328' title='bbox 1291 2372 1397 2410; x_wconf 90' lang='lat' dir='ltr'><strong>non</strong></span> <span class='ocrx_word' id='word_1_329' title='bbox 1436 2345 1785 2426; x_wconf 81' lang='lat' dir='ltr'><strong>consequitur</strong></span> 
     </span>
    </p>
   </div>
   <div class='ocr_carea' id='block_1_42' title="bbox 197 2440 1784 2520">
    <p class='ocr_par' dir='ltr' id='par_1_42' title="bbox 197 2440 1784 2520">
     <span class='ocr_line' id='line_1_42' title="bbox 197 2440 1784 2520; baseline 0.003 -20"><span class='ocrx_word' id='word_1_330' title='bbox 197 2440 346 2519; x_wconf 88' lang='lat' dir='ltr'><strong>quod</strong></span> <span class='ocrx_word' id='word_1_331' title='bbox 371 2459 422 2504; x_wconf 88' lang='lat' dir='ltr'><strong>te</strong></span> <span class='ocrx_word' id='word_1_332' title='bbox 459 2447 850 2520; x_wconf 85' lang='lat' dir='ltr'><strong>consequenter</strong></span> <span class='ocrx_word' id='word_1_333' title='bbox 876 2448 1113 2519; x_wconf 82' lang='lat' dir='ltr'><strong>Opiuaris</strong></span> <span class='ocrx_word' id='word_1_334' title='bbox 1138 2449 1459 2504; x_wconf 88' lang='lat' dir='ltr'><strong>concludere</strong></span> <span class='ocrx_word' id='word_1_335' title='bbox 1489 2449 1599 2503; x_wconf 76' lang='lat'><strong>‘°&#39;“.</strong></span> <span class='ocrx_word' id='word_1_336' title='bbox 1630 2450 1784 2517; x_wconf 85' lang='lat' dir='ltr'><strong>Quod</strong></span> 
     </span>
    </p>
   </div>
   <div class='ocr_carea' id='block_1_43' title="bbox 199 2527 1784 2613">
    <p class='ocr_par' dir='ltr' id='par_1_43' title="bbox 199 2527 1784 2613">
     <span class='ocr_line' id='line_1_43' title="bbox 199 2527 1784 2613; baseline 0.001 -17"><span class='ocrx_word' id='word_1_337' title='bbox 199 2553 382 2596; x_wconf 88' lang='lat' dir='ltr'><strong>autem</strong></span> <span class='ocrx_word' id='word_1_338' title='bbox 419 2552 576 2612; x_wconf 90' lang='lat' dir='ltr'><strong>putas</strong></span> <span class='ocrx_word' id='word_1_339' title='bbox 607 2557 670 2596; x_wconf 80' lang='lat' dir='ltr'><strong>ex</strong></span> <span class='ocrx_word' id='word_1_340' title='bbox 708 2557 793 2606; x_wconf 87' lang='lat' dir='ltr'><strong>eo,</strong></span> <span class='ocrx_word' id='word_1_341' title='bbox 829 2557 955 2611; x_wconf 82' lang='lat' dir='ltr'><strong>quia</strong></span> <span class='ocrx_word' id='word_1_342' title='bbox 984 2527 1300 2613; x_wconf 79' lang='lat' dir='ltr'><strong>intelligitur</strong></span> <span class='ocrx_word' id='word_1_343' title='bbox 1325 2543 1416 2574; x_wconf 81' lang='grc'><strong>¹⁰⁸²</strong></span> <span class='ocrx_word' id='word_1_344' title='bbox 1449 2543 1649 2612; x_wconf 90' lang='lat' dir='ltr'><strong>aliquid</strong></span> <span class='ocrx_word' id='word_1_345' title='bbox 1678 2559 1784 2612; x_wconf 89' lang='lat' dir='ltr'><strong>quo</strong></span> 
     </span>
    </p>
   </div>
   <div class='ocr_carea' id='block_1_44' title="bbox 196 2627 1783 2706">
    <p class='ocr_par' dir='ltr' id='par_1_44' title="bbox 196 2627 1783 2706">
     <span class='ocr_line' id='line_1_44' title="bbox 196 2627 1783 2706; baseline 0.002 -18"><span class='ocrx_word' id='word_1_346' title='bbox 196 2633 376 2703; x_wconf 88' lang='lat' dir='ltr'><strong>majus</strong></span> <span class='ocrx_word' id='word_1_347' title='bbox 419 2635 642 2705; x_wconf 86' lang='lat' dir='ltr'><strong>cogitari</strong></span> <span class='ocrx_word' id='word_1_348' title='bbox 688 2637 894 2704; x_wconf 86' lang='lat' dir='ltr'><strong>nequit,</strong></span> <span class='ocrx_word' id='word_1_349' title='bbox 943 2651 1048 2690; x_wconf 90' lang='lat' dir='ltr'><strong>non</strong></span> <span class='ocrx_word' id='word_1_350' title='bbox 1097 2635 1354 2706; x_wconf 89' lang='lat' dir='ltr'><strong>consequi</strong></span> <span class='ocrx_word' id='word_1_351' title='bbox 1406 2637 1534 2691; x_wconf 88' lang='lat' dir='ltr'><strong>illud</strong></span> <span class='ocrx_word' id='word_1_352' title='bbox 1565 2627 1691 2692; x_wconf 81' lang='lat' dir='ltr'><strong>esse</strong></span> <span class='ocrx_word' id='word_1_353' title='bbox 1729 2637 1783 2691; x_wconf 87' lang='lat' dir='ltr'><strong>i&#39;n</strong></span> 
     </span>
    </p>
   </div>
   <div class='ocr_carea' id='block_1_45' title="bbox 199 2711 1782 2792">
    <p class='ocr_par' dir='ltr' id='par_1_45' title="bbox 199 2711 1782 2792">
     <span class='ocr_line' id='line_1_45' title="bbox 199 2711 1782 2792; baseline 0.001 -12"><span class='ocrx_word' id='word_1_354' title='bbox 199 2726 508 2792; x_wconf 81' lang='lat' dir='ltr'><strong>intellectu;</strong></span> <span class='ocrx_word' id='word_1_355' title='bbox 555 2742 651 2781; x_wconf 88' lang='lat' dir='ltr'><strong>nec</strong></span> <span class='ocrx_word' id='word_1_356' title='bbox 692 2728 735 2781; x_wconf 90' lang='lat' dir='ltr'><strong>si</strong></span> <span class='ocrx_word' id='word_1_357' title='bbox 780 2736 862 2782; x_wconf 87' lang='lat' dir='ltr'><strong>est</strong></span> <span class='ocrx_word' id='word_1_358' title='bbox 891 2727 942 2781; x_wconf 92' lang='lat' dir='ltr'><strong>in</strong></span> <span class='ocrx_word' id='word_1_359' title='bbox 969 2727 1269 2792; x_wconf 88' lang='lat' dir='ltr'><strong>intellectu,</strong></span> <span class='ocrx_word' id='word_1_360' title='bbox 1296 2727 1417 2783; x_wconf 89' lang='lat' dir='ltr'><strong>ideo</strong></span> <span class='ocrx_word' id='word_1_361' title='bbox 1446 2719 1650 2784; x_wconf 28' lang='lat' dir='ltr'><strong>esse-in</strong></span> <span class='ocrx_word' id='word_1_362' title='bbox 1678 2744 1736 2784; x_wconf 90' lang='lat' dir='ltr'><strong>re</strong></span> <span class='ocrx_word' id='word_1_363' title='bbox 1766 2711 1782 2782; x_wconf 69' lang='grc' dir='ltr'>ἑ</span> 
     </span>
    </p>
   </div>
   <div class='ocr_carea' id='block_1_46' title="bbox 196 2812 1785 2889">
    <p class='ocr_par' dir='ltr' id='par_1_46' title="bbox 196 2812 1785 2889">
     <span class='ocr_line' id='line_1_46' title="bbox 196 2812 1785 2889; baseline 0.001 -17"><span class='ocrx_word' id='word_1_364' title='bbox 196 2815 351 2872; x_wconf 78' lang='lat' dir='ltr'><strong>certe</strong></span> <span class='ocrx_word' id='word_1_365' title='bbox 377 2834 474 2887; x_wconf 80' lang='lat' dir='ltr'><strong>ego</strong></span> <span class='ocrx_word' id='word_1_366' title='bbox 505 2818 624 2874; x_wconf 88' lang='lat' dir='ltr'><strong>dico</strong></span> <span class='ocrx_word' id='word_1_367' title='bbox 649 2818 739 2848; x_wconf 78' lang='grc'><strong>¹⁰⁵³</strong></span> <span class='ocrx_word' id='word_1_368' title='bbox 769 2832 783 2870; x_wconf 90' lang='lat'><strong>:</strong></span> <span class='ocrx_word' id='word_1_369' title='bbox 809 2818 852 2872; x_wconf 92' lang='lat' dir='ltr'><strong>si</strong></span> <span class='ocrx_word' id='word_1_370' title='bbox 900 2819 983 2872; x_wconf 85' lang='lat' dir='ltr'><strong>vel</strong></span> <span class='ocrx_word' id='word_1_371' title='bbox 1019 2812 1243 2888; x_wconf 83' lang='lat' dir='ltr'><strong>cogitari</strong></span> <span class='ocrx_word' id='word_1_372' title='bbox 1286 2828 1461 2889; x_wconf 88' lang='lat' dir='ltr'><strong>potest</strong></span> <span class='ocrx_word' id='word_1_373' title='bbox 1505 2833 1646 2881; x_wconf 88' lang='lat' dir='ltr'><strong>esse.</strong></span> <span class='ocrx_word' id='word_1_374' title='bbox 1690 2832 1785 2874; x_wconf 88' lang='lat' dir='ltr'><strong>ne-</strong></span> 
     </span>
    </p>
   </div>
   <div class='ocr_carea' id='block_1_47' title="bbox 193 2895 1783 2979">
    <p class='ocr_par' dir='ltr' id='par_1_47' title="bbox 193 2895 1783 2979">
     <span class='ocr_line' id='line_1_47' title="bbox 193 2895 1783 2979; baseline 0 -15"><span class='ocrx_word' id='word_1_375' title='bbox 193 2925 352 2964; x_wconf 77' lang='lat' dir='ltr'><strong>Cesse</strong></span> <span class='ocrx_word' id='word_1_376' title='bbox 398 2920 480 2964; x_wconf 85' lang='lat' dir='ltr'><strong>est</strong></span> <span class='ocrx_word' id='word_1_377' title='bbox 531 2909 656 2964; x_wconf 90' lang='lat' dir='ltr'><strong>illud</strong></span> <span class='ocrx_word' id='word_1_378' title='bbox 688 2895 807 2964; x_wconf 87' lang='lat' dir='ltr'><strong>esse</strong></span> <span class='ocrx_word' id='word_1_379' title='bbox 831 2899 950 2963; x_wconf 56' lang='lat'><strong>“’5‘.</strong></span> <span class='ocrx_word' id='word_1_380' title='bbox 992 2908 1126 2963; x_wconf 87' lang='lat' dir='ltr'><strong>Nam</strong></span> <span class='ocrx_word' id='word_1_381' title='bbox 1177 2924 1285 2979; x_wconf 87' lang='lat' dir='ltr'><strong>quo</strong></span> <span class='ocrx_word' id='word_1_382' title='bbox 1333 2907 1506 2978; x_wconf 87' lang='lat' dir='ltr'><strong>majus</strong></span> <span class='ocrx_word' id='word_1_383' title='bbox 1557 2909 1783 2978; x_wconf 84' lang='lat' dir='ltr'><strong>cogitari</strong></span> 
     </span>
    </p>
   </div>
   <div class='ocr_carea' id='block_1_48' title="bbox 194 2991 1778 3072">
    <p class='ocr_par' dir='ltr' id='par_1_48' title="bbox 194 2991 1778 3072">
     <span class='ocr_line' id='line_1_48' title="bbox 194 2991 1778 3072; baseline 0.001 -17"><span class='ocrx_word' id='word_1_384' title='bbox 194 2997 408 3071; x_wconf 81' lang='lat' dir='ltr'><strong>nequit,</strong></span> <span class='ocrx_word' id='word_1_385' title='bbox 456 3019 559 3056; x_wconf 88' lang='lat' dir='ltr'><strong>non</strong></span> <span class='ocrx_word' id='word_1_386' title='bbox 614 3011 790 3072; x_wconf 87' lang='lat' dir='ltr'><strong>potest</strong></span> <span class='ocrx_word' id='word_1_387' title='bbox 839 3003 1064 3072; x_wconf 84' lang='lat' dir='ltr'><strong>cogitari</strong></span> <span class='ocrx_word' id='word_1_388' title='bbox 1108 3018 1250 3069; x_wconf 88' lang='lat' dir='ltr'><strong>esse,</strong></span> <span class='ocrx_word' id='word_1_389' title='bbox 1281 2991 1401 3070; x_wconf 27' lang='lat' dir='ltr'><strong>‘nisi</strong></span> <span class='ocrx_word' id='word_1_390' title='bbox 1451 3003 1569 3058; x_wconf 88' lang='lat' dir='ltr'><strong>sine</strong></span> <span class='ocrx_word' id='word_1_391' title='bbox 1604 3003 1778 3059; x_wconf 88' lang='lat' dir='ltr'><strong>initio.</strong></span> 
     </span>
    </p>
   </div>
   <div class='ocr_carea' id='block_1_49' title="bbox 195 3091 1779 3162">
    <p class='ocr_par' dir='ltr' id='par_1_49' title="bbox 195 3091 1779 3162">
     <span class='ocr_line' id='line_1_49' title="bbox 195 3091 1779 3162; baseline 0.004 -20"><span class='ocrx_word' id='word_1_392' title='bbox 195 3091 472 3161; x_wconf 85' lang='lat' dir='ltr'><strong>Quidquid</strong></span> <span class='ocrx_word' id='word_1_393' title='bbox 501 3101 678 3146; x_wconf 89' lang='lat' dir='ltr'><strong>autem</strong></span> <span class='ocrx_word' id='word_1_394' title='bbox 711 3102 888 3162; x_wconf 85' lang='lat' dir='ltr'><strong>potest</strong></span> <span class='ocrx_word' id='word_1_395' title='bbox 915 3093 1138 3160; x_wconf 78' lang='lat' dir='ltr'><strong>cogitari</strong></span> <span class='ocrx_word' id='word_1_396' title='bbox 1168 3108 1310 3155; x_wconf 88' lang='lat' dir='ltr'><strong>esse,</strong></span> <span class='ocrx_word' id='word_1_397' title='bbox 1343 3102 1394 3147; x_wconf 89' lang='lat' dir='ltr'><strong>et</strong></span> <span class='ocrx_word' id='word_1_398' title='bbox 1429 3108 1535 3148; x_wconf 92' lang='lat' dir='ltr'><strong>non</strong></span> <span class='ocrx_word' id='word_1_399' title='bbox 1566 3094 1779 3148; x_wconf 61' lang='lat' dir='ltr'><strong>estw”:</strong></span> 
     </span>
    </p>
   </div>
   <div class='ocr_carea' id='block_1_50' title="bbox 195 3183 1786 3256">
    <p class='ocr_par' dir='ltr' id='par_1_50' title="bbox 195 3183 1786 3256">
     <span class='ocr_line' id='line_1_50' title="bbox 195 3183 1786 3256; baseline 0.003 -22"><span class='ocrx_word' id='word_1_400' title='bbox 195 3201 296 3254; x_wconf 83' lang='lat' dir='ltr'><strong>per</strong></span> <span class='ocrx_word' id='word_1_401' title='bbox 325 3184 535 3236; x_wconf 82' lang='lat' dir='ltr'><strong>initium</strong></span> <span class='ocrx_word' id='word_1_402' title='bbox 573 3194 748 3252; x_wconf 88' lang='lat' dir='ltr'><strong>potest</strong></span> <span class='ocrx_word' id='word_1_403' title='bbox 786 3184 1010 3256; x_wconf 87' lang='lat' dir='ltr'><strong>cogitari</strong></span> <span class='ocrx_word' id='word_1_404' title='bbox 1044 3200 1182 3239; x_wconf 88' lang='lat' dir='ltr'><strong>esse.</strong></span> <span class='ocrx_word' id='word_1_405' title='bbox 1229 3183 1343 3237; x_wconf 91' lang='lat' dir='ltr'><strong>Non</strong></span> <span class='ocrx_word' id='word_1_406' title='bbox 1372 3200 1501 3256; x_wconf 88' lang='lat' dir='ltr'><strong>ergo</strong></span> <span class='ocrx_word' id='word_1_407' title='bbox 1529 3200 1634 3253; x_wconf 92' lang='lat' dir='ltr'><strong>quo</strong></span> <span class='ocrx_word' id='word_1_408' title='bbox 1664 3200 1786 3252; x_wconf 53' lang='lat' dir='ltr'><strong>ma-~</strong></span> 
     </span>
    </p>
   </div>
   <div class='ocr_carea' id='block_1_51' title="bbox 190 3259 1782 3348">
    <p class='ocr_par' dir='ltr' id='par_1_51' title="bbox 190 3259 1782 3348">
     <span class='ocr_line' id='line_1_51' title="bbox 190 3259 1782 3348; baseline 0.003 -23"><span class='ocrx_word' id='word_1_409' title='bbox 190 3267 284 3342; x_wconf 81' lang='lat' dir='ltr'><strong>jus</strong></span> <span class='ocrx_word' id='word_1_410' title='bbox 325 3275 547 3344; x_wconf 71' lang='lat' dir='ltr'><strong>cogitari</strong></span> <span class='ocrx_word' id='word_1_411' title='bbox 604 3275 809 3344; x_wconf 82' lang='lat' dir='ltr'><strong>nequit,</strong></span> <span class='ocrx_word' id='word_1_412' title='bbox 856 3259 1315 3348; x_wconf 22' lang='lat' dir='ltr'><strong>cogitari-potest</strong></span> <span class='ocrx_word' id='word_1_413' title='bbox 1374 3281 1531 3336; x_wconf 72' lang='lat' dir='ltr'><strong>esse,</strong></span> <span class='ocrx_word' id='word_1_414' title='bbox 1572 3288 1624 3330; x_wconf 86' lang='lat' dir='ltr'><strong>et</strong></span> <span class='ocrx_word' id='word_1_415' title='bbox 1673 3291 1782 3330; x_wconf 91' lang='lat' dir='ltr'><strong>non</strong></span> 
     </span>
    </p>
   </div>
   <div class='ocr_carea' id='block_1_52' title="bbox 196 3353 1783 3436">
    <p class='ocr_par' dir='ltr' id='par_1_52' title="bbox 196 3353 1783 3436">
     <span class='ocr_line' id='line_1_52' title="bbox 196 3353 1783 3436; baseline -0.001 -16"><span class='ocrx_word' id='word_1_416' title='bbox 196 3364 419 3420; x_wconf 68' lang='lat' dir='ltr'><strong>est&#39;m.</strong></span> <span class='ocrx_word' id='word_1_417' title='bbox 468 3365 525 3418; x_wconf 86' lang='lat' dir='ltr'><strong>Si</strong></span> <span class='ocrx_word' id='word_1_418' title='bbox 576 3362 704 3432; x_wconf 82' lang='lat' dir='ltr'><strong>ergo</strong></span> <span class='ocrx_word' id='word_1_419' title='bbox 745 3373 920 3436; x_wconf 73' lang='lat' dir='ltr'><strong>potest</strong></span> <span class='ocrx_word' id='word_1_420' title='bbox 966 3364 1191 3433; x_wconf 80' lang='lat' dir='ltr'><strong>cogitari</strong></span> <span class='ocrx_word' id='word_1_421' title='bbox 1236 3353 1379 3428; x_wconf 87' lang='lat' dir='ltr'><strong>esse,</strong></span> <span class='ocrx_word' id='word_1_422' title='bbox 1427 3381 1501 3418; x_wconf 80' lang='lat' dir='ltr'><strong>ex.</strong></span> <span class='ocrx_word' id='word_1_423' title='bbox 1545 3365 1783 3420; x_wconf 85' lang='lat' dir='ltr'><strong>necessi-</strong></span> 
     </span>
    </p>
   </div>
   <div class='ocr_carea' id='block_1_53' title="bbox 203 3456 1778 3528">
    <p class='ocr_par' dir='ltr' id='par_1_53' title="bbox 203 3456 1778 3528">
     <span class='ocr_line' id='line_1_53' title="bbox 203 3456 1778 3528; baseline 0.003 -20"><span class='ocrx_word' id='word_1_424' title='bbox 203 3464 314 3508; x_wconf 89' lang='lat' dir='ltr'><strong>tate</strong></span> <span class='ocrx_word' id='word_1_425' title='bbox 344 3456 435 3486; x_wconf 79' lang='grc'><strong>¹⁰⁵⁷</strong></span> <span class='ocrx_word' id='word_1_426' title='bbox 472 3467 575 3510; x_wconf 82' lang='grc' dir='ltr'>εει.</span> <span class='ocrx_word' id='word_1_427' title='bbox 618 3456 879 3525; x_wconf 83' lang='lat' dir='ltr'><strong>Amplius.</strong></span> <span class='ocrx_word' id='word_1_428' title='bbox 915 3457 970 3510; x_wconf 88' lang='lat' dir='ltr'><strong>Si</strong></span> <span class='ocrx_word' id='word_1_429' title='bbox 1005 3457 1188 3526; x_wconf 89' lang='lat' dir='ltr'><strong>utique</strong></span> <span class='ocrx_word' id='word_1_430' title='bbox 1216 3458 1300 3512; x_wconf 89' lang='lat' dir='ltr'><strong>vel</strong></span> <span class='ocrx_word' id='word_1_431' title='bbox 1328 3457 1552 3526; x_wconf 84' lang='lat' dir='ltr'><strong>cogitari</strong></span> <span class='ocrx_word' id='word_1_432' title='bbox 1582 3467 1778 3528; x_wconf 90' lang='lat' dir='ltr'><strong>potest,</strong></span> 
     </span>
    </p>
   </div>
   <div class='ocr_carea' id='block_1_54' title="bbox 203 3546 1781 3616">
    <p class='ocr_par' dir='ltr' id='par_1_54' title="bbox 203 3546 1781 3616">
     <span class='ocr_line' id='line_1_54' title="bbox 203 3546 1781 3616; baseline 0.003 -18"><span class='ocrx_word' id='word_1_433' title='bbox 203 3560 427 3599; x_wconf 67' lang='lat' dir='ltr'><strong>nccvsse</strong></span> <span class='ocrx_word' id='word_1_434' title='bbox 453 3557 536 3600; x_wconf 81' lang='lat' dir='ltr'><strong>est</strong></span> <span class='ocrx_word' id='word_1_435' title='bbox 565 3547 691 3601; x_wconf 90' lang='lat' dir='ltr'><strong>illud</strong></span> <span class='ocrx_word' id='word_1_436' title='bbox 721 3563 858 3602; x_wconf 86' lang='lat' dir='ltr'><strong>esse.</strong></span> <span class='ocrx_word' id='word_1_437' title='bbox 889 3546 1074 3600; x_wconf 84' lang='lat' dir='ltr'><strong>Nullus</strong></span> <span class='ocrx_word' id='word_1_438' title='bbox 1106 3547 1248 3602; x_wconf 89' lang='lat' dir='ltr'><strong>enim</strong></span> <span class='ocrx_word' id='word_1_439' title='bbox 1275 3563 1477 3616; x_wconf 81' lang='lat' dir='ltr'><strong>negans</strong></span> <span class='ocrx_word' id='word_1_440' title='bbox 1506 3559 1598 3602; x_wconf 88' lang='lat' dir='ltr'><strong>aut</strong></span> <span class='ocrx_word' id='word_1_441' title='bbox 1627 3550 1781 3604; x_wconf 79' lang='lat' dir='ltr'><strong>dubi-</strong></span> 
     </span>
    </p>
   </div>
   <div class='ocr_carea' id='block_1_55' title="bbox 204 3637 1784 3710">
    <p class='ocr_par' dir='ltr' id='par_1_55' title="bbox 204 3637 1784 3710">
     <span class='ocr_line' id='line_1_55' title="bbox 204 3637 1784 3710; baseline 0.004 -21"><span class='ocrx_word' id='word_1_442' title='bbox 204 3646 330 3690; x_wconf 87' lang='lat' dir='ltr'><strong>tans</strong></span> <span class='ocrx_word' id='word_1_443' title='bbox 374 3653 492 3691; x_wconf 88' lang='lat' dir='ltr'><strong>esse</strong></span> <span class='ocrx_word' id='word_1_444' title='bbox 522 3637 742 3707; x_wconf 90' lang='lat' dir='ltr'><strong>aliquid,</strong></span> <span class='ocrx_word' id='word_1_445' title='bbox 795 3655 901 3708; x_wconf 89' lang='lat' dir='ltr'><strong>quo</strong></span> <span class='ocrx_word' id='word_1_446' title='bbox 949 3639 1119 3708; x_wconf 87' lang='lat' dir='ltr'><strong>majus</strong></span> <span class='ocrx_word' id='word_1_447' title='bbox 1170 3640 1394 3707; x_wconf 80' lang='lat' dir='ltr'><strong>cogitari</strong></span> <span class='ocrx_word' id='word_1_448' title='bbox 1437 3657 1540 3694; x_wconf 93' lang='lat' dir='ltr'><strong>non</strong></span> <span class='ocrx_word' id='word_1_449' title='bbox 1590 3643 1784 3710; x_wconf 85' lang='lat' dir='ltr'><strong>possit,</strong></span> 
     </span>
    </p>
   </div>
   <div class='ocr_carea' id='block_1_56' title="bbox 201 3714 1785 3800">
    <p class='ocr_par' dir='ltr' id='par_1_56' title="bbox 201 3714 1785 3800">
     <span class='ocr_line' id='line_1_56' title="bbox 201 3714 1785 3800; baseline 0.002 -18"><span class='ocrx_word' id='word_1_450' title='bbox 201 3726 369 3798; x_wconf 79' lang='lat' dir='ltr'><strong>negat</strong></span> <span class='ocrx_word' id='word_1_451' title='bbox 409 3730 490 3784; x_wconf 66' lang='lat' dir='ltr'><strong>Vel</strong></span> <span class='ocrx_word' id='word_1_452' title='bbox 524 3731 732 3784; x_wconf 88' lang='lat' dir='ltr'><strong>dubitat</strong></span> <span class='ocrx_word' id='word_1_453' title='bbox 765 3731 890 3800; x_wconf 89' lang='lat' dir='ltr'><strong>quia</strong></span> <span class='ocrx_word' id='word_1_454' title='bbox 921 3731 964 3786; x_wconf 90' lang='lat' dir='ltr'><strong>si</strong></span> <span class='ocrx_word' id='word_1_455' title='bbox 1002 3738 1163 3797; x_wconf 78' lang='lat' dir='ltr'><strong>esset,</strong></span> <span class='ocrx_word' id='word_1_456' title='bbox 1197 3747 1297 3786; x_wconf 89' lang='lat' dir='ltr'><strong>nec</strong></span> <span class='ocrx_word' id='word_1_457' title='bbox 1331 3735 1454 3786; x_wconf 85' lang='lat' dir='ltr'><strong>actu</strong></span> <span class='ocrx_word' id='word_1_458' title='bbox 1499 3729 1596 3786; x_wconf 82' lang='lat' dir='ltr'><strong>nec</strong></span> <span class='ocrx_word' id='word_1_459' title='bbox 1625 3714 1785 3786; x_wconf 49' lang='lat' dir='ltr'><strong>intel?</strong></span> 
     </span>
    </p>
   </div>
   <div class='ocr_carea' id='block_1_57' title="bbox 201 3819 1784 3894">
    <p class='ocr_par' dir='ltr' id='par_1_57' title="bbox 201 3819 1784 3894">
     <span class='ocr_line' id='line_1_57' title="bbox 201 3819 1784 3894; baseline 0.003 -22"><span class='ocrx_word' id='word_1_460' title='bbox 201 3819 346 3875; x_wconf 88' lang='lat' dir='ltr'><strong>lectu</strong></span> <span class='ocrx_word' id='word_1_461' title='bbox 375 3830 556 3890; x_wconf 84' lang='lat' dir='ltr'><strong>posset</strong></span> <span class='ocrx_word' id='word_1_462' title='bbox 589 3837 693 3876; x_wconf 91' lang='lat' dir='ltr'><strong>non</strong></span> <span class='ocrx_word' id='word_1_463' title='bbox 717 3822 808 3854; x_wconf 82' lang='grc'><strong>¹⁰³⁸</strong></span> <span class='ocrx_word' id='word_1_464' title='bbox 838 3838 979 3878; x_wconf 87' lang='grc' dir='ltr'>εεεε.</span> <span class='ocrx_word' id='word_1_465' title='bbox 1029 3823 1202 3878; x_wconf 89' lang='lat' dir='ltr'><strong>Aliter</strong></span> <span class='ocrx_word' id='word_1_466' title='bbox 1241 3838 1474 3894; x_wconf 90' lang='lat' dir='ltr'><strong>namque</strong></span> <span class='ocrx_word' id='word_1_467' title='bbox 1502 3839 1606 3877; x_wconf 93' lang='lat' dir='ltr'><strong>non</strong></span> <span class='ocrx_word' id='word_1_468' title='bbox 1642 3831 1784 3878; x_wconf 90' lang='lat' dir='ltr'><strong>esset</strong></span> 
     </span>
    </p>
   </div>
   <div class='ocr_carea' id='block_1_58' title="bbox 1811 3049 1859 3112">
    <p class='ocr_par' dir='ltr' id='par_1_58' title="bbox 1811 3049 1859 3112">
     <span class='ocr_line' id='line_1_58' title="bbox 1811 3049 1859 3112; baseline 0 0"><span class='ocrx_word' id='word_1_469' title='bbox 1811 3049 1859 3112; x_wconf 90' lang='lat' dir='ltr'><strong><em>C</em></strong></span> 
     </span>
    </p>
   </div>
   <div class='ocr_carea' id='block_1_59' title="bbox 1885 1825 3467 1897">
    <p class='ocr_par' dir='ltr' id='par_1_59' title="bbox 1885 1825 3467 1897">
     <span class='ocr_line' id='line_1_59' title="bbox 1885 1825 3467 1897; baseline 0.001 -18"><span class='ocrx_word' id='word_1_470' title='bbox 1885 1826 2025 1880; x_wconf 88' lang='lat' dir='ltr'><strong>sicut</strong></span> <span class='ocrx_word' id='word_1_471' title='bbox 2059 1842 2164 1882; x_wconf 92' lang='lat' dir='ltr'><strong>non</strong></span> <span class='ocrx_word' id='word_1_472' title='bbox 2191 1835 2277 1881; x_wconf 90' lang='lat' dir='ltr'><strong>est</strong></span> <span class='ocrx_word' id='word_1_473' title='bbox 2303 1827 2500 1881; x_wconf 88' lang='lat' dir='ltr'><strong>alicubi</strong></span> <span class='ocrx_word' id='word_1_474' title='bbox 2541 1835 2634 1880; x_wconf 89' lang='lat' dir='ltr'><strong>aut</strong></span> <span class='ocrx_word' id='word_1_475' title='bbox 2665 1827 2975 1896; x_wconf 86' lang='lat' dir='ltr'><strong>aliquando.</strong></span> <span class='ocrx_word' id='word_1_476' title='bbox 3007 1825 3140 1882; x_wconf 88' lang='lat' dir='ltr'><strong>Nam</strong></span> <span class='ocrx_word' id='word_1_477' title='bbox 3167 1829 3309 1897; x_wconf 91' lang='lat' dir='ltr'><strong>quod</strong></span> <span class='ocrx_word' id='word_1_478' title='bbox 3336 1828 3467 1894; x_wconf 62' lang='lat' dir='ltr'><strong>,lieri</strong></span> 
     </span>
    </p>
   </div>
   <div class='ocr_carea' id='block_1_60' title="bbox 1886 1905 3474 1994">
    <p class='ocr_par' dir='ltr' id='par_1_60' title="bbox 1886 1905 3474 1994">
     <span class='ocr_line' id='line_1_60' title="bbox 1886 1905 3474 1994; baseline 0.003 -24"><span class='ocrx_word' id='word_1_479' title='bbox 1886 1932 1991 1972; x_wconf 92' lang='lat' dir='ltr'><strong>non</strong></span> <span class='ocrx_word' id='word_1_480' title='bbox 2031 1905 2230 1982; x_wconf 85' lang='lat' dir='ltr'><strong>luit,et</strong></span> <span class='ocrx_word' id='word_1_481' title='bbox 2266 1918 2424 1972; x_wconf 86' lang='lat' dir='ltr'><strong>hodie</strong></span> <span class='ocrx_word' id='word_1_482' title='bbox 2458 1930 2580 1973; x_wconf 88' lang='lat' dir='ltr'><strong>est:</strong></span> <span class='ocrx_word' id='word_1_483' title='bbox 2613 1918 2754 1974; x_wconf 89' lang='lat' dir='ltr'><strong>sicut</strong></span> <span class='ocrx_word' id='word_1_484' title='bbox 2788 1918 2902 1973; x_wconf 80' lang='lat' dir='ltr'><strong>lteri</strong></span> <span class='ocrx_word' id='word_1_485' title='bbox 2935 1934 3039 1974; x_wconf 93' lang='lat' dir='ltr'><strong>non</strong></span> <span class='ocrx_word' id='word_1_486' title='bbox 3072 1918 3250 1994; x_wconf 12' lang='lat' dir='ltr'><strong>fuisse.</strong></span> <span class='ocrx_word' id='word_1_487' title='bbox 3271 1920 3474 1974; x_wconf 88' lang='lat' dir='ltr'><strong>intelli-</strong></span> 
     </span>
    </p>
   </div>
   <div class='ocr_carea' id='block_1_61' title="bbox 1886 1995 3468 2088">
    <p class='ocr_par' dir='ltr' id='par_1_61' title="bbox 1886 1995 3468 2088">
     <span class='ocr_line' id='line_1_61' title="bbox 1886 1995 3468 2088; baseline 0.001 -27"><span class='ocrx_word' id='word_1_488' title='bbox 1886 1995 2058 2077; x_wconf 69' lang='lat' dir='ltr'><strong>gitur;</strong></span> <span class='ocrx_word' id='word_1_489' title='bbox 2087 2009 2158 2062; x_wconf 91' lang='lat' dir='ltr'><strong>ita</strong></span> <span class='ocrx_word' id='word_1_490' title='bbox 2188 2024 2468 2077; x_wconf 87' lang='lat' dir='ltr'><strong>nunquam</strong></span> <span class='ocrx_word' id='word_1_491' title='bbox 2496 2023 2615 2063; x_wconf 86' lang='lat' dir='ltr'><strong>esse</strong></span> <span class='ocrx_word' id='word_1_492' title='bbox 2633 2007 2974 2088; x_wconf 28' lang='lat' dir='ltr'><strong>Isubiutelligi</strong></span> <span class='ocrx_word' id='word_1_493' title='bbox 2997 2018 3179 2078; x_wconf 86' lang='lat' dir='ltr'><strong>potest</strong></span> <span class='ocrx_word' id='word_1_494' title='bbox 3204 2022 3218 2061; x_wconf 91' lang='lat'><strong>:</strong></span> <span class='ocrx_word' id='word_1_495' title='bbox 3244 2017 3298 2062; x_wconf 91' lang='lat' dir='ltr'><strong>et</strong></span> <span class='ocrx_word' id='word_1_496' title='bbox 3327 2008 3468 2077; x_wconf 91' lang='lat' dir='ltr'><strong>quod</strong></span> 
     </span>
    </p>
   </div>
   <div class='ocr_carea' id='block_1_62' title="bbox 1885 2097 3468 2178">
    <p class='ocr_par' dir='ltr' id='par_1_62' title="bbox 1885 2097 3468 2178">
     <span class='ocr_line' id='line_1_62' title="bbox 1885 2097 3468 2178; baseline 0.001 -27"><span class='ocrx_word' id='word_1_497' title='bbox 1885 2097 1974 2178; x_wconf 71' lang='lat' dir='ltr'><strong>llic</strong></span> <span class='ocrx_word' id='word_1_498' title='bbox 2005 2115 2111 2153; x_wconf 93' lang='lat' dir='ltr'><strong>non</strong></span> <span class='ocrx_word' id='word_1_499' title='bbox 2142 2109 2246 2164; x_wconf 88' lang='lat' dir='ltr'><strong>est,</strong></span> <span class='ocrx_word' id='word_1_500' title='bbox 2278 2111 2332 2154; x_wconf 90' lang='lat' dir='ltr'><strong>et</strong></span> <span class='ocrx_word' id='word_1_501' title='bbox 2387 2100 2515 2154; x_wconf 88' lang='lat' dir='ltr'><strong>alibi</strong></span> <span class='ocrx_word' id='word_1_502' title='bbox 2560 2108 2663 2166; x_wconf 90' lang='grc' dir='ltr'>εει,</span> <span class='ocrx_word' id='word_1_503' title='bbox 2689 2100 2833 2156; x_wconf 89' lang='lat' dir='ltr'><strong>sicut</strong></span> <span class='ocrx_word' id='word_1_504' title='bbox 2865 2114 2970 2154; x_wconf 91' lang='lat' dir='ltr'><strong>non</strong></span> <span class='ocrx_word' id='word_1_505' title='bbox 3002 2109 3084 2153; x_wconf 90' lang='lat' dir='ltr'><strong>est</strong></span> <span class='ocrx_word' id='word_1_506' title='bbox 3108 2099 3192 2154; x_wconf 86' lang='lat' dir='ltr'><strong>hic</strong></span> <span class='ocrx_word' id='word_1_507' title='bbox 3221 2099 3312 2130; x_wconf 86' lang='grc'><strong>¹⁰⁷⁰</strong></span> <span class='ocrx_word' id='word_1_508' title='bbox 3345 2138 3360 2163; x_wconf 92' lang='grc'><strong>,</strong></span> <span class='ocrx_word' id='word_1_509' title='bbox 3394 2098 3468 2152; x_wconf 91' lang='lat' dir='ltr'><strong>ita</strong></span> 
     </span>
    </p>
   </div>
   <div class='ocr_carea' id='block_1_63' title="bbox 1884 2181 3466 2270">
    <p class='ocr_par' dir='ltr' id='par_1_63' title="bbox 1884 2181 3466 2270">
     <span class='ocr_line' id='line_1_63' title="bbox 1884 2181 3466 2270; baseline 0.001 -25"><span class='ocrx_word' id='word_1_510' title='bbox 1884 2199 2063 2270; x_wconf 80' lang='lat' dir='ltr'><strong>potest</strong></span> <span class='ocrx_word' id='word_1_511' title='bbox 2087 2181 2314 2264; x_wconf 82' lang='lat' dir='ltr'><strong>cogitari</strong></span> <span class='ocrx_word' id='word_1_512' title='bbox 2343 2208 2606 2262; x_wconf 90' lang='lat' dir='ltr'><strong>nusquam</strong></span> <span class='ocrx_word' id='word_1_513' title='bbox 2638 2207 2776 2248; x_wconf 89' lang='lat' dir='ltr'><strong>esse.</strong></span> <span class='ocrx_word' id='word_1_514' title='bbox 2809 2191 3073 2248; x_wconf 85' lang='lat' dir='ltr'><strong>Similiter</strong></span> <span class='ocrx_word' id='word_1_515' title='bbox 3102 2191 3255 2261; x_wconf 87' lang='lat' dir='ltr'><strong>cujus</strong></span> <span class='ocrx_word' id='word_1_516' title='bbox 3284 2202 3466 2261; x_wconf 87' lang='lat' dir='ltr'><strong>partes</strong></span> 
     </span>
    </p>
   </div>
   <div class='ocr_carea' id='block_1_64' title="bbox 1886 2282 3469 2360">
    <p class='ocr_par' dir='ltr' id='par_1_64' title="bbox 1886 2282 3469 2360">
     <span class='ocr_line' id='line_1_64' title="bbox 1886 2282 3469 2360; baseline 0.001 -23"><span class='ocrx_word' id='word_1_517' title='bbox 1886 2282 2111 2352; x_wconf 76' lang='lat' dir='ltr'><strong>singula:</strong></span> <span class='ocrx_word' id='word_1_518' title='bbox 2158 2298 2265 2337; x_wconf 92' lang='lat' dir='ltr'><strong>non</strong></span> <span class='ocrx_word' id='word_1_519' title='bbox 2317 2295 2445 2338; x_wconf 87' lang='lat' dir='ltr'><strong>sunt</strong></span> <span class='ocrx_word' id='word_1_520' title='bbox 2481 2283 2572 2338; x_wconf 87' lang='lat' dir='ltr'><strong>ubi</strong></span> <span class='ocrx_word' id='word_1_521' title='bbox 2606 2294 2696 2338; x_wconf 84' lang='lat' dir='ltr'><strong>aut</strong></span> <span class='ocrx_word' id='word_1_522' title='bbox 2735 2284 2950 2354; x_wconf 85' lang='lat' dir='ltr'><strong>quando</strong></span> <span class='ocrx_word' id='word_1_523' title='bbox 2982 2293 3109 2340; x_wconf 88' lang='lat' dir='ltr'><strong>sunt</strong></span> <span class='ocrx_word' id='word_1_524' title='bbox 3139 2283 3469 2360; x_wconf 71' lang='lat' dir='ltr'><strong>alitepartes</strong></span> 
     </span>
    </p>
   </div>
   <div class='ocr_carea' id='block_1_65' title="bbox 1885 2370 3471 2447">
    <p class='ocr_par' dir='ltr' id='par_1_65' title="bbox 1885 2370 3471 2447">
     <span class='ocr_line' id='line_1_65' title="bbox 1885 2370 3471 2447; baseline 0.001 -21"><span class='ocrx_word' id='word_1_525' title='bbox 1885 2370 2033 2440; x_wconf 87' lang='lat' dir='ltr'><strong>ejus;</strong></span> <span class='ocrx_word' id='word_1_526' title='bbox 2067 2386 2258 2434; x_wconf 80' lang='lat' dir='ltr'><strong>omnes</strong></span> <span class='ocrx_word' id='word_1_527' title='bbox 2291 2383 2501 2447; x_wconf 83' lang='lat' dir='ltr'><strong>partes,</strong></span> <span class='ocrx_word' id='word_1_528' title='bbox 2533 2381 2587 2429; x_wconf 90' lang='lat' dir='ltr'><strong>et</strong></span> <span class='ocrx_word' id='word_1_529' title='bbox 2639 2372 2760 2428; x_wconf 87' lang='lat' dir='ltr'><strong>ideo</strong></span> <span class='ocrx_word' id='word_1_530' title='bbox 2806 2373 3203 2442; x_wconf 55' lang='lat' dir='ltr'><strong>ipsumtot’um,</strong></span> <span class='ocrx_word' id='word_1_531' title='bbox 3243 2380 3471 2443; x_wconf 84' lang='lat' dir='ltr'><strong>possunt</strong></span> 
     </span>
    </p>
   </div>
   <div class='ocr_carea' id='block_1_66' title="bbox 1885 2461 3469 2532">
    <p class='ocr_par' dir='ltr' id='par_1_66' title="bbox 1885 2461 3469 2532">
     <span class='ocr_line' id='line_1_66' title="bbox 1885 2461 3469 2532; baseline 0.001 -19"><span class='ocrx_word' id='word_1_532' title='bbox 1885 2462 2109 2531; x_wconf 82' lang='lat' dir='ltr'><strong>cogitari</strong></span> <span class='ocrx_word' id='word_1_533' title='bbox 2141 2478 2414 2532; x_wconf 90' lang='lat' dir='ltr'><strong>nunquam</strong></span> <span class='ocrx_word' id='word_1_534' title='bbox 2456 2471 2547 2518; x_wconf 91' lang='lat' dir='ltr'><strong>aut</strong></span> <span class='ocrx_word' id='word_1_535' title='bbox 2576 2476 2841 2532; x_wconf 88' lang='lat' dir='ltr'><strong>nusquam</strong></span> <span class='ocrx_word' id='word_1_536' title='bbox 2871 2477 3008 2518; x_wconf 89' lang='lat' dir='ltr'><strong>esse.</strong></span> <span class='ocrx_word' id='word_1_537' title='bbox 3036 2461 3168 2516; x_wconf 84' lang='lat' dir='ltr'><strong>Nam</strong></span> <span class='ocrx_word' id='word_1_538' title='bbox 3195 2462 3294 2517; x_wconf 80' lang='lat' dir='ltr'><strong>etsi</strong></span> <span class='ocrx_word' id='word_1_539' title='bbox 3319 2461 3469 2515; x_wconf 85' lang='lat' dir='ltr'><strong>dica-</strong></span> 
     </span>
    </p>
   </div>
   <div class='ocr_carea' id='block_1_67' title="bbox 1889 2535 3465 2620">
    <p class='ocr_par' dir='ltr' id='par_1_67' title="bbox 1889 2535 3465 2620">
     <span class='ocr_line' id='line_1_67' title="bbox 1889 2535 3465 2620; baseline 0.001 -18"><span class='ocrx_word' id='word_1_540' title='bbox 1889 2559 1976 2603; x_wconf 85' lang='lat' dir='ltr'><strong>tur</strong></span> <span class='ocrx_word' id='word_1_541' title='bbox 2014 2535 2240 2620; x_wconf 77' lang='lat' dir='ltr'><strong>tempus</strong></span> <span class='ocrx_word' id='word_1_542' title='bbox 2286 2541 2504 2620; x_wconf 85' lang='lat' dir='ltr'><strong>semper</strong></span> <span class='ocrx_word' id='word_1_543' title='bbox 2538 2537 2683 2618; x_wconf 82' lang='lat' dir='ltr'><strong>esse,</strong></span> <span class='ocrx_word' id='word_1_544' title='bbox 2725 2536 2781 2607; x_wconf 87' lang='lat' dir='ltr'><strong>et</strong></span> <span class='ocrx_word' id='word_1_545' title='bbox 2833 2553 3069 2606; x_wconf 92' lang='lat' dir='ltr'><strong>mundus</strong></span> <span class='ocrx_word' id='word_1_546' title='bbox 3094 2550 3465 2620; x_wconf 43' lang='lat' dir='ltr'><strong>‘°&#39;“.ubiquc;</strong></span> 
     </span>
    </p>
   </div>
   <div class='ocr_carea' id='block_1_68' title="bbox 1886 2635 3468 2720">
    <p class='ocr_par' dir='ltr' id='par_1_68' title="bbox 1886 2635 3468 2720">
     <span class='ocr_line' id='line_1_68' title="bbox 1886 2635 3468 2720; baseline 0.002 -26"><span class='ocrx_word' id='word_1_547' title='bbox 1886 2635 2202 2720; x_wconf 82' lang='lat' dir='ltr'><strong>nontamen</strong></span> <span class='ocrx_word' id='word_1_548' title='bbox 2231 2641 2361 2697; x_wconf 88' lang='lat' dir='ltr'><strong>illud</strong></span> <span class='ocrx_word' id='word_1_549' title='bbox 2396 2651 2562 2697; x_wconf 89' lang='lat' dir='ltr'><strong>totum</strong></span> <span class='ocrx_word' id='word_1_550' title='bbox 2594 2658 2832 2712; x_wconf 91' lang='lat' dir='ltr'><strong>semper,</strong></span> <span class='ocrx_word' id='word_1_551' title='bbox 2858 2652 2952 2700; x_wconf 85' lang='lat' dir='ltr'><strong>aut</strong></span> <span class='ocrx_word' id='word_1_552' title='bbox 2983 2643 3083 2698; x_wconf 89' lang='lat' dir='ltr'><strong>iste</strong></span> <span class='ocrx_word' id='word_1_553' title='bbox 3113 2652 3257 2697; x_wconf 91' lang='lat' dir='ltr'><strong>totus</strong></span> <span class='ocrx_word' id='word_1_554' title='bbox 3279 2644 3468 2720; x_wconf 83' lang='grc' dir='ltr'>εει¹⁰⁷²</span> 
     </span>
    </p>
   </div>
   <div class='ocr_carea' id='block_1_69' title="bbox 1886 2717 3468 2810">
    <p class='ocr_par' dir='ltr' id='par_1_69' title="bbox 1886 2717 3468 2810">
     <span class='ocr_line' id='line_1_69' title="bbox 1886 2717 3468 2810; baseline 0.001 -22"><span class='ocrx_word' id='word_1_555' title='bbox 1886 2717 2137 2810; x_wconf 79' lang='lat' dir='ltr'><strong>ubique:</strong></span> <span class='ocrx_word' id='word_1_556' title='bbox 2191 2743 2246 2788; x_wconf 91' lang='lat' dir='ltr'><strong>et</strong></span> <span class='ocrx_word' id='word_1_557' title='bbox 2325 2733 2466 2788; x_wconf 90' lang='lat' dir='ltr'><strong>sicut</strong></span> <span class='ocrx_word' id='word_1_558' title='bbox 2517 2734 2740 2804; x_wconf 82' lang='lat' dir='ltr'><strong>singulae</strong></span> <span class='ocrx_word' id='word_1_559' title='bbox 2807 2744 2991 2805; x_wconf 89' lang='lat' dir='ltr'><strong>partes</strong></span> <span class='ocrx_word' id='word_1_560' title='bbox 3041 2735 3296 2805; x_wconf 78' lang='lat' dir='ltr'><strong>temporis</strong></span> <span class='ocrx_word' id='word_1_561' title='bbox 3364 2719 3468 2792; x_wconf 87' lang='lat' dir='ltr'><strong>non</strong></span> 
     </span>
    </p>
   </div>
   <div class='ocr_carea' id='block_1_70' title="bbox 1884 2821 3473 2893">
    <p class='ocr_par' dir='ltr' id='par_1_70' title="bbox 1884 2821 3473 2893">
     <span class='ocr_line' id='line_1_70' title="bbox 1884 2821 3473 2893; baseline 0.001 -17"><span class='ocrx_word' id='word_1_562' title='bbox 1884 2832 2032 2892; x_wconf 90' lang='lat' dir='ltr'><strong>sunt,</strong></span> <span class='ocrx_word' id='word_1_563' title='bbox 2063 2821 2280 2890; x_wconf 88' lang='lat' dir='ltr'><strong>quando</strong></span> <span class='ocrx_word' id='word_1_564' title='bbox 2320 2822 2438 2876; x_wconf 77' lang='lat' dir='ltr'><strong>alia:</strong></span> <span class='ocrx_word' id='word_1_565' title='bbox 2485 2832 2638 2886; x_wconf 78' lang='lat' dir='ltr'><strong>sunt;</strong></span> <span class='ocrx_word' id='word_1_566' title='bbox 2674 2822 2747 2876; x_wconf 87' lang='lat' dir='ltr'><strong>ita</strong></span> <span class='ocrx_word' id='word_1_567' title='bbox 2775 2833 3002 2892; x_wconf 92' lang='lat' dir='ltr'><strong>possunt</strong></span> <span class='ocrx_word' id='word_1_568' title='bbox 3044 2839 3321 2893; x_wconf 81' lang='lat' dir='ltr'><strong>nunquam</strong></span> <span class='ocrx_word' id='word_1_569' title='bbox 3350 2837 3473 2879; x_wconf 84' lang='lat' dir='ltr'><strong>esse</strong></span> 
     </span>
    </p>
   </div>
   <div class='ocr_carea' id='block_1_71' title="bbox 1887 2897 3473 2982">
    <p class='ocr_par' dir='ltr' id='par_1_71' title="bbox 1887 2897 3473 2982">
     <span class='ocr_line' id='line_1_71' title="bbox 1887 2897 3473 2982; baseline -0.001 -17"><span class='ocrx_word' id='word_1_570' title='bbox 1887 2911 2109 2982; x_wconf 83' lang='lat' dir='ltr'><strong>cogitari</strong></span> <span class='ocrx_word' id='word_1_571' title='bbox 2137 2911 2257 2976; x_wconf 84' lang='grc'>¹⁰⁷³;</span> <span class='ocrx_word' id='word_1_572' title='bbox 2291 2921 2345 2964; x_wconf 92' lang='grc' dir='ltr'><strong>ει</strong></span> <span class='ocrx_word' id='word_1_573' title='bbox 2371 2910 2807 2982; x_wconf 72' lang='lat' dir='ltr'><strong>singulaetnundi</strong></span> <span class='ocrx_word' id='word_1_574' title='bbox 2837 2911 2930 2942; x_wconf 72' lang='lat'><strong>’°&#39;”</strong></span> <span class='ocrx_word' id='word_1_575' title='bbox 2951 2897 3155 2982; x_wconf 84' lang='lat' dir='ltr'><strong>partes,</strong></span> <span class='ocrx_word' id='word_1_576' title='bbox 3190 2912 3330 2965; x_wconf 91' lang='lat' dir='ltr'><strong>sicut</strong></span> <span class='ocrx_word' id='word_1_577' title='bbox 3366 2928 3473 2966; x_wconf 91' lang='lat' dir='ltr'><strong>non</strong></span> 
     </span>
    </p>
   </div>
   <div class='ocr_carea' id='block_1_72' title="bbox 1889 2997 3472 3071">
    <p class='ocr_par' dir='ltr' id='par_1_72' title="bbox 1889 2997 3472 3071">
     <span class='ocr_line' id='line_1_72' title="bbox 1889 2997 3472 3071; baseline -0.001 -16"><span class='ocrx_word' id='word_1_578' title='bbox 1889 3011 2015 3056; x_wconf 88' lang='lat' dir='ltr'><strong>sunt</strong></span> <span class='ocrx_word' id='word_1_579' title='bbox 2043 3001 2130 3056; x_wconf 86' lang='lat' dir='ltr'><strong>ubi</strong></span> <span class='ocrx_word' id='word_1_580' title='bbox 2153 3001 2272 3056; x_wconf 71' lang='lat' dir='ltr'><strong>alia:</strong></span> <span class='ocrx_word' id='word_1_581' title='bbox 2301 3009 2456 3071; x_wconf 87' lang='lat' dir='ltr'><strong>sunt;</strong></span> <span class='ocrx_word' id='word_1_582' title='bbox 2491 2999 2564 3052; x_wconf 90' lang='lat' dir='ltr'><strong>ita</strong></span> <span class='ocrx_word' id='word_1_583' title='bbox 2598 2997 2926 3069; x_wconf 80' lang='lat' dir='ltr'><strong>Subintelligi</strong></span> <span class='ocrx_word' id='word_1_584' title='bbox 2950 3008 3174 3068; x_wconf 89' lang='lat' dir='ltr'><strong>possunt</strong></span> <span class='ocrx_word' id='word_1_585' title='bbox 3206 3014 3472 3068; x_wconf 87' lang='lat' dir='ltr'><strong>nusquam</strong></span> 
     </span>
    </p>
   </div>
   <div class='ocr_carea' id='block_1_73' title="bbox 1889 3081 3472 3164">
    <p class='ocr_par' dir='ltr' id='par_1_73' title="bbox 1889 3081 3472 3164">
     <span class='ocr_line' id='line_1_73' title="bbox 1889 3081 3472 3164; baseline -0.003 -17"><span class='ocrx_word' id='word_1_586' title='bbox 1889 3108 2010 3164; x_wconf 85' lang='lat' dir='ltr'><strong>esse</strong></span> <span class='ocrx_word' id='word_1_587' title='bbox 2043 3087 2186 3147; x_wconf 78' lang='lat' dir='ltr'><strong>:sed</strong></span> <span class='ocrx_word' id='word_1_588' title='bbox 2214 3081 2437 3162; x_wconf 85' lang='lat' dir='ltr'><strong>etquod</strong></span> <span class='ocrx_word' id='word_1_589' title='bbox 2467 3089 2560 3122; x_wconf 76' lang='lat'><strong>&#39;°&quot;</strong></span> <span class='ocrx_word' id='word_1_590' title='bbox 2605 3090 2847 3158; x_wconf 86' lang='lat' dir='ltr'><strong>partibus</strong></span> <span class='ocrx_word' id='word_1_591' title='bbox 2871 3087 3217 3155; x_wconf 90' lang='lat' dir='ltr'><strong>conjunctum</strong></span> <span class='ocrx_word' id='word_1_592' title='bbox 3249 3098 3331 3143; x_wconf 88' lang='lat' dir='ltr'><strong>est</strong></span> <span class='ocrx_word' id='word_1_593' title='bbox 3358 3089 3472 3155; x_wconf 67' lang='lat'><strong>&quot;7‘,</strong></span> 
     </span>
    </p>
   </div>
   <div class='ocr_carea' id='block_1_74' title="bbox 1889 3169 3476 3256">
    <p class='ocr_par' dir='ltr' id='par_1_74' title="bbox 1889 3169 3476 3256">
     <span class='ocr_line' id='line_1_74' title="bbox 1889 3169 3476 3256; baseline -0.005 -17"><span class='ocrx_word' id='word_1_594' title='bbox 1889 3169 2216 3256; x_wconf 76' lang='lat' dir='ltr'><strong>cogitatione</strong></span> <span class='ocrx_word' id='word_1_595' title='bbox 2246 3173 2483 3246; x_wconf 77' lang='lat' dir='ltr'><strong>dissolvi,</strong></span> <span class='ocrx_word' id='word_1_596' title='bbox 2527 3190 2581 3234; x_wconf 93' lang='lat' dir='ltr'><strong>et</strong></span> <span class='ocrx_word' id='word_1_597' title='bbox 2613 3197 2717 3234; x_wconf 91' lang='lat' dir='ltr'><strong>non</strong></span> <span class='ocrx_word' id='word_1_598' title='bbox 2747 3195 2866 3236; x_wconf 91' lang='lat' dir='ltr'><strong>esse</strong></span> <span class='ocrx_word' id='word_1_599' title='bbox 2897 3171 3089 3250; x_wconf 80' lang='lat' dir='ltr'><strong>petest.</strong></span> <span class='ocrx_word' id='word_1_600' title='bbox 3116 3175 3296 3245; x_wconf 83' lang='lat' dir='ltr'><strong>Quare</strong></span> <span class='ocrx_word' id='word_1_601' title='bbox 3319 3177 3476 3246; x_wconf 84' lang='lat' dir='ltr'><strong>quid-</strong></span> 
     </span>
    </p>
   </div>
   <div class='ocr_carea' id='block_1_75' title="bbox 1888 3261 3473 3348">
    <p class='ocr_par' dir='ltr' id='par_1_75' title="bbox 1888 3261 3473 3348">
     <span class='ocr_line' id='line_1_75' title="bbox 1888 3261 3473 3348; baseline -0.005 -18"><span class='ocrx_word' id='word_1_602' title='bbox 1888 3276 2015 3346; x_wconf 91' lang='lat' dir='ltr'><strong>quid</strong></span> <span class='ocrx_word' id='word_1_603' title='bbox 2048 3272 2240 3330; x_wconf 74' lang='lat' dir='ltr'><strong>alirubi</strong></span> <span class='ocrx_word' id='word_1_604' title='bbox 2274 3286 2367 3330; x_wconf 88' lang='lat' dir='ltr'><strong>attt</strong></span> <span class='ocrx_word' id='word_1_605' title='bbox 2418 3278 2706 3348; x_wconf 85' lang='lat' dir='ltr'><strong>aliquando</strong></span> <span class='ocrx_word' id='word_1_606' title='bbox 2758 3283 2928 3328; x_wconf 92' lang='lat' dir='ltr'><strong>totum</strong></span> <span class='ocrx_word' id='word_1_607' title='bbox 2975 3285 3080 3324; x_wconf 93' lang='lat' dir='ltr'><strong>non</strong></span> <span class='ocrx_word' id='word_1_608' title='bbox 3121 3261 3225 3334; x_wconf 88' lang='lat' dir='ltr'><strong>est,</strong></span> <span class='ocrx_word' id='word_1_609' title='bbox 3256 3267 3473 3330; x_wconf 86' lang='lat' dir='ltr'><strong>etiamsi</strong></span> 
     </span>
    </p>
   </div>
   <div class='ocr_carea' id='block_1_76' title="bbox 1889 3349 3475 3442">
    <p class='ocr_par' dir='ltr' id='par_1_76' title="bbox 1889 3349 3475 3442">
     <span class='ocr_line' id='line_1_76' title="bbox 1889 3349 3475 3442; baseline -0.013 -21"><span class='ocrx_word' id='word_1_610' title='bbox 1889 3379 1990 3430; x_wconf 86' lang='lat' dir='ltr'><strong>est,</strong></span> <span class='ocrx_word' id='word_1_611' title='bbox 2028 3376 2204 3436; x_wconf 86' lang='lat' dir='ltr'><strong>potest</strong></span> <span class='ocrx_word' id='word_1_612' title='bbox 2243 3367 2468 3438; x_wconf 86' lang='lat' dir='ltr'><strong>cogitari</strong></span> <span class='ocrx_word' id='word_1_613' title='bbox 2503 3383 2607 3422; x_wconf 91' lang='lat' dir='ltr'><strong>non</strong></span> <span class='ocrx_word' id='word_1_614' title='bbox 2633 3380 2772 3442; x_wconf 84' lang='lat' dir='ltr'><strong>esse</strong></span> <span class='ocrx_word' id='word_1_615' title='bbox 2799 3383 2811 3417; x_wconf 91' lang='lat'><strong>:</strong></span> <span class='ocrx_word' id='word_1_616' title='bbox 2842 3353 2900 3416; x_wconf 86' lang='lat' dir='ltr'><strong>at</strong></span> <span class='ocrx_word' id='word_1_617' title='bbox 2926 3371 3033 3430; x_wconf 86' lang='lat' dir='ltr'><strong>quo</strong></span> <span class='ocrx_word' id='word_1_618' title='bbox 3065 3349 3239 3429; x_wconf 87' lang='lat' dir='ltr'><strong>majus</strong></span> <span class='ocrx_word' id='word_1_619' title='bbox 3265 3357 3352 3389; x_wconf 82' lang='grc' dir='ltr'><strong>¹⁰⁷τ</strong></span> <span class='ocrx_word' id='word_1_620' title='bbox 3381 3373 3475 3412; x_wconf 73' lang='grc' dir='ltr'><strong>ρο-</strong></span> 
     </span>
    </p>
   </div>
   <div class='ocr_carea' id='block_1_77' title="bbox 1889 3451 3474 3532">
    <p class='ocr_par' dir='ltr' id='par_1_77' title="bbox 1889 3451 3474 3532">
     <span class='ocr_line' id='line_1_77' title="bbox 1889 3451 3474 3532; baseline -0.004 -22"><span class='ocrx_word' id='word_1_621' title='bbox 1889 3459 2048 3531; x_wconf 76' lang='lat' dir='ltr'><strong>gitari</strong></span> <span class='ocrx_word' id='word_1_622' title='bbox 2087 3460 2293 3530; x_wconf 88' lang='lat' dir='ltr'><strong>nequit,</strong></span> <span class='ocrx_word' id='word_1_623' title='bbox 2351 3461 2393 3514; x_wconf 92' lang='lat' dir='ltr'><strong>si</strong></span> <span class='ocrx_word' id='word_1_624' title='bbox 2435 3471 2537 3525; x_wconf 87' lang='lat' dir='ltr'><strong>est,</strong></span> <span class='ocrx_word' id='word_1_625' title='bbox 2576 3475 2681 3514; x_wconf 91' lang='lat' dir='ltr'><strong>non</strong></span> <span class='ocrx_word' id='word_1_626' title='bbox 2736 3463 2909 3528; x_wconf 85' lang='lat' dir='ltr'><strong>potest</strong></span> <span class='ocrx_word' id='word_1_627' title='bbox 2942 3453 3037 3532; x_wconf 73' lang='lat'><strong>_‘°&quot;°</strong></span> <span class='ocrx_word' id='word_1_628' title='bbox 3088 3451 3314 3520; x_wconf 85' lang='lat' dir='ltr'><strong>cogitari</strong></span> <span class='ocrx_word' id='word_1_629' title='bbox 3367 3465 3474 3505; x_wconf 92' lang='lat' dir='ltr'><strong>non</strong></span> 
     </span>
    </p>
   </div>
   <div class='ocr_carea' id='block_1_78' title="bbox 1888 3539 3475 3628">
    <p class='ocr_par' dir='ltr' id='par_1_78' title="bbox 1888 3539 3475 3620">
     <span class='ocr_line' id='line_1_78' title="bbox 1888 3539 3475 3620; baseline -0.005 -16"><span class='ocrx_word' id='word_1_630' title='bbox 1888 3566 2029 3616; x_wconf 88' lang='lat' dir='ltr'><strong>esse,</strong></span> <span class='ocrx_word' id='word_1_631' title='bbox 2054 3551 2296 3620; x_wconf 84' lang='lat' dir='ltr'><strong>alioquin</strong></span> <span class='ocrx_word' id='word_1_632' title='bbox 2329 3551 2372 3605; x_wconf 92' lang='lat' dir='ltr'><strong>si</strong></span> <span class='ocrx_word' id='word_1_633' title='bbox 2401 3561 2505 3611; x_wconf 84' lang='lat' dir='ltr'><strong>est,</strong></span> <span class='ocrx_word' id='word_1_634' title='bbox 2538 3568 2644 3606; x_wconf 92' lang='lat' dir='ltr'><strong>non</strong></span> <span class='ocrx_word' id='word_1_635' title='bbox 2675 3559 2758 3604; x_wconf 90' lang='lat' dir='ltr'><strong>est</strong></span> <span class='ocrx_word' id='word_1_636' title='bbox 2777 3563 2884 3617; x_wconf 91' lang='lat' dir='ltr'><strong>quo</strong></span> <span class='ocrx_word' id='word_1_637' title='bbox 2914 3543 3088 3614; x_wconf 88' lang='lat' dir='ltr'><strong>majus</strong></span> <span class='ocrx_word' id='word_1_638' title='bbox 3117 3541 3210 3572; x_wconf 81' lang='grc'>¹⁰⁷⁹</span> <span class='ocrx_word' id='word_1_639' title='bbox 3247 3539 3475 3609; x_wconf 73' lang='lat' dir='ltr'><strong>cogitari</strong></span> 
     </span>
    </p>
   </div>
   <div class='ocr_carea' id='block_1_79' title="bbox 1890 3630 3474 3709">
    <p class='ocr_par' dir='ltr' id='par_1_79' title="bbox 1890 3630 3474 3709">
     <span class='ocr_line' id='line_1_79' title="bbox 1890 3630 3474 3709; baseline -0.006 -16"><span class='ocrx_word' id='word_1_640' title='bbox 1890 3656 1996 3694; x_wconf 92' lang='lat' dir='ltr'><strong>non</strong></span> <span class='ocrx_word' id='word_1_641' title='bbox 2027 3648 2196 3709; x_wconf 87' lang='lat' dir='ltr'><strong>potest</strong></span> <span class='ocrx_word' id='word_1_642' title='bbox 2232 3659 2243 3692; x_wconf 93' lang='lat'>:</span> <span class='ocrx_word' id='word_1_643' title='bbox 2275 3641 2415 3709; x_wconf 91' lang='lat' dir='ltr'><strong>quod</strong></span> <span class='ocrx_word' id='word_1_644' title='bbox 2448 3642 2538 3672; x_wconf 78' lang='grc'><strong>¹⁰⁸⁰</strong></span> <span class='ocrx_word' id='word_1_645' title='bbox 2567 3657 2671 3694; x_wconf 91' lang='lat' dir='ltr'><strong>non</strong></span> <span class='ocrx_word' id='word_1_646' title='bbox 2702 3633 2974 3694; x_wconf 89' lang='lat' dir='ltr'><strong>convenit.</strong></span> <span class='ocrx_word' id='word_1_647' title='bbox 3001 3630 3319 3684; x_wconf 85' lang='lat' dir='ltr'><strong>Nullatcnus</strong></span> <span class='ocrx_word' id='word_1_648' title='bbox 3340 3644 3474 3699; x_wconf 85' lang='lat' dir='ltr'><strong>ergo</strong></span> 
     </span>
    </p>
   </div>
   <div class='ocr_carea' id='block_1_80' title="bbox 1889 3719 3476 3799">
    <p class='ocr_par' dir='ltr' id='par_1_80' title="bbox 1889 3719 3476 3799">
     <span class='ocr_line' id='line_1_80' title="bbox 1889 3719 3476 3799; baseline -0.004 -18"><span class='ocrx_word' id='word_1_649' title='bbox 1889 3729 2087 3785; x_wconf 84' lang='lat' dir='ltr'><strong>alicubi</strong></span> <span class='ocrx_word' id='word_1_650' title='bbox 2113 3729 2226 3789; x_wconf 63' lang='lat'><strong>“’5‘,</strong></span> <span class='ocrx_word' id='word_1_651' title='bbox 2263 3739 2354 3781; x_wconf 88' lang='lat' dir='ltr'><strong>aut</strong></span> <span class='ocrx_word' id='word_1_652' title='bbox 2402 3730 2690 3799; x_wconf 87' lang='lat' dir='ltr'><strong>aliquando</strong></span> <span class='ocrx_word' id='word_1_653' title='bbox 2721 3736 2890 3781; x_wconf 89' lang='lat' dir='ltr'><strong>totum</strong></span> <span class='ocrx_word' id='word_1_654' title='bbox 2923 3739 3026 3778; x_wconf 88' lang='lat' dir='ltr'><strong>non</strong></span> <span class='ocrx_word' id='word_1_655' title='bbox 3057 3730 3169 3784; x_wconf 86' lang='lat' dir='ltr'><strong>est;</strong></span> <span class='ocrx_word' id='word_1_656' title='bbox 3202 3719 3292 3774; x_wconf 88' lang='lat' dir='ltr'><strong>sed</strong></span> <span class='ocrx_word' id='word_1_657' title='bbox 3328 3736 3476 3775; x_wconf 88' lang='lat' dir='ltr'><strong>sem-</strong></span> 
     </span>
    </p>
   </div>
   <div class='ocr_carea' id='block_1_81' title="bbox 1885 3809 3467 3890">
    <p class='ocr_par' dir='ltr' id='par_1_81' title="bbox 1885 3809 3467 3890">
     <span class='ocr_line' id='line_1_81' title="bbox 1885 3809 3467 3890; baseline -0.003 -18"><span class='ocrx_word' id='word_1_658' title='bbox 1885 3835 1983 3890; x_wconf 85' lang='lat' dir='ltr'><strong>per</strong></span> <span class='ocrx_word' id='word_1_659' title='bbox 2016 3828 2069 3874; x_wconf 90' lang='lat' dir='ltr'><strong>et</strong></span> <span class='ocrx_word' id='word_1_660' title='bbox 2119 3821 2318 3888; x_wconf 86' lang='lat' dir='ltr'><strong>ubique</strong></span> <span class='ocrx_word' id='word_1_661' title='bbox 2365 3827 2536 3876; x_wconf 90' lang='lat' dir='ltr'><strong>totum</strong></span> <span class='ocrx_word' id='word_1_662' title='bbox 2582 3829 2685 3875; x_wconf 90' lang='lat' dir='ltr'><strong>est.</strong></span> <span class='ocrx_word' id='word_1_663' title='bbox 2718 3819 2953 3872; x_wconf 89' lang='lat' dir='ltr'><strong>Putasne</strong></span> <span class='ocrx_word' id='word_1_664' title='bbox 2980 3811 3071 3849; x_wconf 80' lang='grc' dir='ltr'><strong>¹⁰⁸ι</strong></span> <span class='ocrx_word' id='word_1_665' title='bbox 3120 3809 3467 3879; x_wconf 88' lang='lat' dir='ltr'><strong>aliquatenus</strong></span> 
     </span>
    </p>
   </div>
   <div class='ocr_carea' id='block_1_82' title="bbox 1491 4003 2158 4074">
    <p class='ocr_par' dir='ltr' id='par_1_82' title="bbox 1491 4003 2158 4074">
     <span class='ocr_line' id='line_1_82' title="bbox 1491 4003 2158 4074; baseline -0.001 -2"><span class='ocrx_word' id='word_1_666' title='bbox 1491 4017 1720 4073; x_wconf 67' lang='lat' dir='ltr'><strong>vanus</strong></span> <span class='ocrx_word' id='word_1_667' title='bbox 1757 4003 2158 4074; x_wconf 70' lang='lat' dir='ltr'><strong>LECTIONES.</strong></span> 
     </span>
    </p>
   </div>
   <div class='ocr_carea' id='block_1_83' title="bbox 282 4171 3476 4245">
    <p class='ocr_par' dir='ltr' id='par_1_83' title="bbox 282 4171 3476 4245">
     <span class='ocr_line' id='line_1_83' title="bbox 282 4171 3476 4245; baseline 0 -18"><span class='ocrx_word' id='word_1_668' title='bbox 282 4175 375 4208; x_wconf 65' lang='grc'><strong>⁸⁵³³</strong></span> <span class='ocrx_word' id='word_1_669' title='bbox 427 4175 568 4230; x_wconf 69' lang='lat' dir='ltr'><strong>Dii-is</strong></span> <span class='ocrx_word' id='word_1_670' title='bbox 616 4177 829 4244; x_wconf 89' lang='lat' dir='ltr'><strong>quidem</strong></span> <span class='ocrx_word' id='word_1_671' title='bbox 894 4194 993 4230; x_wconf 69' lang='grc' dir='ltr'><strong>ηαδ.</strong></span> <span class='ocrx_word' id='word_1_672' title='bbox 1046 4175 1178 4230; x_wconf 85' lang='lat' dir='ltr'><strong>Tim.</strong></span> <span class='ocrx_word' id='word_1_673' title='bbox 1233 4176 1364 4231; x_wconf 86' lang='lat' dir='ltr'><strong>dicis</strong></span> <span class='ocrx_word' id='word_1_674' title='bbox 1421 4177 1640 4244; x_wconf 89' lang='lat' dir='ltr'><strong>quidam</strong></span> <span class='ocrx_word' id='word_1_675' title='bbox 1736 4176 1830 4209; x_wconf 61' lang='lat' dir='ltr'><strong>“m</strong></span> <span class='ocrx_word' id='word_1_676' title='bbox 1888 4173 2000 4230; x_wconf 89' lang='lat' dir='ltr'><strong>lloe</strong></span> <span class='ocrx_word' id='word_1_677' title='bbox 2047 4189 2205 4245; x_wconf 57' lang='lat' dir='ltr'><strong>posse</strong></span> <span class='ocrx_word' id='word_1_678' title='bbox 2247 4175 2430 4245; x_wconf 87' lang='lat' dir='ltr'><strong>dicere</strong></span> <span class='ocrx_word' id='word_1_679' title='bbox 2459 4189 2601 4245; x_wconf 55' lang='lat' dir='ltr'><strong>inse.</strong></span> <span class='ocrx_word' id='word_1_680' title='bbox 2635 4171 2783 4227; x_wconf 80' lang='lat' dir='ltr'><strong>Gem.</strong></span> <span class='ocrx_word' id='word_1_681' title='bbox 2844 4182 2893 4228; x_wconf 83' lang='lat' dir='ltr'><strong>et</strong></span> <span class='ocrx_word' id='word_1_682' title='bbox 2953 4173 3014 4229; x_wconf 90' lang='lat' dir='ltr'><strong>S.</strong></span> <span class='ocrx_word' id='word_1_683' title='bbox 3051 4172 3176 4228; x_wconf 81' lang='lat' dir='ltr'><strong>Mic.</strong></span> <span class='ocrx_word' id='word_1_684' title='bbox 3229 4173 3344 4228; x_wconf 81' lang='lat' dir='ltr'><strong>haec</strong></span> <span class='ocrx_word' id='word_1_685' title='bbox 3393 4172 3476 4228; x_wconf 86' lang='lat' dir='ltr'><strong>di-</strong></span> 
     </span>
    </p>
   </div>
   <div class='ocr_carea' id='block_1_84' title="bbox 203 4243 3478 4317">
    <p class='ocr_par' dir='ltr' id='par_1_84' title="bbox 203 4243 3478 4317">
     <span class='ocr_line' id='line_1_84' title="bbox 203 4243 3478 4317; baseline -0.001 -15"><span class='ocrx_word' id='word_1_686' title='bbox 203 4260 334 4302; x_wconf 83' lang='lat' dir='ltr'><strong>cere</strong></span> <span class='ocrx_word' id='word_1_687' title='bbox 381 4260 540 4312; x_wconf 83' lang='lat' dir='ltr'><strong>posse</strong></span> <span class='ocrx_word' id='word_1_688' title='bbox 616 4243 704 4278; x_wconf 61' lang='lat'><strong>“&quot;5</strong></span> <span class='ocrx_word' id='word_1_689' title='bbox 728 4246 838 4302; x_wconf 86' lang='lat' dir='ltr'><strong>Suo</strong></span> <span class='ocrx_word' id='word_1_690' title='bbox 875 4247 1047 4311; x_wconf 86' lang='lat' dir='ltr'><strong>majus</strong></span> <span class='ocrx_word' id='word_1_691' title='bbox 1074 4248 1216 4314; x_wconf 87' lang='lat' dir='ltr'><strong>quod</strong></span> <span class='ocrx_word' id='word_1_692' title='bbox 1241 4243 1466 4316; x_wconf 81' lang='lat' dir='ltr'><strong>cogitari</strong></span> <span class='ocrx_word' id='word_1_693' title='bbox 1511 4264 1630 4300; x_wconf 75' lang='lat' dir='ltr'><strong>mss.</strong></span> <span class='ocrx_word' id='word_1_694' title='bbox 1662 4264 1769 4317; x_wconf 87' lang='lat' dir='ltr'><strong>quo</strong></span> <span class='ocrx_word' id='word_1_695' title='bbox 1791 4247 1967 4317; x_wconf 86' lang='lat' dir='ltr'><strong>majus</strong></span> <span class='ocrx_word' id='word_1_696' title='bbox 1993 4243 2244 4317; x_wconf 76' lang='lat' dir='ltr'><strong>cdgilari_</strong></span> <span class='ocrx_word' id='word_1_697' title='bbox 2319 4244 2411 4317; x_wconf 52' lang='grc'>1⁸⁸⁸</span> <span class='ocrx_word' id='word_1_698' title='bbox 2435 4243 2500 4297; x_wconf 79' lang='lat' dir='ltr'><strong>Et</strong></span> <span class='ocrx_word' id='word_1_699' title='bbox 2547 4245 2690 4314; x_wconf 88' lang='lat' dir='ltr'><strong>quod</strong></span> <span class='ocrx_word' id='word_1_700' title='bbox 2731 4259 2850 4317; x_wconf 60' lang='lat' dir='ltr'><strong>non</strong></span> <span class='ocrx_word' id='word_1_701' title='bbox 2900 4245 3096 4317; x_wconf 78' lang='lat' dir='ltr'><strong>magis</strong></span> <span class='ocrx_word' id='word_1_702' title='bbox 3128 4245 3478 4317; x_wconf 72' lang='lat' dir='ltr'><strong>consequitur</strong></span> 
     </span>
    </p>
   </div>
   <div class='ocr_carea' id='block_1_85' title="bbox 201 4313 3478 4385">
    <p class='ocr_par' dir='ltr' id='par_1_85' title="bbox 201 4313 3478 4385">
     <span class='ocr_line' id='line_1_85' title="bbox 201 4313 3478 4385; baseline -0 -15"><span class='ocrx_word' id='word_1_703' title='bbox 201 4333 336 4370; x_wconf 79' lang='lat' dir='ltr'><strong>mss.</strong></span> <span class='ocrx_word' id='word_1_704' title='bbox 379 4325 435 4368; x_wconf 88' lang='lat' dir='ltr'><strong>et</strong></span> <span class='ocrx_word' id='word_1_705' title='bbox 486 4317 607 4385; x_wconf 87' lang='lat' dir='ltr'><strong>quia</strong></span> <span class='ocrx_word' id='word_1_706' title='bbox 644 4333 748 4370; x_wconf 89' lang='lat' dir='ltr'><strong>non</strong></span> <span class='ocrx_word' id='word_1_707' title='bbox 780 4318 949 4384; x_wconf 79' lang='lat' dir='ltr'><strong>magis</strong></span> <span class='ocrx_word' id='word_1_708' title='bbox 975 4313 1333 4384; x_wconf 61' lang='lat' dir='ltr'><strong>consequitur&quot;</strong></span> <span class='ocrx_word' id='word_1_709' title='bbox 1371 4341 1374 4344; x_wconf 68' lang='lat'><strong><em>~</em></strong></span> <span class='ocrx_word' id='word_1_710' title='bbox 1416 4319 1504 4349; x_wconf 73' lang='lat'><strong>“&quot;7</strong></span> <span class='ocrx_word' id='word_1_711' title='bbox 1535 4313 1703 4382; x_wconf 80' lang='lat' dir='ltr'><strong>Quam</strong></span> <span class='ocrx_word' id='word_1_712' title='bbox 1760 4313 2025 4385; x_wconf 82' lang='lat' dir='ltr'><strong>perditam</strong></span> <span class='ocrx_word' id='word_1_713' title='bbox 2073 4313 2172 4368; x_wconf 67' lang='lat' dir='ltr'><strong>ius.</strong></span> <span class='ocrx_word' id='word_1_714' title='bbox 2205 4313 2361 4368; x_wconf 85' lang='lat' dir='ltr'><strong>Corb.</strong></span> <span class='ocrx_word' id='word_1_715' title='bbox 2407 4313 2912 4385; x_wconf 34' lang='lat' dir='ltr'><strong>quam&#39;prtedictam</strong></span> <span class='ocrx_word' id='word_1_716' title='bbox 2993 4313 3106 4385; x_wconf 29' lang='lat' dir='ltr'><strong>Lm?</strong></span> <span class='ocrx_word' id='word_1_717' title='bbox 3160 4314 3478 4369; x_wconf 84' lang='lat' dir='ltr'><strong>Certissime</strong></span> 
     </span>
    </p>
   </div>
   <div class='ocr_carea' id='block_1_86' title="bbox 202 4383 3480 4455">
    <p class='ocr_par' dir='ltr' id='par_1_86' title="bbox 202 4383 3480 4455">
     <span class='ocr_line' id='line_1_86' title="bbox 202 4383 3480 4455; baseline -0.001 -15"><span class='ocrx_word' id='word_1_718' title='bbox 202 4402 273 4440; x_wconf 78' lang='lat' dir='ltr'><strong>ex</strong></span> <span class='ocrx_word' id='word_1_719' title='bbox 304 4399 372 4438; x_wconf 82' lang='lat' dir='ltr'><strong>eo</strong></span> <span class='ocrx_word' id='word_1_720' title='bbox 390 4383 515 4440; x_wconf 83' lang='lat' dir='ltr'><strong>cum</strong></span> <span class='ocrx_word' id='word_1_721' title='bbox 544 4403 666 4455; x_wconf 79' lang='lat' dir='ltr'><strong>mss.</strong></span> <span class='ocrx_word' id='word_1_722' title='bbox 699 4383 1002 4441; x_wconf 81' lang='lat' dir='ltr'><strong>certissime</strong></span> <span class='ocrx_word' id='word_1_723' title='bbox 1027 4383 1265 4440; x_wconf 75' lang='lat' dir='ltr'><strong>existere</strong></span> <span class='ocrx_word' id='word_1_724' title='bbox 1293 4401 1355 4439; x_wconf 80' lang='lat' dir='ltr'><strong>ex</strong></span> <span class='ocrx_word' id='word_1_725' title='bbox 1395 4403 1461 4440; x_wconf 88' lang='lat' dir='ltr'><strong>eo</strong></span> <span class='ocrx_word' id='word_1_726' title='bbox 1485 4389 1610 4455; x_wconf 88' lang='lat' dir='ltr'><strong>quia</strong></span> <span class='ocrx_word' id='word_1_727' title='bbox 1643 4383 1772 4440; x_wconf 83' lang='lat' dir='ltr'><strong>cum</strong></span> <span class='ocrx_word' id='word_1_728' title='bbox 1845 4387 1937 4421; x_wconf 69' lang='lat'><strong>“&quot;9</strong></span> <span class='ocrx_word' id='word_1_729' title='bbox 1975 4385 2173 4449; x_wconf 89' lang='lat' dir='ltr'><strong>Possit,</strong></span> <span class='ocrx_word' id='word_1_730' title='bbox 2214 4394 2308 4439; x_wconf 89' lang='lat' dir='ltr'><strong>aut</strong></span> <span class='ocrx_word' id='word_1_731' title='bbox 2335 4397 2441 4438; x_wconf 78' lang='lat' dir='ltr'><strong>non</strong></span> <span class='ocrx_word' id='word_1_732' title='bbox 2473 4384 2790 4455; x_wconf 80' lang='lat' dir='ltr'><strong>intelligitur</strong></span> <span class='ocrx_word' id='word_1_733' title='bbox 2842 4401 2942 4455; x_wconf 73' lang='lat' dir='ltr'><strong>nis.</strong></span> <span class='ocrx_word' id='word_1_734' title='bbox 2975 4383 3131 4455; x_wconf 77' lang='lat' dir='ltr'><strong>Corb.</strong></span> <span class='ocrx_word' id='word_1_735' title='bbox 3161 4385 3480 4455; x_wconf 74' lang='lat' dir='ltr'><strong>possit,-aut</strong></span> 
     </span>
    </p>
   </div>
   <div class='ocr_carea' id='block_1_87' title="bbox 207 4453 3478 4525">
    <p class='ocr_par' dir='ltr' id='par_1_87' title="bbox 207 4453 3478 4525">
     <span class='ocr_line' id='line_1_87' title="bbox 207 4453 3478 4525; baseline -0.001 -15"><span class='ocrx_word' id='word_1_736' title='bbox 207 4455 534 4525; x_wconf 78' lang='lat' dir='ltr'><strong>intelligitur</strong></span> <span class='ocrx_word' id='word_1_737' title='bbox 565 4453 570 4458; x_wconf 79' lang='grc'><em>’</em></span> <span class='ocrx_word' id='word_1_738' title='bbox 609 4457 700 4488; x_wconf 82' lang='grc'><strong>¹⁰⁵⁰</strong></span> <span class='ocrx_word' id='word_1_739' title='bbox 725 4457 952 4512; x_wconf 81' lang='lat' dir='ltr'><strong>Conaris</strong></span> <span class='ocrx_word' id='word_1_740' title='bbox 972 4465 1160 4525; x_wconf 82' lang='lat' dir='ltr'><strong>contra</strong></span> <span class='ocrx_word' id='word_1_741' title='bbox 1194 4453 1543 4525; x_wconf 65' lang='lat' dir='ltr'><strong>uias..contra</strong></span> <span class='ocrx_word' id='word_1_742' title='bbox 1569 4457 1786 4510; x_wconf 87' lang='lat' dir='ltr'><strong>conaris</strong></span> <span class='ocrx_word' id='word_1_743' title='bbox 1864 4456 1952 4486; x_wconf 81' lang='grc'><strong>¹⁰⁵¹</strong></span> <span class='ocrx_word' id='word_1_744' title='bbox 1984 4455 2316 4509; x_wconf 85' lang='lat' dir='ltr'><strong>Concludere</strong></span> <span class='ocrx_word' id='word_1_745' title='bbox 2344 4471 2470 4508; x_wconf 74' lang='lat' dir='ltr'><strong>mss.</strong></span> <span class='ocrx_word' id='word_1_746' title='bbox 2511 4453 2640 4525; x_wconf 85' lang='lat' dir='ltr'><strong>Vict.</strong></span> <span class='ocrx_word' id='word_1_747' title='bbox 2676 4454 2762 4506; x_wconf 78' lang='grc'>15.</span> <span class='ocrx_word' id='word_1_748' title='bbox 2794 4454 3085 4525; x_wconf 78' lang='lat' dir='ltr'><strong>excludere</strong></span> <span class='ocrx_word' id='word_1_749' title='bbox 3161 4453 3252 4484; x_wconf 82' lang='grc'><strong>¹⁰⁵²</strong></span> <span class='ocrx_word' id='word_1_750' title='bbox 3305 4454 3379 4507; x_wconf 81' lang='lat' dir='ltr'><strong>Ex</strong></span> <span class='ocrx_word' id='word_1_751' title='bbox 3410 4468 3478 4508; x_wconf 88' lang='lat' dir='ltr'><strong>eo</strong></span> 
     </span>
    </p>
   </div>
   <div class='ocr_carea' id='block_1_88' title="bbox 205 4524 3481 4595">
    <p class='ocr_par' dir='ltr' id='par_1_88' title="bbox 205 4524 3481 4595">
     <span class='ocr_line' id='line_1_88' title="bbox 205 4524 3481 4595; baseline -0.001 -17"><span class='ocrx_word' id='word_1_752' title='bbox 205 4527 355 4594; x_wconf 90' lang='lat' dir='ltr'><strong>quod</strong></span> <span class='ocrx_word' id='word_1_753' title='bbox 376 4524 714 4594; x_wconf 69' lang='lat' dir='ltr'><strong>intelligitur.</strong></span> <span class='ocrx_word' id='word_1_754' title='bbox 743 4544 868 4580; x_wconf 71' lang='lat' dir='ltr'><strong>mss.</strong></span> <span class='ocrx_word' id='word_1_755' title='bbox 893 4527 1024 4580; x_wconf 84' lang='lat' dir='ltr'><strong>Tim.</strong></span> <span class='ocrx_word' id='word_1_756' title='bbox 1062 4524 1196 4579; x_wconf 82' lang='lat' dir='ltr'><strong>Vict.</strong></span> <span class='ocrx_word' id='word_1_757' title='bbox 1224 4524 1376 4579; x_wconf 81' lang='lat' dir='ltr'><strong>Gem.</strong></span> <span class='ocrx_word' id='word_1_758' title='bbox 1430 4524 1619 4579; x_wconf 80' lang='lat' dir='ltr'><strong>Cister.</strong></span> <span class='ocrx_word' id='word_1_759' title='bbox 1655 4541 1720 4580; x_wconf 78' lang='lat' dir='ltr'><strong>ex</strong></span> <span class='ocrx_word' id='word_1_760' title='bbox 1751 4541 1813 4578; x_wconf 92' lang='lat' dir='ltr'><strong>eo</strong></span> <span class='ocrx_word' id='word_1_761' title='bbox 1839 4526 1966 4595; x_wconf 84' lang='lat' dir='ltr'><strong>quia</strong></span> <span class='ocrx_word' id='word_1_762' title='bbox 1996 4524 2314 4594; x_wconf 84' lang='lat' dir='ltr'><strong>intelligitur</strong></span> <span class='ocrx_word' id='word_1_763' title='bbox 2389 4525 2481 4556; x_wconf 75' lang='grc'><strong>¹⁰⁸³</strong></span> <span class='ocrx_word' id='word_1_764' title='bbox 2513 4524 2692 4588; x_wconf 79' lang='lat' dir='ltr'><strong>Certe,</strong></span> <span class='ocrx_word' id='word_1_765' title='bbox 2722 4524 3002 4595; x_wconf 27' lang='lat' dir='ltr'><strong>ergo‘dieo</strong></span> <span class='ocrx_word' id='word_1_766' title='bbox 3034 4540 3150 4577; x_wconf 77' lang='lat' dir='ltr'><strong>mss</strong></span> <span class='ocrx_word' id='word_1_767' title='bbox 3187 4533 3338 4577; x_wconf 89' lang='lat' dir='ltr'><strong>certe</strong></span> <span class='ocrx_word' id='word_1_768' title='bbox 3378 4537 3481 4591; x_wconf 78' lang='lat' dir='ltr'><strong>ego</strong></span> 
     </span>
    </p>
   </div>
   <div class='ocr_carea' id='block_1_89' title="bbox 208 4593 3477 4662">
    <p class='ocr_par' dir='ltr' id='par_1_89' title="bbox 208 4593 3477 4662">
     <span class='ocr_line' id='line_1_89' title="bbox 208 4593 3477 4662; baseline -0.001 -12"><span class='ocrx_word' id='word_1_769' title='bbox 208 4593 335 4651; x_wconf 85' lang='lat' dir='ltr'><strong>dico</strong></span> <span class='ocrx_word' id='word_1_770' title='bbox 411 4596 506 4627; x_wconf 68' lang='lat'><strong>&quot;’5&quot;</strong></span> <span class='ocrx_word' id='word_1_771' title='bbox 546 4596 773 4650; x_wconf 80' lang='lat' dir='ltr'><strong>Necesse</strong></span> <span class='ocrx_word' id='word_1_772' title='bbox 800 4607 882 4650; x_wconf 89' lang='lat' dir='ltr'><strong>est</strong></span> <span class='ocrx_word' id='word_1_773' title='bbox 913 4597 1037 4649; x_wconf 81' lang='lat' dir='ltr'><strong>illud</strong></span> <span class='ocrx_word' id='word_1_774' title='bbox 1069 4611 1207 4651; x_wconf 84' lang='lat' dir='ltr'><strong>esse.</strong></span> <span class='ocrx_word' id='word_1_775' title='bbox 1242 4595 1374 4649; x_wconf 83' lang='lat' dir='ltr'><strong>Nam</strong></span> <span class='ocrx_word' id='word_1_776' title='bbox 1401 4610 1508 4662; x_wconf 91' lang='lat' dir='ltr'><strong>quo</strong></span> <span class='ocrx_word' id='word_1_777' title='bbox 1536 4612 1632 4648; x_wconf 86' lang='lat' dir='ltr'><strong>ms.</strong></span> <span class='ocrx_word' id='word_1_778' title='bbox 1697 4595 1831 4648; x_wconf 84' lang='lat' dir='ltr'><strong>Tim.</strong></span> <span class='ocrx_word' id='word_1_779' title='bbox 1857 4593 2106 4649; x_wconf 55' lang='lat' dir='ltr'><strong>&#39;necesse</strong></span> <span class='ocrx_word' id='word_1_780' title='bbox 2135 4593 2261 4647; x_wconf 88' lang='lat' dir='ltr'><strong>illud</strong></span> <span class='ocrx_word' id='word_1_781' title='bbox 2293 4603 2374 4649; x_wconf 89' lang='lat' dir='ltr'><strong>est</strong></span> <span class='ocrx_word' id='word_1_782' title='bbox 2399 4609 2519 4648; x_wconf 82' lang='lat' dir='ltr'><strong>csse</strong></span> <span class='ocrx_word' id='word_1_783' title='bbox 2548 4609 2656 4662; x_wconf 79' lang='lat' dir='ltr'><strong>quo</strong></span> <span class='ocrx_word' id='word_1_784' title='bbox 2732 4593 2824 4624; x_wconf 78' lang='grc'>¹⁰⁸⁸</span> <span class='ocrx_word' id='word_1_785' title='bbox 2849 4593 3086 4662; x_wconf 81' lang='lat' dir='ltr'><strong>Cogitari</strong></span> <span class='ocrx_word' id='word_1_786' title='bbox 3117 4608 3237 4648; x_wconf 90' lang='lat' dir='ltr'><strong>esse</strong></span> <span class='ocrx_word' id='word_1_787' title='bbox 3293 4604 3349 4646; x_wconf 88' lang='lat' dir='ltr'><strong>et</strong></span> <span class='ocrx_word' id='word_1_788' title='bbox 3373 4609 3477 4647; x_wconf 89' lang='lat' dir='ltr'><strong>non</strong></span> 
     </span>
    </p>
   </div>
   <div class='ocr_carea' id='block_1_90' title="bbox 206 4661 3479 4736">
    <p class='ocr_par' dir='ltr' id='par_1_90' title="bbox 206 4661 3479 4736">
     <span class='ocr_line' id='line_1_90' title="bbox 206 4661 3479 4736; baseline -0.001 -16"><span class='ocrx_word' id='word_1_789' title='bbox 206 4682 332 4721; x_wconf 86' lang='lat' dir='ltr'><strong>esse</strong></span> <span class='ocrx_word' id='word_1_790' title='bbox 368 4682 492 4720; x_wconf 77' lang='lat' dir='ltr'><strong>mss.</strong></span> <span class='ocrx_word' id='word_1_791' title='bbox 527 4667 752 4736; x_wconf 79' lang='lat' dir='ltr'><strong>cogitari</strong></span> <span class='ocrx_word' id='word_1_792' title='bbox 788 4682 931 4729; x_wconf 80' lang='lat' dir='ltr'><strong>esse,</strong></span> <span class='ocrx_word' id='word_1_793' title='bbox 963 4675 1016 4720; x_wconf 87' lang='lat' dir='ltr'><strong>et</strong></span> <span class='ocrx_word' id='word_1_794' title='bbox 1047 4682 1150 4719; x_wconf 91' lang='lat' dir='ltr'><strong>non</strong></span> <span class='ocrx_word' id='word_1_795' title='bbox 1189 4675 1273 4720; x_wconf 84' lang='lat' dir='ltr'><strong>est</strong></span> <span class='ocrx_word' id='word_1_796' title='bbox 1349 4661 1445 4698; x_wconf 70' lang='grc'><strong>³⁰⁵⁶</strong></span> <span class='ocrx_word' id='word_1_797' title='bbox 1488 4665 1670 4719; x_wconf 80' lang='lat' dir='ltr'><strong>Potest</strong></span> <span class='ocrx_word' id='word_1_798' title='bbox 1699 4680 1817 4718; x_wconf 82' lang='lat' dir='ltr'><strong>esse</strong></span> <span class='ocrx_word' id='word_1_799' title='bbox 1846 4674 1900 4720; x_wconf 91' lang='lat' dir='ltr'><strong>et</strong></span> <span class='ocrx_word' id='word_1_800' title='bbox 1938 4681 2041 4719; x_wconf 92' lang='lat' dir='ltr'><strong>non</strong></span> <span class='ocrx_word' id='word_1_801' title='bbox 2072 4681 2192 4719; x_wconf 90' lang='lat' dir='ltr'><strong>esse</strong></span> <span class='ocrx_word' id='word_1_802' title='bbox 2236 4680 2359 4718; x_wconf 77' lang='lat' dir='ltr'><strong>mss.</strong></span> <span class='ocrx_word' id='word_1_803' title='bbox 2392 4663 2538 4718; x_wconf 78' lang='lat' dir='ltr'><strong>Gem.</strong></span> <span class='ocrx_word' id='word_1_804' title='bbox 2573 4661 3122 4736; x_wconf 6' lang='lat' dir='ltr'><strong>Tim._Vict._qpotcst#</strong></span> <span class='ocrx_word' id='word_1_805' title='bbox 3143 4679 3262 4736; x_wconf 80' lang='lat' dir='ltr'><strong>esse</strong></span> <span class='ocrx_word' id='word_1_806' title='bbox 3290 4673 3344 4736; x_wconf 78' lang='lat' dir='ltr'><strong>et</strong></span> <span class='ocrx_word' id='word_1_807' title='bbox 3373 4679 3479 4717; x_wconf 88' lang='lat' dir='ltr'><strong>non</strong></span> 
     </span>
    </p>
   </div>
   <div class='ocr_carea' id='block_1_91' title="bbox 205 4732 3478 4805">
    <p class='ocr_par' dir='ltr' id='par_1_91' title="bbox 205 4732 3478 4805">
     <span class='ocr_line' id='line_1_91' title="bbox 205 4732 3478 4805; baseline -0.001 -14"><span class='ocrx_word' id='word_1_808' title='bbox 205 4747 293 4791; x_wconf 87' lang='grc' dir='ltr'><strong>εει</strong></span> <span class='ocrx_word' id='word_1_809' title='bbox 395 4732 656 4790; x_wconf 71' lang='grc' dir='ltr'><strong>⁸⁸³⁷,ΙΙΙιῖι1</strong></span> <span class='ocrx_word' id='word_1_810' title='bbox 686 4753 748 4791; x_wconf 81' lang='lat' dir='ltr'><strong>ex</strong></span> <span class='ocrx_word' id='word_1_811' title='bbox 795 4739 1117 4790; x_wconf 85' lang='lat' dir='ltr'><strong>necessitate</strong></span> <span class='ocrx_word' id='word_1_812' title='bbox 1147 4752 1269 4788; x_wconf 79' lang='lat' dir='ltr'><strong>mss.</strong></span> <span class='ocrx_word' id='word_1_813' title='bbox 1301 4739 1466 4790; x_wconf 76' lang='lat' dir='ltr'><strong>antiit.</strong></span> <span class='ocrx_word' id='word_1_814' title='bbox 1505 4736 1629 4790; x_wconf 89' lang='lat' dir='ltr'><strong>illud</strong></span> <span class='ocrx_word' id='word_1_815' title='bbox 1724 4736 1815 4766; x_wconf 82' lang='grc'><strong>⁸⁰¹⁵⁸</strong></span> <span class='ocrx_word' id='word_1_816' title='bbox 1845 4735 2119 4790; x_wconf 87' lang='lat' dir='ltr'><strong>lutelleetu</strong></span> <span class='ocrx_word' id='word_1_817' title='bbox 2169 4745 2352 4805; x_wconf 83' lang='lat' dir='ltr'><strong>posset</strong></span> <span class='ocrx_word' id='word_1_818' title='bbox 2401 4749 2505 4788; x_wconf 88' lang='lat' dir='ltr'><strong>non</strong></span> <span class='ocrx_word' id='word_1_819' title='bbox 2550 4749 2676 4786; x_wconf 74' lang='lat' dir='ltr'><strong>mss.</strong></span> <span class='ocrx_word' id='word_1_820' title='bbox 2705 4732 2839 4788; x_wconf 84' lang='lat' dir='ltr'><strong>Tim.</strong></span> <span class='ocrx_word' id='word_1_821' title='bbox 2886 4733 3147 4805; x_wconf 74' lang='lat' dir='ltr'><strong>Vict.__|5.</strong></span> <span class='ocrx_word' id='word_1_822' title='bbox 3196 4733 3478 4805; x_wconf 73' lang='lat' dir='ltr'><strong>intellectu</strong></span> 
     </span>
    </p>
   </div>
   <div class='ocr_carea' id='block_1_92' title="bbox 205 4803 3479 4876">
    <p class='ocr_par' dir='ltr' id='par_1_92' title="bbox 205 4803 3479 4876">
     <span class='ocr_line' id='line_1_92' title="bbox 205 4803 3479 4876; baseline -0.001 -16"><span class='ocrx_word' id='word_1_823' title='bbox 205 4821 370 4876; x_wconf 86' lang='lat' dir='ltr'><strong>posse</strong></span> <span class='ocrx_word' id='word_1_824' title='bbox 405 4822 510 4860; x_wconf 89' lang='lat' dir='ltr'><strong>non</strong></span> <span class='ocrx_word' id='word_1_825' title='bbox 588 4809 680 4839; x_wconf 64' lang='grc' dir='ltr'><strong>ὀυν</strong></span> <span class='ocrx_word' id='word_1_826' title='bbox 743 4806 980 4876; x_wconf 81' lang='lat' dir='ltr'><strong>Cogitari</strong></span> <span class='ocrx_word' id='word_1_827' title='bbox 1032 4821 1134 4860; x_wconf 89' lang='lat' dir='ltr'><strong>non</strong></span> <span class='ocrx_word' id='word_1_828' title='bbox 1187 4817 1367 4873; x_wconf 83' lang='lat' dir='ltr'><strong>posset</strong></span> <span class='ocrx_word' id='word_1_829' title='bbox 1415 4823 1534 4859; x_wconf 80' lang='lat' dir='ltr'><strong>mss.</strong></span> <span class='ocrx_word' id='word_1_830' title='bbox 1584 4805 1713 4859; x_wconf 84' lang='lat' dir='ltr'><strong>Vict.</strong></span> <span class='ocrx_word' id='word_1_831' title='bbox 1742 4806 1967 4873; x_wconf 75' lang='lat' dir='ltr'><strong>cogitari</strong></span> <span class='ocrx_word' id='word_1_832' title='bbox 1999 4803 2182 4876; x_wconf 73' lang='lat' dir='ltr'><strong>posset</strong></span> <span class='ocrx_word' id='word_1_833' title='bbox 2253 4805 2344 4876; x_wconf 42' lang='lat'><strong>“9°</strong></span> <span class='ocrx_word' id='word_1_834' title='bbox 2371 4805 2436 4876; x_wconf 82' lang='lat' dir='ltr'><strong>Si</strong></span> <span class='ocrx_word' id='word_1_835' title='bbox 2454 4813 2616 4876; x_wconf 73' lang='lat' dir='ltr'><strong>esset,</strong></span> <span class='ocrx_word' id='word_1_836' title='bbox 2651 4813 2848 4876; x_wconf 50' lang='lat' dir='ltr'><strong>posset</strong></span> <span class='ocrx_word' id='word_1_837' title='bbox 2874 4821 2980 4876; x_wconf 79' lang='lat' dir='ltr'><strong>ms.</strong></span> <span class='ocrx_word' id='word_1_838' title='bbox 3009 4803 3156 4876; x_wconf 80' lang='lat' dir='ltr'><strong>Vict.</strong></span> <span class='ocrx_word' id='word_1_839' title='bbox 3190 4803 3273 4858; x_wconf 81' lang='grc'>15.</span> <span class='ocrx_word' id='word_1_840' title='bbox 3313 4805 3479 4876; x_wconf 82' lang='lat' dir='ltr'><strong>etiam</strong></span> 
     </span>
    </p>
   </div>
   <div class='ocr_carea' id='block_1_93' title="bbox 207 4874 3476 4948">
    <p class='ocr_par' dir='ltr' id='par_1_93' title="bbox 207 4874 3476 4948">
     <span class='ocr_line' id='line_1_93' title="bbox 207 4874 3476 4948; baseline -0.002 -18"><span class='ocrx_word' id='word_1_841' title='bbox 207 4874 257 4930; x_wconf 71' lang='lat' dir='ltr'><strong>isi</strong></span> <span class='ocrx_word' id='word_1_842' title='bbox 315 4887 480 4934; x_wconf 84' lang='lat' dir='ltr'><strong>esset.</strong></span> <span class='ocrx_word' id='word_1_843' title='bbox 535 4886 716 4944; x_wconf 87' lang='lat' dir='ltr'><strong>posset</strong></span> <span class='ocrx_word' id='word_1_844' title='bbox 793 4874 883 4909; x_wconf 71' lang='grc'>¹⁰’⁶¹</span> <span class='ocrx_word' id='word_1_845' title='bbox 915 4877 1094 4948; x_wconf 85' lang='lat' dir='ltr'><strong>Quare</strong></span> <span class='ocrx_word' id='word_1_846' title='bbox 1150 4876 1192 4948; x_wconf 86' lang='lat' dir='ltr'><strong>si</strong></span> <span class='ocrx_word' id='word_1_847' title='bbox 1220 4877 1352 4930; x_wconf 80' lang='lat' dir='ltr'><strong>nihil</strong></span> <span class='ocrx_word' id='word_1_848' title='bbox 1388 4877 1614 4948; x_wconf 82' lang='lat' dir='ltr'><strong>cogitari</strong></span> <span class='ocrx_word' id='word_1_849' title='bbox 1639 4893 1762 4930; x_wconf 76' lang='lat' dir='ltr'><strong>mss.</strong></span> <span class='ocrx_word' id='word_1_850' title='bbox 1787 4876 1966 4948; x_wconf 70' lang='lat' dir='ltr'><strong>Quare</strong></span> <span class='ocrx_word' id='word_1_851' title='bbox 2006 4877 2052 4928; x_wconf 90' lang='lat' dir='ltr'><strong>si</strong></span> <span class='ocrx_word' id='word_1_852' title='bbox 2101 4875 2183 4928; x_wconf 86' lang='lat' dir='ltr'><strong>vel</strong></span> <span class='ocrx_word' id='word_1_853' title='bbox 2216 4874 2442 4943; x_wconf 77' lang='lat' dir='ltr'><strong>cogitari</strong></span> <span class='ocrx_word' id='word_1_854' title='bbox 2521 4875 2612 4948; x_wconf 64' lang='grc' dir='ltr'><strong>¹⁰ξ⁵²</strong></span> <span class='ocrx_word' id='word_1_855' title='bbox 2635 4874 3022 4948; x_wconf 74' lang='lat' dir='ltr'><strong>Auttptidqnid</strong></span> <span class='ocrx_word' id='word_1_856' title='bbox 3051 4891 3178 4927; x_wconf 79' lang='lat' dir='ltr'><strong>mss.</strong></span> <span class='ocrx_word' id='word_1_857' title='bbox 3233 4881 3288 4948; x_wconf 80' lang='lat' dir='ltr'><strong>at</strong></span> <span class='ocrx_word' id='word_1_858' title='bbox 3317 4874 3476 4943; x_wconf 86' lang='lat' dir='ltr'><strong>quid-</strong></span> 
     </span>
    </p>
   </div>
   <div class='ocr_carea' id='block_1_94' title="bbox 205 4942 3476 5016">
    <p class='ocr_par' dir='ltr' id='par_1_94' title="bbox 205 4942 3476 5016">
     <span class='ocr_line' id='line_1_94' title="bbox 205 4942 3476 5016; baseline 0 -20"><span class='ocrx_word' id='word_1_859' title='bbox 205 4948 341 5016; x_wconf 84' lang='lat' dir='ltr'><strong>quid</strong></span> <span class='ocrx_word' id='word_1_860' title='bbox 415 4947 510 4985; x_wconf 76' lang='grc'><strong>²⁰⁶³</strong></span> <span class='ocrx_word' id='word_1_861' title='bbox 539 4942 654 5002; x_wconf 74' lang='lat' dir='ltr'><strong>Non</strong></span> <span class='ocrx_word' id='word_1_862' title='bbox 687 4949 886 5016; x_wconf 84' lang='lat' dir='ltr'><strong>possit;</strong></span> <span class='ocrx_word' id='word_1_863' title='bbox 924 4947 1066 5015; x_wconf 91' lang='lat' dir='ltr'><strong>quod</strong></span> <span class='ocrx_word' id='word_1_864' title='bbox 1123 4947 1286 5000; x_wconf 89' lang='lat' dir='ltr'><strong>nimis</strong></span> <span class='ocrx_word' id='word_1_865' title='bbox 1316 4942 1481 5000; x_wconf 44' lang='lat' dir='ltr'><strong>mss.‘</strong></span> <span class='ocrx_word' id='word_1_866' title='bbox 1507 4962 1612 5000; x_wconf 88' lang='lat' dir='ltr'><strong>non</strong></span> <span class='ocrx_word' id='word_1_867' title='bbox 1645 4948 1841 5015; x_wconf 85' lang='lat' dir='ltr'><strong>possit.</strong></span> <span class='ocrx_word' id='word_1_868' title='bbox 1875 4943 2104 5016; x_wconf 15' lang='lat' dir='ltr'><strong>Sii‘ergo</strong></span> <span class='ocrx_word' id='word_1_869' title='bbox 2132 4956 2274 5016; x_wconf 80' lang='lat' dir='ltr'><strong>esset</strong></span> <span class='ocrx_word' id='word_1_870' title='bbox 2319 4960 2426 5016; x_wconf 87' lang='lat' dir='ltr'><strong>quo</strong></span> <span class='ocrx_word' id='word_1_871' title='bbox 2476 4942 2652 5016; x_wconf 81' lang='lat' dir='ltr'><strong>majus</strong></span> <span class='ocrx_word' id='word_1_872' title='bbox 2689 4944 2910 5016; x_wconf 78' lang='lat' dir='ltr'><strong>cogitari</strong></span> <span class='ocrx_word' id='word_1_873' title='bbox 2963 4943 3310 5016; x_wconf 68' lang='lat' dir='ltr'><strong>iioti&#39;possit,</strong></span> <span class='ocrx_word' id='word_1_874' title='bbox 3337 4942 3340 4943; x_wconf 58' lang='grc'><strong><em>⁷</em></strong></span> <span class='ocrx_word' id='word_1_875' title='bbox 3372 4958 3476 5016; x_wconf 72' lang='lat' dir='ltr'><strong>non</strong></span> 
     </span>
    </p>
   </div>
   <div class='ocr_carea' id='block_1_95' title="bbox 203 5008 3478 5086">
    <p class='ocr_par' dir='ltr' id='par_1_95' title="bbox 203 5008 3478 5086">
     <span class='ocr_line' id='line_1_95' title="bbox 203 5008 3478 5086; baseline -0.002 -16"><span class='ocrx_word' id='word_1_876' title='bbox 203 5008 358 5070; x_wconf 60' lang='lat' dir='ltr'><strong>esset</strong></span> <span class='ocrx_word' id='word_1_877' title='bbox 383 5033 488 5086; x_wconf 88' lang='lat' dir='ltr'><strong>quo</strong></span> <span class='ocrx_word' id='word_1_878' title='bbox 523 5008 699 5086; x_wconf 76' lang='lat' dir='ltr'><strong>majus</strong></span> <span class='ocrx_word' id='word_1_879' title='bbox 720 5008 955 5085; x_wconf 82' lang='lat' dir='ltr'><strong>cogitari</strong></span> <span class='ocrx_word' id='word_1_880' title='bbox 991 5032 1101 5070; x_wconf 85' lang='lat' dir='ltr'><strong>non</strong></span> <span class='ocrx_word' id='word_1_881' title='bbox 1145 5017 1342 5081; x_wconf 71' lang='lat' dir='ltr'><strong>possit;</strong></span> <span class='ocrx_word' id='word_1_882' title='bbox 1369 5019 1508 5086; x_wconf 88' lang='lat' dir='ltr'><strong>quod</strong></span> <span class='ocrx_word' id='word_1_883' title='bbox 1549 5008 1707 5071; x_wconf 71' lang='lat' dir='ltr'><strong>niniis</strong></span> <span class='ocrx_word' id='word_1_884' title='bbox 1783 5017 1874 5047; x_wconf 71' lang='lat'><strong>‘°“</strong></span> <span class='ocrx_word' id='word_1_885' title='bbox 1904 5008 2072 5086; x_wconf 66' lang='lat' dir='ltr'><strong>Maius</strong></span> <span class='ocrx_word' id='word_1_886' title='bbox 2107 5008 2462 5085; x_wconf 38' lang='lat' dir='ltr'><strong>cogitari-non</strong></span> <span class='ocrx_word' id='word_1_887' title='bbox 2499 5008 2697 5086; x_wconf 69' lang='lat' dir='ltr'><strong>possit,</strong></span> <span class='ocrx_word' id='word_1_888' title='bbox 2728 5008 2781 5086; x_wconf 20' lang='lat' dir='ltr'><strong>si“</strong></span> <span class='ocrx_word' id='word_1_889' title='bbox 2825 5029 2918 5086; x_wconf 68' lang='lat' dir='ltr'><strong>ius.</strong></span> <span class='ocrx_word' id='word_1_890' title='bbox 2945 5084 2953 5086; x_wconf 91' lang='lat'><em>_</em></span> <span class='ocrx_word' id='word_1_891' title='bbox 2976 5008 3132 5086; x_wconf 52' lang='grc' dir='ltr'><strong>(ἔστι).</strong></span> <span class='ocrx_word' id='word_1_892' title='bbox 3178 5008 3349 5086; x_wconf 82' lang='lat' dir='ltr'><strong>majus</strong></span> <span class='ocrx_word' id='word_1_893' title='bbox 3379 5012 3478 5082; x_wconf 88' lang='lat' dir='ltr'><strong>ali-</strong></span> 
     </span>
    </p>
   </div>
   <div class='ocr_carea' id='block_1_96' title="bbox 200 5081 3480 5158">
    <p class='ocr_par' dir='ltr' id='par_1_96' title="bbox 200 5081 3480 5158">
     <span class='ocr_line' id='line_1_96' title="bbox 200 5081 3480 5158; baseline -0.002 -18"><span class='ocrx_word' id='word_1_894' title='bbox 200 5089 339 5156; x_wconf 89' lang='lat' dir='ltr'><strong>quid</strong></span> <span class='ocrx_word' id='word_1_895' title='bbox 371 5081 731 5158; x_wconf 53' lang='lat' dir='ltr'><strong>c&#39;ogitari&#39;non</strong></span> <span class='ocrx_word' id='word_1_896' title='bbox 755 5081 945 5155; x_wconf 76' lang='lat' dir='ltr'><strong>possit,</strong></span> <span class='ocrx_word' id='word_1_897' title='bbox 971 5088 1014 5140; x_wconf 91' lang='lat' dir='ltr'><strong>si</strong></span> <span class='ocrx_word' id='word_1_898' title='bbox 1092 5081 1574 5158; x_wconf 39' lang='lat' dir='ltr'><strong>“admito-magis</strong></span> <span class='ocrx_word' id='word_1_899' title='bbox 1612 5087 1658 5140; x_wconf 90' lang='lat' dir='ltr'><strong>si</strong></span> <span class='ocrx_word' id='word_1_900' title='bbox 1684 5104 1806 5141; x_wconf 75' lang='lat' dir='ltr'><strong>mss.</strong></span> <span class='ocrx_word' id='word_1_901' title='bbox 1839 5087 2009 5158; x_wconf 60' lang='lat' dir='ltr'><strong>multo</strong></span> <span class='ocrx_word' id='word_1_902' title='bbox 2038 5081 2219 5158; x_wconf 69' lang='lat' dir='ltr'><strong>itaque</strong></span> <span class='ocrx_word' id='word_1_903' title='bbox 2250 5085 2438 5158; x_wconf 78' lang='lat' dir='ltr'><strong>magis,</strong></span> <span class='ocrx_word' id='word_1_904' title='bbox 2467 5081 2513 5138; x_wconf 85' lang='lat' dir='ltr'><strong>si</strong></span> <span class='ocrx_word' id='word_1_905' title='bbox 2601 5083 2956 5158; x_wconf 18' lang='lat' dir='ltr'><strong>_‘A°A“_‘_lute|ligi</strong></span> <span class='ocrx_word' id='word_1_906' title='bbox 3012 5091 3067 5136; x_wconf 87' lang='lat' dir='ltr'><strong>et</strong></span> <span class='ocrx_word' id='word_1_907' title='bbox 3113 5083 3166 5135; x_wconf 91' lang='lat' dir='ltr'><strong>in</strong></span> <span class='ocrx_word' id='word_1_908' title='bbox 3201 5081 3480 5158; x_wconf 62' lang='lat' dir='ltr'><strong>intellectu</strong></span> 
     </span>
    </p>
   </div>
   <div class='ocr_carea' id='block_1_97' title="bbox 204 5151 3476 5228">
    <p class='ocr_par' dir='ltr' id='par_1_97' title="bbox 204 5151 3476 5228">
     <span class='ocr_line' id='line_1_97' title="bbox 204 5151 3476 5228; baseline -0.002 -19"><span class='ocrx_word' id='word_1_909' title='bbox 204 5151 338 5211; x_wconf 67' lang='lat' dir='ltr'><strong>ritas.</strong></span> <span class='ocrx_word' id='word_1_910' title='bbox 370 5151 587 5228; x_wconf 60' lang='lat' dir='ltr'><strong>iutidligi</strong></span> <span class='ocrx_word' id='word_1_911' title='bbox 616 5168 707 5212; x_wconf 90' lang='lat' dir='ltr'><strong>aut</strong></span> <span class='ocrx_word' id='word_1_912' title='bbox 739 5151 789 5209; x_wconf 81' lang='lat' dir='ltr'><strong>in</strong></span> <span class='ocrx_word' id='word_1_913' title='bbox 823 5159 1090 5212; x_wconf 86' lang='lat' dir='ltr'><strong>intellectu</strong></span> <span class='ocrx_word' id='word_1_914' title='bbox 1192 5157 1279 5188; x_wconf 73' lang='grc'><strong>¹⁰⁰⁷</strong></span> <span class='ocrx_word' id='word_1_915' title='bbox 1314 5151 1575 5212; x_wconf 69' lang='grc' dir='ltr'>Ειὶτιιιιέἱ</span> <span class='ocrx_word' id='word_1_916' title='bbox 1615 5169 1699 5212; x_wconf 85' lang='grc' dir='ltr'><strong>εει</strong></span> <span class='ocrx_word' id='word_1_917' title='bbox 1721 5173 1845 5228; x_wconf 63' lang='lat' dir='ltr'><strong>mss.</strong></span> <span class='ocrx_word' id='word_1_918' title='bbox 1878 5154 2018 5228; x_wconf 79' lang='lat' dir='ltr'><strong>Vict.</strong></span> <span class='ocrx_word' id='word_1_919' title='bbox 2066 5151 2229 5228; x_wconf 63' lang='lat' dir='ltr'><strong>Corb.</strong></span> <span class='ocrx_word' id='word_1_920' title='bbox 2265 5165 2319 5208; x_wconf 89' lang='lat' dir='ltr'><strong>et</strong></span> <span class='ocrx_word' id='word_1_921' title='bbox 2342 5151 2387 5208; x_wconf 72' lang='grc' dir='ltr'>εἰ</span> <span class='ocrx_word' id='word_1_922' title='bbox 2413 5165 2495 5208; x_wconf 84' lang='grc' dir='ltr'><strong>εει</strong></span> <span class='ocrx_word' id='word_1_923' title='bbox 2597 5151 3117 5228; x_wconf 75' lang='grc' dir='ltr'>¹⁰⁶⁸1ὀιεειίειιιεη</span> <span class='ocrx_word' id='word_1_924' title='bbox 3165 5151 3476 5228; x_wconf 61' lang='lat' dir='ltr'><strong>ma._-_Corb.</strong></span> 
     </span>
    </p>
   </div>
   <div class='ocr_carea' id='block_1_98' title="bbox 209 5219 3479 5298">
    <p class='ocr_par' dir='ltr' id='par_1_98' title="bbox 209 5219 3479 5298">
     <span class='ocr_line' id='line_1_98' title="bbox 209 5219 3479 5298; baseline -0.002 -18"><span class='ocrx_word' id='word_1_925' title='bbox 209 5230 390 5282; x_wconf 86' lang='lat' dir='ltr'><strong>omitt.</strong></span> <span class='ocrx_word' id='word_1_926' title='bbox 430 5219 610 5283; x_wconf 49' lang='lat' dir='ltr'><strong>tamen</strong></span> <span class='ocrx_word' id='word_1_927' title='bbox 688 5229 780 5260; x_wconf 79' lang='grc'><strong>¹⁰⁶⁹</strong></span> <span class='ocrx_word' id='word_1_928' title='bbox 805 5229 910 5280; x_wconf 83' lang='lat' dir='ltr'><strong>Aut</strong></span> <span class='ocrx_word' id='word_1_929' title='bbox 933 5243 1194 5295; x_wconf 85' lang='lat' dir='ltr'><strong>nusquam</strong></span> <span class='ocrx_word' id='word_1_930' title='bbox 1224 5245 1350 5281; x_wconf 81' lang='lat' dir='ltr'><strong>mss.</strong></span> <span class='ocrx_word' id='word_1_931' title='bbox 1380 5238 1430 5281; x_wconf 89' lang='lat' dir='ltr'><strong>et</strong></span> <span class='ocrx_word' id='word_1_932' title='bbox 1456 5243 1720 5298; x_wconf 84' lang='lat' dir='ltr'><strong>nusquam</strong></span> <span class='ocrx_word' id='word_1_933' title='bbox 1801 5226 2196 5298; x_wconf 22' lang='lat' dir='ltr'><strong>“NMQIIOtllIOQ</strong></span> <span class='ocrx_word' id='word_1_934' title='bbox 2234 5241 2337 5298; x_wconf 73' lang='lat' dir='ltr'><strong>non</strong></span> <span class='ocrx_word' id='word_1_935' title='bbox 2371 5236 2521 5278; x_wconf 83' lang='lat' dir='ltr'><strong>est...</strong></span> <span class='ocrx_word' id='word_1_936' title='bbox 2556 5240 2660 5278; x_wconf 89' lang='lat' dir='ltr'><strong>non</strong></span> <span class='ocrx_word' id='word_1_937' title='bbox 2695 5233 2777 5278; x_wconf 88' lang='lat' dir='ltr'><strong>est</strong></span> <span class='ocrx_word' id='word_1_938' title='bbox 2809 5225 2909 5298; x_wconf 85' lang='lat' dir='ltr'><strong>hoc</strong></span> <span class='ocrx_word' id='word_1_939' title='bbox 2934 5221 3231 5298; x_wconf 76' lang='lat' dir='ltr'><strong>mss_._qt_tod</strong></span> <span class='ocrx_word' id='word_1_940' title='bbox 3258 5219 3349 5275; x_wconf 88' lang='lat' dir='ltr'><strong>hic</strong></span> <span class='ocrx_word' id='word_1_941' title='bbox 3373 5235 3479 5275; x_wconf 91' lang='lat' dir='ltr'><strong>non</strong></span> 
     </span>
    </p>
   </div>
   <div class='ocr_carea' id='block_1_99' title="bbox 200 5291 3557 5359">
    <p class='ocr_par' dir='ltr' id='par_1_99' title="bbox 200 5291 3557 5359">
     <span class='ocr_line' id='line_1_99' title="bbox 200 5291 3557 5359; baseline -0.004 -8"><span class='ocrx_word' id='word_1_942' title='bbox 200 5309 364 5353; x_wconf 85' lang='lat' dir='ltr'><strong>est...</strong></span> <span class='ocrx_word' id='word_1_943' title='bbox 395 5315 498 5352; x_wconf 90' lang='lat' dir='ltr'><strong>non</strong></span> <span class='ocrx_word' id='word_1_944' title='bbox 528 5310 611 5354; x_wconf 89' lang='lat' dir='ltr'><strong>est</strong></span> <span class='ocrx_word' id='word_1_945' title='bbox 632 5299 719 5352; x_wconf 85' lang='lat' dir='ltr'><strong>hic</strong></span> <span class='ocrx_word' id='word_1_946' title='bbox 793 5299 883 5330; x_wconf 83' lang='grc'><strong>¹⁰⁷¹</strong></span> <span class='ocrx_word' id='word_1_947' title='bbox 912 5291 1067 5359; x_wconf 66' lang='grc' dir='ltr'>Εεεε,</span> <span class='ocrx_word' id='word_1_948' title='bbox 1092 5308 1185 5350; x_wconf 89' lang='lat' dir='ltr'><strong>aut</strong></span> <span class='ocrx_word' id='word_1_949' title='bbox 1207 5302 1438 5352; x_wconf 67' lang='lat' dir='ltr'><strong>mundus</strong></span> <span class='ocrx_word' id='word_1_950' title='bbox 1460 5291 1591 5352; x_wconf 63' lang='lat' dir='ltr'><strong>mss:</strong></span> <span class='ocrx_word' id='word_1_951' title='bbox 1633 5297 1762 5349; x_wconf 75' lang='lat' dir='ltr'><strong>Vict.</strong></span> <span class='ocrx_word' id='word_1_952' title='bbox 1790 5297 1875 5351; x_wconf 77' lang='lat' dir='ltr'><strong>l5.</strong></span> <span class='ocrx_word' id='word_1_953' title='bbox 1904 5291 2040 5350; x_wconf 85' lang='lat' dir='ltr'><strong>Tim.</strong></span> <span class='ocrx_word' id='word_1_954' title='bbox 2068 5296 2222 5349; x_wconf 81' lang='lat' dir='ltr'><strong>Corb.</strong></span> <span class='ocrx_word' id='word_1_955' title='bbox 2257 5295 2444 5348; x_wconf 78' lang='lat' dir='ltr'><strong>Cister.</strong></span> <span class='ocrx_word' id='word_1_956' title='bbox 2478 5311 2598 5348; x_wconf 88' lang='lat' dir='ltr'><strong>esse</strong></span> <span class='ocrx_word' id='word_1_957' title='bbox 2624 5305 2676 5348; x_wconf 90' lang='lat' dir='ltr'><strong>et</strong></span> <span class='ocrx_word' id='word_1_958' title='bbox 2707 5297 2937 5348; x_wconf 89' lang='lat' dir='ltr'><strong>mundus</strong></span> <span class='ocrx_word' id='word_1_959' title='bbox 3013 5293 3104 5325; x_wconf 83' lang='grc'><strong>¹⁰⁷²</strong></span> <span class='ocrx_word' id='word_1_960' title='bbox 3133 5291 3235 5345; x_wconf 87' lang='lat' dir='ltr'><strong>Iste</strong></span> <span class='ocrx_word' id='word_1_961' title='bbox 3261 5304 3480 5359; x_wconf 81' lang='lat' dir='ltr'><strong>semper</strong></span> <span class='ocrx_word' id='word_1_962' title='bbox 3521 5299 3557 5331; x_wconf 84' lang='lat'><strong>&#39;.</strong></span> 
     </span>
    </p>
   </div>
   <div class='ocr_carea' id='block_1_100' title="bbox 200 5359 3480 5437">
    <p class='ocr_par' dir='ltr' id='par_1_100' title="bbox 200 5359 3480 5437">
     <span class='ocr_line' id='line_1_100' title="bbox 200 5359 3480 5437; baseline -0.003 -15"><span class='ocrx_word' id='word_1_963' title='bbox 200 5380 294 5423; x_wconf 79' lang='lat' dir='ltr'><strong>est</strong></span> <span class='ocrx_word' id='word_1_964' title='bbox 320 5386 450 5423; x_wconf 77' lang='lat' dir='ltr'><strong>mss.</strong></span> <span class='ocrx_word' id='word_1_965' title='bbox 481 5371 580 5423; x_wconf 89' lang='lat' dir='ltr'><strong>iste</strong></span> <span class='ocrx_word' id='word_1_966' title='bbox 605 5379 747 5423; x_wconf 91' lang='lat' dir='ltr'><strong>totus</strong></span> <span class='ocrx_word' id='word_1_967' title='bbox 769 5377 853 5422; x_wconf 89' lang='lat' dir='ltr'><strong>est</strong></span> <span class='ocrx_word' id='word_1_968' title='bbox 931 5370 1021 5404; x_wconf 81' lang='grc'><strong>²⁰⁷³</strong></span> <span class='ocrx_word' id='word_1_969' title='bbox 1046 5369 1268 5421; x_wconf 85' lang='lat' dir='ltr'><strong>Possum</strong></span> <span class='ocrx_word' id='word_1_970' title='bbox 1299 5370 1462 5422; x_wconf 84' lang='lat' dir='ltr'><strong>etiam</strong></span> <span class='ocrx_word' id='word_1_971' title='bbox 1517 5384 1789 5437; x_wconf 83' lang='lat' dir='ltr'><strong>imnquam</strong></span> <span class='ocrx_word' id='word_1_972' title='bbox 1813 5367 2040 5436; x_wconf 86' lang='lat' dir='ltr'><strong>cogitari</strong></span> <span class='ocrx_word' id='word_1_973' title='bbox 2073 5383 2195 5420; x_wconf 76' lang='lat' dir='ltr'><strong>mss.</strong></span> <span class='ocrx_word' id='word_1_974' title='bbox 2227 5375 2903 5437; x_wconf 63' lang='lat' dir='ltr'><strong>possunt&#39;nunquamesse</strong></span> <span class='ocrx_word' id='word_1_975' title='bbox 2943 5362 3183 5437; x_wconf 59' lang='lat' dir='ltr'><strong>cogitari</strong></span> <span class='ocrx_word' id='word_1_976' title='bbox 3232 5359 3349 5437; x_wconf 70' lang='lat'><strong>_‘°“</strong></span> <span class='ocrx_word' id='word_1_977' title='bbox 3414 5360 3480 5413; x_wconf 85' lang='lat' dir='ltr'><strong>Et</strong></span> 
     </span>
    </p>
   </div>
   <div class='ocr_carea' id='block_1_101' title="bbox 202 5429 3478 5511">
    <p class='ocr_par' dir='ltr' id='par_1_101' title="bbox 202 5429 3478 5511">
     <span class='ocr_line' id='line_1_101' title="bbox 202 5429 3478 5511; baseline -0.004 -17"><span class='ocrx_word' id='word_1_978' title='bbox 202 5440 440 5511; x_wconf 71' lang='lat' dir='ltr'><strong>singula:</strong></span> <span class='ocrx_word' id='word_1_979' title='bbox 464 5440 646 5511; x_wconf 83' lang='lat' dir='ltr'><strong>mundi</strong></span> <span class='ocrx_word' id='word_1_980' title='bbox 674 5457 770 5493; x_wconf 77' lang='lat' dir='ltr'><strong>nis.</strong></span> <span class='ocrx_word' id='word_1_981' title='bbox 800 5439 956 5493; x_wconf 79' lang='lat' dir='ltr'><strong>Cotb.</strong></span> <span class='ocrx_word' id='word_1_982' title='bbox 986 5449 1040 5493; x_wconf 92' lang='lat' dir='ltr'><strong>et</strong></span> <span class='ocrx_word' id='word_1_983' title='bbox 1075 5439 1297 5511; x_wconf 72' lang='lat' dir='ltr'><strong>singula:</strong></span> <span class='ocrx_word' id='word_1_984' title='bbox 1329 5440 1398 5491; x_wconf 86' lang='lat' dir='ltr'><strong>ibi</strong></span> <span class='ocrx_word' id='word_1_985' title='bbox 1425 5440 1605 5511; x_wconf 71' lang='lat' dir='ltr'><strong>monili</strong></span> <span class='ocrx_word' id='word_1_986' title='bbox 1646 5429 1658 5437; x_wconf 87' lang='grc'><em>’</em></span> <span class='ocrx_word' id='word_1_987' title='bbox 1683 5438 1776 5468; x_wconf 79' lang='grc'><strong>¹⁰⁷⁸</strong></span> <span class='ocrx_word' id='word_1_988' title='bbox 1805 5429 1907 5490; x_wconf 72' lang='lat' dir='ltr'><strong>Sed</strong></span> <span class='ocrx_word' id='word_1_989' title='bbox 1940 5447 1993 5492; x_wconf 90' lang='lat' dir='ltr'><strong>et</strong></span> <span class='ocrx_word' id='word_1_990' title='bbox 2024 5437 2165 5511; x_wconf 80' lang='lat' dir='ltr'><strong>quod</strong></span> <span class='ocrx_word' id='word_1_991' title='bbox 2189 5429 2452 5511; x_wconf 38' lang='lat' dir='ltr'><strong>iiia_._.Vict_.</strong></span> <span class='ocrx_word' id='word_1_992' title='bbox 2477 5435 2559 5488; x_wconf 78' lang='grc'>15.</span> <span class='ocrx_word' id='word_1_993' title='bbox 2592 5429 2682 5489; x_wconf 76' lang='lat' dir='ltr'><strong>sed</strong></span> <span class='ocrx_word' id='word_1_994' title='bbox 2710 5434 2872 5488; x_wconf 89' lang='lat' dir='ltr'><strong>etiam</strong></span> <span class='ocrx_word' id='word_1_995' title='bbox 2897 5429 3038 5502; x_wconf 87' lang='lat' dir='ltr'><strong>quod</strong></span> <span class='ocrx_word' id='word_1_996' title='bbox 3119 5429 3478 5511; x_wconf 34' lang='lat' dir='ltr'><strong>iniunctum</strong></span> 
     </span>
    </p>
   </div>
   <div class='ocr_carea' id='block_1_102' title="bbox 203 5501 3481 5576">
    <p class='ocr_par' dir='ltr' id='par_1_102' title="bbox 203 5501 3481 5576">
     <span class='ocr_line' id='line_1_102' title="bbox 203 5501 3481 5576; baseline -0.003 -12"><span class='ocrx_word' id='word_1_997' title='bbox 203 5501 331 5564; x_wconf 77' lang='grc' dir='ltr'>εειῖ</span> <span class='ocrx_word' id='word_1_998' title='bbox 361 5527 482 5564; x_wconf 73' lang='lat' dir='ltr'><strong>mss.</strong></span> <span class='ocrx_word' id='word_1_999' title='bbox 507 5510 853 5576; x_wconf 76' lang='lat' dir='ltr'><strong>coniunctum</strong></span> <span class='ocrx_word' id='word_1_1000' title='bbox 889 5521 973 5564; x_wconf 85' lang='lat' dir='ltr'><strong>est</strong></span> <span class='ocrx_word' id='word_1_1001' title='bbox 1048 5509 1138 5540; x_wconf 77' lang='lat'><strong>“’7”</strong></span> <span class='ocrx_word' id='word_1_1002' title='bbox 1163 5501 1244 5563; x_wconf 70' lang='grc' dir='ltr'>λε</span> <span class='ocrx_word' id='word_1_1003' title='bbox 1268 5524 1374 5576; x_wconf 89' lang='lat' dir='ltr'><strong>quo</strong></span> <span class='ocrx_word' id='word_1_1004' title='bbox 1407 5506 1576 5575; x_wconf 90' lang='lat' dir='ltr'><strong>majus</strong></span> <span class='ocrx_word' id='word_1_1005' title='bbox 1604 5524 1727 5560; x_wconf 73' lang='lat' dir='ltr'><strong>uisa.</strong></span> <span class='ocrx_word' id='word_1_1006' title='bbox 1752 5518 1934 5574; x_wconf 91' lang='lat' dir='ltr'><strong>atquo</strong></span> <span class='ocrx_word' id='word_1_1007' title='bbox 1985 5501 2158 5576; x_wconf 79' lang='lat' dir='ltr'><strong>majus</strong></span> <span class='ocrx_word' id='word_1_1008' title='bbox 2238 5505 2328 5536; x_wconf 77' lang='grc'><strong>¹⁰⁷⁸</strong></span> <span class='ocrx_word' id='word_1_1009' title='bbox 2382 5505 2437 5576; x_wconf 85' lang='lat' dir='ltr'><strong>Si</strong></span> <span class='ocrx_word' id='word_1_1010' title='bbox 2470 5513 2574 5567; x_wconf 89' lang='lat' dir='ltr'><strong>est,</strong></span> <span class='ocrx_word' id='word_1_1011' title='bbox 2631 5520 2734 5576; x_wconf 85' lang='lat' dir='ltr'><strong>non</strong></span> <span class='ocrx_word' id='word_1_1012' title='bbox 2763 5501 2938 5576; x_wconf 57' lang='lat' dir='ltr'><strong>potest</strong></span> <span class='ocrx_word' id='word_1_1013' title='bbox 2970 5519 3069 5576; x_wconf 45' lang='lat' dir='ltr'><strong>ius:</strong></span> <span class='ocrx_word' id='word_1_1014' title='bbox 3129 5501 3288 5555; x_wconf 85' lang='lat' dir='ltr'><strong>Corb.</strong></span> <span class='ocrx_word' id='word_1_1015' title='bbox 3333 5501 3481 5554; x_wconf 88' lang='lat' dir='ltr'><strong>sicut</strong></span> 
     </span>
    </p>
   </div>
   <div class='ocr_carea' id='block_1_103' title="bbox 205 5572 3482 5651">
    <p class='ocr_par' dir='ltr' id='par_1_103' title="bbox 205 5572 3482 5651">
     <span class='ocr_line' id='line_1_103' title="bbox 205 5572 3482 5651; baseline -0.002 -17"><span class='ocrx_word' id='word_1_1016' title='bbox 205 5596 320 5634; x_wconf 85' lang='lat' dir='ltr'><strong>non</strong></span> <span class='ocrx_word' id='word_1_1017' title='bbox 353 5589 532 5651; x_wconf 76' lang='lat' dir='ltr'><strong>potest</strong></span> <span class='ocrx_word' id='word_1_1018' title='bbox 564 5572 700 5651; x_wconf 12' lang='lat' dir='ltr'><strong>Li?&quot;</strong></span> <span class='ocrx_word' id='word_1_1019' title='bbox 727 5578 839 5632; x_wconf 79' lang='lat' dir='ltr'><strong>Non</strong></span> <span class='ocrx_word' id='word_1_1020' title='bbox 874 5595 979 5650; x_wconf 91' lang='lat' dir='ltr'><strong>quo</strong></span> <span class='ocrx_word' id='word_1_1021' title='bbox 1007 5580 1178 5647; x_wconf 88' lang='lat' dir='ltr'><strong>majus</strong></span> <span class='ocrx_word' id='word_1_1022' title='bbox 1203 5572 1325 5651; x_wconf 74' lang='lat' dir='ltr'><strong>mss.</strong></span> <span class='ocrx_word' id='word_1_1023' title='bbox 1358 5595 1464 5651; x_wconf 77' lang='lat' dir='ltr'><strong>non</strong></span> <span class='ocrx_word' id='word_1_1024' title='bbox 1489 5572 1578 5632; x_wconf 78' lang='lat' dir='ltr'><strong>est</strong></span> <span class='ocrx_word' id='word_1_1025' title='bbox 1608 5593 1714 5651; x_wconf 75' lang='lat' dir='ltr'><strong>quo</strong></span> <span class='ocrx_word' id='word_1_1026' title='bbox 1754 5572 1955 5651; x_wconf 31' lang='lat' dir='ltr'><strong>majus“</strong></span> <span class='ocrx_word' id='word_1_1027' title='bbox 1999 5576 2090 5606; x_wconf 77' lang='grc'><strong>¹⁰⁸⁰</strong></span> <span class='ocrx_word' id='word_1_1028' title='bbox 2115 5574 2226 5628; x_wconf 73' lang='lat' dir='ltr'><strong>Non</strong></span> <span class='ocrx_word' id='word_1_1029' title='bbox 2262 5575 2428 5643; x_wconf 84' lang='lat' dir='ltr'><strong>possit</strong></span> <span class='ocrx_word' id='word_1_1030' title='bbox 2456 5589 2475 5651; x_wconf 66' lang='grc' dir='ltr'>ς</span> <span class='ocrx_word' id='word_1_1031' title='bbox 2511 5575 2659 5651; x_wconf 78' lang='lat' dir='ltr'><strong>quod</strong></span> <span class='ocrx_word' id='word_1_1032' title='bbox 2686 5591 2788 5651; x_wconf 73' lang='lat' dir='ltr'><strong>ms.</strong></span> <span class='ocrx_word' id='word_1_1033' title='bbox 2825 5572 2962 5626; x_wconf 85' lang='lat' dir='ltr'><strong>Vict.</strong></span> <span class='ocrx_word' id='word_1_1034' title='bbox 3002 5572 3086 5627; x_wconf 78' lang='lat' dir='ltr'><strong>l5.</strong></span> <span class='ocrx_word' id='word_1_1035' title='bbox 3122 5587 3228 5628; x_wconf 81' lang='lat' dir='ltr'><strong>non</strong></span> <span class='ocrx_word' id='word_1_1036' title='bbox 3255 5579 3482 5641; x_wconf 85' lang='lat' dir='ltr'><strong>potest:</strong></span> 
     </span>
    </p>
   </div>
   <div class='ocr_carea' id='block_1_104' title="bbox 206 5643 2964 5723">
    <p class='ocr_par' dir='ltr' id='par_1_104' title="bbox 206 5643 2964 5723">
     <span class='ocr_line' id='line_1_104' title="bbox 206 5643 2964 5723; baseline -0.003 -18"><span class='ocrx_word' id='word_1_1037' title='bbox 206 5643 372 5722; x_wconf 58' lang='lat' dir='ltr'><strong>quod&#39;</strong></span> <span class='ocrx_word' id='word_1_1038' title='bbox 436 5652 522 5685; x_wconf 69' lang='grc'><strong>⁸⁸⁸³</strong></span> <span class='ocrx_word' id='word_1_1039' title='bbox 560 5643 1032 5723; x_wconf 65' lang='grc' dir='ltr'>Νυιιιιιειιυεεκςο</span> <span class='ocrx_word' id='word_1_1040' title='bbox 1061 5643 1328 5707; x_wconf 79' lang='lat' dir='ltr'><strong>alicubi...</strong></span> <span class='ocrx_word' id='word_1_1041' title='bbox 1355 5648 1520 5705; x_wconf 83' lang='lat' dir='ltr'><strong>Putas</strong></span> <span class='ocrx_word' id='word_1_1042' title='bbox 1543 5643 1639 5703; x_wconf 59' lang='lat' dir='ltr'><strong>ms:</strong></span> <span class='ocrx_word' id='word_1_1043' title='bbox 1666 5643 2157 5706; x_wconf 26' lang='lat' dir='ltr'><strong>Corb.’nullatenus</strong></span> <span class='ocrx_word' id='word_1_1044' title='bbox 2182 5661 2310 5717; x_wconf 83' lang='lat' dir='ltr'><strong>ergo</strong></span> <span class='ocrx_word' id='word_1_1045' title='bbox 2335 5645 2478 5718; x_wconf 88' lang='lat' dir='ltr'><strong>quod</strong></span> <span class='ocrx_word' id='word_1_1046' title='bbox 2503 5643 2770 5701; x_wconf 88' lang='lat' dir='ltr'><strong>alicubi...</strong></span> <span class='ocrx_word' id='word_1_1047' title='bbox 2803 5653 2964 5713; x_wconf 90' lang='lat' dir='ltr'><strong>putas</strong></span> 
     </span>
    </p>
   </div>
  </div>
