3926 6054
153 223 260 280 2’37

768 339 996 397 (IA’PUT
1036 342 1143 397 VII.

153 432 356 487 Contra
386 431 581 484 dictum
611 430 760 484 aliud
788 434 1074 487 adversarii
1099 435 1294 506 ibidem
1324 450 1359 506 :7
1387 451 1565 504 nempe
1611 435 1748 506 quod

223 517 762 574 summummagnum
793 519 938 573 teque
969 504 1127 572 possit
1159 505 1361 574 concipi
1385 517 1488 558 non
1514 504 1662 569 esse;
1687 522 1748 558 ac

227 571 375 624 Deus
407 572 468 622 ab
497 573 770 640 insipiente
792 571 1103 644 concipitur.

224 659 433 714 Deinde
459 659 549 690 ¹¹⁸²
576 661 720 730 quod
736 661 879 716 .dicis
905 667 1251 733 vixunqnam
1283 677 1440 734 posse
1479 679 1597 719 esse
1631 680 1749 718 ere-

150 753 324 806 dihile
354 751 444 783 ¹¹⁸³
468 793 480 815 ,
507 768 630 807 cum
657 753 859 808 dictum
889 765 938 809 et
971 756 1215 810 auditum
1249 756 1443 822 fuerit,
1476 756 1617 811 istud
1643 773 1747 832 non

150 857 219 895 eo
245 843 408 897 modo
442 858 600 912 posse
621 843 846 914 cogitari
889 861 992 899 non
1018 859 1173 909 esse,
1217 860 1323 915 quo
1369 839 1751 916 etiam'potest

157 931 251 961 ⁸³⁸³
280 932 508 1002 cogitari
536 947 642 986 non
666 919 785 987 esse
812 935 971 987 Deus.
999 929 1381 1003 Respondeant
1406 950 1501 1006 pro
1525 951 1633 1002 me,
1658 936 1746 1004 qui

156 1023 240 1078 vel
292 1037 513 1092 parvam
561 1023 843 1078 scientiam
885 1024 1192 1094 disputandi
1233 1028 1750 1098 argumentandiqne

155 1113 477 1182 attigerunt.
508 1111 591 1166 An
616 1113 758 1167 enim
803 1114 1123 1169 rationabile
1145 1123 1226 1169 est
1247 1156 1262 1180 ,
1288 1126 1346 1170 ut
1367 1117 1571 1172 idcirco
1595 1127 1749 1188 neget

153 1203 355 1272 aliquis
386 1202 526 1271 quod
554 1201 831 1272 intelligit;
860 1204 984 1274 quia
1016 1220 1138 1259 esse
1161 1205 1360 1260 dicitur
1383 1205 1434 1262 id
1461 1208 1601 1276 quod
1621 1205 1748 1262 illeo

155 1302 321 1362 negat
358 1291 480 1354 ³⁸⁸⁸,
535 1293 660 1361 quia
713 1307 818 1346 non
868 1293 1164 1364 intelligit?
1203 1295 1312 1350 Aut
1366 1297 1409 1350 si
1459 1297 1749 1366 aliquando

155 1393 389 1452 negatur
415 1421 431 1446 ,
462 1367 602 1450 quod
635 1381 976 1451 aliquatenus
1006 1381 1354 1450 intelligitur,
1397 1395 1451 1440 et
1497 1386 1635 1440 idem
1667 1396 1749 1441 est

153 1475 228 1528 illi
261 1516 277 1538 ,
310 1475 453 1545 quod
489 1474 796 1528 nullatenus
819 1475 1170 1543 intelligitur;
1197 1492 1374 1530 nonne
1394 1476 1602 1533 facilius
1627 1497 1748 1549 pro-

151 1566 317 1620 batur
343 1565 486 1635 quod
509 1565 726 1620 dubium
756 1575 858 1631 est,
891 1567 956 1619 de
986 1565 1076 1621 illo
1096 1567 1238 1636 quod
1261 1566 1313 1620 in
1339 1566 1519 1638 aliquo
1539 1608 1552 1634 ,
1584 1584 1746 1638 quam

153 1658 220 1710 de
251 1671 318 1710 eo
343 1657 485 1724 quod
517 1655 569 1709 in
597 1655 744 1710 nullo
765 1665 848 1710 est
875 1638 1146 1711 intellectu
1170 1658 1194 1711 ?
1243 1658 1423 1725 Quare
1449 1675 1548 1714 nec
1573 1661 1745 1714 credi-
1783 1685 1822 1745 Β

152 1746 263 1801 bile
311 1753 487 1816 potesit
517 1759 672 1807 esse,
708 1747 912 1802 idcirco
937 1747 1230 1815 quemlibet
1261 1764 1462 1820 negare
1493 1765 1599 1820 quo
1629 1767 1747 1803 ma-

150 1835 240 1907 jus
267 1838 496 1912 cogitari
522 1838 740 1907 nequit,
771 1839 916 1908 quod
939 1839 1182 1893 auditum
1212 1839 1553 1911 aliquatenus
1589 1841 1746 1898 intel-

150 1925 273 1997 ligit
305 1944 320 1992 ;
355 1928 480 1998 quia
512 1937 678 2008 negat,
695 1928 895 1994 Deum,
931 1930 1085 2001 cujus
1123 1947 1340 1988 sensum
1388 1933 1534 1987 nullo
1589 1936 1746 1990 modo

154 2022 382 2090 Cogitat.
425 2007 528 2074 Αιιι
551 2020 596 2075 si
621 2007 675 2075 et
700 2015 846 2092 aliud
879 2021 1002 2098 ηυξ,
1041 2023 1165 2094 quia
1199 2039 1302 2078 non
1327 2024 1549 2079 omnino
1589 2023 1747 2079 iutel-F

150 2110 382 2181 ligitur,
413 2121 668 2181 negatur,
713 2127 892 2167 nonne
920 2123 1095 2168 tamen
1124 2113 1214 2150 ¹ι⁸⁷
1248 2115 1460 2170 facilius
1507 2116 1558 2170 id
1603 2115 1745 2186 quod

153 2204 339 2271 aliquo
365 2204 554 2266 modo,
587 2220 753 2273 quam
783 2203 833 2257 id
861 2205 1005 2274 quod
1033 2205 1178 2259 nullo
1203 2207 1360 2260 modo
1397 2206 1743 2278 intelligitur,

152 2295 460 2363 probatur?
491 2295 607 2349 Non
642 2311 772 2362 ergo
795 2295 1248 2352 irrationabiliter
1268 2307 1456 2353 contra
1489 2299 1746 2368 insipien-

156 2394 266 2437 tem
286 2428 303 2451 ,
335 2384 400 2436 ad
429 2387 763 2456 probandum
782 2385 954 2441 Deum
980 2401 1133 2455 esse,
1177 2388 1396 2453 attulit,
1440 2405 1548 2462 quo
1573 2390 1745 2462 majus

153 2479 384 2548 cogitari
427 2494 531 2531 non
555 2479 764 2547 possit;
813 2495 938 2533 cum
983 2478 1129 2554 illud.
1163 2481 1311 2554 nullo
1367 2479 1524 2537 modo
1549 2523 1564 2548 ,
1600 2481 1743 2538 istud

152 2567 344 2637 aliquo
367 2567 946 2638 inodoinlelliget‘et.'
1026 2621 1028 2623 .
1123 2565 1128 2570 ’
1265 2563 1270 2568 ”

755 2657 984 2718 CAPUT
1023 2661 1155 2717 Vlll.

152 2749 493 2819 Comparatio
519 2754 736 2820 pictura:
768 2769 909 2806 num.
939 2753 972 2805 5
1001 2755 1264 2822 proposita
1294 2763 1646 2812 exummatur.
1673 2751 1740 2818 Et

226 2824 366 2894 unde
421 2824 607 2892 conjici
654 2834 808 2894 queat
855 2839 1116 2876 summum
1178 2840 1421 2894 ntuguum
1452 2863 1468 2890 ,
1527 2824 1592 2890 de
1640 2841 1742 2894 quo

221 2893 560 2946 adversarius
587 2910 730 2946 nam.
768 2893 802 2945 4
825 2894 1123 2964 quaesierat.
1268 2893 1273 2894 7
1489 2923 1491 2926 ‹
1521 2919 1532 2928 -
1651 2893 1674 2908 ³

223 2984 382 3051 Quod
413 2997 538 3038 vero
572 2993 680 3063 tam
705 2985 944 3040 studiose
973 2985 1204 3053 probas,
1247 2999 1354 3055 quo
1391 2985 1562 3054 majus
1595 2987 1743 3058 cogi-

151 3079 259 3133 tari
300 3079 518 3146 nequit,
559 3097 682 3138 non
723 3079 834 3133 tale
879 3093 1036 3142 esse;
1086 3077 1264 3147 qualis
1313 3079 1546 3132 nondum
1601 3079 1740 3134 facta

147 3175 363 3241 pictura
383 3173 446 3226 in
468 3174 746 3230 intellectu
769 3173 1014 3242 pictoris,
1030 3173 1158 3226 sine
1171 3187 1335 3226 causa
1357 3170 1434 3225 lit.
1462 3170 1576 3227 Non
1592 3173 1738 3228 eiiim

151 3264 219 3316 ad
252 3263 356 3316 hoc
381 3264 577 3332 protuli
603 3254 868 3344 picturam
898 3263 1300 3333 prazcogitatam
1327 3253 1430 3328 ,‘ut
1462 3261 1565 3318 tale
1587 3262 1750 3334 illud,

153 3354 220 3408 de
250 3372 361 3424 quo
383 3358 676 3426 agebatur,
707 3356 898 3410 vellem
934 3370 1208 3420 asserere;
1252 3355 1342 3410 sed
1389 3362 1624 3421 tantum,
1679 3365 1738 3412 ut

153 3445 358 3513 aliquid
381 3461 503 3500 esse
529 3448 581 3500 in
613 3447 704 3486 ³³⁸⁸
726 3446 998 3500 intellectu
1019 3487 1034 3508 ,
1073 3446 1215 3516 quod
1253 3462 1358 3501 non
1387 3461 1512 3501 esse
1536 3446 1732 3501 intelli-

153 3546 376 3604 geretur
409 3536 501 3568 “”
527 3577 542 3601 ,
577 3552 790 3606 possem
814 3535 1130 3616 ostendere.
1154 3535 1287 3590 Item
1315 3576 1334 3602 ,
1373 3536 1518 3606 quod
1554 3537 1730 3592 dicis:

153 3641 262 3696 quo
293 3627 468 3696 majus
506 3627 733 3701 cogitari
758 3625 962 3700 "nequit
987 3667 1002 3692 ,
1048 3627 1339 3683 secundum
1387 3643 1499 3686 rem
1544 3627 1628 3682 vel
1670 3643 1734 3704 ex

153 3732 354 3788 genele
388 3719 479 3772 tibi
497 3720 582 3788 vel
605 3735 668 3773 ex
696 3719 874 3788 specie
899 3726 1103 3783 notam,
1133 3727 1184 3772 te
1210 3719 1449 3787 cogitare
1468 3719 1734 3784 auditum,

152 3810 236 3864 vel
277 3811 330 3864 in
364 3811 639 3866 intellectu
669 3810 868 3866 habere
895 3811 984 3841 “’°
1010 3825 1112 3865 non
1139 3825 1326 3880 posse;
1355 3811 1610 3882 quoniam
1640 3827 1738 3866 nec

150 3901 325 3970 ipsam
353 3917 465 3956 rem
496 3902 641 3957 nosti
667 3900 755 3932 ¹¹⁹¹
780 3941 798 3970 ,
849 3915 974 3976 nec”
1000 3915 1118 3956 eam
1154 3917 1220 3972 ex
1261 3899 1366 3956 alia
1398 3899 1562 3965 simili
1584 3889 1766 3976 pote-sc

1153 229 1359 285 LIBER
1399 226 1694 287 nemo.
1736 229 2011 289 CONTRA
2055 211 2524 295 Δδιιυικιηιόκιῖιι.

1778 349 1825 406 Α
1853 361 2179 418 Cognoscere
2212 351 2333 416 "“;
2374 354 2547 423 palam
2573 364 2654 409 est
2681 370 2791 412 rem
2834 357 2993 415 aliter
3036 375 3160 418 sese
3210 363 3444 422 habere.

3327 248 3434 305 258

1851 439 2116 504 Quoniam
2147 457 2377 512 namque
2399 457 2558 498 omne
2585 445 2763 502 minus
2802 447 3001 506 bonum
3040 454 3090 508 in
3120 463 3326 511 tantum
3351 467 3434 512 est

1850 529 2025 584 simile
2048 531 2238 601 majori
2272 535 2410 588 bono
2436 575 2449 599 ,
2500 535 2550 589 in
2583 547 2841 608 quantum
2887 550 2992 596 est’
3021 544 3247 613 bonum;
3285 557 3435 617 patet

1851 622 2072 679 cuilibet
2089 625 2341 679 rationali
2369 626 2532 680 menti
2568 628 2660 659 ¹¹⁹³
2685 631 2811 698 quia
2843 632 2908 686 de
2945 635 3240 690 minoribus
3277 640 3432 694 bonis

1851 705 1916 758 ad
1948 706 2150 776 majora
2176 718 2584 772 conscendenth
2641 721 2762 790 ην,
2816 739 2880 776 ex
2939 726 3061 789 his,
3111 728 3306 797 quibus
3341 731 3434 761 “”

1851 795 2053 886 aliquid
2075 803 2302 873 c0gitari
2338 815 2512 874 potest
2553 811 2724 877 majus
2767 813 2894 878 ¹¹⁹⁶,
2947 795 3171 870 multum
3243 834 3430 886 possu-

1852 885 1970 945 mus
1995 892 2264 968 conjicere
2292 897 2384 928 “"’
2408 898 2564 964 illud,
2610 918 2716 970 quo
2741 903 2832 938 ¹¹⁹⁸
2866 890 2998 959 nihil
3041 917 3217 978 potest
3256 913 3430 981 majus

1849 982 2098 1049 cogitari.
2137 983 2266 1050 Quis
2293 988 2474 1054 enim,
2519 993 2665 1046 verbi
2697 995 2897 1063 gratia.
2938 998 3020 1052 vel
3055 999 3156 1053 hoe
3196 1002 3432 1070 cngitare

1851 1087 1956 1126 mn
1989 1083 2197 1142 potest,
2248 1079 2410 1134 etiam
2451 1082 2495 1135 si
2548 1099 2652 1138 non
2697 1087 2876 1141 credat
2927 1089 2976 1142 in
3025 1105 3079 1143 re
3117 1104 3241 1146 esse
3286 1094 3432 1161 quod

1850 1166 2052 1234 cogitat
2074 1206 2090 1233 ,
2138 1169 2342 1226 scilicet
2375 1214 2389 1237 ,
2435 1175 2478 1229 si
2509 1177 2706 1231 bonum
2758 1187 2840 1234 est
2889 1181 3088 1250 aliquid
3119 1184 3210 1215 ιη’
3236 1225 3250 1249 ,
3288 1187 3430 1254 quod

1850 1252 2058 1338 initium
2086 1265 2142 1310 et
2164 1258 2321 1312 linem
2347 1261 2548 1328 habet;
2597 1266 2766 1320 nmlto
2807 1257 2999 1324 melius
3032 1287 3154 1326 esse
3183 1252 3378 1326 bonum
3411 1314 3426 1338 ,

1849 1335 2016 1412 quod,
2041 1347 2168 1403 licet
2193 1351 2432 1422 incipiat,
2454 1371 2558 1410 non
2589 1367 2763 1414 tamen
2789 1360 2986 1416 desinit
3013 1381 3027 1416 :
3052 1373 3104 1418 et
3131 1365 3269 1421 sicut
3291 1366 3430 1421 ismd

1850 1435 1940 1490 illo
1965 1440 2154 1496 melius
2185 1453 2298 1508 est,
2334 1444 2406 1498 ita
2434 1432 2676 1504 isto'essc
2709 1451 2902 1506 melius
2941 1453 3068 1508 illud
3113 1456 3232 1520 "0°,
3287 1457 3430 1527 quod

1850 1545 1948 1586 nec
1970 1531 2128 1587 linem
2151 1534 2316 1591 habet
2344 1551 2441 1592 nec
2467 1539 2674 1595 initium
2700 1584 2714 1607 ,
2737 1545 2952 1599 etiamsi
2976 1561 3188 1617 semper
3209 1549 3273 1603 de
3294 1565 3431 1618 pra:-

1853 1622 2013 1677 lerito
2037 1620 2134 1693 per
2153 1641 2391 1695 praesens
2425 1629 2514 1662 ¹²⁰¹
2543 1641 2783 1688 transeat
2809 1636 2874 1689 ad
2904 1628 3139 1693 futurum
3169 1657 3182 1693 :
3224 1651 3276 1694 et
3318 1642 3431 1695 sive

1849 1713 1919 1768 sit
1949 1715 2000 1768 in
2031 1731 2088 1771 re
2117 1711 2318 1789 aliquid
2351 1721 2442 1753 “°'
2470 1711 2804 1794 huiusmodi,
2837 1729 2950 1784 sive
2981 1747 3084 1786 non
3117 1732 3226 1798 sit;
3276 1733 3432 1788 valde

1852 1811 2029 1858 tamen
2056 1821 2122 1860 eo
2149 1808 2338 1864 melius
2359 1825 2478 1867 esse
2505 1814 2598 1845 "‘”
2619 1814 2703 1881 id,
2737 1821 2877 1885 quod
2903 1819 3047 1873 nullo
3091 1822 3249 1875 modo
3291 1823 3432 1876 indi-

1848 1905 1936 1965 get
1958 1897 2041 1950 vel
2071 1894 2284 1969 Cogitur
2312 1901 2539 1970 mutari,
2583 1895 2666 1961 vel
2691 1907 2892 1963 moveri
2918 1921 2932 1963 :
2977 1926 3044 1965 an
3073 1911 3174 1967 hoc
3197 1913 3430 1983 cogitari

1848 1999 1953 2071 non
1976 1995 2180 2054 potest;
2215 1999 2307 2044 aut
2343 1991 2545 2062 aliquid
2570 1996 2672 2051 hoc
2717 1997 2892 2066 majus
2938 1999 3163 2069 cogitari
3213 2011 3428 2071 potest,

1848 2067 2062 2131 autnon
2085 2089 2167 2134 est
2193 2080 2296 2136 hoc
2328 2098 2390 2136 ex
2419 2084 2513 2147 iis,
2568 2087 2762 2155 quibus
2803 2091 2978 2160 majus
3010 2067 3248 2162 cogitari
3290 2091 3431 2148 valet

1851 2166 1968 2232 m‘,
1994 2170 2263 2239 conjicere
2283 2173 2336 2226 id
2364 2187 2470 2242 quo
2496 2175 2589 2206 ¹¹⁰⁵
2617 2175 2788 2243 majus
2809 2181 3034 2248 cogitari
3072 2182 3258 2250 nequit
3283 2181 3307 2234 ?
3335 2182 3429 2236 Est

1846 2257 2011 2328 igitur
2031 2263 2171 2316 unde
2193 2266 2584 2336 possiteonjici,
2605 2285 2709 2337 quo
2727 2265 2900 2335 majus
2924 2273 3096 2342 cogita
3107 2274 3148 2327 ri
3168 2283 3426 2344 nequeat.

1847 2349 1940 2405 Sic
1968 2351 2147 2422 itaque
2175 2345 2337 2410 facile:
2356 2345 2524 2410 refelli
2561 2369 2734 2427 potest
2768 2360 3058 2429 insipiens,
3096 2365 3184 2431 qui
3211 2380 3424 2419 sacram

1845 2435 2224 2498 auctoritatem
2259 2461 2364 2499 non
2407 2447 2634 2517 recipit;
2661 2450 2704 2502 si
2731 2457 2917 2520 negat,
2947 2467 3054 2521 quo
3075 2453 3253 2524 majus
3278 2455 3424 2523 cogi-

1845 2533 1947 2585 tari
1977 2547 2080 2587 non
2113 2533 2289 2598 valet,
2317 2549 2383 2588 ex
2414 2537 2536 2590 aliis
2568 2537 2729 2593 rebus
2759 2540 2852 2570 ¹²⁰⁶
2892 2542 3082 2610 conjici
3130 2557 3287 2612 posse
3311 2545 3422 2597 "".

1841 2623 1914 2678 At
1940 2625 1984 2678 si
2010 2625 2133 2694 quis
2156 2627 2247 2660 ³³⁸⁸
2267 2628 2578 2684 Catholicus
2601 2632 2702 2686 hoc
2731 2642 2923 2702 neget,
2964 2636 3272 2691 meminerit
3299 2638 3424 2706 quia

1844 2716 2124 2770 invisibilia
2161 2717 2259 2771 Dei
2294 2735 2327 2772 a
2375 2732 2616 2776 creatura
2655 2725 2878 2791 mundi,
2906 2741 3000 2794 per
3040 2743 3101 2780 ea
3139 2745 3258 2796 qua:
3283 2730 3426 2796 facta

1775 2839 1780 2842 -
1817 2799 2006 2872 sunt,
2063 2797 2324 2862 intellecta
2364 2813 2798 2880 conspiciuntur;
2859 2817 3173 2884 sempiterna
3222 2835 3427 2889 quoque

1745 2957 1749 2964 η
1843 2897 1958 2968 ejus
1987 2899 2152 2953 virtus
2172 2910 2218 2954 et
2240 2900 2486 2956 divinitas
2506 2901 2683 2973 (Rom.
2711 2921 2751 2969 ι,
2780 2904 2892 2975 20).

1766 3027 1814 3090 C

2453 3013 2682 3074 CAPUT
2719 3015 2813 3070 1X.

1848 3101 2122 3179 Summum
2149 3120 2395 3179 maguum
2417 3107 2635 3176 cogitari
2661 3118 2708 3161 et
2734 3107 2953 3178 intelligi
2976 3125 3126 3179 posse
3149 3126 3168 3164 :
3191 3120 3238 3163 et
3267 3111 3422 3165 robo-

2084 3173 2249 3228 ‘ratur
2279 3177 2414 3230 ratio
2444 3173 2625 3230 contra
2664 3173 2988 3248 insipientem
3019 3181 3180 3248 facta.

1917 3259 2022 3316 Sed
2043 3263 2144 3317 etsi
2170 3262 2262 3293 ¹²⁰⁹
2293 3277 2477 3317 verum
2524 3273 2668 3318 esset
2710 3281 2814 3320 non
2856 3281 3015 3337 posse
3047 3267 3288 3340 .cogitari
3339 3267 3423 3323 vel

1845 3352 2070 3424 intelligi
2097 3352 2254 3419 illud,
2298 3371 2400 3424 quo
2460 3354 2550 3385 ¹²¹⁰
2593 3355 2764 3425 majus
2795 3358 2966 3427 nequit
3017 3359 3278 3428 cogitari;
3316 3375 3424 3416 non

1823 3451 2021 3503 tamen
2057 3444 2252 3498 falsum
2276 3454 2420 3500 esset
2446 3457 2554 3516 quo
2587 3446 2759 3514 majus
2798 3449 3021 3519 cogitari
3069 3451 3255 3519 nequit
3288 3451 3374 3484 ¹¹⁸¹
3403 3489 3422 3515 ,

1842 3536 2070 3606 cogitari
2093 3547 2330 3606 posseet
2355 3521 2581 3609 intelligi
2611 3540 2722 3591 "".
2763 3521 2916 3596 Sicut
2963 3539 3104 3596 enim
3155 3541 3286 3596 nihil
3330 3541 3422 3578 ιη’

1837 3628 2090 3698 prohibet
2115 3629 2248 3692 dici,
2282 3628 2587 3698 ineffabile;
2614 3630 2740 3686 licet
2779 3631 2907 3687 illud
2947 3633 3051 3688 dici
3083 3649 3192 3689 non
3215 3634 3419 3704 possit,

1791 3789 1794 3791 Δ
1841 3721 1980 3789 quod
2011 3719 2282 3774 ineffabile
2319 3720 2556 3788 dicitur;
2601 3730 2656 3774 et
2697 3723 3150 3792 quemadmodum
3197 3726 3421 3796 c0gitari

1839 3818 2016 3880 potest
2070 3827 2171 3862 non
2225 3809 2525 3886 cogitabile,
2568 3814 2815 3880 quamvis
2864 3815 2993 3868 illud
3043 3817 3268 3886 cogitari
3313 3831 3419 3869 non

1838 3897 2170 3978 possitncui
2224 3899 2628 3978 concvenitjnou
2669 3902 2958 3972 cogitabile
3008 3906 3114 3959 dici
3163 3905 3419 3974 "“zita,

1347 4067 1360 4094 -
1461 4053 1692 4138 VANE
1731 4051 2130 4138 LECTIONES.

249 4171 322 4203 ’δ’
366 4169 566 4225 Deinde
596 4167 902 4241 mss._Corb.
941 4167 1193 4241 Vict.l3.
1226 4168 1455 4238 denique
1531 4167 1818 4241 ηεξ-βρεμι
1849 4182 1968 4222 esse
1997 4165 2254 4241 credibile
2274 4181 2397 4241 Δηιε.
2427 4163 2580 4241 Corb.
2619 4169 2788 4222 omitt.
2821 4184 2979 4241 posse
3005 4185 3126 4226 esse
3182 4173 3274 4204 ¹¹⁸⁸
3297 4174 3416 4241 Quo

145 4242 315 4296 etiam
349 4251 523 4310 potest
549 4257 644 4294 ms.
703 4239 862 4296 Corb.
887 4255 993 4309 quo
1027 4240 1191 4293 etiam
1221 4254 1326 4310 non
1355 4237 1539 4310 potest
1609 4239 1700 4269 “‘5
1722 4239 1860 4304 Quia
1885 4251 2004 4292 esse
2027 4237 2325 4310 dicitur,id
2354 4239 2503 4310 quod
2513 4247 2684 4310 negat
2710 4255 2815 4310 ms.
2835 4239 3148 4310 (lorb.qnia
3197 4243 3247 4297 id
3294 4237 3416 4302 esse

147 4307 374 4374 dicitur,
401 4309 526 4378 quia
561 4312 612 4364 id
632 4321 793 4380 negat
821 4307 946 4363 mu.
980 4311 1104 4378 quia
1131 4323 1252 4380 esse
1273 4307 1710 4380 dicituridquod
1742 4309 1862 4380 ideo
1892 4315 2054 4380 negat
2122 4307 2212 4380 “3f
2240 4307 2320 4380 Ac
2338 4311 2473 4380 siet
2487 4307 2615 4380 illud
2639 4324 2764 4362 mss.
2792 4307 2938 4363 (.‘em.
2973 4307 3177 4365 Ttiuan.
3195 4312 3327 4368 Vict.
3355 4315 3410 4371 5.

148 4381 207 4435 S.
237 4376 724 4434 Hicli.Cister.Aui
743 4382 856 4434 siet
882 4376 1009 4433 illud
1032 4397 1128 4433 ms.
1153 4377 1307 4432 Corb.
1331 4388 1424 4433 aut
1451 4379 1494 4432 si
1522 4376 1649 4432 illud
1675 4395 1769 4431 ms.
1791 4376 2093 4431 Vict.51aitt
2123 4378 2165 4431 si
2200 4378 2250 4431 id
2311 4378 2397 4408 ³⁸⁸⁷
2429 4378 2646 4432 Minime
2677 4389 2852 4432 tamen
2877 4398 2999 4434 mss.
3030 4397 3205 4437 nonne
3233 4393 3411 4440 tamen

151 4452 245 4482 ’⁸⁸³⁵
289 4449 360 4506 Ut
386 4451 588 4520 aliquid
626 4460 772 4504 esset
806 4450 860 4502 in
895 4466 1022 4502 mss.
1058 4458 1114 4502 ut
1147 4449 1348 4517 aliquid
1376 4463 1496 4503 esse
1528 4447 1579 4500 in
1610 4448 1884 4520 intellectu
1938 4447 2055 4520 __“3°
2085 4448 2214 4520 Esse
2249 4463 2352 4501 non
2384 4446 2781 4520 intelligeretur
2824 4465 2919 4502 ms.
2968 4449 3123 4504 Corb.
3156 4469 3260 4507 non
3287 4471 3410 4510 esse

149 4516 555 4590 intelligeretur
627 4521 718 4552 “’°
749 4519 839 4574 Vel
871 4521 1204 4590 intellectum
1242 4516 1600 4590 haberem“.
1631 4516 1709 4590 vel
1742 4518 1792 4571 in
1823 4517 2321 4590 intellectuliabere
2395 4518 2487 4548 ¹¹⁹¹
2534 4516 2666 4571 Rem
2713 4520 2892 4590 noscis
2943 4537 3068 4574 mss.
3122 4537 3232 4576 rem
3270 4526 3411 4580 nosti

148 4593 244 4629 ¹“’²
271 4585 441 4645 Potes
473 4589 927 4666 conjiceremssi
953 4588 1105 4666 egra.
1159 4600 1204 4642 et
1242 4587 1380 4666 για..
1415 4589 1499 4642 13.
1557 4587 1878 4666 convincere
1927 4604 2027 4666 ms.
2084 4585 2318 4666 l’ict.__§_.
2347 4602 2687 4666 cognoscere_-
2749 4589 2841 4619 ¹¹⁰³
2878 4588 3207 4666 ltﬂionabili
3240 4596 3408 4666 menti

147 4679 278 4714 mss.
313 4655 765 4724 rationaliimenti
846 4658 938 4689 “"
978 4660 1404 4712 Conscendemlo
1456 4676 1553 4711 ms.
1603 4655 1757 4710 (ἔοι-ὑ.
1791 4657 2135 4711 ascendendo
2213 4657 2307 4687 “9‘
2352 4655 2434 4710 Exi
2461 4659 2544 4710 his
2571 4657 2768 4724 quibus
2803 4676 2899 4712 ms.
2937 4659 3071 4714 Tim.
3097 4678 3160 4714 ex
3198 4665 3280 4718 his
3309 4683 3408 4720 ms.

157 4731 296 4784 Vict.
333 4730 419 4782 15.
456 4747 519 4784 ex
551 4722 747 4799 quibus
773 4797 794 4799 _
823 4729 916 4760 ““
936 4729 1095 4799 Aliud
1127 4730 1252 4799 quid
1291 4729 1464 4798 majus
1499 4727 1732 4797 cogitari
1765 4735 1942 4796 potest
1970 4725 2330 4799 nisi._ali_q_uid
2374 4722 2804 4799 cogitaripolest
2845 4729 3016 4798 majus
3095 4732 3182 4763 ¹¹⁹⁷
3215 4733 3412 4790 Possu-

145 4817 268 4855 mus
295 4796 581 4868 conjicere
598 4817 726 4877 mss_.
755 4797 912 4877 Cora.
950 4811 995 4851 et
1028 4796 1162 4877 Vict.
1194 4796 1615 4877 15.npossu‘mus
1644 4800 1970 4877 convincere
2047 4797 2140 4828 “"
2189 4796 2319 4877 illud
2362 4811 2470 4877 quo
2496 4796 2741 4877 ηξξλνςὶιί.
2771 4799 2858 4877 i3.
2887 4796 3252 4877 quod,omit_t.
3286 4806 3416 4860 illud

171 4871 238 4904 ¹⁹⁹
272 4864 483 4925 Bonum
532 4878 616 4925 est
665 4869 882 4937 aliquod
931 4886 1056 4922 um.
1091 4867 1224 4921 Tim.
1278 4865 1411 4921 Vict.
1464 4867 1620 4921 Corb.
1665 4864 1852 4937 Cistjerr.
1884 4869 2082 4922 bonum
2115 4864 2429 4937 estaliquid
2510 4867 2600 4897 ¹²⁰⁰
2640 4864 3140 4926 Istudessemelius
3172 4874 3260 4927 illo
3283 4893 3410 4934 mss.

145 4939 305 4994 ϐίοι.
341 4937 500 4992 Corb.
534 4939 670 4993 Thu.
710 4935 932 5010 νῖειιὸ.
964 4938 1722 5010 istocssemeliusjllndnms.
1758 4935 1905 5010 ⁸γίιῖι.
1935 4940 2030 5010 )3.
2061 4939 2163 5010 isto
2207 4945 2299 5010 est
2321 4935 2535 5010 melius
2567 4937 2720 5010 illud”
2773 4940 2862 4970 "‘“
2901 4941 3002 4993 Per
3045 4959 3281 5010 przesens
3311 4963 3410 4998 ms.

153 5011 288 5062 t'ict.
315 5009 352 5061 5
378 5011 525 5062 omit.
556 5024 654 5075 per
730 5009 818 5040 "“
848 5008 900 5062 In
940 5023 998 5062 re
1026 5008 1242 5076 aliquod
1275 5023 1398 5061 mss.
1433 5007 1567 5061 Tim.
1589 5005 1718 5076 Vict.
1745 5005 1901 5060 Corb.
1934 5008 1986 5060 in
2019 5023 2075 5061 re
2098 5008 2302 5076 aliquid
2380 5007 2474 5039 ¹¹⁰⁸
2496 5007 2574 5060 Eo
2603 5007 2792 5061 melius
2815 5023 2936 5064 esse
2951 5005 3200 5065 msIVict.
3233 5014 3316 5066 15.
3348 5030 3413 5067 eo

138 5082 326 5147 majus
351 5095 473 5134 esse
546 5079 640 5111 ¹¹⁶⁸
665 5079 766 5133 Aut
795 5093 902 5132 non
929 5075 1138 5132 esthoc
1167 5094 1234 5132 ex
1261 5078 1345 5131 his
1375 5078 1549 5132 tribus
1578 5075 1750 5143 majus
1807 5078 2048 5148 cogitare
2087 5075 2226 5132 valet
2281 5094 2407 5132 mss.
2466 5088 2559 5131 aut
2608 5078 2810 5146 aliquid
2862 5081 2961 5134 hoc
2991 5080 3162 5147 majus
3185 5083 3411 5148 cogitari

138 5096 326 5147 majus
351 5095 473 5134 esse
550 5094 640 5111 ἰν
665 5094 766 5133 At]!
795 5094 902 5132 non
929 5094 1013 5132 est
1038 5094 1138 5132 uoc
1167 5094 1234 5132 ex
1261 5094 1345 5131 ms
1375 5094 1549 5132 ll'lDllS
1578 5094 1750 5143 majus
1807 5094 2048 5200 cogitare
2087 5094 2226 5132 valet
2281 5094 2407 5132 mss.
2466 5094 2559 5131 aut
2608 5094 2810 5158 anqum
2862 5094 2961 5134 noc
2991 5094 3162 5147 majus
3185 5094 3411 5148 cogitari

137 5150 360 5219 potest?
381 5159 477 5221 aut
500 5165 605 5203 non
627 5161 702 5204 est
732 5149 834 5202 hoc
858 5164 924 5221 ex
953 5149 1018 5204 iis
1044 5149 1518 5221 quibuseogitari
1551 5147 1691 5221 valet
1720 5164 1817 5200 ms.
1897 5147 2058 5221 ’ἱειενΖ
2085 5158 2180 5203 aut
2221 5149 2421 5217 aliquid
2470 5149 2582 5221 hoc
2625 5163 2799 5217 majus
2826 5151 3057 5221 cogitari
3093 5153 3301 5219 potest?
3342 5168 3412 5205 an

138 5216 249 5275 non
306 5236 374 5274 ex
413 5217 502 5290 his
552 5217 960 5290 quibusmajns
989 5216 1171 5288 potest
1217 5216 1861 5290 __“’°"Conjieere"iniquo
1889 5234 1986 5290 ms.
2017 5216 2164 5272 Gem.
2198 5216 2438 5290 cogitare
2468 5219 2518 5272 id
2551 5234 2660 5288 quo
2683 5216 2778 5272 ms.
2812 5216 2966 5290 Cora.
2999 5216 3320 5290 convincere
3357 5221 3412 5274 id

136 5307 251 5360 quo
290 5291 430 5360 __“°‘
459 5289 540 5360 Eg
570 5286 654 5344 his
704 5289 864 5343 rebus
893 5286 1038 5360 mss.
1066 5304 1132 5360 ex
1169 5287 1304 5360 aliis
1338 5286 1552 5360 rebus‘
1588 5287 1681 5360 "fl
1710 5286 1918 5360 Conjici
1952 5303 2112 5357 posse
2148 5286 2456 5360 jmsftlorb.
2499 5286 2720 5360 cogitari
2766 5287 2924 5360 posse
2998 5289 3091 5323 ¹²⁰³
3121 5293 3189 5345 At
3217 5295 3260 5344 si
3289 5291 3413 5360 quis

138 5356 243 5415 ms.
287 5357 428 5414 Vict.
476 5359 561 5413 15.
589 5367 645 5414 et
668 5360 713 5414 si
755 5361 900 5429 quis,
952 5359 1044 5391 ¹²⁰⁹
1077 5356 1192 5429 Sed
1214 5365 1269 5412 et
1304 5357 1352 5412 si
1381 5375 1479 5412 ms.
1513 5356 1571 5412 S.
1607 5357 1778 5429 llic/t7.
1827 5356 1920 5429 sed
1949 5356 1995 5412 si
2072 5359 2162 5390 ¹²¹⁰
2190 5358 2424 5429 cogitari
2452 5359 2533 5413 vel
2573 5356 2798 5428 intelligi
2825 5359 2953 5429 illud
2989 5375 3098 5429 quo
3125 5378 3223 5415 ms.
3251 5356 3407 5414 σὸν-ὑ.

139 5431 380 5502 cogitari
408 5429 536 5485 illud
555 5426 912 5502 iveljintetligi
929 5444 1041 5502 rem
1075 5426 1372 5502 subjectum
1408 5429 1480 5481 illi
1515 5442 1623 5502 quo
1649 5428 1788 5502 ___“_”
1819 5428 2162 5502 Non__tameu_
2181 5426 2375 5502 falsum
2400 5440 2566 5502 esset,
2611 5426 3178 5502 quoinajusjcogitari
3226 5433 3412 5500 nequit

137 5497 243 5554 ad.
267 5499 430 5554 Corb.
459 5500 776 5570 omittistaj
823 5499 915 5570 ¹ξ¹²
955 5497 1194 5570 Cogitari
1245 5512 1404 5570 posse
1449 5506 1504 5552 et
1534 5497 1755 5570 intelligi
1789 5515 1887 5570 ms.
1934 5498 2069 5552 Vict.
2099 5499 2377 5570 13.jomit.
2415 5497 2639 5570 cogitari
2717 5499 2896 5570 “"7Si
2929 5497 3072 5553 enim
3101 5501 3256 5555 .nihil
3283 5497 3416 5556 ut...

138 5573 283 5624 sicut
313 5571 466 5625 eiiim
501 5568 638 5624 nihil
713 5569 808 5606 ¹²¹⁸
838 5568 1074 5643 Cogitari
1112 5583 1217 5622 non
1257 5569 1444 5643 possit,
1479 5568 1566 5643 cui
1593 5568 1849 5643 convenit
1879 5585 1983 5622 non
2011 5568 2298 5643 cogitabile
2330 5568 2432 5643 diei
2463 5568 2586 5624 mss.
2613 5569 2838 5641 cogitari
2870 5579 3046 5639 potest
3077 5587 3177 5626 non
3210 5575 3406 5643 cogita-

139 5640 274 5710 bile,
309 5641 566 5711 quamvis
613 5639 750 5697 illud
789 5639 1014 5711 cogitari
1044 5653 1154 5696 non
1186 5640 1380 5710 possit,
1404 5639 1489 5695 cui
1517 5639 1773 5697 convenit
1803 5654 1909 5695 non
1938 5639 2222 5710 cogitabile
2241 5638 2347 5696 dici
