3926 6054
200 228 305 284 »εστ
1488 224 1579 311 na
1617 224 1772 281 non
1812 222 2225 280 ratamrts.
3348 206 3455 261 262

208 356 315 411 que
336 338 599 409 profunda
624 345 703 394 est
726 348 784 393 ut
814 354 843 393 a
866 338 1183 393 mortalibus
1219 346 1450 407 nequeat
1491 338 1793 403 exhauriri;

1887 332 2103 394 sumpta
2126 332 2213 379 est
2232 337 2264 379 a
2291 320 2527 393 quodam
2553 336 2756 378 clerico
2782 323 2836 376 in
2865 320 3093 377 Francia
3120 320 3244 377 talis
3275 336 3457 375 asser-

207 440 263 485 et
295 428 555 484 Dominus
577 444 629 482 ιιι
662 427 901 484 Ecclesia
918 442 1036 492 sua,
1061 442 1183 480 cum
1218 441 1322 495 qua
1373 441 1433 480 se
1474 441 1595 481 esse
1626 442 1797 495 usque
1889 421 2003 474 tio:
2036 417 2098 473 Si
2121 418 2179 471 in
2211 417 2339 485 Deo,
2366 417 2562 486 inquit,
2586 426 2690 470 tres
2711 431 2949 485 persona:
2974 426 3096 470 sunt
3118 430 3227 469 una
3252 417 3457 468 tantum

208 523 279 577 ad
329 522 850 576 consummationem
900 520 1083 575 saeculi
1133 519 1421 587 promittit,
1451 519 1638 589 gratia:
1689 534 1794 573 smn

1885 526 2005 575 res;
2027 518 2075 564 et
2101 527 2204 565 non
2226 518 2356 564 sunt
2374 519 2478 564 tres
2500 525 2577 562 res
2601 524 2929 578 unaquaeque
2952 525 3045 578 per
3070 522 3125 561 se
3145 507 3454 576 separatim,

207 614 353 668 dona
378 628 484 667 non
519 609 718 667 desinit
738 609 1026 682 impertiri.
1068 609 1157 675 Et,
1198 608 1379 664 utalia
1415 619 1643 671 taceam,
1673 609 1797 678 qui-

202 706 316 760 bus
359 718 519 760 sacra
562 703 758 774 pagina
806 717 905 758 nos
959 702 1025 757 ad
1067 700 1491 770 investigandum
1535 700 1835 755 rationem'

202 798 425 863 invitat,
455 796 545 853 ubi
574 797 703 852 dicit
729 814 743 851 :
776 797 904 851 Nisi
966 796 1318 860 credideritis,
1344 810 1448 849 non
1499 793 1798 865 intelligetis

196 888 350 961 (Ιια.
400 903 500 953 vn,
528 888 605 955 9),
638 898 826 957 aperte
870 902 966 942 nos
1000 894 1180 942 mouet
1215 886 1305 918 ω’
1334 886 1687 941 intentionem
1728 884 1797 939 ad

198 978 541 1034 intellectum
570 978 868 1034 extendere
891 995 909 1043 ;
947 993 1072 1032 cum
1096 977 1257 1032 docet
1280 977 1513 1045 qualiter
1541 977 1609 1029 ad
1645 974 1794 1029 illum

203 1065 502 1118 debeamus
527 1062 812 1133 proﬁcere.
854 1062 1095 1132 Denique
1140 1063 1394 1132 quoniam
1448 1062 1593 1115 inter
1636 1060 1793 1115 [idem

198 1158 263 1203 et
289 1149 527 1217 speciem
550 1148 904 1213 intellectum,
931 1163 1092 1216 quem
1144 1147 1198 1201 in
1244 1147 1346 1202 hac
1367 1147 1475 1201 vita
1529 1145 1792 1216 capimus,

200 1253 329 1293 esse
377 1238 612 1294 medium
642 1237 903 1308 intelligo,
926 1248 1127 1307 quanto
1150 1237 1350 1307 aliquis
1382 1238 1450 1291 ad
1480 1236 1626 1291 illum
1671 1253 1797 1307 pro-

204 1328 338 1387 licit,
375 1337 524 1382 tanto
546 1343 671 1383 eum
713 1329 1082 1398 propinquare
1129 1328 1329 1398 speciei
1359 1327 1449 1398 (ad
1486 1343 1647 1398 quam
1679 1342 1795 1383 oat-

194 1435 304 1474 nes
325 1420 669 1490 anhelamus)
695 1420 964 1476 existimo.
1022 1419 1134 1474 llac
1187 1420 1348 1491 igitur
1392 1435 1521 1490 ergo
1546 1421 1787 1476 conside-

195 1511 441 1574 ratione,
469 1508 595 1564 licet
618 1510 719 1564 sim
740 1510 900 1565 homo
949 1524 1129 1579 parvae
1171 1510 1332 1565 nimis
1358 1510 1616 1575 scientiae,
1659 1526 1791 1566 con-

192 1600 459 1666 lortatns,
488 1601 555 1656 ad
584 1615 777 1656 eorum
809 1616 928 1669 qua:
949 1601 1222 1656 credimus
1243 1640 1260 1667 ,
1292 1602 1556 1656 rationem
1581 1603 1792 1657 intuen-

1881 602 2014 657 sicttt
2041 611 2145 657 tres
2169 600 2371 673 angeli,
2390 610 2484 655 aut
2505 610 2609 655 tres
2632 601 2827 655 anima:
2848 616 2866 655 :
2892 602 2967 655 ita
2990 611 3165 655 tamen
3190 608 3245 653 ut
3273 609 3458 670 polen-

1883 695 1957 749 tia
1979 706 2029 749 et
2047 694 2315 749 voluntate
2334 696 2548 749 omnino
2568 696 2673 749 sint
2693 695 2831 749 idem
2850 707 2867 748 :
2890 710 3012 762 ergo
3036 692 3200 746 Pater
3217 700 3267 744 et
3290 691 3459 759 Spiri-

1882 796 1964 842 tus
1987 797 2201 843 sanctus
2220 803 2340 842 cum
2357 786 2501 842 Filio
2517 796 2591 842 est
2611 790 2942 842 incarnatus.
2956 786 3111 853 Quod
3133 802 3257 840 cum
3281 785 3346 839 ad
3372 800 3459 839 me

1880 879 2151 947 perlatum
2174 890 2341 943 esset,
2387 878 2568 949 incepi
2595 888 2787 935 contra
2812 880 2960 934 hunc
2985 893 3231 934 errorem
3262 892 3460 948 quam-

1879 971 2001 1026 dam
2035 974 2345 1041 epistolam,
2371 989 2554 1043 quam,
2579 983 2735 1044 parte
2766 973 3002 1044 quadam
3031 974 3200 1037 edita,
3230 973 3459 1042 perlice-

1878 1079 1938 1118 re
1980 1067 2284 1134 contempsi
2326 1066 2561 1121 credens
2604 1080 2712 1120 non
2742 1081 2806 1120 ea
2841 1080 2981 1135 opus
3013 1080 3163 1130 esse;
3197 1064 3455 1134 quoniam

1877 1164 1931 1209 et
1961 1155 2073 1216 ille,
2099 1165 2290 1211 contra
2325 1172 2488 1226 quem
2522 1157 2710 1222 ﬁebat,
2742 1157 2794 1211 in
2826 1156 3064 1211 concilio
3087 1172 3118 1210 a
3151 1155 3455 1210 venerabili

1877 1246 2131 1304 Remensi
2163 1248 2582 1319 archiepiscOpo
2609 1249 2891 1320 Raynaldo
2925 1249 3178 1313 collecto,
3205 1262 3452 1302 errorem

1877 1338 1987 1411 42
2016 1356 2176 1395 suum
2205 1342 2552 1411 abjuraverat
2580 1350 2634 1395 et
2668 1342 2854 1397 nullus
2886 1340 3179 1395 videbatur
3206 1341 3301 1408 qui
3328 1355 3453 1395 eum

1875 1448 2062 1486 errare
2087 1432 2397 1501 ignoraret;
2423 1443 2632 1503 partem
2657 1442 2836 1487 tamen
2864 1434 3009 1487 illam
3029 1449 3191 1502 quam
3216 1433 3452 1488 feceram

1875 1524 2097 1594 quidam
2116 1523 2333 1587 fratres,
2356 1540 2441 1578 me
2463 1524 2769 1589 nesciente,
2785 1526 3271 1594 trauscripserunt,
3289 1536 3455 1595 atque

1875 1617 1999 1671 aliis
2021 1616 2304 1686 legendam
2333 1618 2713 1684 tradiderunt;
2744 1618 2893 1687 quod
2921 1618 3130 1674 idcirco
3157 1619 3282 1674 dico
3306 1628 3383 1683 ut,
3407 1621 3455 1674 si

195 1693 351 1755 (1³11³.
380 1703 640 1760 dumdum
678 1707 910 1763 superna
946 1692 1118 1763 ετθιίθ
1173 1694 1303 1747 mihi
1358 1694 1488 1749 dare
1518 1694 1789 1765 dignam".
1826 1710 1931 1770 Bin
1971 1709 2202 1779 alicujus
2232 1725 2429 1765 manus
2464 1699 2590 1779 pars
2626 1710 2715 1764 illa
2749 1712 2986 1774 venerit,
3027 1726 3339 1781 quanquam
3378 1712 3453 1765 ibi

202 1782 508 1851 aliquando
535 1797 705 1837 conor
725 1797 1010 1852 assurgere
1042 1783 1153 1847 ¹¹⁸⁸,
1184 1789 1239 1837 et
1263 1799 1385 1838 cum
1413 1782 1615 1853 aliquid
1649 1785 1794 1854 quod

198 1874 354 1942 prius
375 1889 483 1928 non
509 1873 758 1929 videbam
791 1874 1021 1943 reperio,
1044 1874 1095 1929 id
1125 1874 1245 1929 aliis
1298 1874 1528 1930 libenter
1563 1876 1790 1946 aperio;

199 1972 473 2033 quatenus
500 1964 631 2034 quid
650 1979 842 2020 secure
893 1972 1080 2020 tenere
1106 1966 1350 2028 debeam,
1386 1965 1560 2020 alieno
1588 1967 1794 2022 distant

200 2055 423 2125 judicio.
456 2055 815 2125 Quapropter,
843 2056 915 2110 mi
943 2065 1099 2126 pater
1137 2063 1193 2113 et
1212 2056 1448 2122 domine,
1473 2057 1796 2114 Christianis

198 2148 459 2203 omnibus
478 2163 608 2203 cum
626 2147 927 2203 reverentia
959 2148 1212 2212 amando,
1248 2156 1305 2203 et
1342 2164 1466 2203 cum
1490 2164 1676 2204 amore
1705 2164 1796 2205 re-

200 2238 465 2303 vcreude,
492 2252 629 2308 papa
661 2238 899 2305 Urbane,
943 2253 1100 2308 quem
1129 2239 1223 2294 Dei
1257 2240 1590 2309 providentia
1620 2240 1674 2294 in
1698 2256 1794 2295 sua

200 2324 451 2381 Ecclesia
498 2342 770 2383 summum
821 2328 1104 2385 constituit
1152 2327 1490 2399 pontiﬁcem,
1542 2332 1793 2398 quoniam

200 2416 337 2470 nulli
391 2418 590 2472 rectius
637 2435 883 2489 possum,
932 2430 1130 2476 vestrae
1170 2421 1478 2476 sanctitatis
1530 2432 1796 2492 praesento

196 2509 520 2577 conspectui
548 2509 821 2566 subditum
847 2512 1190 2582 opusculum,
1220 2504 1275 2568 ut
1303 2511 1419 2581 ejus
1451 2514 1792 2578 auctoritate,

194 2620 323 2674 qtue
346 2605 419 2659 ibi
443 2605 782 2676 suscipienda
830 2615 977 2672 sunt,
1004 2607 1373 2678 approbentur
1395 2648 1411 2673 ,
1440 2616 1497 2663 et
1524 2623 1645 2679 qua:
1673 2622 1797 2664 cor-

200 2694 431 2765 rigenda
465 2704 593 2750 sunt
618 2697 1002 2753 emendentur.

202 2802 435 2857 Domino
463 2815 513 2858 et
538 2802 692 2860 Patri
715 2807 970 2860 universae
1015 2803 1267 2861 Ecclesiae
1309 2808 1365 2861 in
1393 2818 1533 2864 terra
1571 2807 1794 2878 peregria

271 2890 473 2953 nantis,
528 2906 733 2945 summa
770 2892 1007 2961 pontiﬁci
1038 2891 1259 2950 Uaaaso
1280 2935 1295 2959 ,
1326 2896 1490 2965 frater
1514 2896 1796 2951 ANBELIUS

270 2981 381 3034 vita
406 2992 667 3049 peccator,
685 2983 866 3036 habitu
888 2985 1195 3049 monachus,
1208 2985 1312 3038 sive
1331 2985 1539 3054 iubente
1557 2988 1662 3040 sive
1684 3002 1797 3055 per-

1875 1801 2011 1856 nibil
2040 1801 2237 1856 lalsum
2271 1802 2364 1863 sit,
2406 1811 2586 1856 tamen
2622 1811 2879 1881 tanquam
2914 1801 3235 1871 imperfecta
3267 1810 3319 1855 et
3344 1816 3454 1854 non

1871 1894 2145 1963 exquisita
2176 1893 2548 1963 relinquatur;
2577 1903 2630 1947 et
2656 1893 2745 1948 hic
2771 1894 2915 1963 quod
2963 1893 3075 1947 illic
3105 1892 3307 1962 incepi,
3331 1892 3458 1959 dili-

1871 1985 2091 2056 gentius
2112 1984 2387 2053 inceptum
2410 1993 2466 2039 et
2486 1984 2787 2053 perlectum
2812 1985 3140 2053 requiratur.
3160 1986 3463 2055 Postquam.

1870 2077 2018 2132 enim
2046 2077 2100 2131 in
2125 2076 2316 2146 Anglia
2345 2075 2413 2130 ad
2443 2076 2844 2146 episcOpatum,
2870 2078 3059 2133 nescio
3087 2093 3189 2145 qua
3224 2077 3316 2130 Dei
3346 2076 3456 2131 dis-

1870 2169 2169 2240 positione,
2199 2178 2393 2239 captus
2423 2180 2481 2225 et
2512 2179 2763 2225 retentus
2792 2185 2913 2224 sum
2943 2189 2956 2234 ;
2988 2170 3173 2224 audivi
3200 2171 3293 2202 ηδ’
3317 2184 3454 2237 prte-

1874 2260 2002 2315 latze
2035 2260 2299 2317 novitatis
2326 2269 2607 2316 auctorem
2638 2261 2693 2315 in
2722 2276 2820 2316 sua
2852 2271 3298 2329 perseverantem
3327 2276 3451 2315 scn-

1875 2352 2042 2405 tentia
2073 2349 2262 2406 dicere
2290 2364 2350 2405 se
2373 2365 2483 2405 non
2514 2350 2586 2405 ob
2615 2350 2763 2406 aliud
2818 2351 3099 2420 abjurasse
3128 2348 3273 2419 quod
3300 2350 3450 2404 dicc-

1871 2442 1987 2504 bat,
2019 2440 2125 2497 nisi
2150 2441 2278 2511 quia
2304 2457 2332 2497 a
2359 2442 2566 2512 populo
2599 2440 2832 2496 interlici
2865 2441 3112 2497 timebat.
3146 2440 3256 2494 liac
3286 2440 3452 2508 igitur

1872 2547 2040 2588 causa
2060 2531 2284 2602 quidam
2312 2533 2515 2588 fratres
2540 2532 2798 2603 precibus
2819 2532 2935 2587 suis
2959 2546 3045 2586 me
3069 2539 3367 2601 coegerunt
3393 2538 3453 2584 ut

1870 2622 2144 2677 solverem
2169 2622 2557 2691 quaestionem,
2576 2637 2683 2691 qua
2708 2621 2825 2692 ipse
2846 2624 2929 2675 sic
2954 2620 3207 2675 irretitus
3226 2628 3364 2682 erat,
3390 2626 3454 2673 ut

1872 2713 2028 2769 nullo
2054 2712 2218 2770 modo
2237 2728 2298 2769 se
2317 2712 2561 2782 expediri
2582 2712 2652 2766 ab
2671 2727 2735 2767 ea
2758 2726 2916 2780 posse
2937 2711 3193 2767 crederet
3210 2710 3324 2777 ’ως
3345 2710 3450 2766 nisi

1873 2817 1969 2862 aut
2002 2807 2381 2863 incarnatione
2417 2805 2512 2860 Dei
2547 2805 2723 2861 Patris
2748 2813 2804 2858 et
2831 2804 3070 2874 Spiritus
3111 2804 3311 2870 sancti,
3354 2811 3454 2859 aut

1874 2898 2105 2954 deorum
2125 2899 2214 2931 ‘W
2241 2896 2594 2952 multitudine
2626 2911 2687 2952 se
2710 2895 2805 2928 ““
2827 2895 3141 2965 impediret.
3169 2894 3323 2961 Quod
3357 2910 3452 2949 ro—

1876 3005 1943 3059 go
1968 3005 2038 3044 ne
2070 2990 2196 3051 quis
2230 2997 2387 3059 putet
2419 2986 2830 3058 praesnmpsisse
2870 3002 2954 3041 me
2984 2985 3141 3055 quasi
3173 2985 3453 3040 fortitudi-

270 3073 512 3125 mittente
537 3072 666 3139 Deo,
698 3071 1003 3127 Cantuarios
1032 3075 1327 3142 metropolis
1362 3086 1574 3130 vocatas
1594 3078 1794 3146 cpisco-

1877 3099 2002 3139 nem
2038 3082 2165 3138 ﬁdei
2188 3082 2538 3143 Christianae,
2570 3094 2706 3135 mea
2730 3078 3042 3135 existimem
3076 3076 3323 3146 indigere
3355 3076 3453 3129 de-

271 3185 401 3238 pns,
432 3168 658 3222 debitam
711 3168 1105 3238 subjectionem,
1137 3185 1257 3223 cunt
1282 3170 1468 3225 humili
1491 3172 1720 3237 seruitio,
1745 3180 1795 3226 et

270 3265 478 3319 devotis
500 3265 845 3319 orationibus.
1546 3278 1551 3284 '

272 3375 546 3446 Quoniam
600 3376 777 3432 divina
810 3376 1147 3446 providentia
1191 3386 1429 3435 vestram
1473 3379 1636 3451 elegit
1664 3395 1792 3436 san-

204 3468 472 3533 ctitatem,
507 3468 593 3523 cui
632 3469 796 3522 vitam
819 3476 874 3522 et
906 3467 1063 3523 ﬁdem
1091 3468 1453 3527 Christianam
1487 3472 1795 3527 custodien-

201 3562 353 3627 dam,
379 3569 435 3615 et
469 3558 762 3616 Ecclesiam
790 3573 940 3615 suam
972 3562 1259 3630 regendam
1286 3564 1654 3619 committeret
1681 3581 1697 3631 ;
1726 3565 1794 3620 ad

207 3648 416 3704 nullum
441 3649 604 3703 alium
643 3649 847 3704 rectius
883 3648 1137 3712 refertur,
1188 3649 1234 3704 si
1285 3650 1415 3722 quid
1468 3661 1657 3707 contra
1707 3668 1795 3707 ca-

208 3744 469 3799 tholicam
498 3742 653 3799 ﬁdem
676 3744 850 3798 oritur
871 3743 923 3797 in
957 3741 1218 3806 Ecclesia,
1246 3751 1305 3797 ut
1332 3742 1450 3811 ejus
1472 3745 1796 3800 auctoritate

209 3836 544 3907 corrigatur;
569 3850 672 3891 nec
707 3834 799 3889 ulli
828 3834 916 3889 alii
950 3833 1115 3890 tutius
1140 3874 1156 3901 ,
1183 3834 1227 3889 si
1257 3835 1386 3905 quid
1413 3844 1599 3891 contra
1644 3850 1796 3892 erro-

208 3942 327 3983 rem
360 3929 733 3997 respondetur,
756 3925 1077 3992 ostenditur,
1109 3934 1170 3981 ut
1192 3925 1308 3994 ejus
1355 3926 1641 3998 prudentia
1670 3942 1798 3982 exa-

209 4020 467 4075 minetur.
496 4019 839 4091 Quapropter
863 4059 880 4086 ,
926 4018 1068 4074 sicut
1111 4017 1240 4072 nulli
1295 4018 1509 4087 dignius
1538 4033 1793 4088 possum,

209 4113 284 4167 ita
317 4111 446 4165 nulli
471 4111 1057 4181 libentiusprtcsentem
1089 4109 1575 4179 epistolam,quam
1603 4118 1798 4165 vestra:

210 4204 428 4259 destino
465 4202 775 4273 sapientiai;
839 4210 1106 4272 quatenus
1166 4200 1209 4255 si
1262 4199 1391 4269 quid
1441 4200 1495 4256 in
1523 4192 1795 4255 ea'corri-

211 4294 448 4366 gendum
475 4304 577 4356 est,
604 4300 784 4348 vestra
837 4306 1063 4347 censura
1089 4291 1407 4360 castigctur,
1436 4298 1491 4346 et
1530 4292 1672 4361 quod
1714 4306 1799 4347 re-

1876 3175 2146 3232 lensionis
2175 3174 2405 3229 auxilio.
2430 3173 2644 3242 Quippe
2677 3172 2724 3226 si
2755 3185 2856 3240 ego
2886 3168 3320 3238 contemptibilis
3351 3168 3450 3222 ho-

1878 3266 2119 3331 muncio,
2147 3273 2226 3321 tot
2250 3265 2456 3320 sanctis
2480 3273 2537 3319 et
2556 3261 2899 3331 sapientibus
2927 3261 3133 3330 ubique
3160 3259 3451 3315 existenti-

1879 3359 2075 3424 bus,ad
2092 3357 2529 3415 conﬁrmandum
2542 3354 2665 3410 lidei
2680 3354 2756 3409 Ch
2767 3353 3007 3409 ristiana:
3023 3352 3322 3406 ﬁrmament
3333 3368 3363 3403 ιι
3371 3366 3447 3418 ιιι,

1879 3452 2033 3522 quasi
2056 3467 2177 3508 mea
2208 3450 2447 3520 indigeat
2475 3448 2815 3509 defensione,
2831 3446 3039 3512 aliquid
3063 3444 3309 3501 scribere
3332 3452 3449 3497 ten-

1882 3554 2088 3607 tarem;
2121 3549 2487 3611 pra‘sumptor
2517 3538 2705 3606 utique
2733 3536 2992 3609 judicari,
3026 3544 3082 3590 et
3113 3536 3449 3591 deridendus

1879 3649 2093 3707 possem
2120 3633 2318 3689 videri.
2354 3631 2411 3686 Si
2455 3630 2603 3686 enim
2648 3642 2736 3683 me
2780 3628 3032 3684 viderent
3071 3627 3324 3683 homines
3355 3627 3447 3683 alii

1880 3732 2140 3781 onustum
2168 3721 2405 3792 paxillis,
2438 3728 2495 3775 et
2523 3719 2770 3781 funibus,
2801 3729 2856 3773 et
2883 3718 3007 3772 aliis
3032 3718 3217 3781 rebus,
3248 3717 3451 3787 quibus

1879 3816 2130 3872 nutantia
2151 3812 2309 3880 ligari
2331 3820 2387 3866 et
2405 3810 2637 3867 stabiliri
2660 3810 2753 3843 ““
2776 3809 2975 3872 solent,
2993 3809 3274 3863 elaborare
3300 3810 3446 3862 circa

1882 3915 2122 3961 montem
2151 3903 2463 3973 Olympum,
2497 3900 2565 3955 ad
2598 3899 3030 3955 conﬁrmandum
3061 3913 3210 3961 eum,
3244 3912 3314 3951 ne
3346 3898 3450 3950 ali-

1879 3998 2040 4068 cujus
2060 3996 2295 4065 impulsu
2322 4001 2541 4048 nutaret
2563 4000 2659 4047 aut
2683 3991 3132 4053 subverteretur;
3160 3988 3379 4051 mirum,
3400 3988 3446 4043 si

1879 4106 1938 4146 se
1966 4105 1997 4144 a
2038 4089 2151 4144 risu
2181 4096 2236 4142 et
2279 4086 2466 4141 derisu
2512 4084 2835 4139 contineant
2865 4081 2993 4147 "“;
3028 4089 3236 4151 quanto
3275 4079 3450 4150 magis

1879 4197 2004 4239 cum
2034 4181 2189 4251 lapis,
2220 4177 2313 4249 qui
2344 4178 2589 4233 abcissus
2615 4179 2683 4231 de
2706 4185 2893 4230 monte
2918 4174 3008 4206 "“
3027 4174 3144 4230 sine
3170 4172 3444 4236 manibus,

1882 4273 2152 4343 percussit
2176 4270 2267 4303 ’³⁸⁷
2296 4279 2352 4324 et
2381 4268 2709 4324 comminuit
2741 4276 2998 4331 statuam,
3029 4281 3192 4335 quam
3222 4265 3361 4319 vidit
3393 4266 3447 4319 in

212 4357 393 4451 gulam
445 4383 689 4438 veritatis
736 4390 904 4447 tenet,
950 4390 1128 4437 vestra
1181 4357 1507 4437 adctoritatc
1548 4357 1794 4437 vroborc-

1883 4366 2097 4421 somnio
2125 4364 2217 4397 ω’
2247 4361 2787 4423 Nabuchodonosor;
2813 4359 2923 4428 jam
2957 4357 3133 4412 factus
3165 4371 3322 4411 mons
3353 4357 3446 4389 m’

212 4490 304 4533 tur
326 4477 441 4534 "3’.

719 4563 945 4622 CAPUT
990 4561 1282 4619 PRIMUM.

439 4698 710 4753 Scribendi
733 4695 962 4761 occasio,
997 4704 1044 4750 et
1069 4704 1237 4749 status
1260 4692 1580 4765 quwstiom's.

286 4813 425 4868 Cum
452 4814 628 4867 adhuc
649 4814 701 4867 in
726 4810 880 4867 Beeci
902 4808 1228 4865 monasterio
1253 4823 1427 4864 essem
1449 4806 1636 4871 abbas,
1654 4822 1794 4879 pra:-

1882 4473 2109 4528 tnagnus
2153 4453 2461 4526 impleverit
2494 4454 2589 4485 ¹²⁸⁰
2628 4450 2941 4506 universam
2982 4458 3202 4511 terram,
3244 4447 3289 4502 si
3321 4462 3445 4501 eum

1882 4550 2021 4604 meis
2047 4548 2355 4603 rationibus
2390 4545 2585 4600 fulcire
2613 4551 2671 4599 et
2699 4543 2855 4613 quasi
2890 4548 3174 4596 nutantem
3202 4540 3447 4595 stabilire

1880 4641 2064 4705 nitar;
2095 4648 2173 4694 tot
2199 4638 2369 4693 sancti
2400 4648 2457 4692 et
2484 4635 2781 4706 sapientes,
2817 4634 2909 4704 qui
2946 4648 3113 4703 super
3140 4633 3261 4703 ejus
3284 4640 3447 4687 aeter-

1878 4747 2005 4787 nam
2033 4731 2347 4803 ﬁrmitatem
2377 4728 2469 4762 ““
2508 4742 2569 4783 se
2606 4726 2885 4782 stabilitos
2920 4740 3040 4780 esse
3069 4725 3331 4795 gaudent,
3360 4726 3446 4777 tn-

1880 4818 2094 4892 dignari
2115 4818 2247 4873 mihi
2274 4827 2529 4889 possunt;
2555 4827 2611 4874 et
2627 4817 2732 4872 hoc
2750 4816 3037 4885 imputate,
3058 4829 3165 4869 non
3189 4815 3446 4870 studiosa:

1505 4936 1731 4993 νΑιιιιΕ
1776 4920 2183 4992 LECTIONES.

292 5038 384 5071 ¹²³⁷
415 5038 616 5105 Aperte
646 5042 957 5105 monetims.
984 5030 1140 5086 Gorb.
1176 5014 1369 5100 aperte
1388 5044 1484 5083 nos
1515 5036 1697 5105 monet
1790 5027 1883 5105 "f'
1908 5025 2087 5105 conor
2114 5032 2369 5105 assumere
2385 5035 2505 5105 “uti.
2542 5016 2722 5105 ‘Corb.
2755 5015 3311 5105 conabormttssusg‘erg

219 5113 284 5166 Et
743 5081 1402 5187 "iiiii3ij§jiéliét_,ﬁéstra
1429 5081 2060 5187 attctgritaterob‘orettjr
2081 5110 2205 5187 ,ιιιεὲ
2219 5081 3478 5187 Tim.A5f§L£tfcm0£tiannnng£tt;'?0;ftn(£t2ﬂ

220 5152 1431 5251 “vcii’t'a't‘is—tetietwli“audivitimas.
1463 5152 1655 5222 audivi
1720 5169 1809 5200 η’δί
1846 5168 1918 5221 Ex
1962 5163 2096 5219 cdiri
2139 5163 2208 5217 ab
2251 5176 2316 5215 ea
2360 5159 2609 5215 crederet
2644 5153 3061 5240 mss..cxpediri
3104 5152 3172 5233 ab
3224 5165 3286 5203 ea
3318 5163 3478 5233 pose

220 5252 473 5291 ...οι-,ιρνρι
546 5246 640 5277 ηδ’
673 5249 774 5291 Attl
804 5245 1032 5291 Deorum
1062 5241 1185 5291 edit.
1233 5238 1390 5291 Goth.
1428 5240 1494 5291 de
1518 5254 1707 5291 eorum
1778 5238 1870 5270 1‘“
1898 5182 2239 5291 britltitudine
2282 5246 2341 5284 se
2383 5245 2508 5282 mss.
2555 5226 2704 5282 Gem.
2741 5226 2874 5280 Vict.
2916 5224 2968 5277 5.
3006 5221 3062 5275 S.
3096 5219 3478 5291 M3clr._btster.

218 5238 473 5307 ειοίῖιιοτρι
546 5246 640 5277 ω’
673 5249 774 5297 Aut
804 5245 1032 5297 Deorum
1062 5241 1185 5295 edit.
1233 5238 1390 5291 Goth.
1428 5240 1494 5291 de
1518 5254 1707 5294 eorum
1778 5238 1870 5270 1‘”

1950 5218 2239 5289 altitudine
2282 5246 2341 5284 se
2383 5245 2508 5282 mss.
2555 5226 2704 5282 Gem.
2741 5218 2968 5280 Victf3.
3006 5221 3062 5275 S.
3096 5220 3259 5273 Mica.
3289 5218 3478 5272 Cister.

222 5289 516 5374 raritate.
546 5289 1257 5382 mn{agiteagite};"ms
1285 5289 1768 5382 bisoititthi‘tﬁe.
1801 5289 1944 5382 ecta
1985 5305 2115 5359 Vict.
2139 5302 2206 5382 _s.
2246 5301 2408 5382 Miclt.
2440 5298 2655 5382 Πριμεε
2701 5294 2922 5382 stabiliri
2946 5292 3089 5382 υςξξ·
3116 5289 3480 5382 ﬁnitast-ein

1010 5358 1154 5435 Gem.
1188 5358 2091 5444 con—tineantrlii‘abscissusest
2120 5376 2183 5428 de
2209 5380 2390 5444 monte
2434 5386 2556 5421 mss.
2592 5366 2724 5418 Tim.
2759 5365 2908 5444 (ἔξω.
2946 5360 3078 5444 Vict.
3105 5358 3384 5444 abscissus
3414 5359 3482 5444 de

610 5428 964 5523 Etvpercussil
994 5447 1459 5523 inssLGemquict.
1486 5428 1904 5523 (gister.__'_l'litt._p

223 5530 316 5562 ηδ’
370 5527 567 5581 Factus
616 5516 719 5577 est'
746 5537 899 5578 mons
946 5538 1068 5573 mss.
1105 5517 1249 5573 Gem.
1280 5516 1466 5571 Cister.
1499 5518 1630 5570 'I'lm.
1669 5517 1802 5570 Vict.
1828 5517 1984 5570 Corb.

1908 5427 2137 5500 ercussit
2207 5441 2299 5473 ‘m
2331 5442 2386 5493 In
2414 5452 2606 5493 somno
2657 5451 2781 5487 mss.
2806 5432 2953 5487 Gem.
2987 5429 3136 5500 iri/iet.
3165 5427 3225 5500 _i_n
3272 5427 3482 5500 somnio

2061 5514 2155 5545 ¹²⁸⁰
2189 5512 2251 5564 Et
2277 5508 2579 5578 impleverit
2605 5502 2945 5578 mss._Gister.
2982 5499 3116 5554 Tlm.
3164 5497 3296 5553 Vict.
3327 5496 3481 5555 Gem.

222 5575 389 5654 Corb:
414 5575 725 5668 impleverit
746 5575 774 5578 ν
798 5592 891 5624 ¹¹³¹
932 5589 1036 5647 Pro
1064 5588 1179 5659 ejus
1225 5597 1427 5644 aeterna
1467 5588 1723 5643 ﬁrmitate
1770 5604 1895 5642 nisa.
1946 5600 2111 5657 super
2135 5582 2251 5653 ejus
2304 5575 2561 5637 mternam
2618 5575 2924 5628 ﬁrmitatem
