3916 6054
422 237 531 294 263

985 234 1044 290 S.
1085 230 1387 289 ANSELMI
1422 229 1773 288 CANTUAR.
1811 227 2137 285 ARCHIEP.
2183 230 2333 287 OPP.
2381 229 2560 285 PARS
2596 229 2640 284 l.
2674 257 2744 270 -—
2780 224 3203 285 DOGMATICA.

3593 230 3703 290 2ΰό

426 345 808 419 gravitati,scd
831 344 1104 414 iactantire
1146 345 1350 400 levitati
1381 343 1516 396 ηυγ
1555 343 1612 397 Si
1632 342 1762 413 quid
1788 356 1918 410 ergo
1939 342 2005 396 de
2036 345 2081 403 Α
2112 342 2285 398 lectus
2309 341 2581 398 delectum
2649 348 2909 410 cogantur
2950 322 3303 396 descendere.
3334 338 3521 398 Palam
3544 359 3700 401 nam-

426 442 680 495 ﬁrmitate
703 438 822 495 ﬁdei
849 448 1044 493 nostra:
1066 437 1118 490 in
1147 437 1248 491 hac
1270 435 1496 505 epistola
1521 436 1615 466 ¹²⁸³
1636 435 2008 504 disputavero,

428 549 535 588 non
558 531 727 586 estad
762 528 1185 584 conﬁrmandam
1220 526 1386 592 illam,
1433 526 1527 582 sed
1559 527 1624 582 ad
1648 526 1875 580 fratrum
1905 527 2009 581 hoc

427 622 751 693 exigentium
780 621 1029 690 precibus
1062 619 1153 649 "“
1178 617 1641 673 satisfaciendum.
1696 617 1801 672 Sed
1831 618 1885 671 si»
1920 618 2009 672 ille

427 716 515 783 qui
567 712 837 783 praefatam
880 710 1103 781 protulit
1142 710 1488 775 sententiam,
1540 711 1650 765 Deo
1676 710 2006 779 corrigente,

426 806 494 859 ad
516 804 797 857 veritatem
829 802 1007 867 rediit,
1049 799 1354 856 nullatenus
1376 809 1526 871 putet
1559 816 1645 856 me
1680 802 1732 856 in
1767 802 1870 855 hac
1899 802 2011 871 epio

426 894 561 947 stola
591 901 777 948 contra
827 907 884 947 se
932 892 1106 963 loqui;
1159 892 1282 961 quia
1307 890 1420 960 jam
1453 908 1558 948 non
1608 892 1859 962 estquod
1886 888 2009 948 fuit.

428 985 484 1038 Si
507 984 650 1037 enim
680 984 781 1037 fuit
801 984 1093 1054 aliquando
1147 990 1407 1050 tenebrat,
1450 1002 1595 1041 nunc
1637 995 1816 1041 autem
1842 985 1930 1039 lux
1959 986 2011 1039 in

426 1074 681 1137 Domino;
713 1090 816 1127 non
853 1084 977 1129 sunt
999 1077 1289 1146 arguendae
1323 1076 1555 1129 tenebrae
1604 1091 1724 1144 qua:
1763 1074 1874 1143 jam
1906 1092 2012 1129 non

425 1173 570 1228 sunt,
608 1163 703 1217 sed
750 1163 838 1216 lux
870 1166 1220 1234 approbanda
1270 1181 1388 1235 qua:
1416 1166 1576 1220 lucet.
1631 1166 2013 1220 Verumtamen

425 1256 539 1310 sive
565 1257 742 1311 adhuc
789 1258 857 1311 ad
904 1258 1079 1313 lucem
1110 1259 1350 1323 redierit,
1405 1259 1521 1314 sive
1559 1274 1696 1318 non;
1760 1258 2014 1327 quoniam

426 1348 601 1402 sentio
632 1348 881 1403 laborare
910 1350 1091 1419 plures
1130 1350 1184 1404 in
1212 1350 1401 1405 eadem
1449 1350 1767 1419 quaestione,
1804 1349 2017 1405 etiamsi

428 1439 558 1493 ﬁdes
584 1440 638 1493 in
670 1440 775 1495 illis
800 1454 1025 1511 superet
1073 1445 1359 1506 rationem,
1410 1458 1531 1512 quae
1570 1444 1673 1497 illis
1725 1443 1843 1497 ﬁdei
1872 1444 2020 1495 vidr-

429 1534 516 1580 tnr
566 1543 915 1599 repugnare,
984 1546 1087 1585 non
1133 1531 1264 1585 mihi
1317 1533 1528 1587 videtur
1567 1532 1894 1602 superﬂuum
1932 1547 2010 1586 re-

427 1623 780 1691 pugnantiam
813 1622 972 1677 istam
1006 1623 1330 1679 dissolvere.

1050 1817 1275 1873 CAPUT
1311 1816 1373 1871 ll.

429 1931 582 1998 Quod
606 1947 770 1984 sacrm
811 1931 935 2000 ﬁdei
974 1932 1308 2001 qtta'stiones,
1364 1946 1493 1998 quas
1524 1929 1869 2001 disputamus,
1919 1936 2010 1981 aut

498 2003 773 2064 rimamur,
806 1997 908 2054 non
935 1997 1151 2071 quilibet
1193 1997 1486 2071 dialectici,
1521 2002 1609 2071 sed
1651 2000 1704 2052 in
1727 1997 2011 2068 Scripturis

496 2074 662 2125 sacris
690 2073 886 2139 experti
909 2070 1171 2141 suscipere
1205 2070 1472 2124 humiliter
1496 2070 1703 2127 debent.

496 2184 601 2238 Sed
649 2184 963 2254 priusquam
1014 2185 1080 2239 de
1126 2184 1423 2254 quaestiOne
1470 2184 1757 2250 disseram,
1812 2184 2014 2253 aliquid

424 2276 749 2346 pmnnittam
800 2276 865 2329 ad
895 2275 1344 2344 compescendam
1398 2289 1585 2329 eorum
1643 2276 2016 2344 praesumptio-

427 2386 570 2431 nem.
594 2369 684 2439 qui
720 2368 946 2424 nefanda
996 2371 1303 2424 temeritate
1329 2370 1527 2423 audent
1564 2369 1841 2439 disputare
1888 2383 2017 2422 con-

433 2473 510 2516 tra
548 2462 751 2531 aliquid
778 2476 991 2526 eorum,
1030 2477 1151 2532 qua:
1183 2462 1312 2517 ﬁdes
1347 2462 1653 2517 Christiana
1704 2465 2013 2528 conlitetur,

427 2552 682 2619 quoniam
736 2552 787 2604 id
839 2550 1110 2605 intellectu
1158 2566 1350 2621 capere
1398 2560 1707 2620 nequeunt:
1748 2558 1803 2606 et
1840 2552 2017 2621 potius

430 2641 703 2709 ins'pieuti
744 2639 995 2706 superbia
1027 2640 1269 2710 iudicant
1320 2641 1626 2697 nullatenus
1666 2656 1825 2712 posse
1873 2657 2014 2709 esse,

430 2733 573 2801 quod
607 2740 883 2801 nequeunt
939 2732 1277 2803 intelligere;
1327 2748 1487 2803 quam
1540 2735 1727 2789 humili
1751 2736 2015 2807 sapientia

432 2822 708 2874 fateantur
738 2836 857 2875 esse
886 2822 1052 2875 multa
1103 2838 1259 2891 posse
1283 2863 1297 2887 ,
1355 2840 1460 2894 qua
1515 2825 1607 2857 ¹¹⁵⁸
1636 2826 1736 2897 ipsi
1774 2843 1878 2883 non
1926 2845 2021 2885 va-

434 2911 582 2965 leant
642 2912 1119 2981 comprehendere.
1171 2912 1357 2968 Nullus
1413 2916 1610 2985 quippe
1675 2917 2018 2976 Christianus

430 3003 593 3058 debet
618 3003 892 3073 disputare
927 3007 1196 3074 quomodo
1219 3008 1361 3076 quod
1410 3010 1678 3066 catholica
1711 3012 1803 3044 "“
1834 3014 2019 3071 Eccle-
2044 3047 2090 3107 ο

429 3093 508 3148 sia
536 3095 698 3148 corde
727 3095 922 3159 credit,
954 3104 1011 3149 et
1032 3112 1127 3151 ure
1152 3098 1461 3161 conﬁtetur,
1493 3116 1597 3154 non
1628 3102 1725 3169 sit;
1751 3104 1843 3157 sed
1868 3119 2023 3160 sem-

429 3200 528 3255 per
559 3186 806 3239 eamdem
851 3187 1006 3241 ﬁdem
1039 3188 1409 3245 indubitanter
1461 3194 1713 3259 tenendo,
1761 3198 2013 3265 amando,

428 3285 485 3331 et
510 3280 803 3331 secundum
834 3278 981 3332 illam
1030 3281 1279 3345 vivendo,
1322 3284 1598 3339 humiliter
1643 3298 1901 3353 quantum
1925 3304 2019 3359 po-

431 3371 556 3425 test,
575 3378 820 3430 quaerere
869 3364 1133 3418 rationem
1178 3370 1446 3434 quomodo
1485 3371 1555 3423 sit
1597 3372 1712 3425 ηδτ.
1751 3371 1808 3427 Si
1842 3383 2018 3442 potest

432 3449 752 3519 intelligere,
800 3450 910 3505 Deo
965 3453 1171 3520 gratias
1209 3464 1365 3521 agat;
1417 3457 1463 3510 si
1519 3473 1623 3511 non
1664 3469 1861 3528 potest,
1910 3464 2016 3517 nun

430 3535 691 3589 immittat
755 3551 960 3590 cornua
1010 3536 1078 3590 ad
1132 3539 1535 3606 ventilandum,
1591 3544 1685 3597 sed
1737 3547 2019 3602 submittat

431 3636 592 3693 caput
623 3627 688 3679 ad
711 3626 1099 3682 venerandum.
1127 3627 1300 3682 Citius
1332 3632 1474 3685 enim
1501 3642 1681 3701 potest
1717 3636 1771 3690 in
1799 3654 1856 3693 se
1881 3654 2013 3695 con-

431 3715 604 3769 ﬁdens
634 3716 723 3747 ¹³⁵⁸
751 3717 981 3770 humana
1004 3718 1264 3787 sapientia
1290 3719 1633 3793 impingendo
1660 3742 1861 3784 cornua
1914 3732 2017 3787 sibi

431 3807 688 3872 evellere,
713 3824 874 3877 quam
904 3809 954 3863 vi
987 3810 1206 3865 nitendo
1236 3821 1444 3880 petram
1477 3816 1618 3871 hanc
1643 3820 1876 3875 evellere
1904 3824 2016 3877 “'9.

433 3898 623 3953 Solent
650 3900 794 3954 enim
840 3900 1081 3969 quidam,
1122 3917 1244 3957 cum
1297 3905 1561 3973 coeperint
1606 3911 1761 3977 quasi
1816 3928 2018 3969 cornua

430 3989 756 4046 conﬁdentis
789 3992 881 4022 ¹²⁶⁸
915 3992 1017 4047 sibi
1051 3994 1291 4048 scientire
1345 3997 1659 4064 producere,
1716 4004 2020 4062 nescientes

430 4081 573 4149 quod
594 4081 638 4135 si
664 4081 787 4148 quis
828 4081 1061 4136 aestimat
1117 4097 1175 4136 se
1204 4084 1347 4137 seire
1380 4084 1613 4152 aliquid,
1657 4091 1889 4147 nondum
1924 4109 2021 4150 eo.

432 4170 617 4237 gnovit
640 4170 1095 4237 quemadmodum
1111 4179 1359 4239 oporteat
1382 4188 1504 4226 eum
1537 4176 1698 4240 scire,
1727 4188 2016 4250 antequam

433 4260 665 4313 habeant
691 4275 788 4327 per
826 4260 1152 4314 soliditatem
1196 4260 1317 4316 ﬁdei
1346 4263 1461 4318 alas
1488 4266 1779 4335 spiritales,
1809 4288 2016 4341 praasu-

433 4350 632 4402 mendo
670 4348 723 4402 in
770 4348 1065 4404 altissimas
1108 4347 1176 4403 de
1219 4350 1323 4407 ﬁde
1357 4355 1682 4422 quaestiones
1712 4375 2014 4433 assurgere.

436 4438 588 4494 Unde
612 4440 668 4494 tu
694 4450 770 4503 ut,
795 4441 922 4494 dum
955 4442 1021 4496 ad
1061 4440 1172 4506 illa,
1204 4458 1323 4510 qua:
1344 4413 1493 4513 prius
1522 4446 1642 4502 aitet
1674 4413 2015 4510 εοαιηιίιυὲὲῖ
2047 4413 2095 4473 ⁰

433 4540 583 4599 gunt,
605 4533 742 4588 sicut
764 4534 1023 4603 scriptum
1043 4546 1125 4592 est
1154 4554 1167 4589 :
1205 4535 1324 4590 Nisi
1348 4538 1671 4594 credideritis
1690 4580 1704 4606 ,
1737 4556 1841 4596 non
1867 4545 2019 4600 intel—

432 4618 599 4687 ligetis
631 4620 768 4690 (Isa.
823 4637 917 4687 vn,
938 4625 1018 4693 5),
1044 4636 1372 4696 prtepostere
1397 4629 1546 4696 prius
1572 4643 1667 4699 per
1682 4631 2012 4691 intellectum

434 4718 699 4764 conantur
724 4714 1110 4780 ascendere,ad
1126 4716 1691 4777 multimodoserrores
1735 4738 1833 4793 per
1858 4724 2015 4781 intel-

2113 449 2217 503 qne
2252 443 2339 489 est
2366 435 2489 503 quia
2521 433 2595 488 illi
2637 448 2743 488 non
2785 431 2988 487 habent
3028 430 3151 485 ﬁdei
3200 430 3538 500 ﬁrmitatem,
3572 439 3699 506 qui,

2113 526 2367 592 quoniam
2395 525 2535 595 quod
2565 526 2793 581 credunt
2844 525 3145 598 intelligere
3169 542 3275 582 non
3315 536 3561 595 possunt,
3584 530 3701 587 dis-

2116 627 2313 686 putant
2337 626 2525 673 contra
2571 616 2809 685 ejusdem
2842 618 2965 674 ﬁdei
2996 636 3026 674 a
3050 620 3252 675 sanctis
3296 619 3549 677 Patribus
3566 637 3703 677 con—

2116 710 2387 764 (innatant
2409 708 2694 763 veritatem
2718 724 2733 773 ;
2760 707 2904 764 velut
2919 708 2965 764 si
2989 709 3394 779 vespertiliones
3414 720 3471 769 ,et
3490 721 3707 767 noctua:

2114 801 2328 856 nonnisi
2362 802 2415 855 in
2460 808 2618 856 nocte
2643 800 2844 856 ctelum
2875 801 3146 867 videntes,
3187 803 3255 857 de
3276 803 3587 860 meridianis
3612 820 3708 861 so-

2114 891 2180 946 lis
2203 892 2369 947 radiis
2394 892 2695 960 disceptent
2737 901 2926 949 contra
2959 892 3171 962 aquilas
3206 892 3374 948 solem
3416 894 3589 962 ipsum
3628 895 3706 949 ir-

2117 982 2463 1037 reverberato
2488 982 2605 1037 visu
2634 984 2926 1038 intuentes.
2974 982 3134 1038 Prius
3159 982 3420 1055 ergoﬁde
3441 987 3707 1042 mundan-

2118 1075 2241 1129 dum
2262 1084 2345 1129 est
2370 1090 2485 1139 cor,
2542 1076 2684 1130 sicut
2718 1076 2916 1131 dicitur
2971 1075 3040 1130 de
3084 1077 3232 1131 Deo:
3268 1075 3402 1132 Fide
3440 1080 3705 1134 mandans

2116 1167 2275 1219 corda
2302 1183 2479 1220 eorum
2512 1166 2650 1233 (Act.
2678 1182 2769 1231 xv,
2800 1167 2887 1237 9);
2914 1176 2973 1221 et
3018 1168 3166 1237 prius
3195 1183 3289 1238 per
3311 1180 3703 1240 prmceptorum

2116 1256 2326 1311 Domini
2352 1259 2649 1312 custodiam
2702 1259 2790 1290 ¹¹⁶¹
2820 1259 3158 1314 illuminandi
3201 1272 3327 1315 sunt
3366 1264 3531 1327 oculi,
3576 1266 3705 1333 quia

2116 1358 2429 1417 prteceptum
2452 1348 2662 1401 Domini
2693 1348 2927 1403 lucidum
2976 1350 3283 1405 illuminans
3330 1353 3704 1426 oculos(l’sal.

2121 1437 2388 1507 xvnt,9);
2439 1446 2492 1491 et
2523 1438 2673 1507 prius
2702 1454 2801 1507 per
2850 1439 3108 1494 humilem
3152 1441 3514 1497 obedientiam
3555 1447 3709 1501 testi-

2118 1530 2420 1582 mOuiorum
2467 1528 2559 1583 Dei
2585 1529 2845 1585 debemus
2892 1530 3005 1586 ﬁeri
3042 1534 3273 1601 parvuli,
3327 1545 3385 1589 ut
3431 1528 3709 1593 discamus

2118 1619 2457 1688 sapientiam,
2494 1634 2656 1688 quam
2711 1620 2807 1674 dat
2856 1623 3211 1678 testimonium
3270 1626 3482 1681 Domini
3528 1629 3703 1697 ﬁdele,

2040 1707 2088 1765 Β
2113 1712 2423 1779 sapientiam
2452 1720 2709 1780 prtestans
2764 1712 2998 1781 parvulis
3048 1712 3221 1783 (Psal.
3266 1732 3421 1781 xvnt,
3448 1718 3527 1787 8).
3553 1721 3710 1775 Unde

2115 1801 2370 1856 Dominus
2406 1820 2418 1856 :
2446 1800 2715 1869 Conﬁteor
2738 1803 2852 1867 tibi,
2913 1801 3095 1869 Pater,
3149 1806 3369 1862 Domine
3399 1811 3489 1842 ““
3512 1812 3627 1865 creti
3660 1825 3708 1866 et

2112 1901 2283 1955 term,
2311 1892 2433 1961 quia
2454 1892 2773 1946 abscondisti
2826 1894 2937 1947 lucc
2983 1911 3015 1947 a
3040 1896 3356 1962 sapientibus
3391 1909 3439 1951 et
3475 1902 3712 1969 pruden-

2115 1984 2270 2047 tibus,
2301 1993 2348 2037 et
2378 1984 2613 2037 revelasti
2638 2000 2698 2038 ea
2724 1984 2958 2053 parvulis
2999 1985 3217 2057 (Matth.
3247 2002 3324 2051 ιι,
3355 1988 3469 2059 25).
3523 1990 3705 2056 Prius,

2117 2076 2358 2145 inquam,
2387 2090 2451 2129 ea
2484 2091 2606 2145 quae
2661 2076 2845 2131 carnis
2875 2086 3002 2132 sunt
3035 2088 3421 2149 postponentes
3449 2083 3541 2115 ¹²⁶⁸
3565 2124 3580 2149 ,
3612 2099 3706 2138 se-

2115 2165 2347 2217 cundum
2371 2164 2621 2230 spiritum
2654 2166 2901 2221 vivamus
2926 2182 3087 2237 quam
3112 2169 3376 2238 profunda
3403 2172 3525 2228 ﬁdei
3558 2172 3703 2241 diju-

2115 2256 2347 2311 dieando
2398 2258 2948 2314 discutiamusmam
3000 2262 3091 2330 qui
3133 2260 3430 2319 secandum
3484 2280 3706 2321 carnem

2116 2348 2269 2412 vivit,
2314 2347 2551 2403 carnalis
2607 2350 2725 2403 sive
2768 2351 3018 2407 animalis
3043 2363 3145 2417 est,
3194 2354 3263 2409 de
3307 2371 3417 2425 quo
3462 2356 3703 2413 dicitur:

2114 2436 2371 2493 Animalis
2404 2441 2558 2493 homo
2582 2456 2682 2493 non
2708 2442 2922 2511 percipit
2952 2459 3012 2496 ea
3036 2460 3151 2513 quat
3189 2457 3307 2499 sunt
3357 2446 3588 2515 Spiritus
3614 2450 3711 2505 Dei

2118 2532 2169 2601 (1
2192 2530 2316 2586 Cor.
2359 2546 2419 2597 u,
2452 2532 2561 2602 id).
2596 2532 2697 2599 Qui
2725 2547 2855 2588 vero
2876 2535 3072 2603 spiritu
3122 2536 3264 2591 facta
3290 2541 3474 2594 carnis
3516 2544 3708 2594 moni-

2118 2626 2263 2691 ﬁcat,
2294 2625 2591 2695 spiritualis
2636 2628 2895 2695 efﬁcitur;
2940 2630 3004 2685 de
3026 2644 3132 2700 quo
3171 2629 3365 2701 legitur
3396 2632 3521 2701 quia
3552 2633 3711 2700 spiti-

2117 2716 2274 2771 tualis
2287 2716 2464 2771 omnia
2481 2718 2713 2787 judicat,
2738 2731 2785 2775 et
2813 2722 2966 2790 ipse-a
2991 2737 3195 2777 neruine
3217 2724 3706 2794 Judieatur(lbid.,

2120 2809 2229 2879 15).
2260 2809 2458 2864 Verum
2480 2810 2624 2866 enim
2654 2821 2735 2868 est
2757 2813 2897 2882 quia.
2931 2824 3136 2883 quanto
3170 2814 3261 2847 ““
3284 2814 3595 2886 opulentius
3616 2832 3709 2869 nu-

2120 2901 2315 2955 trimur
2348 2900 2399 2954 in
2432 2915 2585 2955 sacra
2619 2900 2900 2973 Scriptura
2934 2920 2999 2959 ex
3056 2906 3142 2961 his
3176 2921 3297 2975 qua:
3333 2922 3429 2975 per
3452 2906 3709 2962 obedien-

2123 2996 2252 3051 tiam
2304 3007 2567 3067 pascunt,
2625 3007 2775 3053 tanto
2812 2998 3095 3054 sublimius
3143 3001 3494 3068 provehimur
3526 3003 3591 3055 ad
3638 3016 3705 3057 ca

2119 3102 2238 3156 qua:
2260 3103 2356 3157 per
2381 3088 2714 3143 intellectura
2743 3088 2946 3141 satiant
2975 3104 2989 3139 :
3024 3086 3226 3141 frustra
3252 3088 3450 3158 quippe
3478 3101 3708 3145 conatur

2119 3177 2339 3233 dicere:
2376 3179 2547 3248 Super
2608 3195 2785 3233 omnes
2824 3179 3063 3236 docentes
3108 3195 3192 3233 me
3236 3180 3470 3234 intellexi
3526 3179 3704 3248 (Psal.

2118 3269 2375 3338 cvm,99)
2402 3310 2415 3331 ,
2456 3270 2546 3337 qui
2579 3268 2825 3337 proferre
2868 3284 2969 3322 non
3021 3270 3210 3334 audet;
3246 3270 3369 3338 quia
3410 3270 3708 3325 testimonia

2118 3368 2209 3427 tua
2226 3360 2493 3415 meditatio
2512 3377 2625 3414 mea
2653 3371 2724 3423 est
2750 3359 2963 3431 (Ibid.).
2987 3360 3053 3415 Et
3102 3361 3436 3416 mendaciter
3466 3377 3711 3431 pronun-

2121 3452 2450 3521 tiatzsitper
2500 3469 2643 3508 senes
2683 3454 2947 3519 intellexi,
2996 3456 3081 3509 cui
3144 3470 3250 3509 non
3300 3463 3383 3510 est
3443 3455 3711 3511 familiare

2118 3545 2261 3613 quod
2284 3545 2532 3614 sequitur
2561 3562 2576 3599 :
2634 3544 2771 3611 Quia
2817 3547 3068 3611 mandata
3106 3547 3197 3578 "‘5
3226 3556 3316 3601 tua
3353 3549 3585 3621 qua'sivi.
3617 3549 3710 3602 Ni-

2120 3634 2317 3689 mirum
2364 3635 2465 3688 hoc
2518 3636 2693 3709 ipsum
2736 3636 2878 3704 quod
2918 3637 3060 3703 dico,
3113 3638 3205 3707 qui
3244 3654 3349 3693 non
3389 3641 3707 3705 crediderit,

2120 3742 2226 3794 non
2260 3726 2542 3797 intelliget.
2584 3726 2718 3781 Nam
2747 3728 2836 3799 qui
2896 3743 3005 3783 non
3054 3729 3367 3799 creliderit,
3398 3746 3503 3785 non
3544 3748 3709 3802 expe-

2121 3820 2405 3885 rietur;et
2432 3822 2522 3890 qui
2571 3830 2827 3892 expertus
2874 3837 2983 3877 non
3048 3822 3233 3887 fuerit,
3289 3839 3396 3878 non
3445 3824 3709 3895 intelliget

2123 3911 2233 3965 ¹²⁶⁶.
2260 3911 2393 3965 Nam
2421 3920 2683 3981 quantum
2716 3912 2792 3967 rei
2822 3914 3063 3967 auditum
3109 3923 3329 3982 superat
3350 3916 3706 3984 experientia,

2122 4011 2329 4057 tantum
2380 4003 2552 4057 vineit
2618 4003 2886 4058 audientis
2952 4005 3317 4071 cognitionem
3374 4005 3708 4075 experientis

2120 4092 2381 4147 scientia:
2415 4100 2470 4147 et
2499 4108 2605 4147 non
2628 4094 2803 4148 solum
2826 4094 2894 4148 ad
2921 4095 3326 4167 intelligendum
3357 4095 3550 4151 altiora
3578 4114 3705 4168 pro-

2121 4183 2335 4237 hibetur
2362 4199 2515 4239 mens
2544 4186 2833 4240 ascendere
2848 4187 2966 4241 sine
2996 4188 3099 4242 ﬁde
3129 4188 3219 4220 ²²⁶⁷
3243 4196 3298 4243 et
3327 4188 3704 4244 mandatorum

2121 4273 2215 4327 Dei
2250 4274 2693 4339 ohedientia,scd
2724 4277 2885 4329 etiam
2904 4276 3193 4346 aliquando
3221 4280 3376 4334 datus
3404 4279 3708 4334 intellectus

2121 4364 2475 4427 subtrahitur,
2503 4376 2557 4419 et
2598 4366 2730 4421 ﬁdes
2760 4368 2873 4436 ipsa
2910 4370 3265 4437 subvertitur,
3290 4371 3531 4441 neglecta
3566 4371 3706 4425 bona

2123 4456 2475 4509 conscientia.
2500 4454 2592 4511 Ait
2614 4458 2757 4511 enim
2806 4460 2906 4511 "‘9
2935 4460 3000 4514 de
3021 4461 3338 4529 quibusdam
3372 4464 3665 4531 Apostolus
3690 4483 3701 4517 :

2124 4546 2256 4601 Cum
2294 4550 2650 4618 cognovissent
2700 4549 2887 4613 Deum,
2932 4568 3047 4623 non
3081 4554 3213 4607 sicut
3244 4554 3411 4608 Deum
3441 4554 3709 4622 glori/icu-

2122 4649 2323 4704 rerunt,
2341 4650 2429 4693 aut
2454 4642 2652 4711 gratias
2677 4653 2920 4711 egerunt;
2948 4644 3040 4697 sed
3066 4656 3392 4698 evanuerunt
3415 4646 3469 4698 in
3506 4647 3705 4714 cogita-

2124 4729 2352 4783 tionibus
2396 4732 2528 4799 suis,
2553 4739 2599 4785 et
2627 4732 2959 4786 obscuratum
2990 4745 3063 4789 est
3111 4734 3359 4805 insipiens
3388 4751 3478 4788 cor
3523 4752 3705 4789 eorum

1680 4873 1911 4934 VARl/E
1944 4878 2345 4938 LECTIONES.

504 5005 949 5093 ξ”ξ¹ξίιϐιξι]ξξιιξέ1ω
970 5008 1601 5093 Ιξνίιειιίτηδελίηοιθηιξω
1621 5015 1827 5093 levitati
1901 5020 1993 5053 ¹²⁸³
2011 5020 2308 5093 lnepistola
2323 5039 2446 5078 mss.
2464 5022 2769 5079 Tltu.Corb.
2816 5025 2947 5081 Vict.
2976 5026 3123 5083 Gem.
3148 5029 3306 5083 editio
3330 5028 3487 5084 Galli.
3514 5029 3566 5084 in
3599 5032 3701 5087 hac

430 5077 821 5169 epistolanrtft
840 5078 1252 5169 Precibusmss.
1286 5077 1476 5139 Cister.
1519 5085 1668 5169 Qem.
1715 5087 1849 5169 Tini:
1900 5077 2255 5169 petitioriibus
2287 5077 2290 5078 ν
2323 5077 2636 5169 ξδδςΜιιΙιέιξ
2654 5077 2786 5169 quae
2820 5077 2946 5151 nisi;
2984 5077 3300 5155 aliialii/i1
3329 5077 3493 5154 multa

433 5164 555 5236 qua».
605 5147 1156 5236 ff‘“Quodqatltolica
1184 5147 2084 5236 mss.quomodo_quod_§afholica
2125 5147 2283 5217 editio
2311 5162 2469 5236 Goth.
2502 5147 3702 5236 qusi.iiiii‘qiiiia'ciiiiiitichmt55333613336

433 5234 540 5305 non
672 5236 796 5272 mss.
830 5219 974 5305 ﬁdit.
1004 5219 1359 5305 Gothkomittl
1387 5219 1657 5305 quomodo
1682 5297 1693 5305 _
1733 5228 1825 5305 ":3
1858 5230 1918 5284 In
1948 5248 2008 5305 se
2036 5243 2213 5305 potest
2261 5219 2539 5289 conﬁdens
2568 5219 2693 5288 mss.
2712 5219 2988 5305 pojtestfin
3033 5219 3701 5296 conﬁdensr‘llg‘lii:

434 5288 675 5344 nitendo.
694 5329 709 5342 .
738 5289 968 5344 evellere
990 5306 1115 5344 mss.
1150 5290 1357 5346 Tltuan.

1448 5297 1539 5349 ict.
1568 5295 1724 5367 Cori).
1751 5295 1901 5352 Gem.
1936 5295 2176 5355 nitendo.
2197 5341 2211 5355 .
2242 5306 2493 5357 evolvere
2570 5305 2662 5338 ¹²⁶⁰
2696 5295 3048 5364 detrimentis:
3096 5326 3223 5364 mss.
3269 5308 3399 5363 Vict.
3427 5312 3479 5366 3.
3507 5295 3696 5367 Cister.

525 5356 1088 5447 dlicilihyeditio'cot‘lt.
1121 5361 1443 5447 conﬁdentis
1478 5382 1601 5447 mss.
1646 5366 1781 5447 Vict.
1829 5369 1917 5422 15.
1959 5380 2007 5447 et
2054 5354 2567 5447 Cot'b._:coiiﬁteuti§

435 5442 566 5512 1”)”:
613 5429 772 5512 ῗάίίίο
803 5428 955 5512 Gl"!!-
991 5445 1086 5499 Pel‘
1114 5442 1501 5501 Pmceptorum
1532 5435 1742 5512 Domini
1786 5440 2093 5512 custodiam
2173 5442 2263 5475 ¹²⁶²
2297 5444 2507 5498 Domini
2540 5443 2719 5512 Pater,
2744 5428 3702 5508 iiii;'iiBiéiI'iioBiiiiéw“5156a:

434 5498 1463 5591 ponentes-Jun“ferit.wproponep'tes
1538 5505 1861 5591 "it-Vtin"?
1905 5510 2062 5591 enim_
2114 5520 2200 5567 est
2246 5513 2371 5591 quia
2414 5526 2622 5591 quanto
2650 5498 3348 5591 inigjiygi'ibiiiiﬁﬁiiii'
3387 5521 3480 5552 ¹²⁶⁸
3506 5498 3705 5591 suilli.

437 5571 527 5615 tur
560 5584 573 5616 :
605 5568 794 5620 manda
830 5585 953 5621 mss.
983 5568 1127 5625 Gem.
1174 5568 1310 5627 Vict.
1339 5573 1496 5627 Corb.
1546 5574 1670 5628 edit.
1707 5574 1861 5631 Goth.
1903 5595 1930 5633 s

1938 5582 2158 5659 squitur
2185 5584 2381 5659 :_quia-
2406 5585 2659 5639 tuandata
2720 5586 2984 5659 _?’“_Nam
3013 5582 3277 5659 intelliget
3303 5608 3428 5647 mss.
3472 5608 3579 5649 non
3598 5582 3702 5648 ἐυ-

436 5644 659 5703 guoscet
733 5637 821 5668 “6'
851 5637 979 5693 Sine
1013 5641 1133 5697 vita:
1176 5659 1301 5698 mss.
1363 5644 1489 5699 edit.
1531 5643 1685 5699 Colla.
1727 5647 1843 5703 sine
1874 5637 2004 5705 ﬁde.
2072 5654 2162 5684 ¹¹⁶⁸
2190 5637 2265 5708 Δί
2299 5653 2443 5709 enim
2486 5637 2791 5711 intsssedit.
