3926 6054
231 246 342 302 235

1529 250 1613 312 DE
1654 256 1809 312 FIDE
1842 242 2261 315 Tlthl’i‘ATlS.

3414 271 3517 328 386

226 363 409 433 (Rom.
444 380 480 430 t,
510 363 623 434 2|).
656 365 864 419 Etcum
892 368 1212 437 praeciperet
1263 367 1544 422 Timotheo
1589 370 1821 425 militare
1851 377 1897 433 Α
1932 368 2135 440 Pagani
2157 371 2442 440 defendunt
2469 373 2631 444 legem
2652 392 2805 431 suam
2831 396 2849 432 :
2875 380 3054 435 Judati
3109 383 3393 452 defendunt
3444 387 3511 440 le-

222 451 470 504 militiam
515 452 724 518 bonam,
758 453 833 507 ait
891 455 1086 508 habens
1142 456 1322 523 ﬁdem,
1347 468 1395 511 et
1444 457 1633 511 bonam
1699 472 1824 513 con-

220 544 523 606 scientiam,
578 560 737 613 quam
794 547 1011 615 quidam
1079 546 1425 616 repellentes,
1475 550 1616 603 circa
1662 551 1821 617 [idem

222 632 677 701 naufragaverunt
704 632 754 702 (I
783 633 917 687 Tim.
947 651 984 699 ι,
1027 635 1135 702 19).
1168 635 1337 691 Nemo
1364 653 1493 709 ergo
1516 654 1575 693 se
1618 649 1823 695 temere

219 722 516 792 immergat
543 725 596 777 in
642 725 733 756 ¹¹⁶¹¹
764 727 1038 781 condensa
1098 728 1405 783 divinarum
1442 732 1533 762 ¹²⁷⁰
1562 733 1819 802 qumStio—

220 829 353 866 num
378 852 394 877 ,
432 814 537 869 nisi
584 827 733 884 prius
774 816 824 869 in
876 816 1147 872 soliditate
1167 817 1323 886 ﬁdei,
1354 822 1662 891 conquisita
1711 838 1822 878 mo-

214 920 343 959 rum
382 914 438 958 et
468 905 747 974 sapientia:
784 908 1058 976 gravitate
1118 926 1187 965 ne
1229 926 1327 981 per
1361 913 1682 983 multiplicia
1733 930 1821 970 so-

221 997 563 1065 pbismatum
592 998 910 1053 diverticula
934 1001 1149 1058 incauta
1213 1002 1303 1035 ¹²⁷¹
1360 1004 1581 1062 levitate
1609 1006 1818 1062 discur-

234 1103 388 1152 rens,
445 1090 625 1160 aliqua
682 1093 856 1147 tenaci
899 1093 1227 1163 illaqueatur
1263 1096 1519 1152 falsitate.
1575 1097 1819 1170 Cumque

213 1193 432 1244 omnes,
462 1190 519 1234 ut
542 1182 855 1238 cautissime
918 1185 986 1239 ad
1026 1201 1196 1241 sacrae
1242 1189 1450 1258 paginae
1490 1191 1817 1259 quaestiones

215 1274 510 1340 accedant,
562 1276 673 1329 sint
726 1280 1106 1333 commonendi
1154 1274 1277 1347 "7’;
1320 1280 1395 1335 illi
1425 1282 1610 1353 utique
1645 1285 1815 1339 nostri

217 1366 483 1435 temporis
533 1365 799 1422 dialectici
855 1370 988 1439 (imo
1044 1371 1329 1427 dialectice
1400 1373 1494 1405 ’⁸⁷³
1549 1375 1812 1441 ineretici,

212 1458 311 1525 qui
347 1472 457 1512 non
493 1457 588 1489 ¹²⁷⁴
610 1459 714 1513 nisi
749 1458 936 1516 ﬂatum
973 1462 1124 1517 vocis
1151 1473 1343 1534 putant
1366 1480 1488 1521 esse
1536 1466 1816 1521 Universa-

215 1549 298 1604 les
332 1552 688 1617 substantias,
745 1562 800 1607 et
847 1554 937 1623 qui
970 1554 1210 1610 colorem
1267 1572 1373 1612 non
1419 1556 1564 1613 aliud
1610 1568 1814 1627 queunt

215 1640 532 1711 intelligere
584 1657 747 1711 quam
771 1658 972 1713 corpus
1003 1646 1120 1711 “",
1150 1662 1250 1702 nec
1286 1648 1612 1718 sapientiam
1640 1650 1813 1705 homi-

212 1728 303 1782 nis
328 1728 474 1783 aliud
508 1746 667 1799 quam
693 1732 950 1805 animam)
969 1750 1190 1805 prorsus
1215 1752 1245 1791 a
1269 1737 1632 1807 spiritualium
1660 1754 1808 1810 quae-
1840 1718 1887 1777 Β

214 1822 456 1875 stionum
488 1823 849 1892 disputatione
878 1836 1004 1880 sunt
1031 1827 1372 1884 exsufilandi.
1404 1830 1459 1884 ln
1485 1830 1593 1904 43
1622 1846 1809 1895 eorum

212 1915 418 1983 quippe
442 1916 728 1970 animabus
764 1918 922 1981 ratio,
976 1935 1097 1988 qua:
1149 1929 1205 1976 et
1238 1923 1490 1993 princeps
1520 1924 1613 1955 ¹²⁷⁶
1644 1928 1809 1996 etju-

212 2006 321 2058 dex
346 2005 589 2059 omnium
627 2007 789 2062 debet
817 2024 938 2064 esse
960 2025 1079 2082 qua:
1109 2022 1237 2067 sunt
1268 2014 1319 2067 in
1360 2015 1598 2081 homine,
1624 2018 1702 2072 sic
1728 2028 1813 2074 est

213 2093 270 2146 in
291 2094 768 2165 imaginationibus
795 2099 885 2130 ""7
924 2101 1301 2171 corporalibus
1325 2104 1610 2172 obvoluta,
1664 2117 1808 2163 utex

212 2187 295 2240 cis
315 2202 375 2241 se
400 2203 503 2242 non
532 2191 703 2257 possit
732 2192 1002 2259 evolvere,
1043 2212 1145 2251 nec
1170 2198 1243 2251 ab
1274 2199 1405 2269 ipsis
1445 2216 1529 2267 ea,
1561 2203 1808 2272 qumipsa

212 2278 328 2331 sola
356 2289 412 2333 et
434 2297 565 2349 pura
608 2282 705 2317 ¹²⁷⁸
751 2289 1126 2359 comtemplari
1174 2291 1353 2357 debet,
1385 2294 1559 2349 valeat
1606 2295 1810 2351 discer-

212 2385 370 2425 nere.
404 2373 506 2439 Qui
536 2375 682 2430 enim
723 2381 968 2435 nondum
1010 2384 1265 2455 intelligit
1311 2389 1582 2456 quomodo
1627 2388 1810 2459 plures

212 2468 467 2523 homines
525 2471 578 2525 in
608 2474 788 2541 specie
818 2476 932 2530 sint
958 2492 1098 2534 unus
1139 2479 1333 2546 homo;
1372 2483 1605 2551 qualiter
1643 2485 1695 2539 in
1720 2485 1808 2540 illa

210 2560 579 2616 secretissima
604 2573 660 2617 et
680 2565 949 2622 altissima
980 2578 1173 2626 natura
1217 2576 1640 2643 cumprehendet
1671 2592 1809 2646 quo-

210 2651 377 2703 modo
398 2650 583 2719 plures
613 2669 881 2722 persona),
932 2668 1163 2729 quarum
1194 2664 1405 2731 singula
1453 2675 1679 2736 quaeque
1727 2676 1811 2721 est

210 2736 491 2804 perfectus
546 2741 710 2809 Deus,
776 2746 888 2800 sint
930 2759 1073 2803 tinus
1128 2750 1309 2808 Deus?
1363 2754 1428 2807 Et
1478 2754 1630 2825 cujus
1660 2772 1809 2812 mens

208 2828 443 2884 obscura
474 2842 557 2887 est
581 2834 672 2868 ⁸³⁷⁸
694 2836 763 2890 ad
814 2837 1225 2895 discernendum
1284 2843 1376 2875 ¹²⁸⁰
1432 2844 1574 2899 inter
1604 2860 1803 2913 equum

210 2938 372 2978 suum
440 2935 495 2980 et
556 2928 791 2984 colorem
841 2930 995 2998 ejus;
1052 2932 1285 3003 qdaliter
1348 2936 1621 2991 discernet
1668 2924 1811 2993 inter

209 3029 383 3068 unum
411 3017 578 3071 Deum
604 3028 657 3072 et
684 3019 867 3088 plures
927 3022 1219 3079 relationes
1236 3023 1399 3093 ejus?
1449 3026 1690 3097 Denique
1714 3029 1805 3100 qui

208 3126 319 3166 non
375 3122 551 3182 potest
608 3115 910 3186 intelligere
964 3117 1170 3188 aliquid
1226 3133 1345 3174 esse
1374 3120 1668 3188 hominem,
1704 3124 1804 3178 nisi

210 3204 580 3271 individuum;
641 3208 946 3265 nullatenus
1003 3211 1267 3282 intelliget
1325 3213 1637 3280 hominem,
1701 3216 1803 3272 nisi

212 3295 510 3350 humanam
541 3308 851 3367 personam.
882 3299 1073 3357 Omnis
1101 3304 1247 3357 enim
1281 3303 1591 3360 individuus
1622 3306 1804 3373 homo,

209 3399 446 3453 persona
478 3396 584 3442 est.
612 3389 891 3453 Quomodo
921 3407 1052 3462 ergo
1105 3393 1207 3449 iste
1232 3394 1495 3465 intelliget
1530 3396 1805 3452 hominem

210 3489 549 3549 assumptum
607 3496 727 3537 esse
765 3498 794 3536 a
836 3482 1035 3551 Verbo,
1090 3500 1197 3540 non
1254 3501 1569 3556 personam,
1618 3489 1672 3543 id
1722 3498 1809 3543 est

208 3571 372 3623 aliam
398 3581 670 3638 naturam,
705 3588 812 3627 non
879 3575 1040 3628 aliam
1105 3591 1392 3645 personam
1432 3594 1553 3633 esse
1596 3595 1806 3634 assum-

209 3659 400 3727 ptam?
424 3659 549 3715 litec
581 3662 692 3715 dixi
720 3704 734 3729 ,
764 3677 832 3716 ne
860 3663 981 3732 quis
1020 3673 1309 3736 antequam
1341 3668 1412 3722 sit
1446 3668 1691 3733 idoneus,
1723 3668 1804 3723 al-

211 3752 454 3807 tissimas
497 3752 562 3806 de
609 3752 717 3807 fide
773 3756 1102 3824 quastiones
1150 3768 1441 3826 praesumat
1493 3762 1802 3827 discutere;

209 3852 324 3908 aut,
352 3844 399 3897 si
428 3848 853 3914 praesumpserit,
900 3846 1049 3902 nulla
1104 3848 1389 3906 diiIicultas
1439 3863 1532 3905 aut
1558 3854 1803 3923 impossi-

208 3935 391 3990 bilitas
426 3938 756 4009 intelligendi
820 3941 999 3995 valeat
1052 3942 1200 3996 illum
1249 3945 1548 4010 averitatc,
1577 3947 1661 4001 cui
1707 3961 1806 4016 per

209 4029 373 4084 ﬁdem
404 4032 651 4099 adhaesit,
702 4044 959 4090 ettcutere
1012 4036 1129 4092 “3'.
1194 4032 1313 4093 Jam
1362 4039 1687 4096 veniendum
1719 4050 1805 4095 est

209 4125 276 4177 ad
310 4125 360 4178 id
393 4138 611 4196 propter
633 4129 776 4197 quod
806 4130 1146 4201 increpimus.

830 4238 1058 4294 CAPUT
1100 4229 1182 4295 ιιι.

211 4325 366 4392 Quod
396 4345 498 4381 non
528 4340 648 4402 sunt
681 4339 783 4383 tres
804 4332 877 4384 dii
922 4342 1019 4385 :et
1063 4350 1363 4402 quanquam
1418 4335 1521 4388 sint
1573 4348 1675 4390 (res
1720 4354 1800 4391 res

387 4400 715 4465 personuies;
748 4418 850 4454 una
878 4412 1048 4457 tamen
1075 4400 1149 4457 est
1194 4400 1274 4458 res
1314 4407 1628 4461 essentialis.

284 4488 424 4541 Dicit
458 4489 620 4556 (sicut
651 4490 833 4557 audio)
859 4490 965 4555 ille,
1006 4493 1096 4562 qui
1137 4503 1246 4547 tres
1292 4508 1557 4562 personas
1601 4495 1800 4551 dicitur

209 4591 459 4632 asserere
490 4593 610 4634 esse
636 4581 781 4636 velut
812 4590 921 4637 tres
955 4583 1195 4651 angelos,
1244 4594 1339 4639 aut
1394 4592 1505 4658 tres
1561 4587 1790 4642 artiums.

1924 474 2037 531 gem
2066 479 2215 516 suam
2242 479 2261 517 :
2291 480 2414 533 ergo
2438 474 2487 518 et
2512 482 2605 520 nos
2630 464 2921 524 Christiani
2944 472 3188 526 debemus
3241 475 3518 545 defendere

1923 551 2080 620 ﬁdem
2105 565 2361 608 nostram.
2399 557 2699 614 Audiamus
2729 564 3000 629 quomodo
3035 565 3135 619 iste
3169 564 3516 622 Christianus

1924 642 2176 698 defendat
2209 644 2368 699 iidem
2401 663 2575 701 suam.
2607 648 2690 715 Si,
2724 651 2919 721 inquit,
2976 664 3080 706 tres
3111 672 3347 724 pensante
3395 673 3512 712 sunt

1924 743 2028 786 una
2051 744 2253 787 tantum
2280 752 2381 801 res,
2408 747 2454 791 et
2480 754 2583 793 non
2611 751 2731 794 sunt
2759 750 2862 795 ινεε
2884 760 2986 808 νεε,
3011 761 3333 816 υηαᾳιιαταιιε
3348 764 3441 814 per
3462 766 3517 802 88

1921 827 2225 894 separatim,
2248 829 2381 883 sicut
2413 839 2516 883 tres
2541 833 2713 902 angeli
2748 844 2839 887 aut
2870 845 2973 889 tres
2999 840 3220 902 animw;
3244 841 3317 891 ita
3341 848 3515 895 tamen

1922 929 1976 971 ut
2015 918 2278 974 voluntate
2298 929 2348 975 et
2379 924 2608 992 potentia
2636 924 2847 979 omnino
2872 928 2975 980 sint
3003 927 3138 981 idem
3164 942 3183 980 :
3206 945 3325 999 ergo
3352 930 3515 986 Pater

1920 1020 1967 1062 et
1992 1008 2219 1077 Spiritus
2242 1023 2455 1067 sanctus
2487 1030 2607 1067 cum
2650 1014 2791 1069 Filio
2847 1017 3151 1073 incarnatus
3183 1030 3278 1074 est.
3323 1023 3515 1078 Videte

1919 1102 2047 1172 quid
2077 1102 2222 1157 dicat
2251 1104 2352 1159 iste
2383 1104 2572 1172 homo;
2606 1109 2877 1177 quomodo
2920 1110 3174 1166 defendat
3219 1113 3320 1168 iste
3355 1115 3515 1170 Chri-

1918 1190 2126 1245 stianus
2165 1191 2321 1246 iidem
2356 1207 2530 1248 suam.
2587 1195 2747 1253 Certe
2793 1205 2886 1252 aut
2938 1199 3052 1253 vult
3102 1203 3349 1257 contueri
3404 1215 3514 1260 trcs

1919 1283 2067 1348 deos,
2105 1292 2200 1337 aut
2225 1300 2330 1339 non
2370 1286 2619 1358 intelligit
2652 1290 2795 1358 quod
2821 1292 2972 1346 dicit.
3024 1293 3129 1349 Sed
3163 1298 3206 1349 si
3243 1306 3351 1351 tres
3380 1299 3512 1353 deos

1916 1380 2224 1446 cciiiiletttr,
2250 1397 2356 1436 non
2385 1393 2469 1439 est
2518 1383 2895 1453 Christianus;
2949 1391 2993 1444 si
3047 1403 3224 1447 autem
3278 1392 3512 1451 afﬁrmat

1915 1471 2196 1539 quodnon
2231 1472 2523 1545 intelligit,
2559 1491 2665 1530 non
2717 1478 2789 1532 illi
2842 1480 3169 1537 credendum
3218 1495 3319 1539 est.
3374 1486 3512 1543 Iluic

1916 1561 2122 1617 homini
2179 1580 2283 1619 non
2344 1575 2428 1620 est
2476 1568 2910 1637 respondendum
2967 1576 3290 1630 auctoritate
3340 1594 3510 1633 sacra:

1916 1650 2241 1723 Scriptum};
2272 1656 2397 1726 quia
2431 1668 2522 1712 aut
2549 1660 2597 1714 ei
2626 1676 2732 1715 non
2762 1663 2955 1729 credit,
2984 1676 3077 1719 aut
3102 1681 3221 1720 eam
3255 1683 3511 1737 perverso

1915 1744 2508 1816 scnsuinterpretatur.
2538 1749 2676 1818 Quid
2700 1752 2843 1807 enim
2892 1756 3131 1824 apertius
3179 1756 3311 1812 dicit
3356 1758 3509 1814 Scri-

1913 1844 2069 1903 ptura
2094 1852 2272 1905 sacra,
2302 1852 2463 1910 quam
2496 1845 2638 1911 quod
2664 1844 2808 1900 Deus
2836 1845 2927 1876 ¹¹⁸²
2955 1862 3095 1901 unus
3126 1859 3179 1903 et
3208 1850 3353 1906 solus
3380 1862 3462 1907 cst
3487 1855 3510 1907 ?

1914 1928 2145 1985 Ratione
2174 1931 2355 2002 igitur,
2388 1943 2493 2003 qua
2524 1950 2581 1990 se
2615 1934 2907 1992 defendere
2939 1940 3153 2004 nititur,
3189 1940 3306 2009 ejus
3355 1958 3510 1998 error

1914 2021 2372 2079 demonstrandus
2400 2035 2503 2080 est.
2540 2025 2611 2081 Ut
2638 2040 2818 2083 autem
2852 2030 3064 2085 facilius
3079 2042 3133 2086 et
3162 2032 3380 2088 brevius
3406 2037 3509 2091 hoc

1912 2110 2134 2179 faciam,
2162 2112 2579 2182 loquartantum
2612 2119 2678 2172 de
2708 2118 2871 2174 Patre
2912 2134 2964 2176 et
3022 2121 3191 2187 Filio;
3250 2128 3506 2194 quoniam

1913 2202 1996 2256 hae
2023 2202 2141 2256 dua:
2164 2218 2408 2273 persona:
2438 2206 2550 2260 suis
2576 2210 2807 2277 propriis
2829 2211 3049 2266 vocibus
3075 2212 3195 2266 alia:
3252 2215 3319 2269 ab
3371 2216 3510 2269 invi—

1912 2304 2030 2345 cem
2066 2301 2251 2361 aperte
2272 2294 2643 2363 designantur.
2672 2295 2805 2350 Nam
2836 2309 3032 2354 nomen
3068 2299 3304 2369 Spiritus
3331 2306 3503 2357 sancti

1914 2398 2020 2437 non
2052 2393 2137 2439 est
2169 2384 2404 2438 alienum
2432 2401 2460 2438 a
2492 2385 2654 2442 Patre
2684 2398 2737 2442 et
2768 2387 2901 2443 Filio
2927 2432 2942 2458 ,
2980 2390 3105 2460 quia
3154 2401 3381 2462 uterque
3424 2406 3509 2449 est

1912 2482 1965 2527 et
1996 2470 2255 2543 Spiritus,
2278 2483 2333 2530 et
2361 2484 2601 2530 sanctus.
2646 2476 2799 2544 Quod
2832 2489 3014 2533 autent
3063 2480 3114 2533 in
3140 2478 3302 2536 Patre
3333 2493 3387 2536 et
3417 2482 3506 2537 Fi-

1911 2563 1984 2618 lio
2011 2566 2074 2619 de
2099 2566 2307 2619 ttnitate
2328 2565 2667 2632 substantize,
2696 2568 2776 2622 vel
2807 2569 3116 2638 pluralitate
3146 2588 3503 2644 personarum

1912 2656 2272 2723 inveniemus,
2312 2657 2414 2711 hoc
2445 2659 2495 2712 in
2532 2659 2706 2713 tribus
2734 2661 2939 2730 absque
2988 2663 3155 2719 dubio
3208 2683 3504 2737 cognosce-

1911 2764 2031 2803 mus
2062 2749 2175 2803 ‘m.
2203 2749 2357 2803 Dicat
2392 2765 2524 2820 ergo
2557 2768 2570 2804 :
2606 2749 2662 2805 Si
2683 2753 2801 2805 (luat
2832 2770 3090 2820 personat,
3146 2753 3311 2809 Pater
3335 2767 3381 2811 et
3412 2757 3506 2810 1ίί-

1910 2844 2033 2906 lius,
2063 2858 2164 2895 non
2193 2851 2313 2895 sunt
2342 2843 2462 2897 dua:
2486 2859 2585 2896 res.
2620 2841 2937 2910 Qttmrattius
2965 2846 3195 2913 primam
3222 2849 3351 2916 quid
3378 2846 3507 2902 velit

1911 2936 1999 2991 hic
2021 2937 2201 2992 dicere
2222 2938 2355 2990 duas
2387 2955 2486 2992 res.
2519 2938 2654 2993 Nam
2716 2954 3157 3011 unamquamque
3214 2952 3502 3013 persultant

1911 3026 2183 3082 credimus
2212 3043 2331 3083 esse
2360 3029 2483 3093 hoc,
2513 3030 2656 3100 quod
2679 3044 2965 3085 commune
3010 3043 3093 3086 est
3121 3035 3416 3102 ambobus;
3450 3047 3505 3091 et

1910 3133 2029 3174 esse
2056 3118 2179 3183 hoc,
2214 3121 2353 3188 quod
2383 3122 2657 3190 proprium
2689 3128 2771 3175 εει
2795 3124 2919 3177 sibi.
2965 3123 3195 3178 Persona
3223 3126 3365 3179 enim
3402 3126 3498 3180 Pa-

1911 3211 2029 3274 tris,
2055 3221 2110 3265 et
2144 3210 2285 3266 Deus
2318 3220 2423 3276 est,
2446 3218 2591 3282 quod
2628 3228 2915 3268 commune
2967 3220 3050 3269 est
3078 3214 3150 3269 illi
3183 3230 3304 3270 cum
3328 3217 3502 3283 Filio;

1908 3301 2145 3359 etPater
2190 3313 2292 3369 est,
2347 3304 2491 3371 quod
2548 3304 2596 3358 ei
2653 3306 2930 3373 prOprium
2962 3303 3052 3337 ¹¹⁸⁸
3084 3316 3185 3361 est.
3235 3308 3505 3365 Similiter

1908 3410 2139 3464 persona
2184 3395 2326 3460 Filii,
2365 3400 2419 3449 et
2465 3394 2605 3451 Deus
2646 3406 2750 3464 est,
2781 3397 2922 3467 quod
2960 3412 3246 3455 commune
3302 3411 3385 3455 est
3424 3400 3501 3456 illi

1909 3500 2032 3540 cum
2060 3485 2250 3551 Patre;
2284 3495 2338 3539 et
2367 3485 2540 3540 Filius
2568 3495 2672 3551 est,
2711 3489 2853 3557 quod
2881 3490 3098 3544 nonnisi
3151 3492 3218 3546 de
3254 3485 3355 3546 hac
3386 3494 3500 3547 sola

1907 3590 2135 3646 persona
2167 3575 2382 3630 dicitur.
2416 3576 2472 3632 lu
2502 3577 2587 3631 his
2608 3577 2771 3646 igitur
2790 3577 2999 3635 duabus
3036 3583 3285 3652 personis
3334 3600 3498 3639 unum

1906 3675 1989 3720 est
2017 3680 2320 3730 commune,
2354 3667 2405 3720 id
2454 3676 2536 3721 est
2561 3666 2652 3698 "3'
2676 3667 2819 3722 Deos
2853 3685 2864 3721 :
2892 3681 2945 3723 et
2968 3670 3077 3727 duo
3100 3672 3341 3743 propria,
3381 3692 3502 3743 qua:

1907 3766 2032 3812 sunt
2064 3756 2226 3811 Pater
2242 3764 2296 3811 et
2318 3746 2505 3811 Filius.
2537 3757 2881 3829 Qumcunq’ue
2903 3764 3048 3816 enim
3077 3758 3178 3819 illis
3204 3776 3331 3819 sunt
3353 3783 3502 3821 com-

1907 3848 2110 3912 munia,
2144 3856 2202 3901 ut
2230 3848 2596 3916 omnipotens,
2629 3853 2888 3917 mternus,
2943 3853 2995 3907 in
3032 3851 3134 3910 hoc
3185 3858 3302 3911 solo
3352 3875 3503 3912 com-

1908 3941 2054 3993 muni
2092 3932 2484 4011 intelliguuttt’r.
2516 3930 2583 3994 Et
2612 3958 2732 4012 quae
2755 3954 2884 3997 sunt
2910 3945 3137 4014 singulis
3165 3951 3413 4017 propria,
3442 3964 3500 4005 ut

1906 4042 1988 4087 est
2014 4030 2158 4085 Patri
2189 4033 2401 4101 genitor
2434 4031 2549 4093 “"°,
2574 4032 2656 4086 vel
2690 4032 2951 4103 gignens;
2984 4043 3039 4088 et
3069 4026 3208 4090 Filio
3232 4036 3493 4102 Verbum,

1906 4124 1987 4179 vel
2018 4126 2269 4194 genitus;
2311 4124 2395 4179 his
2420 4123 2631 4179 duobus
2681 4118 3013 4189 nominibus,
3064 4126 3243 4183 Patris
3287 4130 3498 4185 scilicet

1904 4227 1959 4270 et
1984 4215 2102 4269 Filii
2126 4214 2522 4285 signiﬁcantur.
2564 4215 2699 4271 Cum
2733 4217 2896 4288 igitur
2917 4218 3049 4273 dicit
3080 4219 3179 4275 has
3227 4223 3359 4275 duas
3383 4239 3494 4292 per.

1904 4323 2067 4363 sonas
2088 4323 2208 4363 esse
2240 4308 2373 4363 duas
2406 4323 2514 4374 res,
2554 4324 2740 4379 quaero
2762 4311 2887 4380 quid
2920 4310 3065 4365 dicat
3090 4312 3160 4365 ibi
3212 4327 3332 4367 esse
3363 4317 3499 4368 duas

1838 4420 1887 4477 ο
1913 4396 2001 4431 ⁸³⁸⁷
2036 4415 2122 4454 res
2150 4414 2163 4452 :
2195 4415 2261 4453 an
2298 4400 2347 4453 id
2383 4401 2525 4469 quod
2553 4416 2839 4455 commune
2861 4412 2941 4455 est
2989 4398 3125 4457 illis?
3152 4420 3219 4459 au
3271 4422 3332 4460 ea
3377 4424 3498 4475 qua:

1905 4491 2121 4561 propria
2145 4491 2501 4560 suntsingula
2532 4491 2792 4559 singulis?
2816 4492 2921 4547 Sed
2956 4495 2998 4546 si
3048 4495 3187 4549 duas
3242 4513 3328 4551 res
3373 4514 3495 4555 esse

1904 4583 2036 4638 dicit
2062 4582 2168 4637 duo
2195 4582 2436 4653 prepria,
2468 4582 2519 4637 id
2546 4594 2629 4638 est
2655 4582 2866 4639 Patrem
2891 4595 2945 4639 et
2982 4584 3204 4655 Filium;
3226 4598 3277 4642 ut
3313 4600 3491 4645 tamen

1535 4801 1761 4862 VARI/15
1797 4760 2200 4864 LECTIDNES.

274 4956 366 4987 ¹²⁶⁹
387 4956 659 5025 Mergatin
673 4972 797 5015 mss.
816 4960 960 5017 Edit.
982 4960 1137 5016 Coth.
1158 4964 1514 5027 immergatin
1593 4968 1688 5006 "7°
1713 4966 2153 5023 Diiiicillimarum
2184 4962 2472 5020 mss.Cem.
2499 4954 2634 5019 Vict.
2659 4962 2718 5021 S.
2747 4964 2907 5024 Misit.
2926 4968 3243 5027 Divinarum
3324 4974 3414 5005 ““
3433 4974 3488 5027 lu

214 5036 364 5079 tanta
394 5029 1009 5087 mss.Gem.Vict.Corb.
1041 5033 1219 5088 Editio
1251 5029 1469 5089 Gothica
1489 5037 1704 5091 ineauta
1785 5041 1879 5071 ¹²⁷²
1909 5036 2433 5093 Suntcomntonendi
2472 5053 2599 5090 mss.
2631 5037 2737 5092 sint
2763 5044 3139 5097 commonendi

3238 5045 3333 5076 1278
3362 5044 3488 5097 Βίθ-

211 5097 422 5181 lectica!
452 5115 576 5153 mss.
609 5100 963 5181 Είιὶι.”(ξς›ιιιζ
986 5104 1268 5181 dialectice
1345 5106 1438 5137 “7‘
1471 5108 1571 5174 Qui
1604 5109 1823 5181 quidem
1857 5126 1964 5181 non
1989 5125 2114 5161 mss.
2159 5106 2512 5181 Cister.__Vict.
2531 5105 2694 5181 garb.
2720 5108 2857 5164 Thn.
2894 5114 3060 5165 omitt.
3097 5115 3317 5181 quidem
3396 5115 3489 5145 ’³⁷⁸

210 5167 327 5222 Nisi
358 5184 709 5246 corpusut”.
745 5171 890 5246 Edit.
923 5173 1081 5246 Goth.
1111 5193 1273 5246 quam
1297 5167 1496 5246 corpus

1600 5176 1690 5255 fi"
1720 5181 1849 5255 Quae
1868 5180 2139 5255 princeps
2176 5195 2320 5255 n1s_s_._
2345 5176 2483 5255 Vict.
2503 5177 2706 5255 “Cister.
2740 5181 2903 5255 Edit._
2928 5183 3085 5236 Gotlt.
3116 5176 3236 5255 qua;
3255 5193 3313 5238 et.
3340 5185 3491 5255 prin-

209 5254 345 5307 ceps
424 5239 514 5321 "'1
543 5242 638 5297 Est
678 5239 1155 5321 imaginationibus
1185 5264 1309 5321 mss.
1358 5239 1443 5302 est
1499 5249 1552 5303 in
1602 5239 2091 5317 imaginationibus
2112 5248 2393 5321 gms.._T7Itu.
2424 5249 2529 5302 546
2557 5251 2608 5303 in
2664 5251 3011 5321 imaginibus.
3092 5239 3183 5285 ¹¹²¹⁸
3204 5239 3489 5320 ΟιιευέοΙςι

209 5318 264 5405 et
313 5325 450 5379 pura
501 5312 615 5405 ipsa
652 5329 775 5367 mss.
798 5311 1142 5405 'Ge.iii.'.i’iet.
1175 5316 1331 5405 Cri-rb.
1365 5334 1486 5387 qua:
1517 5321 1628 5405 ipsa
1659 5311 1771 5374 sola
1800 5330 1865 5405 et.
1894 5336 2029 5405 pura
2095 5319 2199 5405 '“7’
2233 5317 2534 5405 obscurata
2558 5329 2672 5405 est
2721 5311 3101 5405 m§s.ﬁobsura
3128 5311 3248 5378 est~
3288 5325 3488 5405 ηεαρδ-ιι

211 5335 264 5361 τι
313 5335 450 5379 pura
501 5335 615 5381 ipsa
652 5335 775 5367 mss.
824 5335 970 5367 ueni.
1013 5335 1142 5369 Vict.
1175 5335 1331 5371 μοι-υ.
1365 5335 1486 5387 qua:
1517 5336 1628 5373 tisa
1659 5335 1771 5374 sola
1800 5335 1855 5375 et
1894 5336 2029 5392 pura
2106 5335 2199 5351 δυ’
2233 5335 2534 5374 unsettrata
2584 5335 2672 5376 eat
2721 5339 2852 5376 mss.
2898 5335 3093 5377 obsora
3128 5335 3213 5378 est
3288 5335 3381 5357 ¹¹⁹⁹
3405 5335 3488 5381 Ad

211 5380 641 5457 discernendum
682 5395 808 5437 mss.
840 5386 905 5437 ad
954 5385 1357 5457 diiudicandum
1397 5405 1496 5443 ms.
1527 5335 1716 5444 iiister.
1752 5391 1818 5445 ad
1846 5389 2205 5457 iudicandum
2282 5389 2374 5420 “3‘
2401 5390 2669 5445 Excutere
2704 5409 2803 5446 ms.
2848 5389 2997 5447 Gem.
3048 5394 3323 5451 dist-utere
3397 5397 3489 5429 ¹¹⁸¹

210 5449 387 5535 Quam
438 5455 583 5533 quod
621 5450 761 5511 Deus
813 5449 1195 5535 muni/mali.
1232 5472 1411 5535 quam
1446 5461 1570 5535 quia
1598 5462 1744 5535 Deus
1807 5449 1900 5535 fi”
1931 5461 2514 5535 Dubio_cognoscitnus
2560 5478 2688 5535 mss.
2720 5462 2884 5535 dubio
2925 5479 3321 5535 cognomenus
3396 5467 3492 5505 ι²⁸⁶

213 5523 369 5588 Quod
408 5518 768 5593 ei'proprium
796 5542 920 5579 mss.
956 5518 1089 5580 Vict.
1118 5518 1280 5581 σοι-ὀί
1300 5518 1491 5582 ϐἱδιεί.
1524 5530 1670 5583 Iz’dit.
1695 5531 1853 5585 Goth.

214 5602 334 5667 est,
354 5610 482 5646 mss.
504 5592 647 5667 ritu,
670 5611 846 5667 unum
872 5606 973 5662 est,
1006 5600 1148 5667 quod
1182 5614 1489 5665 commune,
1520 5601 1672 5654 idest

1901 5533 2045 5601 quod
2077 5529 2195 5603 ejus
2246 5531 2522 5599 proprium
2599 5533 2688 5564 ⁸³⁸⁸
2724 5533 2899 5588 Unum
2944 5529 3027 5589 est
3073 5550 3384 5603 commune,
3437 5540 3488 5591 id

1776 5602 1867 5633 "“
1900 5603 2075 5671 litest
2098 5601 2292 5671 Pater,»
2319 5602 2534 5671 genitor
2563 5618 2687 5657 mss.
2726 5603 2873 5656 Edit.
2909 5603 3065 5659 Galli.
3105 5616 3165 5660 ut
3202 5621 3286 5663 est
3342 5601 3492 5663 Patri

213 5662 428 5731 genitor
502 5657 593 5695 ¹²⁶⁹
620 5665 771 5721 Dieat
794 5666 863 5721 ibi
905 5657 1039 5721 duas
1068 5687 1190 5722 mss.
1217 5670 1401 5725 Cister.
1429 5657 1489 5727 Si
1537 5670 1696 5724 Mirh.
1724 5669 1870 5727 Gem.
1912 5657 2044 5726 Vict.
2079 5671 2220 5726 Edit.
2268 5657 2423 5726 Eata.
2468 5672 2614 5727 dicat
2665 5675 2734 5728 ibi
2762 5692 2884 5729 esse
2906 5657 3060 5734 duas.

630 5761 902 5823 Parnm"
950 5764 1215 5865 ριγιιι.

3162 5772 3199 5831 9
