3926 6054
450 219 552 277 967

989 216 1044 270 S.
1095 213 1395 271 ANSELMI
1429 212 1782 269 CANTUAR.
1825 209 2146 269 ARCHIEP.
2209 210 2360 268 OPP.
2392 209 2571 265 PARS
2602 210 2642 264 1.
2682 238 2748 250 ι·-
2780 207 3194 266 DOG‘MATICA.

3624 205 3730 264 €268

449 337 524 399 id,
558 332 702 404 quod
723 344 1012 388 commune
1041 339 1148 395 est,
1181 346 1286 384 non
1317 330 1386 383 sit
1412 327 1594 397 plures
1623 344 1707 382 res
1736 368 1752 393 ,
1806 329 1898 382 sed
1932 345 2034 382 una
2067 337 2112 392 Α
2144 327 2282 380 Deus
2309 345 2321 379 :
2354 335 2407 380 et
2439 335 2618 380 tamen
2663 340 2762 381 nec
2792 325 3064 380 credimus
3107 338 3208 379 nec
3262 322 3495 378 dicimus
3545 323 3732 394 plures

449 434 506 480 et
535 425 644 480 sola
672 439 761 480 res
786 441 800 477 :
833 421 1102 492 superﬂue
1125 421 1228 474 hoc
1246 419 1406 484 dicit;
1434 418 1562 489 quia
1585 432 1743 472 nemo
1773 418 2039 473 Christia-

448 533 551 571 nus
580 516 867 570 conlitetur
894 513 1106 566 Patrem
1131 520 1184 563 et
1219 509 1432 574 Filium,
1464 509 1758 564 secundum
1784 508 1897 563 ιιωο
1934 509 2039 564 duo

448 609 686 679 propria,
709 621 866 660 unam
899 620 1012 659 rem
1049 617 1190 665 esse,
1211 602 1306 657 sed
1327 601 1480 656 duas.
1503 599 1750 656 Solemus
1769 601 1913 655 enim
1939 617 2036 655 usu

447 699 628 752 dicere
661 711 793 759 rem,
828 693 1088 763 quidquid
1120 693 1300 761 aliquo
1334 693 1492 747 modo
1520 691 1754 747 dicimus
1779 706 1901 746 esse
1930 692 2031 746 ali-

444 788 594 857 quid.
625 787 727 854 Qui
755 796 935 840 autem
965 784 1183 840 dicitde
1217 784 1326 838 Deo
1377 783 1590 838 Patrem
1646 793 1739 838 aut
1791 783 1983 837 Filium
2017 824 2032 848 ,

444 880 645 948 aliquid
671 879 736 931 de
771 892 835 930 eo
871 876 1030 938 dicit;
1068 885 1121 928 et
1155 890 1343 930 omnes
1373 876 1551 930 sciunt
1593 876 1645 929 in
1680 876 1786 929 Deo
1809 875 2028 930 Patrem

444 985 550 1023 non
577 983 696 1022 esse
723 967 937 1031 Filium,
974 977 1029 1022 et
1052 967 1245 1020 Filium
1270 981 1374 1020 non
1407 981 1528 1021 esse
1552 965 1798 1032 Patrem;
1841 982 2024 1037 quam-

443 1061 523 1114 vis
557 1061 608 1114 in
642 1075 748 1114 uno
772 1059 987 1114 homine
1009 1068 1163 1128 pater
1195 1059 1264 1112 sit
1303 1058 1464 1125 lilius,
1497 1068 1552 1112 et
1581 1058 1724 1114 ﬁlius
1749 1059 1821 1112 sit
1852 1068 2027 1127 pater,

441 1151 486 1204 si
511 1151 650 1205 idem
690 1151 850 1205 homo
869 1158 952 1204 est
988 1159 1144 1219 pater
1166 1158 1222 1205 et
1248 1149 1390 1204 ﬁlius
1417 1166 1429 1203 :
1457 1149 1599 1218 quod
1629 1149 1750 1204 ideo
1785 1148 1865 1216 ﬁt,
1903 1151 2027 1220 quia

442 1243 494 1296 in
529 1244 635 1298 Deo
663 1243 915 1297 dicuntur
945 1243 1223 1310 opposite;
1249 1241 1302 1294 in
1333 1255 1441 1295 uno
1464 1255 1594 1296 vero
1647 1240 1868 1295 homine
1922 1257 2026 1296 non

442 1334 507 1388 ad
535 1333 803 1399 invicem;
837 1333 927 1388 sed
962 1333 1028 1387 ad
1051 1334 1217 1387 alium
1251 1333 1418 1388 ﬁlium
1441 1342 1622 1402 pater,
1664 1340 1718 1387 et
1740 1333 1808 1386 ad
1860 1333 2025 1389 alium

440 1434 647 1494 patrem
677 1425 816 1480 ﬁlius
846 1427 1062 1481 dicitur.
1096 1425 1206 1481 Hoc
1235 1441 1366 1496 ergo
1407 1425 1567 1480 modo
1603 1426 1739 1480 nihil
1773 1427 2028 1498 prohibet

439 1515 620 1570 dicere
651 1517 782 1571 duas
820 1531 1104 1586 personas,
1133 1515 1352 1571 Patrem
1396 1517 1668 1571 etFilium
1720 1532 1840 1574 esse
1891 1519 2027 1574 duas

353 1607 356 1611 ’
441 1607 622 1668 res;si
653 1618 828 1662 tamen
889 1609 1217 1677 intelligatur
1267 1607 1568 1677 cuiusmodi
1616 1609 1726 1664 sint
1783 1625 1868 1666 res
1907 1611 2019 1664 “‘3.

2143 433 2261 473 esse
2283 419 2442 483 deos;
2485 419 2579 472 sed
2610 421 2684 471 ita
2716 433 2879 472 unmn
2925 431 3045 472 esse
3087 415 3251 471 Deum
3296 430 3543 484 numero,
3593 419 3732 473 sicut

2141 520 2358 576 natura,
2391 511 2642 580 quamvis
2688 509 2848 564 Pater
2881 518 2935 563 et
2959 509 3126 562 Filius
3156 523 3260 562 non
3293 509 3401 562 sint
3430 524 3593 573 unus,
3634 509 3730 565 sed

2140 601 2266 656 duo.
2299 602 2562 673 Angelum
2595 603 2739 658 enim
2771 611 2827 655 et
2853 603 3092 655 animant
3132 602 3427 655 secundum
3476 603 3733 657 substan-

2141 689 2267 743 tiam
2299 691 2547 757 dicimus,
2573 706 2678 746 non
2718 692 3016 746 secundum
3043 691 3384 746 relationem.
3417 689 3572 757 Nam,
3602 693 3730 749 licet

2135 780 2312 848 angeli
2342 796 2538 837 nomen
2575 784 2642 837 ab
2669 781 2846 837 olIicio
2875 792 3150 850 sumptum
3185 782 3257 836 sit
3308 782 3398 812 “‘9‘
3449 783 3574 852 quia
3628 800 3724 838 an-

2133 869 2283 939 gelus
2313 871 2533 927 nuntius
2560 872 2790 939 dicitur;
2825 883 3025 935 tamen,
3048 873 3188 926 sicut
3208 873 3387 926 anima
3413 888 3510 942 pro
3543 876 3726 945 specie

2133 963 2452 1019 substantia:
2479 964 2766 1034 accipitur,
2795 965 2868 1020 ita
2898 976 2954 1021 et
2986 965 3228 1034 angelus.
3280 964 3432 1031 Quod
3483 966 3598 1034 ipse
3645 967 3728 1020 in.

2133 1052 2375 1124 telligere
2412 1071 2471 1110 se
2491 1065 2776 1122 monstrat,
2815 1073 2936 1112 cum
2970 1059 3172 1128 pariter
3203 1057 3331 1112 dicit
3365 1075 3378 1111 :
3424 1056 3572 1111 Sicut
3602 1070 3722 1112 sunt

2130 1153 2232 1199 tres
2259 1147 2450 1216 angeli,
2479 1158 2570 1201 aut
2600 1161 2702 1202 tres
2728 1150 2937 1204 animle.
2969 1150 3154 1205 Talem
3185 1151 3364 1220 itaque
3395 1151 3484 1182 ¹²⁹⁸
3519 1152 3726 1221 signifi-

2129 1247 2218 1291 cat
2242 1236 2608 1305 pluralitatem
2627 1239 2719 1273 ¹²⁹⁸
2749 1249 2800 1295 et
2836 1242 3255 1311 separationem,
3283 1243 3496 1312 qualem
3523 1244 3724 1298 habent

2129 1327 2310 1396 plures
2338 1329 2513 1400 angeli
2536 1339 2630 1384 aut
2656 1332 2872 1398 animm,
2897 1332 2949 1386 id
2982 1342 3064 1386 est
3087 1332 3303 1402 qualem
3357 1332 3559 1387 habent
3602 1333 3723 1401 plu-

2129 1433 2216 1473 res
2237 1421 2578 1476 substantim.
2617 1421 2770 1489 Quod
2802 1424 2978 1478 adhuc
3005 1433 3188 1493 aperte
3211 1433 3522 1478 monstrare
3571 1424 3720 1480 vide-

2128 1519 2237 1579 tur,
2265 1529 2389 1568 cum
2422 1517 2605 1571 subdit
2634 1535 2645 1570 :
2675 1516 2760 1570 Ita
2786 1528 2959 1572 tamen
2987 1529 3040 1571 ut
3081 1518 3337 1573 voluntate
3384 1529 3432 1572 et
3471 1531 3720 1590 potestate

2125 1605 2336 1658 omnino
2367 1607 2468 1659 sint
2497 1607 2653 1660 idem.
2688 1607 2781 1663 Sic
2813 1610 2957 1663 enim
2985 1609 3237 1680 intelligit
3281 1610 3610 1664 voluntatem
3666 1622 3720 1666 et

439 1695 556 1750 Non
587 1699 730 1751 enim
767 1699 844 1753 sic
876 1710 999 1754 sunt
1030 1700 1190 1755 Pater
1225 1710 1279 1754 et
1305 1700 1474 1756 Filius
1498 1703 1616 1756 dum
1646 1717 1755 1768 res,
1789 1711 1846 1756 ut
1869 1703 2013 1758 inhit

2130 1703 2450 1765 potestatem
2486 1699 2538 1752 in
2563 1699 2670 1753 illis
2700 1699 2945 1768 pluribus
2974 1701 3153 1765 rebus,
3185 1703 3636 1771 quemadmodum
3667 1705 3718 1758 iu

388 1803 404 1852 ί
438 1785 646 1840 duabus
680 1788 840 1842 rebus
865 1789 1198 1859 intelligatur
1233 1805 1420 1844 eorum
1459 1790 1784 1860 substantia,
1813 1795 1909 1848 sed
1936 1808 2029 1848 eo-

438 1890 555 1928 rum
590 1875 906 1942 relationes;
933 1880 1182 1948 quamvis
1210 1880 1299 1934 ille
1324 1895 1418 1950 per
1435 1895 1518 1944 ea,
1561 1896 1680 1950 qua:
1727 1881 2025 1954 subjungit,

434 1975 622 2035 aperte
643 1969 894 2022 ostendat
923 1984 981 2023 sc
1021 1986 1127 2025 non
1175 1971 1478 2041 intelligere
1531 1972 1636 2028 hoc
1684 1972 1846 2028 modo
1892 1973 2027 2029 duas

432 2074 692 2128 personas
719 2075 840 2115 esse
873 2063 1008 2117 duas
1031 2077 1136 2118 res.
1168 2062 1302 2117 Nam
1333 2079 1455 2118 cum
1489 2063 1622 2120 dicit
1650 2083 1662 2119 :
1697 2063 1757 2120 Si
1782 2075 1884 2120 tres
1905 2082 2025 2136 per-

432 2162 576 2199 sona:
610 2147 714 2201 sint
737 2165 840 2202 una
864 2161 1068 2205 tantum
1099 2168 1202 2215 res,
1230 2161 1276 2205 et
1307 2170 1408 2206 non
1431 2163 1534 2206 tres
1569 2171 1669 2218 res,
1725 2153 2022 2226 subiungit,

429 2252 522 2302 per
549 2253 603 2290 se
631 2239 933 2307 separatim.
961 2239 1174 2311 Quippe
1206 2241 1368 2296 talem
1401 2243 1616 2297 videtur
1665 2244 2022 2314 pronuntiare

431 2329 829 2396 scparationem
852 2370 864 2393 ,
890 2344 1009 2398 qum
1040 2331 1323 2399 prohibeat
1351 2346 1471 2387 esse
1516 2332 1677 2387 simul
1725 2333 1778 2387 in
1830 2335 2018 2389 eodem

431 2417 647 2472 homine
667 2428 876 2488 patrem
906 2430 960 2475 et
988 2420 1176 2474 ﬁlium.
1235 2421 1338 2476 Per
1375 2422 1515 2475 hanc
1568 2439 1802 2494 namque
1848 2424 2016 2480 solam

429 2517 583 2574 putat
609 2523 666 2562 se
699 2525 856 2578 posse
905 2509 1136 2564 liberare
1192 2511 1283 2542 ⁸³⁸³
1328 2512 1546 2566 Patrem
1577 2530 1606 2566 a
1639 2517 2017 2572 communione

429 2597 822 2656 incarnationis
849 2617 971 2656 cum
996 2603 1150 2658 Filio.
1210 2604 1343 2659 Nam
1395 2622 1490 2675 per
1520 2605 1664 2661 illam
1716 2611 2017 2678 separatio-

428 2703 578 2755 nem,
617 2706 722 2761 qua
749 2693 896 2749 aliud
920 2705 1002 2750 est
1025 2711 1146 2752 esse
1175 2697 1392 2752 Patrem
1425 2739 1439 2762 ,
1491 2709 1546 2755 et
1572 2701 1717 2754 aliud
1749 2718 1871 2758 esse
1923 2703 2013 2758 Fi-

427 2778 560 2832 lium
589 2780 680 2813 “'°
707 2780 983 2853 (quoniam
1015 2784 1134 2839 aliae
1157 2800 1282 2840 sunt
1309 2787 1396 2818 ¹²⁹¹
1433 2788 1500 2841 ab
1548 2788 1780 2843 invicem
1827 2800 2013 2860 pater-

428 2871 570 2926 nitas
597 2881 652 2927 et
683 2873 892 2945 ﬁliatio)
930 2875 975 2930 si
1004 2877 1176 2932 credit
1202 2893 1366 2932 unum
1392 2889 1447 2932 et
1473 2880 1647 2934 solum
1675 2896 1796 2936 esse
1819 2883 2007 2949 Deum,

423 2961 517 3032 qui
543 2972 628 3018 est
646 2961 806 3019 Pater
840 2975 894 3020 et
919 2966 1106 3032 Filius,
1137 2983 1241 3023 non
1276 2969 1422 3023 videt
1445 2968 1661 3025 Patrem
1717 2981 1772 3027 et
1815 2971 2008 3028 Filium

425 3067 583 3121 posse
609 3057 872 3123 separari,
923 3059 1052 3127 quin
1101 3059 1208 3112 sint
1250 3060 1302 3114 in
1357 3061 1546 3116 eodem
1579 3063 1796 3118 homine
1829 3066 2006 3120 simul.

421 3141 526 3194 Aut
555 3159 685 3213 ergo
711 3144 870 3200 aliam
894 3151 1297 3217 separationem
1332 3166 1692 3220 personarum
1750 3155 1928 3212 Patris
1958 3167 2013 3212 et

422 3231 542 3286 Filii
573 3234 832 3305 loquitur,
865 3255 1028 3308 quam
1059 3240 1226 3306 illam,
1257 3257 1388 3310 qua,
1433 3244 1733 3298 secundum
1767 3245 2008 3321 propria,

421 3322 511 3375 alii
542 3335 666 3378 sunt
692 3327 758 3379 ab
785 3327 1015 3384 invicem
1039 3328 1201 3383 Pater
1227 3341 1280 3385 et
1310 3330 1506 3399 Filius;
1565 3335 1690 3401 quia
1729 3350 1825 3403 per
1872 3336 2009 3391 hanc

421 3426 526 3466 non
578 3414 824 3485 intelligit
859 3418 1287 3474 incarnationem
1327 3422 1560 3476 alienam
1591 3440 1709 3478 esse
1738 3441 1767 3478 a
1811 3425 2002 3492 Patre;

421 3501 531 3554 imo
552 3503 595 3556 si
628 3504 788 3558 simul
824 3517 950 3560 sunt
981 3507 1140 3563 Pater
1169 3519 1222 3562 et
1244 3509 1434 3575 Filius,
1469 3513 1720 3580 opinatur
1748 3517 2005 3584 consequi

419 3591 638 3648 Patrem
696 3611 814 3651 esse
863 3599 1182 3669 participem
1235 3602 1622 3660 incarnationis
1675 3622 1795 3660 cum
1847 3607 2001 3664 Filio.

415 3684 524 3739 Aut
547 3686 764 3741 siillam
795 3689 944 3754 dicit,
972 3691 1169 3746 frustra
1215 3691 1444 3760 laborat,
1493 3697 1635 3751 sicut
1681 3697 1793 3766 jam
1845 3701 2002 3770 dixi,

417 3777 544 3846 quia
568 3777 881 3835 Christiana
915 3781 1046 3836 ﬁdes
1075 3783 1178 3838 hoc
1203 3785 1363 3840 modo
1395 3785 1652 3858 intelligit
1702 3788 1915 3846 Patrem
1947 3803 2004 3847 et

413 3867 608 3922 Filium
632 3886 754 3926 esse
784 3872 916 3928 duas
947 3889 1052 3928 res.
1097 3873 1202 3930 Sed
1233 3891 1355 3931 cum
1404 3880 1480 3932 ait
1505 3893 1519 3932 :
1544 3879 1691 3934 Sicut
1741 3896 1858 3938 sunt
1901 3895 2002 3941 tres

413 3960 613 4029 angeli,
675 3971 765 4014 aut
800 3974 901 4016 tres
939 3966 1154 4033 animm,
1189 3978 1375 4038 aperte
1399 3981 1668 4026 monstrat
1691 3989 1748 4027 se
1778 3975 1867 4006 “9'
1896 3992 2000 4032 non

411 4050 478 4103 de
505 4051 816 4120 pluralitate
847 4054 930 4110 vel
957 4059 1305 4126 separatione
1335 4059 1421 4112 illa
1454 4062 1622 4132 loqui,
1657 4079 1777 4133 qua:
1809 4067 1860 4120 in
1895 4068 1998 4124 illis

410 4151 494 4196 est
523 4143 614 4176 “”
643 4148 890 4214 personis
911 4150 1208 4205 secundum
1238 4155 1479 4223 propria.
1536 4155 1741 4226 Nempe
1763 4159 1828 4214 de
1854 4160 1997 4214 nulla

390 4249 512 4299 una
541 4236 839 4308 eademque
868 4255 1093 4297 numero
1120 4258 1176 4297 re
1207 4245 1313 4298 duo
1364 4247 1540 4317 angeli
1583 4249 1860 4316 dicuntur,
1906 4263 1998 4308 aut

2132 1786 2375 1855 pluribus
2399 1789 2605 1858 angelis
2640 1799 2732 1845 aut
2767 1791 3092 1846 animabus:
3126 1794 3271 1862 quod
3322 1792 3547 1864 intelligi
3612 1811 3717 1848 non

2129 1871 2330 1946 potest,
2354 1877 2398 1932 si
2423 1877 2528 1934 illa:
2551 1880 2733 1952 plures
2761 1897 2849 1938 res
2875 1891 3135 1951 putantur
3157 1884 3453 1938 secundum
3479 1887 3722 1955 prppria-

2131 1975 2272 2024 tates
2307 1984 2665 2039 personarum
2709 1988 2855 2039 esse,
2907 1989 3016 2030 non
3078 1975 3374 2031 secundum
3420 1977 3525 2033 hoc
3572 1980 3717 2048 quod

2127 2060 2486 2116 communiter
2520 2062 2773 2117 dicuntur
2795 2062 2923 2136 44.
2958 2063 3279 2121 Nullatenus
3327 2081 3562 2136 namque
3614 2066 3718 2121 Pa-

2127 2153 2226 2208 tris
2252 2162 2308 2209 et
2331 2153 2474 2222 Filii,
2504 2158 2801 2212 secundum
2826 2159 2972 2228 ipsas
3003 2161 3385 2230 proprietates,
3439 2161 3490 2215 id
3519 2171 3601 2216 est
3628 2175 3717 2216 se-

2124 2245 2360 2300 cundum
2389 2249 2771 2318 paternitatem
2804 2259 2859 2306 et
2906 2251 3222 2306 ﬁliationem
3274 2252 3363 2283 ¹³⁹⁷
3395 2252 3501 2306 ulla
3529 2251 3717 2307 volun-

2127 2341 2208 2389 tas
2231 2345 2325 2388 aut
2349 2339 2587 2402 potentia
2617 2349 2735 2403 est;
2785 2341 2880 2395 sed
2908 2342 3202 2396 secundum
3239 2343 3542 2397 divinitatis
3587 2343 3716 2398 sub-

2123 2427 2403 2494 stantiam,
2447 2445 2567 2499 qute
2594 2433 2901 2487 communis
2950 2443 3036 2489 est
3081 2433 3206 2489 illis.
3259 2434 3438 2502 Quare
3482 2436 3527 2488 si
3582 2435 3713 2489 dicit

2124 2525 2234 2572 tres
2255 2533 2519 2588 personas
2550 2537 2672 2577 esse
2705 2531 2816 2578 tres
2842 2537 2950 2587 res,
2984 2525 3280 2579 secundum
3305 2512 3420 2594 ipsa
3445 2524 3707 2594 propria;

2119 2608 2294 2677 palam
2319 2619 2403 2666 est
2425 2627 2587 2683 quam
2624 2613 2896 2684 superﬂue
2927 2617 3029 2670 hoc
3060 2615 3226 2683 dicat,
3256 2631 3417 2685 quam
3445 2617 3608 2670 etiam
3635 2616 3712 2670 in-

2118 2703 2526 2772 convenienter,
2559 2721 2680 2760 cum
2719 2707 2867 2762 addit
2897 2724 2909 2759 :
2944 2705 3094 2762 Sicut
3122 2708 3211 2739 "9°
3237 2719 3358 2762 sunt
3385 2719 3488 2762 tres
3512 2707 3707 2778 angeli,

2116 2799 2208 2843 aut
2235 2800 2340 2846 (re:
2365 2795 2578 2850 animm.
2607 2799 2678 2850 At
2712 2798 2754 2852 si
2784 2798 2915 2853 dicit
2941 2798 3031 2830 ””
3051 2800 3270 2855 easdem
3299 2814 3560 2868 personas
3573 2799 3709 2856 duas

2115 2894 2236 2936 esse
2257 2898 2369 2949 res,
2395 2888 2696 2941 secundum
2731 2888 2832 2943 hoc
2863 2890 3007 2957 quod
3035 2904 3329 2945 commune
3359 2902 3445 2945 est
3471 2890 3598 2952 illis,
3650 2891 3703 2944 id

2115 2987 2200 3032 est
2225 2982 2522 3035 secundum
2548 2982 2690 3052 quod
2723 2983 2932 3053 singula
2961 2999 3210 3053 quaeque,
3235 2993 3290 3038 et
3315 2984 3495 3055 plures
3519 2985 3706 3056 simul,

2119 3087 2255 3127 unus
2279 3073 2552 3142 perlectus
2583 3076 2724 3131 Deus
2752 3087 2855 3133 est.
2883 3077 3124 3134 Primum
3143 3094 3328 3150 quer
3354 3095 3421 3134 an
3448 3081 3520 3135 sit
3546 3080 3705 3135 Chri-

2111 3161 2344 3219 Stianus.
2374 3163 2763 3234 Respondebit,
2804 3169 3120 3233 uttestimo,
3173 3184 3234 3224 se
3265 3170 3370 3224 hoc
3415 3186 3535 3226 esse
3585 3171 3700 3223 "°°.

2114 3251 2257 3324 Ergo
2309 3256 2484 3311 credit
2536 3274 2698 3312 unum
2737 3273 2858 3316 esse
2906 3261 3073 3315 Deum
3098 3299 3116 3327 ,
3149 3269 3203 3316 et
3231 3262 3404 3330 ipsum
3434 3277 3555 3318 esse
3591 3270 3704 3318 tres

2111 3356 2407 3410 personas,
2455 3347 2506 3400 id
2546 3357 2630 3402 est
2679 3347 2918 3415 Patrem,
2965 3360 3019 3405 et
3071 3350 3287 3418 Filium,
3335 3361 3392 3407 et
3438 3351 3699 3422 Spiritum

2111 3444 2391 3498 sanctum;
2419 3436 2611 3491 etFilii
2642 3452 2930 3506 personam
2964 3439 3132 3494 solam
3166 3442 3530 3510 incarnatam,
3574 3443 3697 3500 aliis

2113 3534 2290 3580 tamen
2327 3527 2539 3583 duabus
2567 3531 3010 3599 cooperantibus.
3034 3533 3136 3599 Qui
3167 3543 3348 3590 autem
3383 3535 3460 3590 ita
3501 3536 3694 3600 credit,

2110 3613 2342 3671 allirmat
2371 3632 2495 3672 eum
2530 3633 2638 3674 non
2665 3633 2787 3674 esse
2809 3620 3202 3688 Christianum,
3233 3624 3324 3692 qui
3355 3625 3553 3694 aliquid
3581 3625 3699 3679 vult

2109 3723 2359 3764 asserere
2387 3721 2577 3765 contra
2608 3711 2813 3782 aliquid
2839 3714 3058 3769 horum.
3093 3714 3149 3769 Si
3179 3731 3307 3786 ergo
3331 3717 3434 3772 iste
3473 3719 3544 3771 ita
3576 3731 3697 3772 cre-

2106 3797 2203 3866 dit,
2231 3809 2390 3870 negat
2412 3815 2536 3854 eum
2561 3815 2681 3857 esse
2708 3800 3101 3870 Christianum,
3133 3805 3227 3875 qui
3249 3815 3436 3860 centra
3460 3805 3573 3860 haec
3601 3805 3692 3837 ‘3“

2106 3887 2357 3957 disputat.
2399 3889 2590 3945 Utrum
2620 3899 2803 3946 autem
2838 3893 2980 3947 hanc
3012 3892 3173 3948 ﬁdem
3205 3895 3526 3950 subvertere
3575 3895 3690 3964 ipse

2105 3980 2324 4049 nitatur,
2359 3983 2658 4039 videamus.
2683 3984 2816 4040 Cum
2847 3985 3014 4056 igitur
3042 3985 3195 4053 dicit,
3254 3995 3313 4042 ut
3361 3988 3429 4042 de
3483 3988 3693 4045 duabus

2103 4072 2349 4138 personis
2383 4073 2578 4139 dicam,
2609 4075 2752 4130 sicut
2788 4075 3008 4146 incmpi,
3037 4078 3182 4146 quod
3211 4077 3279 4132 de
3312 4077 3486 4132 tribus
3533 4078 3690 4132 intel-

2102 4162 2330 4230 ligatur;
2367 4178 2510 4227 cum,
2549 4165 2792 4236 inquam,
2819 4167 2970 4234 dicit,
3000 4169 3047 4222 si
3099 4169 3218 4223 dua:
3277 4183 3523 4238 persona:
3560 4178 3690 4223 sunt

2099 4268 2204 4306 una
2247 4267 2357 4318 res,
2382 4265 2438 4308 et
2463 4271 2567 4309 non
2593 4257 2710 4311 duae
2741 4262 2880 4313 sicut
2907 4269 3032 4313 sunt
3076 4261 3181 4314 duo
3211 4261 3387 4329 angeli
3443 4269 3536 4314 aut
3570 4261 3688 4316 dua:

390 4319 526 4410 ;.dua:
561 4326 788 4394 animae;
843 4345 943 4386 nec
974 4347 1138 4387 unum
1169 4334 1370 4404 aliquid
1423 4354 1647 4394 numero
1672 4341 1736 4396 de
1788 4343 1995 4399 duobus
2025 4366 2071 4424 ι)
2099 4345 2312 4412 animae,
2345 4349 2602 4417 consequi
2632 4348 2849 4405 Patrem
2875 4367 3089 4422 quoque
3136 4369 3262 4410 esse
3318 4356 3683 4421 incarnatam,

377 4414 614 4485 ’angelis
653 4419 870 4487 dicitur,
899 4434 993 4478 aut
1019 4426 1083 4479 de
1114 4427 1322 4482 duabus
1363 4431 1682 4500 animabus;
1723 4435 1863 4490 sicut
1895 4436 1994 4491 Pa-

409 4516 545 4562 trem
587 4525 640 4566 et
685 4513 876 4569 Filium
928 4519 1158 4575 dicimus
1214 4521 1280 4576 de
1318 4523 1426 4577 Deo
1477 4540 1584 4577 uno
1637 4542 1886 4594 numero,
1938 4539 1994 4585 et

407 4610 570 4651 unum
604 4617 828 4658 numero
858 4605 1023 4660 Deum
1067 4611 1132 4663 de
1185 4609 1346 4667 Patre
1401 4623 1453 4668 et
1497 4614 1652 4670 Filio.
1711 4618 1994 4676 Credimus

404 4689 549 4742 enim
583 4702 636 4744 et
670 4693 900 4750 dicimus
927 4699 1052 4766 quia
1084 4702 1224 4756 Deus
1267 4716 1349 4759 est
1379 4705 1560 4771 Pater,
1610 4721 1663 4764 et
1708 4710 1850 4765 Deus
1908 4725 1991 4769 est

403 4775 602 4846 Filius;
634 4791 688 4836 ct
714 4788 1039 4855 conversim,
1093 4789 1254 4848 l’ater
1299 4805 1380 4851 est
1422 4797 1584 4866 Deus,
1619 4809 1670 4854 et
1708 4800 1876 4857 Filius
1905 4813 1990 4858 est

2098 4437 2142 4490 si
2179 4436 2346 4493 Filius
2382 4451 2466 4494 est
2503 4441 2818 4499 incarnatus
2843 4463 2855 4497 :
2880 4454 3010 4515 puto
3041 4447 3170 4517 quia
3197 4449 3278 4502 sic
3325 4448 3687 4503 ratiocinatur

2097 4545 2282 4585 secum
2310 4531 2400 4561 ¹³⁰²
2430 4550 2444 4585 :
2481 4530 2538 4586 Si
2570 4549 2674 4586 una
2702 4544 2755 4588 et
2782 4537 2972 4590 eadem
2996 4553 3226 4594 numero
3257 4555 3343 4594 res
3383 4540 3525 4594 Deus
3574 4550 3683 4606 est,

2093 4631 2145 4675 et
2172 4623 2283 4691 ipsa
2313 4622 2499 4676 eadem
2525 4635 2609 4680 est
2650 4625 2829 4693 Pater,
2881 4637 2934 4683 ct
2972 4629 3142 4685 Filius
3192 4632 3313 4698 ‘3“;
3348 4649 3472 4688 cum
3511 4632 3683 4688 Filius

2096 4711 2167 4765 sit
2196 4712 2529 4780 incarnatus,
2559 4717 2832 4785 quomodo
2862 4734 2969 4774 non
2999 4729 3054 4774 et
3079 4721 3240 4776 Pater
3287 4731 3373 4777 est
3423 4723 3678 4776 incarna-

2099 4805 2219 4860 tus?
2249 4805 2322 4860 Dc
2352 4823 2454 4862 una
2479 4810 2678 4880 quippe
2702 4821 2755 4866 et
2785 4815 2974 4870 eadem
3004 4831 3064 4870 re
3089 4831 3194 4871 non
3219 4827 3300 4872 est
3334 4833 3460 4872 vera
3513 4817 3678 4873 simul

1709 4982 1940 5040 νΑΡιΙᾸΞ
1981 4985 2380 5044 LECTlOtVES.

468 5075 886 5174 ‘1':
913 5093 1291 5174 θηηξαίῗῗῖἶηῇ·
1317 5089 1459 5174 lida)
1495 5091 2245 5174 “Wa-“cuiusmodiisintres
2322 5103 2412 5135 ¹²⁸⁹
2435 5104 2504 5157 Se
2533 5121 2688 5174 posse
2709 5108 2938 5164 liberare
2969 5128 3091 5168 mss.
3121 5110 3272 5169 Gem.
3292 5112 3420 5168 Vict.
3463 5113 3670 5171 Timon.

540 5147 550 5158 .
651 5141 668 5146 _
745 5151 752 5159 _
1284 5141 1287 5142 ν
1504 5141 1523 5145 ν
1691 5141 1989 5164 ...Ἴννα-νυ.
2021 5141 2129 5154 ω..-
2161 5141 2245 5156 υυο
2435 5141 2504 5157 Ub
2533 5141 2688 5174 γυδδυ
2709 5141 2938 5164 unum“:
2970 5141 3091 5168 mea.
3121 5141 3272 5169 nam.
3295 5141 3420 5168 νισι.
3463 5141 3668 5171 artuum

723 5149 951 5240 liberare
986 5234 997 5240 Δ
1028 5155 1350 5212 "‘°Etaliud
1369 5171 1451 5240 cst
1474 5165 1778 5240 esseﬁliutn
1805 5185 1932 5222 ansa.
1952 5169 2081 5240 Vict.
2106 5169 2292 5225 (lister.
2318 5185 2370 5226 et
2397 5175 2540 5228 aliud
2564 5192 2683 5230 esse
2708 5181 2872 5234 lilium
2892 5199 2986 5235 ms.
3007 5182 3162 5238 Corb.
3182 5187 3326 5238 aliud
3357 5199 3477 5240 esse
3502 5186 3668 5240 lilium

1549 5216 1553 5217 ν
1633 5216 1683 5218 νὴ
1714 5216 1778 5219 ν---
1807 5216 1932 5222 η----
1957 5216 1964 5221 .
1995 5216 2081 5223 .-ν-
2111 5216 2261 5224 .--ν-νυ
2281 5216 2292 5225 υ
2319 5216 2370 5226 ν.
2397 5216 2539 5228 uuuu
2564 5216 2682 5230 \qqy
2708 5216 2872 5234 Illllllll
2893 5216 2986 5235 luo.
3008 5216 3162 5238 υυιιι.
3182 5216 3326 5238 dllllll
3357 5216 3476 5240 ιέδθυ
3502 5216 3667 5240 ΙΙΙΙΙΙΙΠ

398 5216 488 5321 1":
525 5217 660 5272 Nam
721 5221 840 5302 alia:
878 5234 1002 5321 situt
1051 5235 1507 5321 ~ntss;..:;tiintii;tni
1537 5236 1655 5288 aia:
1686 5248 1813 5290 sunt
1887 5241 1979 5271 "9‘
2016 5239 2278 5295 Monstrat
2319 5259 2376 5297 se
2418 5263 2543 5299 mss.
2591 5247 2722 5301 Tim.
2767 5251 3103 5309 demonstrat
3136 5272 3193 5311 se
3271 5256 3362 5287 “’3
3389 5257 3518 5321 Qua:
3566 5259 3671 5312 illis

428 5303 449 5321 ρ
507 5305 608 5321 ...η
947 5311 986 5321 ,η
1027 5308 1098 5321 μ.
1339 5306 1360 5321 .,
1649 5306 1677 5321 ..
1727 5319 1736 5321 _
1905 5311 1936 5321 ,ν
2154 5311 2188 5321 ,.
2349 5313 2381 5321 κ
2457 5317 2465 5321 -
2721 5319 2745 5321 __

393 5295 489 5376 est.
507 5305 628 5376 nisa:
654 5293 857 5376 quasi"
885 5294 990 5348 illis
1023 5308 1106 5352 est
1172 5293 1374 5376 ¹³²δ¹ξξΑειΔ
1398 5304 1575 5376 ollitio
1629 5306 1834 5361 dictum
1873 5311 1944 5363 sit
1977 5327 2100 5364 mss.
2146 5293 2294 5366 Cibi.
2320 5293 2892 5376 fore?i’ii‘tfilisier:

2950 5325 3018 5396 ab
3064 5326 3236 5381 ollicio
3281 5337 3556 5396 suinptntn
3598 5330 3670 5382 sit

397 5356 709 5468 ﬁliiﬁlii
739 5371 794 5416 Cl
824 5379 1055 5468 lusique
1081 5369 1406 5468 meantime.
1434 5375 1751 5468 Genullfict.
1786 5377 1974 5433 ρεπεν.
2012 5380 2172 5436 talem
2211 5356 2395 5454 uane
2474 5356 3670 5468 mi'éiguiii'iitl.rliiit5121?:‘iniyiigiiiirciii

393 5427 1780 5534 !:|:l,l‘:l‘i‘i‘l:::lc‘l‘l;lm32:513.“‘liiifltjgtlcm.gishﬂisler.
1828 5463 1921 5504 aut
1972 5427 2319 5534 ﬁliationem‘i
2368 5458 2459 5491 "’3
2495 5427 3479 5534 addi;sictiimiiiliimtiiiiit"xiiii:

443 5499 596 5582 erat;
621 5502 663 5554 si
681 5503 835 5582 dicat
870 5522 997 5561 mss.
1026 5520 1081 5562 at
1118 5512 1161 5564 si
1195 5513 1327 5567 dicit
1404 5515 1494 5547 ¹⁸⁰⁰
1519 5499 1617 5572 llic
1645 5499 2423 5582 ἐξέξᾷξᾷ’ἦιδᾷξηξδῙίὸῖ-οεδρ.

3527 5471 3668 5524 sicut

2503 5531 2593 5562 ¹³⁰¹
2625 5532 2823 5585 Contra
2863 5536 2963 5590 hoc
2992 5553 3114 5590 mss.
3146 5549 3331 5591 contra
3377 5531 3491 5595 huic
3573 5541 3668 5573 ¹³⁰⁸

393 5567 764 5630 Ratiut'ittatur
786 5590 968 5631 secum
997 5597 1091 5635 ms.
1126 5582 1311 5638 Cister.
1339 5586 1488 5639 omit.
1534 5567 1890 5644 secum“Im
1922 5567 2017 5649 list
2129 5567 2269 5653 ﬁlius
2453 5611 2508 5656 et
2541 5567 3114 5661 est‘liiiiisantliinclgg:
