3926 6054
269 241 380 296 9.69

1534 241 1619 296 DE
1671 238 1828 294 FIDE
1870 240 2144 296 TBINH‘A
2157 242 2280 298 TIS.

3443 253 3546 310 270

270 353 588 417 aﬂirmatio,
619 362 673 406 et
705 351 820 421 ejus
849 353 1091 423 negatio;
1127 353 1220 408 sed
1249 353 1314 409 de
1341 354 1446 407 alia
1481 337 1536 408 re
1585 354 1852 408 allirmare
1883 363 1926 417 Α
1957 365 2102 410 tanta
2141 367 2398 426 sequetur
2446 357 2714 419 conlusio,
2771 368 2827 410 ut
2885 361 3143 429 quidquid
3201 363 3268 416 de
3325 366 3552 437 singulis

264 445 495 516 aliquid,
525 455 582 498 et
628 445 694 500 de
725 445 827 499 alia
860 445 1000 500 idem
1049 445 1222 515 ipsum
1281 461 1479 514 negare
1526 447 1686 502 simul
1724 448 1855 502 nihil

263 534 364 568 ¹³⁰δ
393 534 662 605 prohibet.
684 534 799 588 Non
833 535 978 589 enim
1023 536 1162 589 idem
1199 536 1390 590 Petrus
1449 537 1721 605 apostolus
1749 548 1855 600 est,

259 638 318 683 et
345 645 455 683 non
485 638 566 682 est
589 629 888 696 apostolus.
909 629 1014 683 Sed
1044 629 1163 683 etsi
1189 630 1294 683 alio
1325 630 1543 684 nomine
1567 630 1711 683 idem
1737 629 1857 698 ipse

259 720 567 775 aﬂirmetur
594 720 890 789 apostolus,
923 730 978 774 et
1006 721 1113 775 alio
1139 731 1366 791 negetur
1402 740 1414 774 :
1443 731 1522 787 ut,
1554 721 1750 776 Petrus
1775 732 1859 776 est

258 813 563 882 apostolus,
605 823 656 867 et
691 812 876 867 Simon
903 829 1005 867 non
1035 823 1117 868 est
1144 813 1445 883 apostolus;
1480 828 1583 867 non
1602 823 1682 869 est
1715 823 1857 866 utra-

259 920 373 976 que
396 921 520 960 vera
552 906 874 968 enuntiatio,
909 905 1005 958 sed
1041 920 1147 958 una
1177 906 1366 959 harum
1421 903 1579 959 falsa.
1633 905 1854 960 Petrum

261 1003 447 1048 autem
471 1008 594 1047 esse
629 992 954 1062 apostolum,
991 1003 1045 1048 et
1075 992 1412 1064 Stephanum
1441 1010 1548 1048 non
1575 1009 1696 1050 esse
1728 1009 1858 1064 apo-

261 1087 498 1150 stolum;
521 1086 778 1156 quoniam
817 1086 956 1140 alius
980 1095 1063 1140 est
1093 1086 1310 1151 Petrus,
1343 1096 1396 1140 et
1421 1087 1561 1141 alius
1603 1098 1687 1141 est
1735 1088 1856 1141 Ste-

259 1180 496 1248 phanus,
534 1176 793 1247 possibile
831 1186 917 1230 cst
969 1192 1155 1231 rerum
1189 1193 1326 1232 esse.
1388 1178 1445 1232 Si
1487 1192 1617 1245 ergo
1664 1178 1853 1232 eadem

259 1285 494 1323 numero
523 1278 577 1322 et
611 1285 716 1322 nun
758 1268 862 1320 alia
897 1284 981 1320 res
1009 1279 1092 1323 est
1115 1268 1277 1323 Pater
1299 1285 1460 1339 quam
1503 1268 1708 1332 Filius,
1748 1285 1852 1324 non

256 1376 345 1418 est
373 1380 563 1418 verum
592 1361 846 1416 allii-mari
873 1364 1068 1418 debere
1097 1362 1299 1432 aliquid
1323 1363 1388 1416 de
1418 1361 1572 1426 Filio,
1598 1369 1652 1415 ct
1670 1362 1853 1432 negari

257 1459 327 1507 de
358 1453 549 1518 Patre;
586 1463 677 1507 aut
702 1452 959 1508 aﬂirntari
995 1454 1193 1508 debere
1243 1456 1307 1507 de
1351 1454 1509 1509 Patre
1563 1453 1677 1521 ¹³⁰⁸,
1707 1465 1762 1508 et
1790 1456 1856 1511 de

257 1543 399 1598 Filio
429 1545 635 1613 negari.
675 1545 946 1613 Quidquid
980 1545 1144 1614 igitur
1165 1556 1248 1599 est
1273 1545 1450 1604 Pater,
1483 1554 1567 1598 est
1586 1553 1639 1600 et
1666 1545 1849 1609 Filius;

255 1645 309 1688 et
340 1638 486 1706 quod
518 1637 715 1690 dicitur
743 1639 808 1692 de
835 1636 992 1701 Filio,
1023 1652 1126 1690 non
1154 1637 1310 1691 debet
1341 1637 1525 1706 negari
1559 1637 1625 1690 de
1671 1637 1848 1693 Patre.

253 1725 354 1779 Est
385 1739 563 1779 autem
618 1727 933 1781 incarnatus
981 1725 1176 1792 Filius;
1231 1735 1314 1781 est
1363 1741 1493 1796 ergo
1539 1729 1854 1782 incarnatus

255 1830 477 1884 quoque
512 1817 685 1871 Pater.
731 1818 836 1872 Sed
868 1818 983 1874 lucc
1017 1820 1361 1874 ratiocinatio
1399 1821 1442 1874 si
1478 1835 1602 1875 vera
1653 1829 1706 1875 ct
1737 1833 1853 1875 rata

255 1919 343 1964 est
369 1911 485 1976 m6,
515 1927 640 1966 vera
673 1921 757 1966 est
785 1913 1011 1968 hmresis
1032 1912 1270 1968 Sabellii.
1306 1913 1362 1969 Si
1413 1915 1558 1968 enim
1593 1915 1854 1984 quidquid

256 1999 466 2054 dicitur
504 2002 569 2055 de
603 2017 706 2055 una
746 2018 1001 2073 persona,
1032 2004 1232 2058 dicitur
1257 2012 1310 2057 et
1335 2003 1402 2058 de
1433 2003 1626 2068 altera,
1652 2004 1854 2064 idcirco

256 2091 517 2158 quoniam
548 2107 651 2144 una
687 2107 772 2148 res
807 2092 926 2148 dua:
955 2103 1084 2148 sunt
1112 2109 1395 2165 personaa;
1439 2110 1570 2166 ergo
1616 2100 1758 2150 sicut
1784 2098 1853 2152 de

257 2180 400 2237 Filio
427 2183 624 2238 dicitur
651 2183 844 2250 Filius,
867 2195 921 2241 et
949 2186 1205 2250 Verbum,
1239 2195 1290 2242 et
1339 2188 1581 2256 genitus;
1626 2189 1698 2243 ita
1739 2189 1853 2244 haac

257 2273 518 2328 dicentur
544 2275 610 2329 de
637 2273 798 2336 Patre
831 2293 843 2328 :
873 2283 928 2330 et
979 2277 1434 2346 quemadmodum
1482 2278 1642 2333 Pater
1679 2289 1759 2334 est
1799 2289 1851 2333 et

256 2363 449 2431 Pater,
481 2374 535 2420 et
557 2366 789 2437 genitor,
821 2375 875 2421 et
905 2368 1205 2437 ingenitus;
1255 2369 1336 2424 sic
1367 2371 1481 2425 haec
1511 2371 1576 2425 de
1605 2370 1743 2425 Filio
1773 2373 1849 2424 di-

253 2463 432 2513 cenda
462 2468 607 2512 sunt.
636 2461 726 2523 At,
767 2459 810 2514 si
838 2459 908 2512 ita
941 2469 1025 2514 est
1056 2460 1179 2524 ¹⁸⁰’;
1234 2475 1340 2515 non
1390 2471 1473 2514 est
1507 2461 1642 2516 alius
1693 2461 1852 2516 Pater

253 2566 424 2620 quam
454 2550 651 2613 Filius;
712 2566 809 2607 nec
855 2551 1021 2607 Filius
1069 2553 1206 2608 alius
1235 2568 1262 2606 a
1294 2552 1452 2608 Patre
1501 2553 1614 2607 ¹³⁰⁸.
1672 2555 1852 2621 Quare

256 2658 367 2696 non
397 2651 526 2696 sunt
553 2645 670 2697 dua:
693 2659 960 2712 personae,
992 2645 1086 2699 sed
1113 2661 1216 2698 una
1252 2661 1513 2715 persona;
1543 2647 1664 2700 ideo
1697 2662 1850 2700 nam-

256 2748 366 2802 que
389 2733 646 2787 dicuntur
670 2749 916 2804 personre
943 2737 1079 2796 duae,
1110 2735 1236 2804 quia
1290 2736 1377 2788 alii
1436 2736 1732 2789 creduntur
1782 2735 1850 2789 ab

257 2825 497 2878 invicem
528 2824 687 2881 Pater
715 2837 770 2880 et
803 2827 970 2881 Filius
1003 2845 1015 2880 :
1045 2828 1088 2881 si
1125 2837 1299 2882 tamen
1326 2828 1466 2882 Deus
1487 2829 1590 2881 erit
1613 2826 1774 2883 Pater
1797 2835 1851 2883 et

254 2915 448 2969 Filius.
490 2915 624 2970 Nam
649 2932 863 2986 semper
887 2918 1050 2973 Pater
1077 2927 1160 2972 est
1185 2917 1416 2988 alicujus
1467 2917 1625 2972 Pater
1650 2927 1704 2972 et
1754 2917 1849 2972 Fi-

254 3008 363 3062 lius
385 3007 612 3076 alicujus
639 3009 832 3073 Filius;
863 3025 960 3064 nec
984 3025 1222 3079 unquam
1256 3007 1418 3062 Pater
1457 3008 1649 3063 suimet
1683 3008 1848 3078 ipsius

253 3113 340 3151 est
363 3097 545 3162 Pater,
577 3107 670 3151 aut
699 3097 866 3152 Filius
910 3083 1108 3154 suimet
1151 3099 1320 3162 ipsius
1366 3097 1534 3153 Filius
1585 3107 1698 3157 est.
1754 3100 1847 3153 sed

253 3189 394 3243 ςιέἱιιρ
427 3198 510 3244 est
540 3202 713 3259 pater,
752 3200 806 3245 et
831 3190 968 3245 alius
991 3189 1146 3259 cujus
1169 3199 1250 3244 est
1272 3199 1458 3260 pater;
1492 3198 1546 3243 et
1592 3189 1849 3244 similiter

253 3283 398 3336 alius
428 3291 512 3336 est
538 3282 702 3346 illius,
732 3295 786 3337 et
827 3283 966 3338 alius
993 3282 1148 3352 cujus
1177 3295 1258 3338 est
1285 3283 1441 3338 titius.
1505 3281 1683 3349 Quare
1711 3283 1754 3337 si
1794 3283 1844 3336 in

255 3373 367 3427 Dco
399 3389 506 3427 non
543 3383 628 3427 est
657 3374 796 3428 alius
824 3373 1004 3439 Pater,
1028 3386 1082 3430 et
1108 3376 1247 3430 alius
1271 3375 1424 3443 cujus
1453 3384 1534 3429 est
1559 3374 1842 3440 Pater”°°,

254 3479 353 3517 nec
387 3465 556 3519 Filius
588 3466 680 3497 ¹²¹⁰
703 3467 839 3521 alius
868 3476 974 3525 est.
1024 3475 1077 3520 ct
1107 3466 1244 3521 alius
1280 3467 1449 3535 'cnjus
1501 3475 1580 3520 est
1633 3465 1796 3518 Filius
1827 3482 1840 3529 ;

256 3557 401 3608 falso
425 3555 624 3610 dicitur
653 3556 739 3587 ¹³¹¹
773 3558 914 3611 licus
954 3556 1116 3610 Pater
1164 3564 1256 3609 aut
1303 3554 1486 3609 Filius.
1529 3555 1582 3608 Si
1615 3571 1757 3609 enim
1792 3556 1841 3607 in

254 3644 366 3698 Deo
419 3661 525 3698 non
585 3657 663 3700 est
725 3647 862 3700 alius
900 3665 926 3699 ιι
959 3647 1120 3701 Patre
1184 3645 1335 3714 cujus
1394 3647 1553 3700 Pater
1593 3647 1682 3708 sit,
1739 3660 1842 3698 non

252 3749 436 3806 piuest
461 3753 582 3792 esse
612 3737 800 3801 Pater;
827 3754 873 3793 ei
911 3739 1170 3793 similiter
1199 3754 1243 3793 ει
1280 3754 1383 3792 non
1417 3747 1500 3792 est
1547 3755 1596 3790 in
1620 3754 1692 3791 eo
1708 3737 1844 3790 ali-ts

253 3849 283 3884 ει
325 3829 485 3892 Filio,
516 3845 666 3897 cujus
691 3831 760 3886 sit
785 3831 972 3887 Filias.
1005 3846 1108 3885 non
1149 3837 1289 3885 valet
1331 3845 1451 3884 esse
1483 3830 1669 3883 Filius.
1701 3831 1842 3894 Qua-

253 3931 480 3992 propter
505 3937 611 3976 non
641 3925 744 3977 erit
782 3923 922 3978 unde
946 3923 1046 3977 ἰΙΙιι)
1070 3926 1188 3976 duae
1238 3936 1481 3990 persona:
1510 3920 1759 3974 dicantur
1790 3922 1840 3974 iu

255 4017 692 4086 Deo;qu:eideo
727 4019 1000 4079 dicuntur,
1054 4019 1179 4087 quia
1244 4016 1386 4071 Deus
1432 4027 1516 4070 est
1559 4016 1737 4078 Pater,
1787 4025 1838 4070 et

256 4108 399 4163 Deus
429 4119 512 4163 est
539 4109 728 4174 Filius,
759 4119 812 4161 et
841 4124 1054 4177 semper
1101 4109 1237 4161 alius
1259 4118 1341 4162 est
1369 4107 1548 4172 Pater,
1589 4107 1726 4161 alius
1757 4117 1842 4162 cst

253 4197 449 4251 Filius.
495 4198 816 4252 V'itietis""
871 4214 998 4267 ergo
1030 4199 1301 4266 quomodo
1353 4199 1662 4252 destruatur
1710 4198 1840 4251 lides

253 4301 443 4343 nostra
477 4292 769 4343 secundum
798 4304 1013 4344 sensnm
1063 4287 1200 4353 eius,
1245 4288 1334 4358 qui
1382 4297 1536 4358 putat
1581 4288 1838 4357 coasequi

1961 448 2179 516 proprie
2210 449 2429 512 dicitur,
2464 450 2528 503 de
2559 451 2815 504 omnibus
2867 451 3152 506 dicendum
3191 461 3554 515 communiter

1960 539 2048 592 sit.
2089 538 2450 606 Quamobrem
2483 556 2588 595 non
2620 542 2725 596 erit
2760 542 2900 595 unde
2926 543 3109 609 Pater,
3153 556 3209 600 et
3259 547 3444 614 Filius,
3500 563 3555 607 et

1962 627 2198 694 Spiritus
2222 641 2444 684 sanctus
2477 633 2780 700 procedens
2835 648 2863 685 a
2911 634 3076 689 Patre
3121 646 3176 690 ct
3223 638 3358 691 Filio
3389 680 3405 704 ,
3445 642 3553 695 sint

1961 719 2051 772 alii
2091 720 2159 773 ah
2191 721 2442 785 invicem,
2473 723 2614 777 sicut
2645 726 2853 778 ostendi
2885 725 2935 777 in
2959 725 3119 781 Patre
3136 729 3555 797 etFilio.Quare

1960 826 2061 866 nec
2089 812 2195 866 ulla
2228 815 2332 867 erit
2361 814 2428 868 ibi
2462 815 2674 878 relatio,
2713 831 2832 885 qua:
2880 817 3188 872 nullatenus
3219 819 3289 872 ibi
3319 831 3420 884 est,
3451 823 3552 878 nisi

1960 905 2256 956 secundum
2291 905 2414 967 hoc,
2455 907 2754 960 secundum
2782 908 2925 975 quod
2958 908 3050 939 ¹³¹⁸
3077 909 3169 962 alii
3199 920 3330 963 sunt
3375 913 3442 966 ab
3470 913 3552 967 in-

1961 993 2155 1048 vicem.
2195 994 2336 1064 Ergo
2365 1011 2462 1050 nec
2504 996 2686 1064 plures
2715 1006 2874 1050 erunt
2899 1012 3165 1066 personze.
3193 998 3377 1054 Posito
3402 1017 3556 1054 nam-

1959 1099 2065 1153 que
2098 1101 2258 1139 unam
2297 1103 2410 1140 rem
2451 1101 2572 1141 esse
2624 1098 2733 1141 tres
2779 1103 3041 1156 personas
3079 1107 3092 1154 ;
3136 1100 3224 1143 aut
3267 1091 3396 1144 illud
3448 1109 3553 1147 non

1958 1189 2325 1248 consequetur
2355 1183 2497 1248 quod
2533 1180 2625 1211 ¹³¹⁴⁵
2656 1181 2818 1241 dicit;
2877 1192 2971 1234 aut
3002 1183 3185 1235 omnia
3234 1183 3323 1235 illa
3369 1184 3552 1249 simul,

1957 1286 2079 1341 qua:
2099 1272 2227 1331 dixi.
2257 1284 2656 1343 consequentur
2683 1291 2694 1325 τ
2726 1274 2918 1327 similis
2949 1289 3178 1344 namque
3200 1284 3284 1328 est
3343 1277 3394 1328 in
3437 1293 3554 1330 om-

1959 1363 2118 1417 nibus
2149 1363 2230 1418 vis
2256 1365 2680 1433 conscquentim.
2705 1365 2811 1418 Cur
2840 1380 2970 1435 ergo
3005 1366 3184 1435 pergit
3209 1365 3273 1418 ad
3303 1367 3552 1420 int-arua-

1961 1455 2188 1517 tionem,
2222 1455 2378 1524 quasi
2405 1455 2520 1524 ipsa
2551 1455 2662 1509 sola
2691 1454 2856 1510 faciat
2899 1457 3290 1524 quaestionem;
3345 1467 3399 1512 et
3441 1475 3548 1513 non

1956 1547 2136 1614 potius
2159 1547 2311 1610 dicit,
2340 1552 2383 1600 si
2421 1556 2530 1600 tres
2562 1561 2808 1616 personae
2853 1556 2981 1602 sunt
3014 1564 3116 1601 una
3151 1563 3258 1612 res,
3289 1565 3392 1602 non
3423 1550 3550 1603 sunt

1959 1647 2070 1693 tres
2093 1640 2372 1708 personm?
2396 1638 2530 1693 Nam
2564 1655 2669 1693 non
2701 1640 2878 1694 minus
2934 1649 3058 1694 ante
3097 1639 3547 1706 incarnationem,

1958 1743 2123 1798 quam
2152 1738 2276 1800 post
2300 1729 2479 1784 facere
2520 1730 2662 1783 hanc
2687 1729 3048 1798 quaestionem
3082 1738 3278 1799 potest.
3345 1730 3400 1783 Si
3455 1747 3552 1785 au-

1959 1830 2064 1876 tem
2095 1821 2199 1874 hoc
2223 1820 2445 1875 omnino
2479 1820 2594 1874 vult
2623 1835 2895 1884 asserere,
2949 1831 3061 1874 tres
3108 1819 3318 1874 scilicet
3361 1836 3551 1890 perso-

1956 1930 2074 1979 nas,
2099 1916 2396 1969 secunduln
2429 1917 2572 1984 quod
2599 1929 2936 1983 unaquaique
2967 1914 3108 1968 Deus
3135 1925 3238 1978 est,
3293 1931 3398 1969 non
3429 1931 3549 1969 esse

1957 2023 2120 2060 unam
2150 2022 2286 2071 rem,
2328 2007 2423 2061 sed
2458 2016 2569 2061 tres
2610 2021 2719 2073 res,
2759 2019 3200 2075 unamquamque
3229 2019 3327 2075 per
3362 2020 3438 2070 se,
3478 2007 3552 2060 si-

1955 2105 2048 2152 cut
2075 2105 2205 2152 sunt
2238 2107 2347 2150 tres
2403 2095 2576 2166 angeli
2612 2113 2628 2160 ;
2688 2096 3097 2164 apertissimum
3135 2105 3216 2150 est
3259 2097 3386 2164 quia
3440 2106 3551 2150 tres

1955 2189 2086 2244 deos
2113 2188 2413 2244 constituit.
2481 2189 2589 2242 Sed
2622 2187 2848 2241 forsitan
2875 2187 2988 2257 ipse
3010 2202 3116 2240 non
3161 2187 3293 2241 dicit
3335 2205 3348 2239 :
3398 2186 3548 2241 Sicut

1953 2292 2070 2334 sunt
2094 2289 2198 2334 tres
2228 2281 2441 2342 animm,
2465 2289 2557 2332 aut
2588 2289 2694 2331 (res
2745 2278 2938 2347 angeli,
2992 2277 3086 2332 sed
3132 2276 3242 2343 ille,
3290 2277 3383 2346 qui
3417 2278 3547 2332 mihi

1953 2369 2072 2438 ejus
2101 2371 2378 2424 mandavit
2407 2368 2784 2439 quaastionem,
2814 2369 2951 2422 hanc
2976 2383 3041 2422 ex
3068 2382 3166 2422 suo
3192 2369 3370 2437 posuit
3397 2368 3548 2422 simi-

1953 2459 2264 2524 litudinem;
2290 2461 2382 2514 sed
2406 2459 2746 2513 solummodo
2779 2468 2890 2513 tres
2913 2473 3174 2528 personas
3204 2458 3294 2491 ¹⁸¹⁸
3317 2457 3548 2514 aﬂirmat

1952 2563 2074 2603 esse
2103 2559 2212 2603 tres
2238 2564 2347 2613 res,
2372 2549 2490 2602 sine
2520 2549 2891 2603 additamenta
2947 2547 3180 2616 alicujus
3228 2550 3542 2604 similitudi-

1952 2638 2055 2692 nis.
2096 2638 2204 2692 Cur
2229 2652 2360 2708 ergo
2395 2637 2607 2691 fallitur
2633 2645 2726 2691 aut
2763 2636 3024 2692 fallitsub
3046 2638 3262 2693 nomine
3287 2639 3383 2703 rei,
3419 2656 3544 2695 cuni

1951 2729 2183 2798 idipsum
2213 2729 2551 2798 signiﬁcetur
2595 2729 2697 2782 sub
2747 2729 2968 2784 nomine
3021 2729 3149 2782 Dei?
3199 2729 3404 2800 Nempe
3452 2740 3547 2786 art

1953 2820 2120 2875 Deum
2141 2836 2262 2875 esse
2285 2837 2396 2874 rem
2423 2821 2567 2874 illam
2593 2821 2830 2890 negabit,
2881 2821 2934 2874 in
2968 2836 3073 2889 qua
3119 2831 3226 2876 tres
3260 2838 3540 2890 personas.

1952 2914 2061 2968 imo
2090 2931 2251 2983 quam
2292 2923 2402 2968 tres
2447 2914 2679 2966 fatemur
2719 2927 2841 2968 esse
2874 2929 3156 2982 personas.
3203 2916 3310 2968 Aut
3349 2918 3393 2969 si
3443 2916 3545 2969 hoc

1957 3021 2059 3060 non
2093 3015 2272 3076 negat,
2299 3021 2638 3075 consequens
2667 3013 2856 3070 estut,
2887 3006 3028 3059 sicut
3059 3006 3173 3074 ipse
3205 3007 3401 3061 asserit
3424 3009 3540 3071 ⁸³⁸⁵,

1953 3113 2215 3167 personas
2243 3109 2352 3152 tres
2374 3113 2479 3150 non
2511 3113 2696 3159 unam,
2730 3097 2824 3151 sed
2850 3106 2958 3151 tres
2985 3111 3108 3150 esse
3141 3113 3260 3162 res;
3296 3099 3367 3150 ita
3409 3114 3544 3168 quo-

1950 3205 2056 3258 que
2081 3187 2556 3241 aflirmcteasdcm
2590 3201 2851 3254 personas
2880 3201 2985 3239 non
3037 3201 3226 3248 unum,
3279 3187 3373 3240 sed
3430 3198 3542 3241 tre;

1949 3279 2081 3333 deos
2103 3292 2241 3332 esse.
2285 3277 2416 3343 Quae
2441 3277 2532 3307 ¹³¹⁷
2560 3291 2723 3344 quam
2753 3277 2917 3346 impia
2957 3276 3087 3337 sint,
3115 3277 3358 3346 judicent
3383 3276 3542 3332 Chri-

1949 3371 2134 3424 stiani.
2172 3370 2280 3425 Sed
2312 3369 2477 3431 dicet,
2515 3383 2620 3422 non
2644 3368 2956 3438 cogitquod
2988 3368 3110 3422 dico
3158 3377 3268 3423 tres
3323 3385 3409 3422 res
3463 3371 3543 3422 ra.

1951 3468 2052 3520 teri
2078 3478 2186 3521 tres
2217 3465 2309 3497 ¹³¹⁸
2342 3466 2501 3530 deos;
2527 3464 2787 3533 quoniam
2816 3473 2926 3518 tres
2965 3463 3068 3516 illae
3104 3478 3192 3518 res
3216 3463 3376 3516 simul
3413 3473 3541 3517 sunt

1948 3571 2089 3611 unus
2117 3555 2279 3610 Deus.
2309 3555 2376 3608 Et
2400 3569 2500 3608 nos
2543 3553 2776 3608 dicimus
2806 3567 2819 3603 :
2855 3552 2996 3622 Ergo
3047 3542 3258 3622 singula
3313 3569 3541 3622 quaeque

1947 3661 2035 3700 res
2064 3645 2234 3698 dc‘m
2259 3645 2434 3698 tribus
2465 3643 2593 3706 illis,
2621 3643 2671 3697 id
2697 3653 2780 3698 est
2809 3641 3020 3712 singula
3073 3657 3304 3710 quaeque
3353 3657 3537 3712 perso~

1947 3753 2035 3801 na,
2075 3753 2180 3792 non
2203 3747 2286 3791 est
2321 3739 2490 3796 Deus;
2533 3738 2626 3791 scd
2673 3750 2738 3790 ex
2801 3737 2976 3791 tribus
3032 3739 3196 3791 rebus
3249 3737 3541 3792 conﬁcitur
3577 3745 3588 3769 θ

1948 3829 2128 3883 Deus:
2166 3828 2323 3882 Pater
2355 3829 2519 3897 igitur
2569 3843 2673 3881 non
2709 3836 2793 3880 est
2847 3828 3007 3890 Deus,
3059 3826 3230 3881 Filius
3290 3845 3395 3881 non
3453 3839 3539 3882 est

1946 3922 2106 3985 Deus,
2141 3921 2377 3990 Spiritus
2408 3927 2756 3974 sanctusnon
2790 3925 2876 3971 est
2899 3917 3074 3982 Deus;
3117 3918 3377 3986 quoniam
3435 3937 3535 3973 nec

1943 4015 2010 4070 dc
2035 4013 2280 4083 singulis,
2313 4026 2412 4066 nec
2432 4012 2498 4064 dc
2521 4009 2750 4074 duobus,
2779 4008 2873 4062 sed
2897 4007 3072 4062 solum
3124 4009 3191 4062 de
3245 4009 3420 4063 tribus
3470 4011 3536 4063 si-

1945 4107 2052 4161 mul
2101 4105 2395 4159 nominatis
2448 4101 2708 4157 dicendus
2751 4110 2836 4155 est
2872 4101 3051 4154 Deus:
3083 4101 3227 4168 quod
3285 4101 3534 4155 similiter

1942 4208 2026 4254 est
2058 4199 2299 4268 impium.
2329 4196 2486 4257 Nam,
2530 4196 2572 4248 si
2601 4196 2672 4249 ita
2702 4204 2806 4258 est,
2843 4209 2950 4247 nou
2977 4192 3307 4261 cstsimplex
3339 4205 3531 4248 natura
3566 4212 3579 4238 ο

1946 4288 2036 4319 ¹³²⁰
2064 4289 2156 4341 sed
2191 4287 2431 4355 partibus
2466 4285 2784 4354 composita.
2817 4283 2920 4337 Sed
2953 4282 2997 4337 si
3039 4283 3338 4353 simplicem
3367 4283 3534 4339 habet

250 4381 474 4434 Patrem
509 4397 632 4436 esse
661 4398 782 4435 cum
815 4381 951 4434 Filio
974 4381 1350 4446 incarnalum;
1387 4381 1430 4433 si
1467 4396 1592 4440 una,
1636 4388 1691 4434 et
1730 4395 1836 4432 non
1870 4397 1918 4456 ι)
1946 4377 2298 4440 intellectum,
2348 4386 2405 4430 et
2455 4392 2559 4429 non
2629 4373 3026 4442 multiplicitate
3091 4375 3529 4442 phantasmatum

250 4473 440 4540 plures
475 4483 596 4528 sunt
629 4490 715 4528 res
746 4475 797 4527 in
837 4476 943 4527 Deo
973 4487 1216 4542 personze
1248 4473 1451 4539 plures.
1471 4470 1525 4524 Si
1553 4471 1697 4524 enim
1737 4486 1832 4524 ve-

252 4579 311 4615 ra
352 4575 436 4617 est
477 4566 590 4619 lucc
630 4565 747 4632 ejus
777 4563 1184 4634 consequentia,
1229 4578 1332 4616 nan
1367 4561 1539 4615 solum
1568 4561 1668 4614 hoc
1692 4561 1836 4629 quod

249 4655 320 4712 de
347 4655 514 4712 Patre
550 4668 604 4711 et
628 4657 786 4722 Filio,
818 4658 910 4713 sed
968 4658 1019 4710 in
1067 4654 1323 4711 omnibus
1377 4654 1551 4708 tribus
1595 4654 1839 4724 personis

1943 4469 2226 4534 obrutum;
2272 4468 2522 4535 intelligit
2551 4465 2814 4534 simplicia
2849 4463 2936 4494 ¹³²¹
2974 4472 3231 4532 praestare
3260 4469 3529 4536 composi-

1946 4561 2035 4624 tis,
2062 4567 2322 4628 quanttun
2364 4557 2430 4611 ad
2463 4555 2861 4624 simplicitatem
2893 4561 2949 4607 et
2977 4552 3427 4622 compositionem
3449 4565 3530 4609 at-

1946 4651 2112 4713 tinet;
2147 4647 2401 4718 quoniam
2431 4660 2594 4701 omne
2637 4643 2995 4714 compositum
3036 4656 3258 4698 necesse
3310 4653 3397 4698 est
3437 4656 3533 4700 aut

1575 4855 1657 4908 VA
1669 4853 1803 4908 BHE
1846 4851 2245 4908 LECTIONES.

321 5019 414 5050 m‘
436 5018 664 5089 Negare,
683 5019 816 5072 nihil
835 5033 958 5072 mss.
976 5029 1174 5084 negare
1189 5014 1370 5080 simul,
1390 5013 1522 5089 nihil
1599 5012 1690 5089 ’ξοδ
1706 5009 1973 5065 Amrmari
1994 5008 2190 5089 debere
2215 5007 2279 5089 de
2302 5016 2456 5089 patre
2476 5003 2901 5089 ιηεετΤΙιιρζΧὶςι.
2919 5001 3066 5089 Geni.
3095 5004 3251 5089 Co‘rb.
3268 5005 3528 5089 alli‘romari

246 5089 314 5144 de
344 5075 544 5157 patre"
571 5075 664 5119 ¹³⁰έ
693 5089 749 5142 Si
775 5104 899 5142 vera
924 5097 978 5141 et
1016 5075 1129 5140 rata
1153 5097 1237 5140 est
1265 5075 1367 5139 ms.
1387 5083 1573 5157 Qister.
1601 5083 1643 5136 si
1674 5090 1930 5157 veraest,
1965 5097 2063 5132 ms.
2110 5077 2265 5157 garb.
2300 5075 2495 5157 sit-ala
2531 5085 2634 5157 est.
2676 5076 2800 5157 RW"
2833 5076 3072 5157 Atnsimit'a
3101 5085 3186 5157 est
3208 5093 3304 5130 ms.
3331 5075 3524 5157 ϐίηφιν.

245 5145 357 5213 ευ(
381 5161 425 5214 si
469 5160 539 5214 ita
576 5169 661 5213 est
737 5161 830 5190 ¹³⁰⁸
857 5159 966 5212 Nec
989 5157 1158 5211 Filius
1189 5157 1326 5209 alius
1351 5172 1379 5208 a
1409 5154 1567 5208 Patre
1604 5171 1700 5206 ms.
1755 5151 1943 5204 Cisler.
1978 5164 2077 5203 nec
2110 5148 2276 5201 Filius
2320 5147 2456 5200 alius
2481 5156 2566 5200 est
2617 5163 2644 5200 a
2673 5147 2834 5200 Patre
2912 5145 3002 5176 ¹⁸⁰⁹
3035 5146 3129 5198 Est
3181 5157 3351 5213 pater,
3385 5147 3531 5201 alius

241 5229 402 5294 cujus
441 5240 521 5284 est
549 5230 709 5284 Pater
772 5248 868 5284 ms.
899 5229 1085 5283 Cister.
1124 5236 1206 5280 est
1249 5227 1428 5290 Pater,
1459 5235 1511 5279 et
1553 5224 1690 5297 alius
1757 5221 1906 5297 cujus
1944 5231 2037 5297 est
2067 5220 2234 5297 Pater
2306 5217 2405 5297 "ff"
2432 5216 2541 5271 Nec
2583 5216 3195 5297 similiter“ﬁlius-fissa
3232 5217 3526 5297 liccuﬁlins

245 5284 342 5331 ¹³¹’¹
377 5301 534 5354 False
563 5301 761 5354 dicitur
789 5317 912 5354 mss.
948 5299 1082 5352 falso
1113 5298 1312 5351 dicitur
1385 5284 1476 5334 ’5”
1499 5296 1652 5350 Alius
1669 5303 1749 5347 est
1778 5284 1937 5346 ﬁlius.
1982 5289 2186 5344 Videtis
2219 5305 2316 5341 ms.
2347 5286 2534 5342 Cister.
2563 5297 2617 5341 et
2651 5287 2788 5340 alius
2821 5286 2984 5340 illitis.
3022 5284 3230 5339 Videtis
3305 5285 3396 5316 ¹³¹³
3422 5288 3523 5340 Sc-

242 5371 485 5425 cnndum
517 5371 616 5424 hoc
643 5373 785 5440 quod
814 5388 937 5425 mss.
974 5369 1104 5423 Vict.
1138 5365 1441 5440 Tliiian._8.
1488 5365 1648 5420 Mic/i.
1673 5364 1968 5418 secundum
2013 5361 2152 5440 hoc,_
2185 5361 2479 5440 secundum
2535 5357 2676 5426 quod

2780 5357 2874 5387 13“
2910 5355 3049 5426 Non,
3079 5357 3322 5424 sequitur
3377 5359 3523 5426 quoi

241 5457 373 5494 mss.
409 5456 516 5494 non
549 5425 910 5510 consequetur
934 5440 1074 5508 quod
1150 5438 1244 5510 ῗ³¹⁸
1275 5437 1458 5491 Solum
1487 5447 1597 5490 tres
1627 5450 2043 5510 persitttasnmss.
2076 5429 2418 5510 solummodo
2441 5425 2846 5510 tres’persona-sn
2881 5427 3004 5510 mm“
3036 5425 3154 5510 Ipse
3184 5425 3515 5510 asserit’ms.

241 5493 645 5581 Cisterwntittit
667 5493 813 5581 ipse:
863 5493 964 5542 ¹³¹⁷’
982 5493 1114 5564 Tres
1144 5509 1305 5572 Deos,
1338 5525 1455 5581 qua:
1486 5493 1695 5581 iussfct
1725 5502 2042 5581 EdiLCotIt.
2074 5511 2183 5555 tres
2222 5500 2360 5580 Deos
2389 5513 2533 5581 esse,
2561 5493 2680 5566 quae
2756 5497 2848 5528 ¹³¹⁸
2875 5493 3202 5581 :l‘resafatgri
3251 5506 3358 5581 tres
3379 5514 3516 5581 tam.

240 5596 288 5634 ει
321 5581 470 5635 Εάὶι,
503 5579 659 5636 Com,
694 5565 805 5637 ἶι-έε
837 5598 945 5649 νας,
975 5580 1130 5635 fateri
1176 5565 1305 5632 u-cs'
1358 5565 1450 5610 "3'9
1481 5576 1698 5645 Singula
1730 5588 1955 5649 quaeque
1984 5572 2050 5649 de
2084 5569 2449 5649 iusa._singttla
2479 5565 2705 5649 quicque
2739 5583 2829 5649 res.
2857 5567 2926 5649 de
3003 5565 3238 5649 ‘3".‘Non
3268 5577 3350 5648 est
3377 5567 3519 5621 Deus

241 5652 469 5722 simplex
504 5636 852 5708 naturamss.
883 5636 988 5708 non
1015 5662 1097 5706 est
1134 5649 1359 5721 simplex
1393 5636 1607 5703 natura"
1655 5636 2034 5712 "~“'lntelligit
2081 5636 2352 5712 simplicia
2389 5636 2718 5694 uta—Cist”.
2759 5636 3020 5708 intelliget
3066 5636 3329 5707 simplicia
