3926 6054
389 225 486 278 27!

886 225 946 282 S.
986 224 1286 282 ANSELMI
1337 226 1687 282 CANTUAR.
1731 225 2052 284 ARCHIEP.
2104 228 2256 286 OPP.
2299 229 2479 288 PARS
2517 235 2554 288 l.
2597 265 2666 276 —-
2708 237 3130 297 DOGMATICA.

3566 248 3673 306 272

390 351 542 402 actu,
570 347 662 394 aut
688 337 960 394 inteilectu
992 354 1148 410 posse
1176 339 1432 410 disjungi,
1469 339 1614 409 quod
1639 339 1728 371 ‘3”
1756 339 1823 394 de
1846 341 1978 395 sim-
2005 349 2054 407 Α
2083 345 2226 399 sicut
2270 323 2433 403 homo
2468 347 2668 404 dicitur
2707 367 2795 406 rex
2826 367 2924 422 per
2951 356 3152 426 regiam
3179 368 3529 433 potestatem,
3561 382 3668 426 non

389 431 619 501 plicibus
647 431 870 499 intelligi
899 432 1129 499 nequit:
1161 429 1314 499 cujus
1346 432 1491 485 enim
1543 440 1727 500 partes
1757 433 1980 502 cogitari

391 539 496 577 non
529 531 773 592 possunt,
808 519 857 574 id
887 521 940 574 in
977 531 1170 590 partes
1210 521 1388 576 nullus
1436 520 1740 577 intellectus
1793 523 1986 578 dissol-

389 629 517 666 vere
541 622 733 683 potest.
770 611 825 666 Si
855 626 986 680 ergo
1014 612 1152 665 Deus
1184 612 1360 664 tribus
1405 627 1470 664 ex
1501 611 1660 666 rebus
1711 613 1982 683 composi-

394 715 478 758 tus
515 712 620 767 est,
649 712 744 756 aut
770 701 914 756 nulla
969 711 1164 755 natura
1217 701 1444 772 simplex
1497 712 1599 768 est,
1657 713 1748 756 aut
1802 704 1980 775 aliqua

390 802 583 847 natura
621 803 704 848 est
733 791 858 856 alia,
892 807 1011 861 qua:
1035 792 1087 846 in
1113 791 1296 862 aliquo
1317 794 1766 861 estprazstantior
1787 805 1980 850 natura

391 886 484 940 Dei
519 899 676 954 :qna:
703 893 935 954 utraque
965 900 1127 954 quam
1153 883 1288 938 falsa
1312 885 1444 949 sint,
1497 899 1603 939 non
1654 895 1738 940 est
1789 886 1982 942 obscu-

391 989 532 1028 rum.
558 974 712 1040 Quod
749 973 794 1028 si
825 975 929 1028 iste
959 975 1024 1028 de
1051 974 1156 1029 illis
1206 973 1508 1030 dialecticis
1559 976 1835 1033 modernis
1875 989 1978 1046 est,

388 1065 478 1132 qni
509 1064 642 1118 nihil
681 1079 802 1118 esse
835 1065 1102 1130 credunt,
1153 1065 1258 1120 nisi
1311 1065 1456 1135 quod
1502 1066 1981 1136 imaginationibus

395 1155 862 1224 comprehendere
893 1164 1140 1224 possunt,
1174 1171 1276 1210 nec
1306 1164 1459 1225 putat
1486 1156 1578 1188 ⁸³⁸³
1602 1157 1809 1226 aliquid
1836 1173 1978 1226 esse,

389 1247 441 1301 in
479 1263 585 1317 quo
608 1257 790 1316 partes
822 1247 978 1300 nulla:
1004 1258 1158 1314 sunt;
1185 1247 1269 1302 vel
1298 1263 1404 1302 non
1432 1249 1650 1318 negabit
1673 1249 1978 1320 intelligere

393 1353 452 1392 se
485 1338 610 1406 quia
641 1338 685 1392 si
724 1347 868 1392 esset
895 1338 1117 1408 aliquid,
1145 1339 1288 1407 quod
1317 1354 1419 1395 nec
1442 1351 1586 1407 actu,
1647 1356 1748 1398 nec
1813 1343 1979 1398 intel-

399 1429 536 1484 lectu
566 1429 782 1484 dissolvi
811 1439 1024 1500 posset;
1056 1428 1230 1498 majus
1278 1439 1442 1498 esset,
1495 1447 1658 1502 quam
1705 1435 1848 1504 quod
1897 1435 1982 1491 vel

389 1521 664 1576 intellectu
690 1531 772 1576 est
793 1521 1130 1576 dissolubile.
1195 1520 1386 1591 Itaque
1409 1523 1453 1578 si
1505 1539 1666 1580 omne
1714 1527 1982 1598 composi-

390 1623 506 1666 tum
531 1614 724 1667 saltem
783 1612 1114 1682 cogitatione
1164 1613 1384 1668 dissolvi
1424 1623 1625 1684 potest,
1673 1632 1796 1672 cum
1852 1619 1982 1674 dicit

2085 443 2170 489 est
2211 438 2352 491 Deus
2384 454 2580 494 nomen
2621 441 2980 510 substantiae;
3015 448 3108 502 sed
3145 452 3556 511 accidentaliter
3589 461 3672 516 di-

2085 536 2286 582 cuntur
2327 529 2429 584 illa:
2465 530 2674 601 (nescio
2706 533 2848 604 quae)
2883 543 2992 591 tres
3023 553 3108 593 res
3141 527 3252 595 tres
3276 543 3347 597 dii
3385 544 3497 614 ¹⁸³⁰,
3528 550 3672 607 sicut

2074 627 2205 709 tres.
2235 621 2483 677 homines
2513 627 2757 681 eamdem
2788 625 3052 687 habentes
3089 636 3293 704 regiam
3321 649 3671 715 potestatem,

2087 721 2195 766 tres
2224 728 2381 784 reges
2424 716 2716 774 dicuntur:
2761 729 2870 774 tres
2911 724 3055 777 enim
3101 726 3346 785 homines
3387 748 3526 789 unus
3571 752 3670 793 rex

2083 818 2204 859 esse
2231 817 2546 876 nequeunt:
2601 813 2741 879 quod
2775 828 2935 882 quam
2974 816 3264 874 nefandum
3313 823 3414 888 sit,
3449 842 3554 882 non
3588 840 3671 886 est

2083 910 2220 966 opus
2259 897 2459 953 dicere.
2504 899 2687 956 Codex
2730 920 2958 976 magnus
2993 908 3300 979 implendus
3337 925 3452 984 est,
3496 919 3540 974 si
3575 937 3669 976 vo-

2083 985 2236 1044 luero
2287 990 2529 1045 scribere
2574 993 2939 1052 absurditates
2984 1008 3038 1053 et
3070 1001 3395 1071 impietates,
3426 1024 3545 1078 quae
3581 1028 3668 1069 se-

2083 1089 2349 1151 quuntur,
2389 1085 2432 1140 si
2456 1101 2644 1141 verum
2678 1097 2776 1151 est,
2819 1105 2920 1144 una
2954 1091 3044 1146 Dei
3083 1109 3315 1163 persona
3358 1099 3665 1171 incarnata,

2084 1176 2321 1246 reliquas
2365 1178 2498 1234 duas
2545 1182 2803 1252 consequi
2848 1197 2968 1239 esse
3017 1187 3363 1256 incarnatas.;
3395 1196 3519 1262 quia
3557 1205 3667 1253 tres

2084 1265 2191 1320 illa:
2219 1282 2467 1336 personae
2500 1278 2624 1324 sunt
2649 1285 2755 1325 una
2785 1288 2896 1339 res,
2928 1278 3222 1332 secundum
3263 1280 3316 1334 id
3346 1285 3487 1351 q‘uod
3509 1297 3666 1341 'com-

2084 1357 2322 1412 muniter
2356 1359 2423 1413 de
2452 1360 2626 1416 tribus
2667 1362 2899 1418 dicimus
2925 1365 3056 1432 "3‘;
3087 1379 3181 1422 aut
3213 1371 3257 1424 si
3287 1383 3411 1426 sunt
3441 1383 3551 1430 tres
3579 1391 3668 1433 res

2083 1457 2368 1522 separata),
2407 1452 2861 1519 quemadmodum
2915 1455 3002 1510 ille
3046 1468 3219 1524 putat,
3265 1472 3455 1518 contra
3506 1480 3666 1536 quem

2083 1539 2187 1616 ista
2236 1541 2376 1606 dixi,
2410 1545 2667 1612 quoniam
2711 1545 2859 1602 solus
2887 1549 2978 1583 ⁸³³⁸
3009 1550 3177 1606 Filius
3206 1563 3290 1608 est
3331 1556 3663 1614 incarnatus.

2086 1632 2271 1688 Palam
2301 1649 2430 1706 ergo
2463 1645 2547 1691 est
2575 1639 2716 1706 quod
2752 1653 2855 1693 non
2887 1641 3081 1696 debeat
3113 1643 3206 1674 ⁸⁸³⁸
3241 1659 3361 1700 esse
3386 1660 3667 1719 promptus

385 1703 554 1758 Deum
592 1718 712 1759 esse
735 1704 1110 1774 compositum,
1135 1705 1267 1760 dicit
1296 1706 1406 1762 Deo
1447 1706 1648 1778 aliquid
1697 1710 1871 1781 majus
1923 1725 1974 1767 se

2089 1726 2156 1779 ad
2186 1702 2570 1795 disputandum
2593 1702 2669 1783 ile
2704 1731 2863 1784 rebus
2891 1731 3204 1800 profundis;
3239 1746 3295 1791 et
3339 1702 3665 1796 maxime

395 1809 553 1862 posse
579 1795 880 1866 intelligere
908 1809 924 1849 :
961 1796 1156 1852 transit
1185 1796 1373 1867 itaque
1400 1797 1518 1867 ejus
1539 1799 1844 1856 intellectus
1895 1801 1978 1856 ul-

385 1895 466 1939 tra
488 1887 658 1940 Deum
685 1904 698 1939 :
730 1887 873 1954 quod
905 1887 1084 1942 nullus
1113 1886 1296 1944 facere
1320 1898 1500 1959 potest
1520 1890 1850 1947 intellectus.
1874 1891 1981 1948 Sed

386 1977 669 2033 videmnus
696 1978 826 2048 quid
853 1979 1017 2034 addat
1043 1979 1134 2011 η’*
1184 1983 1338 2052 quasi
1369 1982 1438 2036 ad
1491 1983 1980 2040 inconvenientiam

383 2067 768 2137 repellendam,
801 2086 923 2141 qua;
963 2071 1179 2127 videtur
1228 2073 1402 2139 nasci,
1452 2075 1495 2130 si
1549 2083 1660 2132 tres
1703 2076 1810 2132 illae
1857 2091 1981 2147 per-

379 2173 528 2214 sona:
555 2171 682 2215 sunt
709 2169 818 2215 tres
849 2177 953 2217 res.
983 2162 1076 2217 Sic
1100 2173 1294 2232 tamen,
1327 2165 1520 2236 inquit,
1574 2177 1631 2221 ut
1676 2184 1779 2222 una
1819 2169 1980 2224 trium

379 2267 563 2304 earum
594 2267 771 2306 rerum
799 2253 862 2307 sit
904 2253 1154 2309 uoluntas
1189 2265 1236 2310 et
1284 2267 1534 2324 potestas.
1593 2259 1690 2315 Hic
1726 2276 1977 2332 quaeren-

379 2341 509 2396 dum
539 2352 624 2398 est
656 2359 722 2398 an
751 2343 855 2398 illa:
889 2353 998 2400 tres
1022 2361 1120 2401 res
1149 2349 1444 2403 secundum
1479 2350 1604 2416 hoc,
1651 2355 1793 2421 quod
1818 2369 1976 2424 sepa-

381 2435 542 2488 ratim
571 2433 638 2489 ab
669 2435 902 2490 invicem
933 2436 1349 2507 intelliguntur;
1399 2455 1466 2494 an
1498 2445 1797 2498 secundum
1828 2461 1980 2500 com-

381 2543 600 2582 munem
661 2528 992 2584 voluntatem
1033 2539 1088 2585 et
1133 2540 1496 2600 potestatem;
1552 2551 1620 2588 an
1673 2553 1850 2607 neque
1891 2554 1976 2594 se-

380 2619 617 2673 cundum
689 2618 818 2673 illud
886 2619 1106 2686 solum,
1172 2623 1314 2691 quod
1375 2626 1667 2693 separatim
1726 2628 1973 2694 habent,

380 2722 556 2774 neque
593 2706 889 2761 secundum
926 2708 1030 2763 hoc
1067 2709 1210 2777 quod
1250 2726 1540 2766 commune
1575 2723 1657 2767 est
1701 2715 1830 2780 illis;
1882 2719 1975 2772 sed

380 2794 492 2868 45
520 2796 816 2850 secundum
853 2806 1144 2867 utrumque
1185 2798 1345 2853 simul
1380 2802 1488 2854 sint
1524 2803 1718 2857 divinae
1745 2815 1972 2861 natura}.

383 2887 595 2955 Quippe
619 2886 663 2940 si
693 2901 860 2941 sccun
874 2887 1003 2942 dum
1037 2887 1188 2957 illud,
1220 2890 1363 2958 quod
1385 2901 1510 2945 sunt
1530 2895 1845 2961 separatim,
1882 2898 1976 2950 ba-

385 2979 515 3032 hcnt
543 2978 925 3046 divinitatem,
977 2989 1138 3036 erunt
1191 2991 1302 3036 tres
1337 2982 1444 3048 dii;
1483 2991 1538 3038 et
1573 2984 1715 3038 idem
1746 2986 1969 3059 intelligi

2083 1815 2212 1882 illis,
2246 1816 2297 1870 in
2328 1817 2527 1886 quibus
2558 1835 2662 1873 non
2695 1832 2913 1875 erratur
2942 1825 3059 1879 sine
3086 1827 3348 1895 periculo.

2705 1911 2934 1967 CAPUT
2971 1913 3060 1971 ιν.

2084 1996 2212 2052 Tres
2237 2014 2488 2078 personas
2529 2002 3014 2078 essejltcarnalas,
3060 2007 3200 2063 Filio
3230 2011 3535 2078 incarnato,
3563 2017 3664 2069 im-

2153 2069 2399 2146 possibile
2429 2080 2503 2124 est
2517 2089 2550 2146 ἑ
2579 2071 2724 2146 Filio
2754 2084 2927 2146 tamen
2959 2069 3185 2146 amplius
3224 2087 3458 2138 convenit
3490 2069 3662 2141 incar-

2153 2140 2292 2203 nari,
2321 2156 2480 2209 quant
2506 2139 2661 2195 Patri
2688 2155 2734 2196 ct
2763 2141 2982 2214 Spiritui
3012 2139 3215 2205 sancto.

2154 2230 2260 2286 Sed
2294 2230 2524 2287 forsitan
2555 2233 2695 2289 dicet
2724 2235 2829 2291 iste
2862 2236 2954 2268 ’³³⁸
2984 2240 3114 2294 mihi
3141 2255 3156 2295 :
3192 2240 3343 2298 Sicut
3379 2256 3537 2314 putas
3559 2246 3661 2302 ista

2080 2323 2286 2390 pariter
2318 2323 2578 2393 consequi
2607 2339 2671 2378 ex
2704 2327 3045 2396 necessitate,
3080 2347 3198 2400 qua:
3227 2334 3390 2402 dicis,
3427 2337 3663 2393 sic-con-

2078 2413 2325 2482 sequitur
2365 2416 2508 2483 quod
2554 2416 2675 2470 dico
2763 2417 2834 2471 ita
2881 2420 3013 2474 mihi
3049 2424 3357 2478 necessaria
3408 2442 3529 2482 mea
3567 2427 3659 2461 ¹³³³

2080 2504 2294 2558 videtur
2335 2509 2743 2576 consequentia.
2779 2509 2920 2580 Ergo
2957 2513 3180 2568 ostende
3229 2530 3338 2570 non
3378 2521 3659 2590 consequi,

2077 2611 2197 2666 qua:
2217 2599 2376 2662 dico;
2404 2610 2455 2652 ct
2481 2599 2690 2654 fatebor
2712 2616 2812 2668 ego
2841 2612 3016 2658 tecum
3049 2605 3250 2660 nullum
3277 2607 3661 2668 inconveniens

2077 2691 2248 2758 sequi.
2282 2691 2326 2745 si
2355 2691 2504 2746 solus
2532 2692 2700 2748 Filius
2719 2705 2802 2749 est
2832 2696 3166 2764 incarnatus,
3204 2709 3298 2754 aut
3325 2701 3368 2756 si
3402 2711 3509 2757 tres
3534 2719 3658 2774 per-

2077 2794 2222 2835 sonae
2244 2791 2369 2836 sunt
2397 2799 2500 2838 una
2523 2800 2626 2839 res.
2651 2786 2802 2852 Quod
2830 2789 2874 2842 si
2904 2789 2973 2844 ab
2993 2790 3096 2845 hac
3116 2794 3426 2851 ostensione
3452 2797 3657 2861 deﬁcis,

2077 2887 2184 2926 non
2229 2873 2415 2938 solvis,
2468 2875 2564 2929 sed
2616 2877 2786 2946 magis
2831 2877 2965 2950 ligas
3017 2883 3414 2951 quaestionem;
3449 2903 3570 2943 cum
3599 2898 3657 2944 tu

2077 2963 2192 3032 ipse
2247 2980 2457 3020 mecum
2505 2968 2703 3036 probas
2752 2970 3030 3026 innumera
3079 2976 3228 3030 nasci
3287 2977 3378 3008 ⁸⁸³⁸
3407 2978 3661 3035 inconve—

383 3079 646 3140 poterunt
667 3071 787 3127 sine
818 3071 1094 3127 voluntate
1139 3081 1194 3128 et
1224 3075 1527 3143 potestate.
1563 3076 1788 3149 Semper
1825 3047 1969 3135 enim
1998 3047 2042 3109 Ο
2070 3054 2278 3109 ’¹¹ίθ¹¹¹ί³
2299 3071 2469 3149 inm“
2498 3058 2542 3112 Si
2574 3062 2820 3129 neganda
2847 3073 2993 3129 sum,
3039 3068 3198 3122 ambo
3221 3069 3482 3127 debemus
3514 3073 3660 3142 Pari'

377 3162 594 3234 propria
615 3161 848 3219 disorete
875 3162 1252 3234 intelliguntur
1273 3180 1303 3220 a
1327 3169 1730 3235 communibus,
1749 3180 1806 3225 et
1826 3187 1972 3227 com-

381 3256 566 3316 munia
593 3271 624 3310 a
657 3255 928 3311 discretis.
971 3255 1080 3311 Sed
1110 3255 1292 3312 divina
1323 3267 1517 3314 natura
1545 3261 1666 3315 sine
1697 3262 1971 3319 voluntate

383 3353 437 3398 et
464 3353 732 3415 potestate
767 3345 1075 3402 nullatenus
1124 3347 1215 3380 ¹³²⁸
1261 3348 1488 3421 intelligi
1530 3351 1694 3406 valet.
1729 3353 1883 3420 Quod
1922 3355 1969 3408 si

383 3436 680 3490 secundum
705 3452 868 3491 unam
915 3445 972 3493 et
1005 3453 1348 3494 communem
1377 3441 1707 3497 voluntatem
1735 3452 1788 3498 et
1820 3459 1969 3514 pate-

384 3535 582 3582 statem
609 3535 736 3581 sunt
763 3536 818 3582 et
847 3527 1163 3598 singulze,et
1192 3529 1351 3597 binm,
1378 3541 1434 3586 et
1461 3542 1570 3589 tres
1589 3533 1766 3595 simul,
1795 3534 1965 3604 Deus;

383 3618 514 3686 quid
544 3617 618 3672 ibi
633 3616 850 3673 faciunt
875 3617 977 3672 illae
1005 3629 1115 3674 tres
1152 3621 1431 3676 discordes
1460 3637 1567 3688 res,
1594 3639 1714 3692 qua:
1744 3640 1844 3680 nec
1865 3627 1968 3682 nisi

384 3724 483 3780 per
518 3709 665 3764 aliud
714 3709 769 3764 in
801 3709 1064 3765 unitatem
1091 3714 1428 3768 concordare
1457 3725 1686 3782 possunt
1718 3715 1964 3783 Deitatis,

383 3815 485 3856 nec
520 3801 587 3855 ad
618 3800 1010 3870 perfectionem
1033 3843 1048 3867 ,
1096 3818 1197 3857 nec
1232 3804 1298 3857 ad
1335 3804 1596 3859 auxilium
1629 3805 1865 3876 aliquod,
1911 3818 1969 3863 ut

384 3893 526 3950 Deus
557 3894 856 3961 sit,valent
885 3894 1016 3949 ‘3“?
1041 3894 1176 3949 Nam
1201 3895 1246 3950 si
1275 3911 1378 3950 una
1407 3898 1604 3952 sulllcit
1633 3899 1878 3955 voluntas
1914 3910 1971 3956 et

380 3998 618 4059 potestas
639 3988 705 4043 ad
726 3987 1118 4059 perfectionem
1145 3987 1236 4042 Dei
1271 4008 1283 4042 :
1309 4005 1427 4059 quae
1449 3998 1575 4044 sunt
1596 3991 1698 4045 illae
1727 4001 1834 4047 tres
1858 4007 1968 4060 res,

383 4080 584 4149 quib-us
613 4079 816 4148 indiget
852 4078 994 4133 Deus
1019 4119 1033 4143 ,
1069 4087 1161 4131 aut
1189 4079 1254 4131 ad
1283 4079 1409 4148 quid
1441 4079 1548 4135 illis
1573 4082 1736 4152 eget?
1781 4081 1968 4138 Credi-

383 4188 504 4226 mus
531 4171 675 4226 enim
707 4171 873 4225 Deum
904 4170 1051 4224 nullo
1082 4169 1325 4238 indigere
1354 4189 1366 4224 :
1413 4169 1617 4228 frustra
1675 4175 1838 4244 igitur
1871 4191 1965 4230 co-

381 4261 626 4329 gitantur
652 4260 755 4313 illa:
785 4268 892 4312 tres
923 4275 1010 4313 res
1045 4259 1097 4314 in
1133 4259 1262 4314 Deo.
1293 4260 1364 4314 At
1392 4263 1437 4316 si
1464 4278 1565 4318 nec
1587 4264 1675 4295 ¹³²⁷
1698 4265 1826 4320 sola:
1857 4276 1968 4322 tres

383 4347 486 4402 illa:
513 4363 602 4403 res
631 4347 744 4412 ⁸³⁸⁸,
787 4361 887 4402 nec
915 4347 1028 4402 sola
1061 4348 1306 4404 voluntas
1336 4359 1391 4404 ot
1415 4361 1686 4421 potestas;
1716 4357 1808 4409 sed
1851 4359 1964 4413 haec
1993 4390 2042 4450 ι)

380 4438 561 4493 omnia
591 4436 752 4492 simul
782 4435 1076 4506 conficiunt
1107 4436 1276 4492 Deum
1303 4457 1315 4492 :
1343 4439 1538 4495 iterum
1570 4443 1692 4499 dico
1717 4445 1806 4476 "'9
1838 4447 1961 4516 quia

381 4530 716 4599 compositus
739 4539 862 4594 est;
893 4540 948 4584 et
987 4545 1074 4594 ea,
1111 4546 1232 4600 qua:
1261 4548 1364 4585 non
1401 4545 1527 4589 sunt
1559 4550 1656 4605 per
1699 4551 1758 4592 se
1789 4537 1959 4605 Deus,

384 4620 570 4672 autdii
597 4618 806 4674 faciunt
834 4619 1027 4674 Deum.
1062 4622 1165 4675 Aut
1197 4623 1242 4676 si
1278 4623 1410 4677 dicit
1437 4625 1562 4694 quia
1603 4627 1706 4681 illae
1740 4637 1850 4683 tres
1876 4645 1963 4684 res

381 4711 450 4762 ita
479 4724 672 4764 nomen
701 4710 794 4764 Dei
821 4711 1020 4764 habent
1045 4725 1140 4782 per
1173 4722 1492 4781 potestatem
1521 4726 1575 4771 et
1600 4717 1958 4780 voluntatem.

2075 3154 2157 3200 ter
2180 3147 2508 3204 concludere
2537 3159 2645 3206 tres
2669 3167 2937 3222 personas
2961 3170 3068 3210 non
3097 3173 3217 3214 esse
3247 3176 3408 3217 unam
3434 3179 3576 3231 “rem,
3609 3166 3654 3221 si

2072 3239 2220 3295 solus
2268 3241 2441 3297 Filius
2485 3252 2570 3298 est
2619 3245 2973 3314 incarnatus;
3017 3258 3110 3304 aut
3154 3253 3198 3306 si
3242 3262 3366 3308 sunt
3399 3272 3502 3311 una
3544 3273 3656 3325 res,

2071 3345 2262 3386 omnes
2275 3333 2480 3402 pariter
2493 3349 2615 3389 esse
2631 3335 2962 3392 incarnatas.
2987 3337 3392 3398 Ostendendum
3407 3358 3656 3417 ergoest,

2071 3423 2125 3478 in
2157 3439 2264 3494 quo
2292 3426 2395 3480 iste
2422 3425 2662 3494 fallitur;
2691 3437 2747 3484 et
2777 3445 2884 3500 quo
2912 3435 3074 3488 modo
3101 3433 3536 3494 incarnationem
3566 3455 3658 3496 so-

2072 3517 2175 3574 lius
2219 3519 2344 3575 Filii
2389 3537 2494 3577 non
2535 3525 2790 3594 sequitur
2825 3536 2936 3583 tres
2975 3543 3237 3597 personas
3274 3546 3396 3588 esse
3433 3541 3542 3589 tres
3567 3549 3659 3589 res

2070 3625 2378 3683 separatas;
2412 3623 2526 3681 aut,
2551 3617 2594 3671 εἰ
2625 3627 2753 3674 sunt
2782 3635 2885 3674 una
2917 3637 3004 3676 res
3030 3631 3137 3678 tres
3161 3640 3434 3694 ρονεοιιτε,
3463 3641 3658 3683 omnes

2069 3722 2163 3763 eas
2189 3723 2308 3764 esse
2348 3710 2677 3768 incarnatas.
2720 3713 2871 3781 Quod
2902 3716 3085 3786 utique
3115 3718 3258 3773 Deus
3287 3736 3390 3775 una
3427 3730 3484 3775 et
3509 3721 3653 3789 sola,

2070 3809 2126 3858 et
2149 3800 2444 3863 indivndua,
2471 3809 2526 3856 et
2553 3803 2775 3874 simplex
2807 3807 2878 3860 sit
2909 3817 3100 3862 natura
3119 3849 3133 3873 ,
3162 3819 3219 3864 et
3246 3820 3357 3866 tres
3381 3827 3654 3882 personae,

2070 3900 2384 3946 sanctorum
2411 3891 2656 3959 Patrum,
2687 3905 2742 3948 et
2776 3896 3011 3952 maxime
3041 3898 3181 3955 beati
3217 3901 3501 3973 Augustini
3533 3914 3658 3973 post

2070 3980 2347 4050 apostolos
2386 3990 2440 4036 et
2475 3983 2835 4051 evangelistas
2879 3971 3392 4058 inexpugnabilibus
3427 3971 3657 4048 rationi-

2070 4071 2170 4125 bus
2198 4072 2534 4142 disputatum
2571 4082 2673 4128 eSl.
2707 4073 2812 4128 Sed
2859 4078 2986 4131 etsi
3035 4079 3155 4146 quis
3191 4079 3369 4150 legere
3407 4082 3657 4153 dignabi-

2072 4169 2160 4214 tur
2187 4160 2293 4214 duo
2321 4175 2485 4228 parva
2516 4162 2775 4232 opuscula
2815 4179 2956 4230 mea,
2991 4164 3328 4238 Monologion
3357 4171 3566 4227 scilicet
3608 4189 3662 4225 τι

2068 4249 2408 4320 Proslogion,
2448 4265 2569 4320 qua:
2610 4251 2676 4306 ad
2727 4252 2829 4308 hoc
2865 4256 3097 4311 maxime
3129 4258 3218 4289 ⁸³³⁷
3248 4259 3388 4314 facta
3413 4273 3562 4325 sunt,
3604 4279 3661 4315 lit

2069 4343 2211 4412 quod
2250 4341 2356 4396 fide
2391 4353 2636 4398 tenemus
2677 4345 2743 4401 de
2769 4346 2951 4401 divina
2985 4358 3178 4403 natura
3220 4359 3274 4406 et
3311 4352 3429 4422 ejus
3459 4368 3659 4422 perso-

2071 4437 2158 4490 nis
2215 4445 2415 4506 prmter
2464 4435 2928 4507 lncarnationcm,
2973 4444 3296 4498 necessariis
3350 4447 3664 4503 rationibus

2068 4528 2188 4582 sine
2213 4526 2518 4598 Scriptura:
2576 4528 2666 4559 ³³³⁸
2712 4532 3038 4586 auctoritate
3080 4535 3295 4601 probari
3334 4538 3538 4604 possit;
3589 4539 3659 4601 si,

2067 4621 2310 4690 inquam,
2346 4636 2408 4674 ea
2443 4621 2641 4690 aliquis
2671 4620 2853 4690 legere
2885 4621 3138 4691 voluerit,
3172 4636 3300 4695 puto
3336 4628 3460 4695 quia
3479 4638 3546 4682 et
3578 4629 3654 4682 ibi

2069 4714 2306 4768 inveniet
2343 4715 2408 4768 de
2459 4715 2561 4769 hoc
2600 4715 2742 4784 quod
2781 4731 2886 4771 non
2939 4716 3249 4786 improbare
3287 4722 3509 4790 poterit,
3547 4738 3654 4777 nec

1639 4894 1867 4949 VARI/13
1914 4893 2312 4951 LECTIOLVES.

465 4999 556 5083 tm
580 4997 812 5090 {vc-cesso.
833 4999 1349 5090 es‘t‘nautintellectu
1381 5009 1799 5090 posse-di‘sjungi
1828 5020 1918 5090 aut
1948 5011 2120 5079 reipsa
2149 5012 2290 5079 quod
2317 5027 2692 5090 irz_ss.__riecesse
2713 5023 2789 5069 est
2820 5024 3170 5090 attracta-an}
3199 5016 3470 5072 intellectu
3489 5035 3649 5090 posse

381 5070 838 5157 dispungi-Lquod.
879 5070 978 5157 "'l"
1002 5069 1113 5125 Nec
1135 5083 1325 5157 putant
1355 5069 1480 5129 ritas.
1509 5087 1555 5130 et
1579 5069 1726 5157 fidit.
1748 5069 1913 5157 ζωῇ.
1958 5069 2056 5157 nec
2092 5069 2244 5157 putat
2317 5082 2408 5114 ‘3“
2438 5084 2538 5149 Qui
2564 5085 2726 5136 addat
2760 5103 2883 5139 mss.
2912 5069 2957 5139 et
2991 5086 3094 5139 Ed.
3119 5069 3649 5157 Catilirqnid‘addavt

385 5140 476 5175 ⁸³³⁸
504 5140 733 5223 Αίδίηεξ
756 5140 1362 5223 νοιιιιεεὲεθιιιυίςςιιεηυε
1390 5163 1513 5200 mss.
1538 5158 1585 5200 et
1607 5150 1718 5223 ‘Ed.
1752 5150 1910 5223 ϐαιὴ,
1941 5152 2059 5223 sine
2092 5140 2369 5207 voluntate
2390 5140 2757 5223 et'potestate
2786 5158 3096 5212 nullatenus
3133 5140 3140 5141 ⁷
3167 5159 3260 5190 ’³³⁸
3291 5140 3645 5216 δῖιίγὶεέίίῖεἶῆί

381 5231 508 5268 mss.
542 5213 624 5286 _sit
650 5209 830 5286 valent
903 5211 1108 5286 mini-te
1128 5213 1170 5265 si
1199 5229 1298 5268 nec
1328 5232 1449 5270 mss.
1494 5228 1548 5271 at
1575 5219 1618 5273 si
1650 5237 1748 5274 nec
1821 5221 1912 5253 ¹³²⁸
1942 5221 2082 5276 Sola:
2114 5231 2220 5277 tres
2271 5239 2356 5276 res
2409 5209 2533 5277 mss.
2578 5226 2705 5277 solze
2764 5237 2872 5280 tres
2909 5227 3012 5280 illa:
3056 5243 3141 5282 res
3211 5230 3300 5260 '3"
3335 5229 3468 5284 ltem
3522 5232 3647 5286 dico

378 5299 504 5356 mss.
530 5284 732 5356 iterum
759 5283 880 5356 dico
945 5281 1044 5356 fi”
1068 5281 1202 5356 Tres
1235 5301 1319 5356 res
1355 5287 1425 5339 dii
1454 5304 1578 5342 mss.
1603 5303 1646 5342 et
1672 5288 1817 5342 Edit.
1849 5289 2002 5344 Coth.
2033 5301 2140 5345 tres
2191 5309 2296 5356 res,
2325 5304 2434 5348 tres
2474 5295 2544 5348 dii
2617 5296 2713 5326 “3‘
2752 5295 2825 5350 De
2853 5299 3025 5352 tribus
3049 5281 3249 5353 dicitur
3292 5281 3648 5356 υἱεῖζὰέιίἧί

379 5354 482 5407 bus
509 5353 737 5438 dicimus
814 5352 902 5438 "'3'
933 5352 1211 5438 Quomodo
1239 5355 1386 5438 solus
1411 5373 1534 5438 nisa.
1569 5363 1822 5428 quoniam
1857 5362 2002 5438 solus
2046 5362 2170 5438 _‘"'
2195 5352 2458 5438 Quoniam
2490 5375 2707 5438 nonest
2734 5367 2926 5421 debeat
2964 5384 3092 5423 mss.
3127 5352 3420 5438 quamnon
3450 5373 3643 5428 debeat

378 5438 504 5475 uias.
539 5422 690 5476 (ἐστι).
719 5425 861 5505 quod
895 5439 999 5476 non
1023 5424 1246 5505 debeat_
1293 5426 1555 5505 m“Dicit
1586 5422 1688 5484 iste
1719 5448 1844 5505 ruas.
1871 5433 2146 5505 dicetistc
2205 5422 2316 5468 7"”
2346 5435 2412 5488 Et
2457 5437 2702 5504 sequitur
2730 5439 2871 5505 quod
2915 5439 3034 5492 dico
3079 5422 3644 5498 ita'necessaria'inea

381 5508 486 5570 ζηεε
514 5496 864 5570 consequitur
893 5495 1034 5570 quod
1078 5504 1211 5570 puto
1237 5497 1310 5570 ita
1341 5498 1469 5550 mihi
1497 5503 1797 5554 necessaria
1827 5517 1943 5556 mea
2021 5503 2113 5534 ³³³⁸
2144 5495 2561 5560 Innumerabilia
2605 5495 2762 5562 nasci
2789 5525 2910 5561 mss.
2939 5508 3090 5564 Gem.
3121 5508 3254 5565 Vict.
3285 5495 3448 5569 Clarii.
3470 5495 3643 5566 Titan.

382 5568 665 5616 itnmmcra
701 5568 820 5617 inde
849 5568 992 5620 nasci

476 5577 665 5640 umcra
701 5567 820 5617 inde
849 5568 992 5620 nasci
1076 5566 1265 5618 ’³³⁷Αά
1297 5569 1414 5623 haec
1463 5571 1695 5626 ttmxinte
1749 5589 1874 5627 mss.
1929 5575 1995 5629 ad
2034 5575 2136 5632 hoc
2186 5577 2418 5631 maxime
2494 5577 2584 5608 ⁸³³⁸
2618 5576 2746 5634 Siue
2789 5578 3072 5649 scriptura:
3121 5597 3218 5636 ius.
3265 5581 3397 5636 Vict.
3426 5566 3479 5639 3.
3527 5584 3647 5639 sive

379 5642 662 5698 SCl'lplUI'tL'
