3926 6054
248 275 350 330 275

1525 277 1613 333 DE
1653 277 1810 333 FIDE
1858 276 2268 335 TRINITATIS.

3408 291 3511 344 ‘27‘

250 399 602 446 contemnere
638 389 798 444 volet.
845 391 898 445 In
935 393 1132 461 quibus
1178 393 1222 446 si
1271 392 1474 462 aliquid
1515 393 1656 462 quod
1702 391 1827 446 alibi
1858 395 1904 453 A
1936 392 2343 461 accidentalem,
2377 405 2471 451 aut
2515 398 2930 455 substantialem
2962 416 2976 456 :
3011 401 3363 456 accidentalis
3395 406 3513 471 qni-

252 490 342 535 aut
373 497 478 535 non
526 481 652 552 legi,
693 491 786 536 aut
811 499 915 538 non
948 483 1038 515 ¹³³⁹
1085 485 1303 539 memini
1352 499 1437 539 me
1478 483 1693 556 legisse,
1722 499 1829 540 non

251 571 403 642 quasi
433 571 679 626 docendo
705 573 848 641 quod
882 573 1135 628 doctores
1172 575 1341 628 nostri
1382 575 1712 639 nescierunt,
1739 583 1832 629 aut

251 664 570 734 corrigendo
601 663 691 694 "‘°
713 664 857 732 quod
879 679 984 717 non
1008 664 1143 720 bene
1169 666 1455 731 dixerunt;
1486 668 1579 721 sed
1604 667 1830 722 dicendo

250 754 478 810 forsitan
507 757 650 827 quod
684 756 756 810 illi
797 766 1120 812 tacuerunt:
1153 760 1294 828 quod
1333 767 1510 814 tamen
1546 761 1614 814 ab
1644 774 1829 816 eorum

250 849 409 904 dietis
455 866 562 904 non
598 850 893 918 discordet,
937 851 1029 906 sed
1073 850 1181 905 illis
1215 852 1518 918 cohaereat;
1565 853 1720 923 posui
1763 855 1831 909 ad

250 939 689 1010 respondendum
729 956 825 1011 pro
859 942 964 996 ﬁde
1001 952 1182 998 nostra
1215 955 1403 1000 contra
1441 961 1556 1011 eos,
1601 946 1693 1016 qui
1737 961 1832 1001 no-

249 1027 422 1085 lentes
464 1032 691 1088 credere
730 1034 819 1066 ¹³⁴⁵¹
865 1035 1007 1104 quod
1043 1051 1147 1092 non
1201 1038 1539 1110 intelligunt,
1587 1041 1834 1095 derident

249 1121 566 1188 Credeutes;
596 1123 711 1178 sive
742 1126 809 1180 ad
857 1125 1220 1196 adjuvandum
1259 1130 1565 1200 religiosum
1595 1132 1830 1187 studium

249 1227 458 1275 eorum,
490 1214 581 1284 qui
625 1216 904 1271 humiliter
944 1230 1196 1288 quaerunt
1233 1221 1534 1293 intelligere
1570 1222 1712 1292 quod
1742 1222 1834 1278 ﬁr-

251 1305 495 1359 missime
519 1308 748 1362 credunt
776 1326 789 1362 :
820 1324 1162 1379 nequaquam
1189 1315 1258 1368 ob
1285 1313 1385 1368 hoc
1407 1329 1491 1368 me
1508 1315 1834 1381 redarguen-

251 1394 379 1449 dnm
413 1396 690 1452 existimo.
717 1397 793 1453 Ne
824 1410 1004 1454 tamen
1032 1401 1172 1456 hanc
1198 1401 1500 1472 legentibus
1525 1403 1831 1473 epistolam,

252 1483 494 1539 laborem
522 1487 800 1556 injnugam
829 1492 1102 1558 qurcrendi
1136 1492 1240 1545 alia
1272 1494 1495 1563 scripta,
1525 1503 1582 1547 ut
1609 1509 1714 1548 non
1747 1509 1835 1549 so-

251 1575 532 1630 lummodo
558 1578 678 1641 ﬁde,
709 1595 895 1634 verum
926 1582 1090 1636 ctiam
1119 1585 1351 1638 evidenti
1385 1594 1714 1654 cognoscant
1744 1601 1833 1639 ra-

255 1670 406 1722 tione
458 1683 568 1724 tres
597 1688 856 1741 personas
887 1689 992 1728 non
1033 1690 1155 1730 esse
1199 1686 1310 1732 tres
1345 1677 1496 1742 deos,
1541 1677 1633 1733 sed
1669 1693 1832 1732 unum

1937 482 2060 538 dem
2107 499 2214 539 non
2245 493 2329 540 est
2381 485 2492 542 Deo
2527 497 2795 562 potestas;
2842 491 2968 562 quia
3007 506 3130 546 eum
3175 507 3338 547 omne
3384 493 3516 546 sub-

1927 575 2130 644 jectum
2161 582 2280 634 slne
2326 561 2625 646 accidente,
2652 593 2747 636 aut
2772 561 2914 649 esse,
2951 592 3044 638 aut
3071 584 3293 655 intelligi
3323 586 3510 654 possit;

1934 669 2079 724 Deus
2107 669 2226 725 sine
2272 678 2539 742 potestate
2573 687 2675 728 nec
2704 688 2852 737 esse,
2897 689 2997 730 nec
3046 674 3268 745 intelligi
3316 685 3511 744 potest.

1935 759 1992 815 Si
2024 775 2156 816 vero
2202 761 2314 818 Deo
2337 771 2579 834 potestas
2609 765 2984 823 substantialis
3012 778 3115 832 est,
3149 777 3244 821 aut
3284 783 3408 838 pars
3434 778 3518 824 est

1932 851 2049 920 ejus
2082 853 2173 886 ‘3”
2199 856 2450 910 essentiae
2475 896 2490 921 ,
2523 865 2617 912 aut
2647 865 2732 912 est
2782 857 3011 928 idipsum
3035 899 3049 922 ,
3088 860 3229 929 quod
3276 870 3360 914 est
3407 870 3517 916 tota

1933 944 2052 1014 ejus
2080 948 2340 1004 essentia.
2373 947 2510 1004 Pars
2533 958 2712 1004 autem
2743 966 2849 1006 non
2875 958 2990 1016 est;
3017 951 3141 1020 quia
3167 949 3328 1022 (sicut
3353 967 3516 1022 supra

1935 1037 2142 1094 dictum
2174 1037 2280 1108 est)
2306 1040 2449 1108 quod
2475 1048 2662 1110 partes
2692 1039 2873 1104 habet,
2911 1050 3005 1095 aut
3049 1050 3194 1106 actu,
3231 1053 3325 1098 aut
3356 1043 3517 1099 intel-

1934 1127 2074 1184 lectu
2102 1137 2185 1184 est
2215 1127 2528 1185 dissolubile
2555 1145 2570 1185 :
2606 1130 2748 1200 quod
2788 1131 3011 1186 omnino
3038 1141 3356 1188 extraneum
3383 1144 3467 1188 est
3487 1151 3545 1194 a_

1935 1223 2065 1277 Deo.
2107 1221 2252 1277 Idem
2282 1221 2446 1292 igitur
2474 1229 2558 1278 est
2598 1237 2721 1278 esse
2749 1222 2866 1288 Dei,
2914 1232 2970 1279 et
2994 1233 3234 1292 potestas
3259 1223 3374 1292 ejus
3407 1225 3518 1278 ηδ’.
3577 1229 3580 1232 ’

1935 1313 2089 1370 Sicut
2120 1313 2302 1383 itaque
2328 1322 2570 1384 potestas
2595 1314 2691 1370 Dei
2721 1322 2805 1370 est
2826 1328 3058 1385 semper,
3091 1324 3147 1370 et
3176 1315 3410 1383 ubique;
3444 1317 3519 1371 ita

1935 1403 2199 1474 quidquid
2229 1411 2313 1458 est
2341 1403 2484 1459 Deus
2509 1404 2709 1474 ubique
2738 1412 2795 1459 et
2822 1418 3038 1474 semper
3074 1413 3173 1460 est.
3212 1406 3372 1477 Ergo,
3397 1421 3518 1460 cum

1936 1495 2228 1567 przedictus
2259 1505 2466 1549 nostrae
2493 1493 2616 1548 ﬁdei
2661 1493 2918 1550 defensor
2962 1494 3256 1549 secundum
3293 1511 3351 1550 se
3387 1496 3521 1550 dicit

1936 1599 2061 1641 esse
2114 1595 2227 1640 tres
2271 1585 2435 1651 deos;
2497 1593 2804 1640 monstrare
2851 1585 3038 1654 nequit
3099 1585 3368 1654 quomodo
3413 1585 3523 1639 sint

1941 1678 2256 1746 separatim,
2295 1690 2358 1732 ea
2400 1675 2744 1746 separatione
2785 1691 2888 1746 qua
2933 1685 3084 1746 putat
3126 1691 3184 1730 se
3230 1675 3442 1731 Patrem
3469 1687 3524 1730 et

252 1761 477 1824 solum;
518 1778 614 1816 nec
655 1773 856 1829 tamen,
895 1767 1002 1821 Deo
1030 1773 1323 1823 secundum
1354 1787 1514 1825 unam
1547 1787 1834 1840 personam
1867 1759 1911 1815 Β
1938 1769 2202 1840 Spiritum
2250 1777 2500 1824 sanctum
2551 1767 2620 1824 ab
2671 1769 3047 1824 incarnatione
3097 1767 3344 1823 liberare.
3405 1768 3521 1823 Non

251 1851 560 1914 int-arnato,
591 1868 657 1906 ex
705 1857 1029 1912 necessitate
1059 1861 1354 1914 secundum
1393 1862 1527 1916 alias
1573 1878 1835 1932 personas

252 1944 505 1996 enuidcm
543 1945 708 1998 Deum
743 1945 1015 2002 incarnari
1046 1966 1060 2003 :
1104 1950 1304 2020 al’quid
1338 1951 1445 2015 hic,
1476 1966 1736 2021 quantum
1767 1954 1834 2008 ad

253 2033 625 2101 repellendam
659 2035 968 2106 Opinionem
1001 2039 1161 2107 hujus
1188 2041 1514 2107 defensoris,
1555 2044 1696 2098 sicut
1723 2045 1838 2114 ipse

251 2132 434 2193 putat,
494 2133 694 2179 nostra:
749 2127 870 2182 ﬁdei
931 2128 1178 2186 sufﬁcere
1231 2134 1437 2198 credo,
1496 2135 1836 2206 subjungam.

251 2214 456 2281 Aperte
496 2214 628 2268 dicit
654 2226 748 2269 aut
773 2215 1010 2282 Patrem,
1046 2229 1100 2274 et
1131 2219 1390 2292 Spiritum
1423 2234 1671 2280 sanctum
1713 2241 1837 2281 cum

252 2301 394 2357 Filio
425 2321 545 2359 esse
576 2306 916 2364 incarnatum
942 2327 958 2376 ;
1002 2321 1095 2366 aut
1127 2322 1238 2368 tres
1275 2314 1394 2368 illas
1428 2330 1688 2385 personas
1718 2331 1839 2372 esse

255 2408 366 2454 tres
399 2415 484 2454 res
522 2411 822 2471 separatas.
857 2401 1030 2468 Quam
1059 2404 1312 2458 nimirum
1339 2406 1734 2474 separationetn
1759 2415 1839 2460 ta—

251 2490 362 2545 lem
397 2493 701 2560 existimat,
735 2502 793 2548 ut
839 2509 940 2549 nec
979 2493 1159 2560 Pater,
1193 2511 1294 2550 nec
1336 2496 1571 2566 Spiritus
1617 2508 1841 2554 sanctus

251 2584 364 2638 sint
397 2585 448 2638 in
485 2585 640 2640 Filio.
674 2585 808 2640 Nam
856 2587 901 2641 si
933 2587 1054 2642 duae
1078 2587 1198 2642 alite
1226 2602 1473 2658 persona:
1503 2599 1627 2645 sunt
1656 2591 1708 2645 in
1746 2590 1839 2646 Fi-

252 2673 324 2727 lio
354 2684 407 2728 et
435 2673 606 2729 Filius
633 2675 685 2730 in
711 2677 951 2742 homine,
985 2677 1088 2732 illa:
1109 2693 1330 2748 quoque
1368 2687 1495 2734 sunt
1521 2679 1574 2733 in
1597 2680 1836 2736 homine.

256 2763 416 2820 Unde
446 2776 598 2834 putat
626 2767 924 2836 consequi,
951 2783 1074 2823 cum
1115 2777 1224 2824 tres
1256 2784 1502 2839 personae
1538 2771 1700 2826 simul
1735 2773 1846 2828 sint

254 2853 308 2908 in
337 2855 528 2910 eodem
559 2855 800 2922 homine,
834 2856 879 2912 si
909 2867 1036 2912 sunt
1061 2873 1167 2913 una
1196 2875 1303 2924 res,
1331 2849 1643 2917 nullatenus
1666 2877 1849 2934 perso-

252 2959 385 3000 nam
415 2945 537 3000 Filii
565 2962 726 3017 posse
755 2948 807 3002 in
837 2949 1056 3006 homine
1083 2949 1203 3021 ipso
1240 2952 1544 3020 incarnari,
1573 2953 1690 3009 sine
1726 2954 1847 3011 aliis

259 3038 474 3092 duabus
502 3039 772 3108 personis.
800 3039 1088 3098 Personas
1106 3051 1286 3099 tamen
1329 3053 1438 3100 tres
1471 3060 1591 3101 esse
1621 3062 1726 3101 non
1753 3063 1847 3102 ne-

1939 1877 2069 1933 ergo
2107 1861 2257 1917 illum
2300 1869 2480 1932 potest
2529 1859 2789 1930 adjuvare
2823 1861 3111 1916 multitudo
3155 1863 3412 1925 deorum,
3457 1863 3523 1918 ad

1939 1951 2331 2008 defendendum
2358 1952 2574 2007 Patrem
2599 1961 2655 2006 et
2685 1951 2945 2022 Spiritum
2973 1961 3219 2008 sanctum
3248 1955 3315 2007 ah
3348 1954 3524 2008 incar-

1938 2043 2188 2109 natione;
2243 2044 2500 2114 quoniam
2542 2044 2774 2098 inveniri
2821 2059 2926 2099 non
2967 2053 3142 2113 potest
3194 2045 3244 2099 in
3291 2046 3518 2100 deorum

1944 2131 2399 2201 multiplicatione
2426 2132 2514 2188 illa
2561 2133 2837 2188 distinctio
2881 2133 2998 2200 “5°,
3042 2134 3158 2189 sine
3196 2149 3298 2203 qua
3343 2134 3529 2190 defen-

1939 2224 2146 2280 sionem
2203 2225 2362 2279 istam
2420 2223 2538 2280 ﬁeri
2597 2238 2760 2293 posse
2827 2240 3167 2295 nequaquam
3223 2225 3523 2280 existimat.

1941 2315 2096 2384 Quod
2129 2323 2308 2370 autem
2333 2330 2473 2370 unus
2503 2313 2651 2370 solus
2680 2316 2822 2370 Deus
2841 2315 2932 2380 sit,
2958 2323 3012 2369 et
3038 2329 3142 2368 non
3168 2313 3371 2385 plures,
3398 2314 3526 2369 hinc

1943 2405 2102 2461 facile
2130 2405 2397 2476 probatur
2422 2405 2550 2476 quia
2578 2412 2672 2459 aut
2698 2405 2842 2460 Deus
2877 2418 2982 2458 non
3009 2411 3093 2458 est
3129 2418 3400 2458 summum
3427 2400 3526 2456 bo-

1941 2513 2108 2562 num,
2153 2506 2242 2551 aut
2287 2507 2412 2551 sunt
2461 2496 2612 2566 plura
2662 2509 2872 2550 summa
2922 2495 3094 2560 bona;
3126 2502 3217 2548 aut
3256 2508 3363 2548 non
3401 2501 3533 2550 sunt.

1945 2588 2130 2658 plures
2154 2587 2248 2653 dii,
2282 2587 2374 2642 sed
2406 2602 2544 2640 unus
2572 2585 2742 2641 solus.
2777 2585 2946 2640 Deum
2973 2598 3104 2640 vero
3132 2598 3402 2642 summum
3429 2582 3524 2636 bo-

1948 2693 2077 2734 num
2103 2692 2226 2731 esse
2255 2677 2431 2731 nullus
2461 2685 2653 2746 negat;
2687 2675 2811 2744 quia
2844 2673 3102 2747 quidquid
3132 2671 3312 2742 aliquo
3342 2671 3521 2725 minus

1951 2779 2065 2834 est,
2117 2769 2423 2824 nullatenus
2463 2770 2605 2823 Deus
2653 2775 2736 2822 cst
2783 2785 2799 2820 :1
2849 2777 2904 2822 et
2951 2766 3210 2838 quidquid
3257 2777 3528 2822 summum

1952 2862 2151 2917 bonum
2191 2876 2296 2915 non
2329 2869 2444 2923 est,
2480 2860 2658 2914 minus
2688 2867 2773 2914 est
2799 2858 3016 2928 aliquo;
3055 2856 3164 2932 46
3186 2857 3310 2924 quia
3351 2855 3530 2914 minus

1950 2965 2032 3010 est
2057 2969 2269 3010 summo
2299 2957 2458 3007 bono.
2503 2953 2785 3012 Summum
2827 2959 2977 3005 certe
3023 2948 3223 3002 bonum
3257 2946 3534 3016 pluralita-

1955 3056 2062 3103 tcm
2093 3047 2176 3102 sui
2209 3061 2321 3100 non
2349 3044 2608 3109 admittit,
2643 3052 2700 3097 ut
2726 3043 2876 3111 plura
2908 3041 3018 3100 sint
3047 3055 3256 3094 summa
3280 3039 3440 3092 bona.
3473 3037 3530 3090 Si

254 3137 372 3198 gat,
400 3144 500 3184 nec
525 3128 724 3183 Filium
746 3146 870 3186 esse
889 3133 1251 3188 incarnatum.
1277 3133 1544 3202 Quoniam
1569 3136 1732 3206 igitur
1755 3136 1845 3172 ¹³⁴²
1873 3108 1919 3170 C
1949 3140 2093 3194 enim
2125 3139 2278 3209 plura
2308 3146 2434 3192 sunt
2457 3151 2667 3192 summa
2695 3136 2857 3201 bona,
2891 3133 3040 3206 paria
3066 3140 3209 3187 sunt.
3246 3130 3530 3184 Summum

257 3234 425 3290 supra
455 3229 818 3277 monstratum
854 3224 946 3256 m’
975 3234 1077 3289 est,
1109 3226 1154 3281 si
1181 3237 1290 3282 tres
1320 3242 1565 3296 persona:
1590 3239 1716 3284 sunt
1740 3238 1848 3287 tres

265 3327 358 3368 res
387 3322 676 3382 separata},
711 3322 804 3368 aut
832 3326 941 3370 tres
968 3316 1100 3372 deos
1122 3331 1243 3372 esse
1272 3319 1562 3388 consequi,
1594 3329 1688 3374 aut
1713 3320 1851 3376 alias

261 3401 354 3473 (de
381 3403 582 3474 quibus
608 3402 722 3472 jam
753 3405 954 3460 dictum
990 3408 1098 3476 est)
1125 3405 1522 3476 absurditates;
1559 3427 1703 3466 nunc
1726 3411 1852 3466 bre-

259 3496 404 3549 viter
438 3495 722 3549 ostendam
751 3535 768 3561 ,
809 3497 1104 3568 adjuvante
1133 3514 1243 3555 uno
1284 3499 1400 3555 solo
1441 3501 1574 3568 Deo,
1617 3503 1849 3572 primum

261 3587 391 3656 quia
419 3587 585 3640 etiam
619 3587 802 3642 sisint
830 3598 940 3642 tres
971 3589 1066 3654 dii,
1105 3588 1237 3646 nihil
1273 3589 1347 3644 illi
1375 3591 1622 3660 proderit
1661 3592 1755 3625 ““
1782 3593 1850 3648 ad

263 3677 667 3734 defendendum
720 3678 933 3735 Patrem
974 3689 1030 3736 et
1070 3680 1332 3750 Spiritum
1374 3691 1623 3737 sanctum
1662 3685 1731 3739 ab
1765 3684 1850 3738 in-

265 3767 628 3823 carnatione:
680 3771 823 3838 quod
862 3771 977 3824 ﬁeri
1019 3786 1126 3824 non
1169 3786 1329 3841 posse
1369 3781 1523 3842 putat
1565 3773 1686 3828 sine
1718 3773 1851 3829 deo-

265 3875 388 3913 rum
431 3861 793 3917 multitudine.
834 3861 1061 3927 Deinde,
1096 3863 1250 3933 quod
1295 3879 1398 3918 non
1442 3864 1533 3898 ω’
1573 3876 1699 3918 sunt
1736 3864 1854 3934 plu-

265 3967 359 4006 res
386 3952 488 4016 dii,
521 3955 614 4008 sed
646 3970 788 4008 unus
820 3956 992 4011 solus.
1036 3955 1229 4011 Postea
1264 3956 1616 4025 patefaciant,
1665 3973 1854 4026 quam-

263 4044 350 4096 vis
418 4047 493 4098 sit
544 4061 684 4101 unus
745 4047 884 4102 Deus
953 4058 1063 4104 tres
1131 4064 1415 4118 personae,
1485 4066 1590 4105 non
1677 4061 1854 4107 tamen

265 4152 379 4189 una
413 4139 662 4205 qualibet
699 4140 1010 4206 incuruata,
1036 4141 1172 4197 alias
1203 4158 1421 4212 quoque
1455 4144 1724 4198 incarnari
1758 4160 1855 4200 ne-

265 4243 427 4282 cesse
454 4244 603 4294 esse;
637 4231 728 4288 sed
762 4232 940 4300 potius
967 4247 1090 4288 esse
1122 4233 1466 4304 impossibile
1511 4235 1621 4290 ³³⁵⁸.
1653 4235 1856 4291 Divina?

265 4321 462 4390 utique
502 4334 710 4377 natura:
765 4335 872 4388 est,
903 4325 985 4379 sic
1028 4340 1242 4394 semper
1275 4326 1365 4357 ηδτ
1397 4335 1452 4380 et
1494 4327 1691 4397 ubique
1715 4343 1855 4394 esse,

264 4420 330 4465 ut
373 4413 509 4467 nihil
533 4429 771 4482 unquam
806 4425 898 4470 aut
925 4416 1122 4473 alicubi
1149 4418 1221 4473 sit
1244 4418 1362 4473 sine
1391 4419 1507 4488 ejus
1529 4420 1854 4488 praesentia;

266 4503 514 4574 aloquin
545 4522 886 4577 nequaquam
921 4509 1119 4578 ubique
1163 4519 1218 4565 et
1255 4525 1472 4580 semper
1505 4519 1588 4564 est
1631 4519 1854 4580 potens,

266 4605 328 4651 et
370 4598 512 4667 quod
556 4601 754 4670 ubique
785 4611 980 4672 potens
1018 4619 1125 4657 non
1173 4611 1260 4658 est
1289 4612 1344 4657 et
1388 4617 1626 4672 semper,
1679 4604 1858 4658 nulla-

267 4697 434 4743 tenus
461 4699 543 4746 est
583 4691 740 4747 Deus.
794 4692 852 4748 Si
892 4693 1037 4748 enim
1085 4694 1218 4748 dicit
1262 4709 1368 4748 non
1409 4694 1581 4763 ipsam
1619 4693 1856 4748 divinam

267 4779 667 4847 substantiam,
704 4784 798 4838 sed
849 4791 1172 4853 potestatem
1215 4782 1332 4852 ejus
1376 4798 1497 4839 esse
1544 4797 1760 4853 semper
1805 4793 1862 4839 et

269 4870 508 4940 ubique;
539 4889 645 4928 non
680 4883 856 4930 tamen
888 4873 1105 4947 negabit
1137 4883 1460 4943 potestatem
1489 4874 1562 4930 illi
1591 4892 1732 4944 esse,
1766 4886 1861 4931 aut

1949 3247 2079 3286 vero
2124 3232 2323 3285 bomnn
2352 3237 2437 3283 est
2473 3228 2583 3291 im,
2615 3227 2759 3298 quod
2801 3225 2881 3282 sic
2919 3233 3142 3293 prmstat
3180 3223 3300 3278 aliis
3339 3222 3532 3285 bonis,

1949 3333 2008 3378 ut
2040 3338 2140 3378 nec
2163 3339 2262 3393 par
2289 3322 2508 3389 habeat,
2545 3336 2646 3376 nec
2682 3320 3054 3390 praestantius.
3089 3317 3372 3371 Summum
3404 3329 3533 3382 ergo

1951 3413 2155 3468 bonum
2182 3395 2360 3465 donum
2392 3420 2448 3465 et
2471 3410 2646 3465 solum
2692 3419 2798 3464 est.
2841 3406 2959 3462 Non
2997 3406 3164 3476 igitur
3192 3412 3317 3458 sunt
3352 3401 3538 3473 plures

1950 3502 2050 3568 dii,
2082 3501 2345 3556 sed‘uuus
2385 3508 2441 3556 et
2465 3499 2614 3555 solus
2651 3508 2739 3555 εει
2772 3498 2945 3563 Deus;
2976 3497 3116 3551 sicut
3146 3508 3414 3550 summum
3442 3492 3538 3547 bc-

1959 3613 2087 3652 num
2113 3604 2198 3651 est
2227 3610 2394 3650 unum
2436 3603 2492 3650 Θι
2521 3593 2697 3650 solum
2727 3612 2740 3649 :
2769 3602 2825 3649 et
2865 3593 3007 3648 εἰεοι
3034 3606 3247 3647 summa
3287 3589 3540 3643 Sllelﬂﬂ-

1953 3687 2029 3741 tia
2061 3686 2152 3717 "“
2211 3685 2296 3740 vel
2338 3687 2572 3744 essentia
2625 3686 2741 3739 sive
2788 3693 3014 3747 natura;
3063 3697 3183 3752 quae
3229 3681 3417 3735 eadem
3446 3695 3538 3733 ra-

1954 3778 2121 3842 tione,
2146 3792 2251 3847 qua
2276 3792 2546 3830 sunnnum
2571 3777 2791 3850 bonum,
2820 3775 3126 3829 nullatenus
3146 3772 3237 3803 ¹³⁵³
3259 3770 3538 3842 pluraliter

1957 3868 2064 3924 dici
2096 3881 2258 3938 posse
2299 3865 2616 3936 probantur.
2671 3865 2769 3931 Qui
2809 3881 2945 3917 unus
2976 3864 3122 3916 solus
3156 3863 3293 3915 Deus
3323 3877 3442 3914 cum
3468 3859 3540 3913 sit

1958 3970 2069 4016 tres
2094 3959 2188 3991 ³³⁵⁵
2213 3973 2480 4030 personae,
2511 3956 2696 4022 Pater,
2725 3964 2780 4011 et
2824 3955 3016 4019 Filius,
3056 3963 3108 4007 et
3137 3953 3376 4028 Spiritus
3405 3966 3533 4003 san-

1957 4063 2105 4117 ctus;
2132 4065 2239 4104 non
2287 4060 2464 4104 tamen
2507 4047 2645 4103 Filio
2691 4047 2998 4110 incarnato,
3029 4058 3250 4100 necesse
3283 4051 3368 4095 est
3404 4039 3538 4094 alias

1960 4160 2178 4215 quoque
2204 4158 2468 4212 personas
2501 4141 2665 4213 (sicut
2700 4140 2791 4196 ille
2829 4140 3133 4208 disputator
3162 4134 3333 4206 putat)
3357 4133 3542 4187 incar-

1961 4237 2116 4300 nari,
2169 4236 2263 4290 sed
2311 4233 2666 4303 impossibile.
2717 4231 2986 4286 Personas
3038 4229 3182 4284 enim
3233 4241 3342 4280 non
3385 4233 3543 4294 negat

1964 4326 2150 4397 plures
2189 4340 2338 4388 esse,
2386 4324 2589 4379 idcirco
2636 4323 2894 4392 quoniam
2948 4320 3068 4374 alia:
3117 4327 3244 4373 sunt
3287 4318 3354 4370 ab
3404 4315 3542 4368 invi-

1961 4432 2100 4472 cem.
2134 4416 2190 4470 Si
2222 4415 2367 4469 enim
2417 4414 2485 4469 ab
2526 4413 2755 4469 invicem
2793 4426 2898 4466 non
2951 4416 3134 4464 essent
3176 4407 3323 4472 alite,
3365 4405 3542 4474 plures

1964 4525 2069 4564 non
2115 4515 2319 4566 essent,
2355 4505 2496 4570 Sed,
2538 4513 2598 4558 ut
2643 4503 2866 4559 brevius
2910 4500 3196 4571 explicem,
3241 4507 3297 4553 et
3334 4495 3543 4551 facilius

1965 4598 2109 4668 quod
2137 4596 2261 4650 volo
2293 4595 2387 4627 ¹³⁵⁸
2418 4595 2609 4664 loquar
2637 4602 2878 4657 tantum,
2914 4593 3056 4647 sicut
3094 4605 3258 4661 supra
3299 4587 3438 4651 feci,
3475 4587 3543 4641 de

1964 4687 2128 4744 Patre
2153 4696 2210 4745 et
2232 4686 2403 4751 Filio;
2434 4687 2558 4756 quia
2600 4700 2694 4752 per
2723 4684 2821 4739 hos
2847 4684 3051 4739 clarum
3081 4683 3187 4737 erit
3223 4679 3351 4750 quid
3389 4678 3546 4732 intel-

1966 4779 2242 4849 ligendum
2275 4776 2346 4831 sit
2373 4776 2440 4830 de
2473 4773 2678 4846 Spiritu
2719 4782 2928 4830 sancto.
2952 4773 3113 4828 Pater
3142 4785 3272 4842 ergo
3295 4777 3350 4824 et
3372 4766 3544 4823 Filius

1967 4870 2264 4930 secundum
2297 4869 2654 4925 substantiam
2688 4883 2793 4922 non
2821 4873 2950 4928 sunt
2975 4865 3182 4936 plures,
3214 4875 3316 4918 nec
3342 4859 3432 4915 alii
3475 4858 3546 4914 ab

1588 4984 1824 5041 VARLE
1862 4985 2263 5044 LECTIONES.
2290 5052 2352 5057 __
2905 5045 2916 5057 .

348 5053 444 5085 ¹³²’
483 5057 590 5112 Aut
645 5071 765 5126 qua:
821 5072 926 5111 non
977 5073 1102 5111 mss.
1130 5065 1224 5110 attt
1280 5072 1384 5111 non
1463 5055 1557 5088 ⁸³³⁵⁸
1585 5056 1690 5110 Aut
1743 5039 2259 5125 c’dirigéiidé'hzisl'
2289 5052 2722 5126 Thu.__a_ut__non
2777 5044 3120 5126 corrigendo
3170 5041 3259 5074 ⁸⁸⁸¹
3295 5039 3546 5126 νοις-πέψει

269 5107 941 5200 gela;suggests
972 5107 1544 5200 ξίςᾱειλεχιξξεξζρυοα
1569 5107 2356 5200 ista.a;.;j¢a.;.;i.fsigaur
2564 5119 2634 5200 ut
2665 5132 2834 5200 is,ng
2859 5107 3217 5200 nonsummum
3239 5127 3363 5200 ηεξεο
3394 5107 3542 5200 631v:-

277 5194 439 5272 Yirt._
459 5193 616 5272 Cor-lg.
647 5195 879 5272 Tliuan.‘
901 5199 1071 5272 ont_iu.
1099 5207 1161 5272 nt_
1235 5197 1323 5230 ιω
1345 5182 1443 5272 illi
1478 5182 1722 5272 proderit
1749 5213 1847 5250 ms.
1877 5182 1942 5272 ξῖ
1976 5197 2150 5272 _ll_l_ic_li.
2182 5182 2278 5272 illi
2307 5193 2617 5272 proderunt.
2679 5182 2773 5219 ""
2793 5182 3544 5272 {gerimueuqllcgtl“9090393:

269 5267 477 5344 deinde
501 5267 762 5344 quia_nun
807 5267 931 5344 _"“
963 5268 1119 5323 Esset
1149 5253 1494 5344 impossibile.
1525 5283 1651 5344 mss.
1681 5265 1828 5321 Gem.
1968 5267 2133 5344 Micjt.
2164 5253 2388 5344 _Thuon.
2435 5276 2555 5317 esse
2605 5253 3546 5344 itnpossibiilktzinf”:

269 5353 407 5389 mas.
433 5325 584 5407 Qei'n.
615 5336 749 5407 Tim.
777 5337 856 5392 sic
883 5352 1098 5404 semper
1171 5325 1261 5370 ¹³¹λ⁸
1287 5339 1392 5392 Aut
1419 5353 1543 5407 pars
1571 5335 1688 5403 ejus
1713 5352 1839 5407 mss.

1947 5347 2016 5391 ct.
2049 5337 2205 5392 Corb.
2257 5344 2350 5390 aut
2381 5340 2623 5407 par_s__est
2652 5325 2768 5407 ejus
2846 5325 3034 5407 ‘“1_Et
3077 5325 3547 5407 potestatesuejus

269 5403 590 5483 p§§§LCem.
631 5403 764 5458 Vict.
791 5407 952 5483 Corb.
985 5393 1119 5473 'l'flm.
1149 5419 1202 5461 et
1231 5393 1520 5477 potestatis
1544 5393 1661 5476 ejus
1737 5406 1828 5437 ⁸³⁵⁰
1860 5406 1951 5483 Illa
1982 5407 2262 5462 distinctio
2292 5393 2416 5483 mss.
2443 5393 2694 5483 ΠᾌἹιιιαηξ
2718 5397 2866 5452 Gem.
2885 5393 3108 5483 ‘C‘ister.
3251 5393 3548 5483 tlisjunctio

273 5475 369 5508 m‘
397 5475 684 5532 Summum
746 5494 877 5548 ergo
914 5467 1140 5550 ibo-num
1171 5467 1255 5533 es't
1285 5467 1730 5550 mspsum'mum
1759 5489 1887 5530 vero
1916 5479 2113 5531 bonum
2145 5485 2230 5550 est
2308 5475 2398 5506 ‘3"
2440 5473 2530 5550 Sic
2568 5484 2776 5525 summa
2819 5467 3115 5550 substantia
3145 5480 3288 5550 mss.
3315 5471 3381 5550 et

271 5561 495 5618 ειιιιιιιιςι
527 5536 840 5604 substantia
910 5549 1001 5581 ¹³³³
1029 5549 1308 5606 Summum
1347 5548 1657 5618 nullatenus
1683 5563 1806 5599 mss.
1846 5561 2116 5618 summum
2152 5548 2384 5618 bonum,
2411 5543 2739 5618 nullatenus.
2802 5536 2913 5618 f3“
2941 5537 3073 5618 Cum
3112 5536 3217 5588 sint
3259 5541 3541 5618 ‘tresigtltgff:

272 5626 322 5669 ει
351 5615 502 5737 Εῗίι.
529 5600 694 5758 ltiinli.
717 5600 837 5673 cum
871 5621 941 5674 sit
966 5600 1494 5677 tres—"li"Ere-vius
1515 5600 1782 5688 explicem
1806 5617 1953 5687 quod
1975 5617 2120 5683 volo,
2153 5600 2215 5671 et
2247 5600 2456 5675 facilius
2484 5613 2645 5685 (mss.
2669 5609 2886 5665 brevius
2930 5606 3195 5678 explicem
3222 5611 3278 5658 et
3329 5600 3545 5658 facilius

273 5702 410 5758 «plot
458 5703 522 5740 vo
546 5704 577 5740 o

273 5687 424 5758 «ιμυιί
458 5688 577 5740 volo
