3926 6054
367 275 467 329 973

862 276 920 331 S.
965 277 1263 334 ANSEIMI
1297 278 1652 337 CANTUAR.
1683 278 2003 336 ARCHIEP.
2042 278 2197 336 OPP.
2231 278 2413 336 PARS
2439 279 2478 333 l.
2510 309 2577 319 —
2618 277 3011 334 DOGMATICA

3506 274 3611 332 276

369 389 627 452 invicem;
662 391 787 459 quia
837 407 939 444 non
973 401 1101 446 sunt
1136 392 1252 447 duae
1304 392 1657 456 substantize,
1701 408 1800 448 nec
1837 391 1939 447 alia
1971 396 2014 452 Α
2046 405 2206 445 unam
2237 399 2293 446 et
2322 388 2567 445 eamdem
2620 384 2906 457 personam
2955 402 3076 441 esse
3107 400 3227 441 cum
3267 398 3375 439 uno
3411 385 3629 439 eodem-

366 479 668 534 substantia
698 478 858 533 Pater
891 480 1003 544 ¹³⁸⁶,
1035 480 1137 533 alia
1167 479 1367 544 Filius;
1398 483 1491 537 sed
1534 497 1638 537 una
1677 482 1942 535 eteadem

364 571 667 626 substantia
691 580 817 625 sunt
843 570 1002 626 Pater
1024 580 1077 626 et
1102 569 1296 626 Filius.
1323 571 1633 631 Secundum
1663 586 1947 645 personam

365 676 497 715 vero
526 672 652 718 sunt
675 664 881 734 plures,
910 672 962 717 et
992 663 1081 719 alii
1128 664 1195 719 ab
1221 664 1483 730 invicem;
1527 666 1654 737 quia
1690 665 1854 721 Pater
1895 675 1951 719 et

362 753 533 809 Filius
565 770 668 807 non
700 763 825 809 sunt
850 770 953 809 una
984 766 1040 811 et
1082 758 1269 810 eadem
1300 771 1532 828 persona
1556 798 1570 823 ,
1616 757 1710 817 sed
1753 757 1871 813 duae
1895 765 1952 811 et

358 847 482 899 alia:
513 844 582 900 ab
605 834 833 902 invicem
861 846 975 900 “‘7.
1002 846 1141 903 Dicit
1161 862 1292 917 ergo
1318 848 1412 879 ’³⁸⁸
1441 866 1453 902 :
1481 847 1540 904 Si
1569 847 1741 904 Filius
1774 848 1950 905 incar-

364 945 521 992 natus
555 945 661 1004 est,
700 947 755 993 et
794 937 962 992 Filius
1006 953 1110 993 non
1144 947 1228 992 est
1256 937 1383 1003 alia,
1415 938 1509 995 sed
1539 954 1642 993 una
1675 947 1730 995 et
1759 939 1948 994 eadem

365 1041 595 1083 numero
636 1042 724 1085 res
771 1045 893 1099 qua:
932 1028 1093 1083 Pater
1126 1030 1218 1062 ‘3”
1264 1039 1376 1096 est;
1424 1044 1553 1099 ergo
1609 1043 1835 1089 necesse
1869 1038 1953 1084 est

366 1121 581 1174 Patrem
635 1134 852 1191 quoque
901 1135 1023 1179 esse
1070 1121 1437 1185 incarnatum.
1490 1118 1665 1179 Unam
1714 1118 1859 1175 enim
1897 1128 1950 1175 et

338 1212 616 1266 eamdem
648 1227 876 1267 numero
902 1227 1015 1267 rem
1050 1210 1383 1283 impossibile
1409 1220 1491 1272 est
1516 1210 1678 1267 simul
1716 1224 1855 1275 esse,
1896 1219 1951 1265 et

368 1314 473 1353 non
502 1314 621 1356 esse
645 1302 696 1356 in
722 1302 909 1357 eodem
948 1302 1165 1357 homine
1194 1302 1553 1358 incarnatam.
1577 1301 1643 1357 Et
1665 1316 1764 1371 ego
1786 1300 1904 1356 dico
1935 1319 1948 1356 :

367 1387 422 1442 Si
452 1387 622 1445 Filius
663 1391 981 1446 incarnatus
1023 1400 1128 1459 est,
1174 1400 1228 1448 et
1267 1392 1438 1447 Filius
1478 1407 1585 1447 non
1633 1401 1716 1447 est
1757 1407 1863 1447 una
1899 1400 1953 1448 et

365 1480 553 1535 eadem
582 1496 809 1537 numero
838 1496 1091 1552 persona,
1116 1498 1237 1553 quae
1262 1482 1423 1539 Pater
1450 1484 1541 1517 “’9
1563 1492 1668 1549 εει,
1696 1484 1787 1539 sed
1810 1484 1948 1550 alia;

366 1587 472 1626 non
505 1572 705 1628 idcirco
756 1588 977 1630 necesse
1008 1585 1090 1631 est
1126 1574 1346 1630 Patrem
1377 1592 1592 1647 quoque
1620 1591 1740 1631 esse
1770 1576 1950 1631 incarc

366 1675 554 1717 natum
586 1663 699 1719 'm.
732 1665 902 1721 Aliam
951 1670 1094 1723 enim
1126 1684 1413 1738 personam
1461 1684 1581 1723 esse
1626 1670 1677 1723 in
1709 1683 1818 1723 uno
1858 1668 1953 1723 lto-

2048 494 2154 550 que
2179 480 2397 536 homine
2426 479 2613 550 nequit
2638 479 2883 549 intelligi.
2914 477 3067 542 Nam,
3094 478 3137 532 si
3162 492 3299 531 unus
3322 478 3484 531 homo
3506 491 3627 533 cum

2051 570 2279 641 singulis
2308 571 2554 642 pluribus
2584 569 2832 640 personis
2870 583 2975 621 una
3004 582 3232 637 persona
3262 574 3376 631 est,
3405 568 3656 622 necesse'

2050 668 2135 714 est
2181 659 2364 729 plures
2408 673 2699 729 personas,
2733 672 2855 727 qua:
2904 656 3023 711 alia:
3048 664 3173 710 sunt
3202 670 3231 709 a
3272 670 3331 711 se
3373 654 3623 726 invicem,

2050 765 2170 806 esse
2185 766 2347 807 unam
2372 750 2725 820 eamdemque
2751 764 3035 820 personam
3063 765 3077 802 :
3099 748 3240 817 quod
3271 763 3375 802 non
3392 756 3473 802 est
3498 761 3626 817 pos-

2049 845 2228 900 sibile.
2276 843 2617 914 Quapropter
2663 841 2994 912 impossibile
3032 850 3147 906 est,
3198 839 3311 895 Deo
3353 840 3636 894 incarnato

2052 935 2347 991 secundum
2377 949 2537 989 unam
2578 933 2876 1004 quamlibet
2904 946 3220 1002 personam,
3251 930 3400 987 illum
3430 945 3630 988 sectius

2051 1026 2176 1080 dum
2206 1025 2369 1080 aliam
2400 1039 2615 1095 quoque
2648 1039 2933 1094 personam
2964 1023 3261 1077 incarnari.

2555 1135 2785 1192 CAPUT
2824 1137 2865 1191 v
2906 1135 3001 1209 [αι.
3036 1133 3149 1209 IV].

2053 1226 2160 1281 Cur
2194 1225 2369 1282 Filius
2397 1229 2565 1299 magis
2592 1243 2751 1309 quam
2796 1226 2960 1309 Pater
3004 1236 3093 1309 aut
3130 1225 3356 1297 Spiritus
3394 1237 3627 1296 sanctus,

2626 1306 2934 1351 incarnatus
2976 1306 3063 1350 ιιι.

2123 1390 2233 1444 Cur
2266 1398 2445 1444 autem
2476 1389 2615 1444 Deus
2642 1387 2813 1459 magis
2841 1387 3194 1458 assumpserit
3233 1387 3323 1425 ¹²⁶τ
3354 1387 3629 1442 hominem

2055 1482 2108 1536 in
2142 1482 2403 1537 unitatem
2437 1496 2682 1553 persona:
2728 1481 2885 1546 Filii,
2913 1496 3073 1550 quam
3125 1482 3175 1535 in
3228 1481 3490 1535 unitatem
3535 1480 3633 1534 ali-

2055 1574 2210 1642 cujus
2244 1573 2475 1628 aliarum
2503 1588 2881 1644 personarum,
2914 1573 3162 1643 quamvis
3192 1572 3244 1625 in
3271 1571 3374 1626 hac
3403 1568 3630 1642 epistola

2058 1674 2302 1718 nostrum
2325 1663 2430 1718 hoc
2459 1662 2792 1733 propositum
2823 1677 2927 1716 non
2950 1661 3113 1716 fuerit
3135 1661 3246 1727 ⁸³⁸⁸,
3274 1670 3469 1726 tamen,
3499 1674 3632 1730 quo-

366 1760 513 1813 mine
540 1759 899 1827 incarnatam,
932 1770 987 1816 et
1013 1762 1171 1815 aliam
1202 1763 1360 1817 simul
1397 1778 1503 1816 non
1535 1776 1655 1821 esse
1678 1763 1729 1821 iu
1760 1761 1951 1819 eodem

2059 1754 2199 1808 niam
2230 1751 2390 1821 hujus
2412 1754 2488 1807 rei
2514 1753 2715 1808 mentio
2737 1767 2795 1807 se
2812 1752 3024 1819 obtulit,
3046 1751 3279 1820 aliquam
3308 1750 3632 1805 reddendam

364 1850 586 1907 homine
617 1853 953 1907 incarnatum
994 1853 1248 1922 possibile
1290 1862 1393 1909 est.
1443 1852 1508 1907 Et
1556 1853 1684 1909 ille;
1726 1853 1782 1907 Si
1818 1852 1955 1907 Deus

366 1938 534 1997 Filius
562 1942 881 1999 incarnatus
906 1953 1019 2007 est;
1053 1953 1109 2001 et
1140 1945 1279 2000 Deus
1309 1946 1399 2015 qui
1430 1954 1513 2001 est
1544 1944 1713 2001 Filius
1741 1959 1849 1999 non
1870 1953 1956 1999 est

367 2032 523 2098 alius,
554 2033 645 2090 sed
673 2051 810 2091 unus
842 2044 897 2091 et
922 2035 1060 2091 idem
1086 2052 1311 2093 numero
1340 2036 1501 2101 Deus,
1532 2037 1620 2107 qui
1651 2037 1810 2093 Pater
1835 2045 1945 2103 est;

365 2124 486 2193 plus
519 2135 697 2181 tamen
730 2128 1000 2199 (quamvis
1052 2129 1280 2185 diversae
1318 2144 1563 2199 persona:
1625 2129 1735 2183 sint
1787 2128 1952 2184 Pater

366 2226 419 2271 et
476 2217 680 2288 Filius)
739 2219 953 2273 videtur
1002 2234 1227 2276 necesse
1289 2220 1507 2277 Patrem
1562 2234 1778 2291 quoque
1834 2234 1955 2275 esse

367 2309 713 2363 incarnatum
771 2325 894 2365 cum
950 2310 1123 2379 Filio,
1188 2321 1414 2383 propter
1468 2312 1803 2371 identitatem
1865 2314 1951 2346 ¹³⁶²

372 2399 617 2464 Deitatis,
659 2416 819 2470 quam
868 2403 1123 2475 possibile
1165 2418 1284 2461 esse
1331 2414 1552 2474 propter
1583 2405 1952 2460 diversitatem

364 2505 725 2561 personarum
759 2509 881 2549 eum
936 2511 1040 2549 non
1085 2510 1206 2550 esse
1254 2496 1415 2551 simul
1455 2496 1793 2551 incarnatum
1840 2496 1953 2550 ηδ’.

367 2581 561 2640 Videte
588 2586 679 2655 qui
708 2586 812 2640 hoc
843 2586 973 2640 dicit
1001 2586 1092 2618 ¹³⁶³
1119 2587 1388 2656 quomodo
1423 2586 1691 2659 claudicat
1727 2596 1956 2658 utroque

367 2671 504 2741 pede
529 2672 580 2726 in
606 2674 978 2729 incarnatione
1001 2673 1122 2729 Filii
1150 2675 1265 2731 Dei.
1290 2675 1421 2730 Nam
1443 2675 1533 2744 qui
1564 2685 1710 2732 recte
1730 2678 1956 2747 suscipit

368 2759 485 2828 ejus
535 2761 996 2827 incarnationem,
1050 2765 1225 2819 credit
1281 2779 1402 2819 eum
1456 2781 1562 2823 non
1598 2769 1957 2838 assumpsisse

370 2851 645 2906 hominem
680 2852 732 2907 in
763 2854 1022 2909 unitatem
1057 2863 1297 2921 naturae,
1330 2857 1426 2911 sed
1458 2857 1509 2914 in
1540 2861 1802 2915 unitatem
1831 2874 1955 2929 per-

368 2957 533 2998 sonae.
562 2944 661 2999 llic
684 2955 862 3001 autem
885 2948 1414 3003 somniathominem
1440 2967 1469 3004 a
1499 2949 1637 3005 Filio
1663 2952 1759 3006 Dei
1784 2952 1957 3023 magis

369 3051 492 3092 esse
517 3046 852 3109 assumptum
884 3038 936 3092 in
964 3049 1175 3095 natura:
1203 3041 1494 3105 unitatem,
1528 3057 1692 3112 quam
1737 3043 1789 3098 in
1828 3058 1954 3113 per-

368 3144 517 3185 sonae
560 3131 846 3189 unitatem.
899 3130 957 3186 Si
1002 3133 1147 3188 enim
1198 3133 1303 3189 hoc
1332 3149 1439 3189 non
1483 3134 1816 3204 opinaretur,
1849 3149 1955 3189 non

369 3218 576 3275 diceret
605 3220 780 3289 magis
823 3222 1191 3277 necessarium
1242 3237 1364 3279 esse
1409 3223 1629 3279 Patrem
1677 3238 1801 3279 esse
1834 3238 1955 3279 cum

370 3312 508 3368 Filio
539 3314 878 3371 incarnatum
906 3316 1018 3381 “3‘,
1051 3317 1307 3386 quoniam
1337 3331 1477 3372 unus
1500 3324 1583 3373 est
1610 3315 1752 3370 Deus
1776 3314 1955 3380 Pater,

370 3410 427 3456 et
457 3401 644 3471 Filius,
676 3420 840 3476 quam
867 3421 987 3461 esse
1022 3406 1279 3477 possibile
1314 3406 1461 3461 illum
1498 3404 1661 3460 simul
1693 3420 1799 3459 non
1836 3420 1958 3462 esse

372 3494 749 3562 incarnatum,
796 3498 921 3566 quia
972 3497 1157 3568 plures
1220 3507 1347 3553 sunt
1393 3513 1661 3569 personte.
1720 3496 1961 3566 Utroque

376 3584 543 3654 igitur
568 3584 724 3655 pede,
757 3585 808 3640 id
838 3595 921 3640 est
945 3595 1176 3656 utraque
1216 3594 1368 3655 parte
1393 3586 1662 3642 claudicat
1693 3585 1746 3640 in
1778 3586 1957 3641 incar-

378 3676 600 3730 natione
622 3675 743 3732 Filii
769 3677 886 3743 Dei,
918 3679 1007 3748 qui
1043 3694 1146 3732 una
1180 3677 1274 3715 ¹³⁶⁶
1302 3687 1492 3733 natura
1524 3685 1608 3733 est
1644 3692 1767 3733 cum
1797 3676 1961 3733 Patre

375 3775 432 3820 et
453 3766 554 3822 alia
584 3783 815 3839 persona
845 3783 874 3823 a
904 3769 1064 3824 Putre
1084 3813 1097 3835 ,
1141 3770 1451 3841 quicunque
1498 3771 1775 3825 existimat
1821 3771 1961 3826 hanc

373 3859 797 3916 incarnationem
824 3862 916 3893 ¹³⁶⁶
944 3862 1022 3917 sic
1062 3877 1186 3917 esse
1219 3863 1515 3917 secundum
1549 3871 1754 3917 natura:
1782 3862 1960 3917 unita-

375 3964 505 4017 tem,
535 3962 595 4007 ut
617 3953 787 4009 Filius
816 3971 921 4010 non
953 3956 1125 4025 possit
1158 3955 1436 4011 incarnari
1482 3956 1600 4010 sine
1637 3953 1832 4018 Patre;
1862 3968 1962 4007 nec

374 4045 626 4116 intelligit
655 4062 775 4101 eam
800 4048 879 4102 sic
909 4047 1205 4102 secundum
1237 4047 1502 4101 unitatem
1533 4060 1655 4099 esse
1693 4058 1959 4113 personae,

375 4146 435 4192 ut
478 4137 644 4192 Pater
688 4154 794 4192 non
828 4139 1000 4208 possit
1049 4139 1318 4194 incarnari
1372 4152 1495 4193 cum
1548 4135 1704 4191 Filio.
1755 4134 1962 4205 Quippe

379 4226 525 4280 Deus
556 4242 662 4281 non
692 4228 770 4281 sic
802 4229 1097 4299 assumpsit
1126 4228 1400 4283 hominem
1423 4268 1437 4291 ,
1480 4237 1536 4279 ut
1563 4236 1757 4281 natura
1787 4225 1880 4279 Dei
1909 4234 1959 4278 et

376 4318 613 4373 hominis
644 4318 716 4375 sit
748 4336 854 4375 uua
898 4331 955 4376 et
999 4321 1225 4389 eadem;
1268 4321 1361 4377 sed
1395 4330 1452 4375 ut
1492 4334 1719 4390 persona
1770 4318 1863 4372 Dei
1910 4327 1961 4371 et

2059 1845 2318 1899 rationem
2342 1844 2612 1899 existimo.
2638 1842 2842 1913 Nempe
2871 1843 2917 1898 si
2949 1841 3182 1912 Spiritus
3208 1850 3428 1896 sanctus
3455 1842 3634 1895 incar.

2057 1945 2217 1989 natus
2246 1942 2412 1997 esset,
2446 1937 2588 1990 sicut
2633 1934 2803 1989 Filius
2828 1943 2912 1990 est
2939 1934 3283 1996 incarnatus,
3331 1940 3476 1986 esset
3503 1930 3632 2001 Spi-

2057 2024 2194 2080 ritus
2222 2035 2445 2081 sanctus
2473 2025 2618 2080 ﬁlius
2645 2025 2902 2080 hominis.
2934 2024 3130 2079 Essent
3173 2024 3335 2093 igitur
3375 2023 3484 2077 duo
3508 2022 3632 2077 Filii

2059 2120 2108 2174 in
2141 2118 2408 2175 Trinitate
2436 2119 2553 2186 Dei,
2586 2118 2793 2174 scilicet
2819 2117 2988 2172 Filius
3016 2117 3131 2181 Dei,
3168 2125 3223 2171 et
3247 2115 3413 2169 Filius
3444 2114 3623 2169 homi-

2060 2213 2165 2267 nis.
2216 2212 2370 2267 Unde
2399 2213 2644 2283 qucedam
2678 2221 2993 2268 nasceretur
3028 2213 3315 2267 dubietatis
3353 2210 3630 2278 confusio,

2058 2320 2178 2363 cum
2203 2305 2268 2359 de
2301 2306 2409 2360 Deo
2439 2305 2574 2360 Filio
2618 2304 3002 2374 loqueremur;
3036 2314 3264 2373 uterque
3293 2303 3437 2359 enim
3478 2309 3623 2356 esset

2058 2395 2221 2459 Dens,
2249 2405 2305 2451 et
2333 2395 2530 2459 Filius;
2561 2396 2810 2465 quamvis
2838 2396 2977 2449 alter
3017 2395 3108 2449 Dei
3131 2434 3147 2459 ,
3184 2394 3325 2448 alter
3358 2393 3631 2447 hominis:

2058 2486 2211 2542 ﬁeret
2238 2501 2452 2558 quoque
2480 2488 2634 2557 quasi
2660 2486 2904 2557 quaedam
2936 2484 3271 2555 inaequalitas
3298 2485 3634 2538 diversarum

2057 2593 2410 2649 personarum
2443 2578 2740 2634 secundum
2776 2577 2881 2632 hoc
2924 2576 3065 2645 quod
3115 2576 3208 2629 tilii
3257 2582 3469 2640 essent,
3514 2585 3636 2639 quas

2056 2670 2280 2726 cumino
2322 2670 2415 2704 ¹³⁶⁹
2443 2669 2679 2739 aequales
2727 2683 2848 2724 esse
2893 2669 3123 2733 debent,
3163 2681 3287 2720 cum
3329 2666 3467 2719 alter
3494 2662 3636 2717 illius

2060 2759 2279 2830 majoris
2322 2759 2563 2830 parentis
2595 2760 2861 2832 dignitate
2889 2758 3209 2821 excelleret,
3245 2757 3383 2810 alter
3411 2752 3637 2809 minoris

2061 2850 2300 2920 parentis
2329 2849 2634 2905 humilitate
2656 2849 2924 2905 subesset.
2951 2846 3164 2914 Quanto
3185 2846 3329 2901 enim
3357 2842 3530 2912 major
3554 2850 3639 2900 est

2059 2952 2253 2998 natura
2302 2941 2393 2997 Dei
2425 2956 2587 3011 quam
2619 2941 2893 3005 hominis,
2945 2948 3094 2995 tanto
3130 2938 3341 3009 dignius
3391 2943 3476 2991 est
3517 2947 3640 2989 esse

2059 3035 2256 3090 Filium
2298 3033 2392 3090 Dei
2419 3049 2580 3104 quam
2611 3048 2733 3089 esse
2775 3031 2945 3086 ﬁlium
2984 3030 3219 3086 hominis
3251 3029 3363 3082 ‘m.
3415 3027 3472 3081 Si
3508 3040 3639 3097 ergo

1984 3099 2029 3160 (ἶ
2061 3124 2297 3196 Spiritus
2325 3099 2550 3181 sanctus
2578 3133 2736 3181 natus
2769 3132 2917 3179 esset
2942 3138 3011 3178 ex
3042 3122 3279 3193 Virgine,
3322 3134 3442 3175 cum
3468 3118 3640 3172 Filius

2062 3216 2153 3271 Dei
2196 3215 2424 3272 haberet
2452 3214 2896 3271 excellentiorem
2926 3212 3266 3268 nativitatem
3293 3210 3485 3272 solam,
3515 3222 3638 3277 quas

2058 3322 2123 3362 ex
2157 3307 2267 3361 Deo
2294 3314 2411 3367 est;
2451 3314 2507 3361 et
2543 3305 2779 3375 Spiritus
2824 3313 3045 3360 sanctus
3076 3302 3341 3358 minorem
3387 3307 3635 3360 tantum,

2059 3413 2179 3468 qua:
2198 3408 2344 3454 esset
2383 3414 2447 3452 ex
2478 3398 2730 3462 homine;
2773 3395 2879 3451 alia
2925 3409 3160 3466 persona
3190 3402 3335 3450 esset
3368 3390 3559 3461 major,
3584 3395 3642 3442 et

2059 3490 2164 3545 alia
2216 3490 2393 3544 minor
2435 3488 2735 3544 secundum
2787 3487 3103 3557 dignitatem
3156 3481 3454 3538 nativitatis
3505 3479 3634 3532 “"z

2060 3581 2202 3650 quod
2234 3594 2341 3635 non
2369 3579 2644 3636 convenit.
2690 3576 2843 3644 Quod
2881 3577 2926 3634 si
2960 3576 3120 3630 Pater
3158 3574 3212 3628 in
3240 3573 3497 3626 unitatem
3528 3582 3640 3624 suae

2061 3688 2308 3744 persona:
2335 3672 2606 3727 hominem
2641 3669 3059 3739 assumpsisset,
3089 3665 3309 3721 easdem
3356 3662 3557 3718 faceret
3582 3661 3636 3713 in

2062 3766 2172 3821 Deo
2220 3762 2502 3835 pluralitas
2552 3761 2785 3816 ﬁliorum
2836 3756 3329 3819 inconvenientias,
3369 3762 3424 3806 et
3463 3749 3641 3805 adhuc

2062 3857 2243 3911 aliam.
2282 3856 2416 3911 Nam
2448 3855 2492 3910 si
2520 3862 2665 3909 esset
2696 3853 2839 3907 illius
2873 3849 3130 3920 Virginis,
3171 3848 3288 3902 dote
3313 3857 3555 3915 personas
3584 3840 3639 3894 in

2063 3949 2332 4004 Trinitate
2362 3961 2556 4002 nomen
2596 3944 2807 4014 nepotis
2835 3949 3214 4003 assumerent;
3247 3936 3369 4006 quia
3398 3943 3453 3989 et
3481 3931 3644 3986 Pater

2064 4054 2231 4110 nepos
2278 4038 2368 4069 ³³⁷⁸
2413 4043 2559 4091 esset
2587 4041 2871 4104 parentum
2923 4029 3187 4100 Virginis;
3232 4034 3289 4081 et
3323 4024 3490 4079 Filius
3524 4020 3643 4089 eius

2064 4128 2301 4198 Virginis
2329 4134 2477 4182 esset
2505 4139 2709 4195 nepos;
2742 4137 2865 4177 cum
2893 4122 3010 4192 ipse
3040 4131 3217 4174 tamen
3246 4116 3377 4171 nihil
3418 4115 3642 4168 haberet

2063 4235 2131 4277 ex
2163 4219 2403 4288 Virgine.
2450 4214 2717 4283 Quoniam
2767 4227 2897 4283 ergo
2943 4209 3243 4280 quamlibet
3292 4219 3514 4276 parvum
3549 4200 3642 4233 ⁸³⁷³

2066 4309 2451 4365 inconveniens
2504 4305 2558 4359 iu
2596 4304 2707 4358 Deo
2750 4311 2836 4356 est
2879 4300 3240 4371 impossibile,
3290 4312 3394 4351 non
3454 4292 3643 4349 debuit

379 4411 615 4469 hominis
650 4429 752 4469 una
808 4414 1108 4485 eademque
1153 4414 1225 4470 sit
1266 4433 1278 4467 :
1321 4414 1463 4483 quod
1513 4410 1726 4466 nonnisi
1766 4410 1819 4464 in
1859 4426 1962 4464 una
1994 4434 2041 4491 ο
2067 4402 2170 4457 alia
2222 4401 2315 4456 θεῖ
2370 4412 2594 4469 Ρθτδοηίι
2638 4394 2729 4427 ’³⁷⁸
2773 4392 3252 4491 ίηοπξιπί-(ιιιθιιι
3305 4385 3642 4491 mus;le

377 4515 606 4567 persona
656 4503 748 4558 Dei
795 4518 917 4559 esse
955 4513 1153 4575 potest.
1199 4504 1451 4559 Diversas
1496 4502 1640 4557 enim
1677 4514 1957 4572 personas,

2067 4495 2211 4549 enim
2241 4493 2542 4555 incarnato,
2565 4488 2768 4542 nullum
2792 4485 3039 4554 sequitur
3058 4481 3461 4539 inconveniens.
3487 4473 3645 4544 Quod

1674 4717 1907 4778 VARIE
1948 4704 2350 4773 LECTIONES.

450 4872 544 4907 ⁸⁸⁸⁸
587 4869 909 4931 Βυϋειιιηιίε,
950 4874 1148 4941 Patris,
1198 4876 1302 4932 alia
1351 4874 1475 4929 Filii
1524 4891 1649 4931 mss.
1705 4871 2023 4941 Substantia
2066 4868 2246 4931 Pater,
2309 4865 2415 4920 alia
2472 4863 2642 4941 Filius
2745 4863 2834 4941 W"
2863 4863 3106 4941 ᾼξξξθηίιε

1872 4922 2330 4996 ιῖἇέ-Ῐδειειίτήδε.
2369 4951 2488 5005 qua:
2536 4933 2698 4987 Pater
2722 4940 2808 4987 est
2884 4928 3208 5005 ‘f‘fuldcirco
3251 4941 3373 5005 esse
3422 4922 3645 5005 Patrem

379 4947 449 5000 ab
475 4942 709 4999 invicem
787 4944 881 4981 ⁸³⁸⁸
911 4943 1007 4999 Dic
1031 4960 1160 5016 ergo
1186 4945 1466 5001 mss.dicit
1487 4960 1620 5016 ergo
1698 4942 1790 4975 ¹³⁸⁹

2745 4862 2834 4894 ⁸³⁸⁷
2863 4859 2998 4914 Athe
3054 4859 3290 4913 invicem
3340 4869 3470 4908 mu.
3525 4850 3650 4908 alite

379 4947 449 5000 ab
475 4942 709 4999 invicem
787 4944 881 4981 ⁸³⁸⁸
911 4943 1007 4999 Dic
1031 4960 1160 5016 ergo
1186 4945 1620 5016 mss.dicitergo
1698 4942 1790 4975 ‘3”
1820 4942 1951 5067 (giae
1997 4942 2159 4996 Pater
2204 4955 2330 4991 mss.
2369 4951 2512 5015 qu:2_
2536 4942 2698 4987 Pater
2722 4942 2808 4987 est
2884 4942 2973 4962 "W
3006 4942 3208 4983 Idcirco
3251 4942 3373 5007 esse
3423 4942 3645 5004 ratrem

377 5019 721 5071 incarnatum
747 5029 971 5072 necesse
993 5025 1078 5070 est
1096 5031 1220 5070 mss.
1246 5015 1450 5072 idcirco
1476 5025 1564 5069 est
1596 5028 1818 5068 necesse
1896 5020 2067 5066 atrem
2101 5023 2315 5080 quoque
2339 5020 2464 5061 esse
2500 5011 2841 5060 incarnatum
2917 5000 3009 5032 ¹³⁶¹
3035 4998 3275 5080 Ρνοριετ.
3306 4996 3646 5080 εόειιιιιειειιι

378 5065 1444 5156 νὶέῐῖεόἓὸἷῖἐορἱὲίῖιῐίιἱᾶῐέὲιῖ
1484 5065 2088 5167 ἧδ’-Νειξζξεεξεεὶηιιιι
2120 5065 2461 5167 incarnatum
2500 5089 2626 5127 mss.
2646 5088 2766 5167 Inon
2797 5085 2919 5126 eum
2951 5083 3071 5167 esse
3118 5065 3282 5167 simul.
3306 5067 3648 5167 ἱιῦεἱεςηιξιιῖξιι

378 5157 475 5190 ﬂ"
506 5155 644 5222 Quid
703 5157 793 5210 hic
839 5155 970 5211 dicit
1002 5155 1148 5210 ’mss.
1179 5156 1310 5224 quid
1342 5156 1444 5210 hoc
1482 5155 1635 5210 dicit.

1716 5130 2225 5206 ἰιῖῖῐῇιῆἱίῖξίιῖτῖ
2251 5130 2388 5202 Filio
2417 5147 2754 5203 incarnatum
2796 5158 2922 5195 mss.
2954 5138 3102 5193 Gem.
3148 5137 3305 5190 Corb.
3340 5132 3480 5206 Vict.
3509 5130 3646 5184 Tim.

380 5202 607 5281 Patrem
616 5202 1451 5282 125;};Euiﬁ'iiniﬁitciidaﬁﬁa
1485 5202 1783 5290 “tm-Quia
1815 5202 2105 5275 tiliae;
2127 5229 2176 5273 et
2195 5217 2358 5290 iEdit.
2393 5215 2548 5271 Goth.
2583 5213 2675 5290 qui
2706 5228 2813 5268 una
2890 5211 2981 5290 ‘1“
3020 5209 3193 5290 Hane
3221 5202 3647 5290 incarnatione?!

380 5274 1515 5353 at};satisfiat?eae:amem
1558 5274 2017 5351 incarnationem,
2066 5290 2155 5321 ιδοτ
2190 5288 2380 5359 Magis
2407 5274 2709 5359 assumpsit
2736 5298 2861 5359 ipss.
2890 5281 3036 5359 om.
3081 5277 3214 5332 Vict.
3268 5274 3651 5359 σεξλ-,ινξεεὲ

382 5369 737 5436 assumpserit
810 5367 904 5400 ³³⁶⁸
932 5363 1274 5436 Propositum
1323 5378 1428 5419 non
1485 5365 1595 5436 fuit
1628 5380 1772 5436 mss.
1814 5362 2146 5436 propositum
2190 5357 2303 5436 non
2359 5357 2539 5436 fuerit‘

2622 5353 2711 5385 ¹³⁶⁹
2738 5352 2838 5419 Qui
2879 5351 3101 5405 omnino
3142 5363 3268 5419 mss.
3312 5344 3374 5419 ες.
3411 5340 3649 5419 λιι-ςφμι

386 5408 737 5436 ...ιπηηωωη
932 5408 1274 5436 ..υνυωηηη
1323 5408 1428 5419 ..νη
1630 5408 1757 5418 ..-νη
1814 5408 2146 5443 ,μνημμω
2360 5408 2493 5411 ﬁ---
2748 5408 2782 5419 η
2937 5421 2989 5432 ,,
3257 5417 3269 5429 ,
3315 5416 3328 5428 ,
3435 5410 3524 5443 ω,

386 5437 530 5490 Ιιίάίι.
565 5435 724 5492 Gem.
751 5453 871 5507 quae
893 5439 1114 5492 omnino
1190 5436 1284 5507 97°
1321 5435 1492 5502 Quam
1520 5434 1715 5507 Filium
1761 5434 2002 5507 hominis
2026 5447 2151 5484 mss.
2190 5427 2324 5507 Vict.
2366 5426 2521 5482 Corb.
2553 5440 2717 5507 quam
2746 5437 2865 5507 esse
2891 5419 3483 5507 Etlttt‘m_lt_(tlttll|l_s__m
3516 5408 3652 5507 *ξεῖ-

385 5489 627 5560 modum
667 5489 1366 5578 dignitatem"nativitatis
1411 5522 1514 5560 ms.
1546 5505 1739 5560 Cister.
1789 5502 2098 5557 Secundum
2157 5500 2495 5554 nativitatem
2539 5489 2855 5574 dignitatis”
2891 5491 2983 5576 ⁸³⁷)
3015 5489 3179 5569 Pater
3222 5497 3277 5542 et
3317 5496 3485 5609 ncpgs
3516 5494 3647 5535 mss.

390 5573 505 5609 vs...
559 5575 696 5609 n...r.
744 5588 789 5609 ο.
825 5576 1001 5609 mm-
1027 5575 1250 5609 c...:..-.-
1290 5577 1451 5609 ουρ..
1495 5590 1662 5609 nam...
1738 5574 1834 5606 ωτι
1859 5571 2151 5609 (ιηηιιιιιιρι
2192 5585 2419 5609 nni-unm
2451 5582 2574 5609 mn,
2611 5576 2658 5609 ει
2715 5564 2889 5609 Ειίιηο
2922 5560 3140 5609 (.otlnm
3180 5554 3384 5609 auantlt
3461 5562 3480 5605 t
3516 5565 3647 5609 Dar-

1725 5554 2156 5639 ’ωτῖρἶὸξιιιιίει
2192 5585 2419 5640 parvum
2451 5582 2576 5623 mss.
2597 5554 2658 5620 "et
2711 5563 2889 5618 Editt'o
2922 5558 3140 5614 Gothica
3180 5554 3384 5628 quamli

3461 5562 3480 5605 t
3516 5565 3650 5620 par-

385 5661 511 5699 vum
592 5644 682 5681 ""
714 5643 909 5705 Debuit
936 5647 1039 5702 alia
1066 5662 1301 5719 persona
1331 5663 1455 5702 mu.
1492 5643 1684 5703 debuit
1714 5645 1820 5698 alia
1867 5644 1960 5698 Dei
1995 5656 2225 5713 persona
