3926 6054
262 250 370 305 277

1548 248 1634 306 DE
1667 247 1822 304 ΗΒΕ
1859 249 2264 304 TRINITATIS.

3433 249 3532 304 ‘278

258 367 412 424 enim
457 365 618 420 Patre
663 373 718 418 et
764 363 968 434 Spiritu
1012 371 1202 420 sancto
1233 363 1410 419 minor
1437 363 1635 420 dicitur
1675 363 1844 419 Filius
1875 367 1922 424 Α
1951 363 2356 420 misericordius
2383 362 2578 434 parcit,
2606 363 2686 418 vel
2710 377 2810 434 pro
2836 376 2900 418 eo
2926 361 3234 426 intercedit,
3263 376 3421 430 quam
3445 362 3531 416 cui

259 460 560 514 secundum
595 456 1012 520 humanitatem,
1061 471 1166 510 non
1213 463 1390 510 tamen
1441 454 1543 510 illae
1573 456 1690 510 dua:
1729 471 1850 524 per-

257 566 413 606 some
441 549 558 604 ideo
580 549 848 604 excellunt
891 547 1028 604 Filio
1065 549 1186 614 ’3";
1215 549 1342 618 quia
1382 548 1624 604 eamdem
1657 547 1854 618 majes-

259 647 458 706 tatem,
487 655 590 708 qua
617 638 854 708 majores
887 646 1012 692 sunt
1056 637 1396 692 humanitate
1433 637 1576 704 Filii,
1609 638 1772 693 habet
1797 647 1854 696 et

259 731 462 798 Filius,
491 747 596 802 qua
626 741 680 786 et
709 731 822 800 ipse
851 739 1046 801 praeest
1068 745 1190 785 cum
1219 729 1327 784 illis
1355 744 1468 784 sum
1495 730 1846 785 humanitati.

261 825 364 880 Est
391 833 448 880 et
474 823 642 888 aliud,
688 838 788 878 cur
829 822 1000 892 magis
1042 821 1328 876 conveniat
1373 819 1510 876 Filio
1553 822 1849 878 incarnatio

260 933 424 985 quam
472 915 584 970 alii.
639 913 740 980 Qui
785 915 928 969 enim
983 923 1102 970 erat
1150 913 1548 980 incarnandus,
1597 926 1850 970 oraturus

258 1018 384 1064 erat
409 1023 509 1078 pro
538 1007 776 1061 humano
807 1021 1038 1078 genere;
1072 1015 1126 1058 et
1149 1008 1561 1062 convenientius
1591 1008 1723 1064 satis
1759 1008 1848 1040 ³³⁷⁸

261 1100 494 1170 suscipit
526 1113 680 1153 mens
727 1098 964 1152 humana
1009 1096 1206 1152 Filium
1251 1097 1422 1163 Patri,
1471 1114 1631 1168 quam
1679 1099 1847 1156 alium

261 1194 386 1248 aliis
433 1192 744 1262 supplicare
783 1191 898 1258 ‘3",
938 1192 1188 1260 quamvis
1211 1192 1324 1246 haec
1370 1192 1692 1264 supplicatio
1743 1209 1848 1248 non

261 1285 360 1341 ﬁat
387 1301 416 1340 a
445 1286 750 1348 divinitate,
781 1284 875 1340 sed
899 1284 966 1340 ab
1005 1283 1342 1340 humanitate
1377 1285 1444 1339 ad
1476 1285 1810 1340 divinitatem
1830 1325 1846 1350 ,

259 1391 425 1448 quam
465 1377 666 1430 idcirco
693 1374 864 1430 Filius
895 1375 988 1428 Dei
1029 1374 1193 1440 facit;
1230 1375 1354 1444 quia
1399 1376 1584 1440 homo,
1612 1389 1705 1443 per
1731 1375 1854 1430 uni-

259 1477 432 1524 tatem
459 1483 706 1536 persome
735 1467 904 1522 Filius
935 1467 1028 1522 Dei
1063 1475 1170 1522 est.
1196 1467 1444 1538 Amplius
1473 1485 1486 1521 :
1529 1467 1628 1535 Qui
1670 1469 1848 1522 homi-t

259 1557 508 1612 nem'm
554 1565 674 1612 erat
724 1565 1126 1626 assumplurus,
1171 1566 1430 1612 venturus
1477 1566 1598 1613 erat
1647 1558 1712 1612 ad
1753 1573 1850 1628 pu-

257 1647 536 1718 gnandum
582 1655 772 1702 contra
827 1647 1122 1710 diabolum,
1171 1657 1226 1702 et
1277 1649 1346 1702 ad
1379 1648 1844 1714 intercedendum,

257 1741 404 1794 sicut
434 1737 543 1793 dixi
601 1753 700 1808 pro
757 1737 1068 1792 hominibus
1098 1738 1190 1770 "7’
1220 1757 1232 1794 :
1266 1739 1358 1808 qui
1390 1739 1570 1804 ambo,
1603 1739 1850 1796 diabolus
1877 1743 1922 1800 B

255 1828 470 1884 Scilicet
511 1839 566 1882 et
597 1827 757 1883 homo
807 1843 905 1896 per
955 1828 1200 1898 rapinam
1245 1843 1302 1884 se
1340 1829 1628 1884 voluerunt
1673 1833 1851 1888 facere

256 1918 468 1973 similes
493 1919 626 1982 Deo,
658 1933 778 1972 cum
807 1917 1022 1986 propria
1049 1917 1157 1972 sint
1183 1919 1265 1972 usi
1301 1918 1596 1974 voluntate.
1631 1919 1693 1974 Et
1723 1921 1848 1990 quia

257 2023 359 2078 per
387 2009 635 2079 rapinam
679 2008 992 2072 voluerunt,
1017 2009 1232 2066 nonnisi
1274 2025 1371 2079 per
1403 2009 1692 2066 falsitatem
1727 2013 1848 2078 “3°;

256 2099 516 2166 quoniam
575 2099 788 2152 nonnisi
849 2097 1050 2166 injuste
1107 2109 1400 2169 potuerunt
1459 2101 1570 2155 ¹³⁸¹.
1627 2101 1848 2174 Propria

262 2191 412 2242 enim
441 2189 692 2244 voluntas
731 2189 906 2260 angeli
952 2191 1067 2246 sive
1106 2191 1340 2246 hominis
1363 2201 1466 2254 est,
1510 2208 1630 2262 qua:
1659 2202 1850 2250 contra

259 2277 596 2332 voluntatem
642 2277 736 2331 Dei
783 2289 884 2334 est.
933 2277 1066 2334 Cum
1108 2281 1249 2336 enim
1299 2281 1412 2335 vult
1461 2283 1658 2352 aliquis
1704 2283 1852 2354 quod

257 2368 404 2422 Deus
433 2367 568 2422 velle
613 2368 896 2438 prohibet,
948 2369 1150 2424 nullum
1204 2371 1366 2426 habet
1412 2381 1690 2428 auctorem
1729 2389 1840 2430 suae

255 2457 590 2522 voluntatis,
619 2459 722 2513 nisi
768 2461 1004 2530 seipsum
1046 2480 1058 2513 :
1093 2470 1146 2516 et
1195 2463 1316 2516 ideo
1346 2477 1443 2516 sua
1483 2463 1700 2536 prepria
1745 2474 1850 2520 est.

258 2547 421 2612 Nam,
463 2550 709 2618 quamvis
757 2551 920 2606 homo
970 2551 1303 2608 voluntatem
1357 2569 1509 2608 suam
1561 2555 1852 2624 aliquando

259 2641 462 2694 subdat
506 2639 768 2694 voluntati
818 2637 1044 2696 alterius
1077 2643 1340 2708 hominis,
1391 2645 1610 2714 propria
1669 2655 1849 2704 tamen

261 2739 372 2794 est,
405 2731 450 2784 si
481 2742 672 2785 contra
708 2731 874 2788 Deum
907 2743 1018 2798 est;
1048 2733 1302 2800 quoniam
1335 2751 1440 2790 non
1473 2751 1592 2790 eam
1635 2738 1846 2804 subdit,

259 2823 363 2877 nisi
391 2831 444 2876 ut
478 2823 544 2877 ad
571 2823 803 2894 aliquid,
831 2826 974 2896 quod
1000 2826 1093 2856 ¹³⁸²
1122 2826 1253 2892 vult,
1279 2828 1544 2900 attingat;
1567 2839 1622 2884 et
1649 2830 1852 2888 idcirco

263 2917 505 2985 seipsum
537 2915 700 2970 habet
744 2925 1024 2972 auctorem
1053 2933 1152 2974 cur
1180 2933 1300 2976 eam
1327 2919 1416 2974 alii
1447 2921 1662 2976 salutat.
1703 2921 1850 2988 Qua-

257 3017 488 3077 propter
531 3008 748 3077 propria
803 3009 1060 3064 voluntas
1109 3019 1224 3076 est,
1271 3025 1392 3080 quae
1443 3012 1574 3066 nulli
1625 3012 1717 3068 alii
1767 3023 1852 3068 est

257 3099 508 3154 subdita.
538 3101 718 3158 Solius
749 3111 934 3156 autem
975 3104 1068 3157 Dei
1099 3113 1184 3160 est
1218 3106 1490 3176 propriam
1525 3107 1728 3162 habere
1753 3125 1846 3162 vo-
1879 3091 1924 3152 ο

256 3187 560 3253 luntatem,
593 3189 644 3242 id
668 3201 780 3255 est,
826 3205 947 3260 qua:
979 3190 1106 3244 nulli
1140 3193 1353 3248 subdita
1389 3195 1480 3248 sit.
1524 3195 1847 3268 Quicunque

261 3280 430 3350 igitur
457 3281 673 3349 propria
703 3281 983 3338 voluntate
1009 3288 1202 3348 utitur,
1224 3285 1290 3340 ad
1316 3285 1724 3344 similitudinem
1754 3290 1845 3344 Dei

259 3388 359 3442 per
393 3373 638 3440 rapinam
683 3374 899 3441 nititur,
933 3385 990 3430 et
1037 3376 1208 3432 Deum
1247 3379 1468 3448 propria
1505 3380 1768 3450 dignitate
1796 3393 1852 3436 et

261 3463 525 3534 singulari
556 3465 873 3520 excellentia
912 3467 1152 3537 privare,
1190 3477 1452 3538 quantum
1503 3470 1554 3526 in
1600 3471 1717 3540 ipso
1745 3481 1848 3534 est,

269 3555 635 3612 convincitur.
686 3555 742 3610 Si
773 3556 918 3612 enim
956 3567 1040 3614 est
1067 3558 1172 3614 alia
1200 3559 1380 3632 aliqua
1424 3560 1674 3616 voluntas
1695 3602 1710 3626 ,
1739 3561 1846 3634 57

243 3661 382 3716 quae
417 3645 549 3701 nulli
579 3647 792 3702 subdita
814 3650 916 3716 sit,
949 3665 1056 3706 non
1079 3651 1183 3705 erit
1207 3651 1455 3708 voluntas
1479 3652 1572 3708 Dei
1601 3654 1852 3710 omnibus

259 3739 511 3806 praelata,
537 3755 636 3794 nec
665 3741 778 3810 ipsa
814 3743 918 3796 erit
945 3743 1056 3796 sola
1089 3743 1302 3808 “",cui
1333 3745 1472 3798 nulla
1511 3745 1614 3800 alia
1641 3746 1848 3816 praesit.

265 3826 424 3881 Nulla
465 3828 630 3898 igitur
688 3830 846 3886 trium
892 3847 1244 3902 personarum
1305 3834 1400 3890 Dei
1457 3837 1849 3908 congruentius

261 3922 616 3990 sciitetipsam
657 3923 942 3977 exiuaniuit
982 3925 1206 3992 formam
1237 3927 1370 3980 servi
1412 3929 1670 3996 accipiens
1697 3926 1845 3996 (Phi-

262 4012 358 4081 lip.
395 4027 455 4076 ιι,
483 4013 560 4082 7),
583 4011 1060 4070 ad'debellandum
1098 4017 1396 4086 diabolum,
1430 4028 1484 4074 et
1514 4021 1852 4076 interceden-

263 4109 394 4162 dum
426 4125 524 4177 pre
547 4109 787 4176 homine,
827 4113 918 4180 qui
959 4127 1056 4180 per
1087 4113 1336 4184 rapinam
1379 4114 1568 4184 falsam
1599 4116 1854 4190 similitu-

263 4199 452 4256 dinem
517 4201 608 4256 Dei
659 4213 1119 4274 praasumpserant
1171 4206 1266 4236 ³³⁸⁸
1322 4222 1486 4276 quam
1539 4208 1694 4276 Filii,
1757 4211 1850 4280 qui

261 4293 523 4366 splendor
553 4295 687 4350 lucis
727 4305 968 4362 mternze,
999 4307 1053 4354 et
1091 4314 1216 4354 vera
1257 4298 1437 4355 Patris
1485 4301 1700 4371 imago,
1748 4319 1852 4358 non

261 4385 504 4454 rapinam
532 4387 817 4440 arbitratus
837 4397 912 4442 est
939 4405 1048 4444 esse
1067 4405 1122 4443 se
1151 4387 1404 4460 (aqualem
1437 4391 1545 4446 Deo
1567 4392 1744 4458 (ibid.,
1770 4393 1846 4463 6);

257 4490 450 4529 Verum
491 4491 586 4544 per
635 4491 820 4532 veram
893 4479 1264 4549 :equalitatem
1318 4490 1374 4534 et
1419 4482 1848 4549 similitudinem,

260 4567 400 4620 dixit
431 4585 444 4620 :
479 4567 590 4637 Ego
620 4579 668 4622 et
701 4569 863 4624 Pater
889 4587 1050 4628 unum
1085 4588 1266 4626 sumus
1295 4571 1476 4642 (Joan.
1513 4589 1567 4636 κ,
1589 4575 1726 4642 50);
1755 4585 1848 4629 et:

263 4659 371 4723 Qui
399 4659 532 4712 videt
559 4676 670 4726 me,
701 4661 836 4714 uidet
867 4671 914 4716 et
947 4660 1162 4718 Patrem
1185 4663 1368 4732 (Joun.
1401 4679 1512 4730 xw,
1543 4665 1618 4735 9).
1661 4665 1851 4724 Nullus

260 4764 504 4818 namque
543 4751 748 4820 justius
777 4761 1054 4824 expugnat
1097 4768 1272 4822 reum,
1303 4754 1388 4810 vel
1423 4757 1598 4824 punit,
1638 4768 1732 4811 aut
1773 4759 1848 4814 illi

1954 453 2242 524 specialius
2267 452 2462 522 injuria
2497 454 2612 509 fieri
2643 453 2931 524 probatur;
2976 467 3075 518 nec
3105 452 3306 521 aliquid
3341 466 3535 506 conve-

1953 545 2192 600 nientius
2242 547 2532 617 opponitur
2573 545 2796 602 falsitati
2843 544 2909 598 ad
2955 541 3405 614 expugnandum,
3443 549 3537 596 aut

1953 637 2241 705 apponitur
2273 637 2338 690 ad
2367 635 2666 692 sanandum
2707 635 2818 702 13",.
2841 643 3002 704 quam
3035 634 3256 688 veritas.
3297 633 3353 688 ln
3379 633 3526 686 illum

1951 728 2098 780 enim
2151 725 2338 782 falsam
2375 727 2466 782 Dei
2517 735 2908 797 praesumentes
2955 723 3360 778 similitudinem
3406 739 3526 793 spe-

1953 819 2146 874 cialius
2171 835 2426 890 peccasse
2463 819 2738 884 videntur,
2771 818 2861 887 qui
2894 831 3020 872 vera
3049 816 3142 870 Dei
3181 814 3358 871 Patris
3383 815 3534 870 simi-

1952 909 2121 964 litudo
2146 911 2408 965 creditur.

2440 1024 2664 1082 CAPUT
2705 1025 2767 1080 γι
2799 1025 2896 1098 [αι.
2934 1024 3046 1091 IV].

1955 1139 2232 1206 Quomodo
2253 1140 2306 1194 in
2327 1139 2534 1194 Christo
2557 1155 2660 1193 non
2684 1148 2802 1192 sunt
2825 1139 2945 1190 duae
2965 1153 3224 1207 personae,
3255 1136 3392 1190 sicut
3412 1145 3534 1190 sunt

2553 1211 2671 1264 dua:
2709 1219 2932 1262 uatum.

2025 1301 2274 1372 Suscepit
2303 1310 2480 1356 autem
2503 1301 2556 1356 in
2587 1301 2848 1356 unitatem
2877 1317 3124 1371 persona:
3149 1299 3418 1356 hominem
3437 1343 3452 1366 ,
3477 1309 3536 1356 ut

1952 1396 2154 1452 dictum
2179 1403 2292 1460 est,
2325 1404 2382 1448 ut
2409 1395 2516 1450 sint
2557 1393 2676 1448 dua:
2707 1401 2916 1448 natura:
2948 1411 2961 1446 :
2995 1392 3176 1446 divina
3227 1391 3434 1446 scilicet
3479 1400 3534 1446 et

1953 1488 2184 1542 humana
2205 1526 2222 1552 ,
2245 1503 2346 1542 una
2367 1501 2622 1556 persona.
2651 1486 2722 1539 De
2743 1501 2844 1554 qua
2860 1488 3066 1540 unitate
3080 1499 3342 1554 personae,
3371 1499 3533 1552 quam

1955 1575 2278 1632 firmissima:
2307 1577 2580 1630 credimus
2609 1591 2730 1630 esse
2757 1589 2862 1630 non
2885 1590 2952 1629 ex
2975 1575 3184 1630 duabus
3209 1575 3452 1644 personis
3481 1574 3534 1628 in

1952 1665 2198 1730 Christo;
2237 1676 2414 1720 tamen
2439 1666 2564 1735 quia
2589 1673 2768 1736 potest
2803 1663 2908 1720 dici
2956 1663 3098 1718 unde
3140 1678 3328 1734 parum
3379 1672 3537 1718 caute

1953 1757 2290 1812 intuentibus
2308 1756 2478 1812 videri
2515 1756 2683 1826 possit
2713 1755 2966 1810 Christus
3015 1769 3082 1810 ex
3133 1754 3340 1810 duabus
3379 1765 3434 1808 et
3481 1754 3536 1808 in

1953 1849 2160 1904 duabus
2189 1849 2438 1919 personis
2461 1850 2698 1904 existere
2719 1889 2734 1912 ,
2773 1864 2881 1902 non
2929 1847 3118 1902 inutile
3151 1847 3282 1901 mihi
3329 1847 3539 1902 videtur

1952 1943 2153 2013 aliquid
2185 1942 2387 2013 dicere.
2425 1941 2620 1996 Dicunt
2643 1941 2786 1995 enim
2808 1941 3025 2010 quidam
3055 1957 3068 1992 :
3102 1937 3381 2004 Quomodo
3407 1937 3538 1992 dici-

1953 2049 2073 2088 mus
2107 2032 2196 2064 ¹³⁸⁶
2247 2033 2299 2086 in
2336 2032 2554 2088 Christo
2595 2047 2702 2086 non
2741 2046 2862 2086 esse
2909 2029 3044 2084 duas
3085 2044 3344 2098 personas
3397 2028 3538 2082 sicut

1953 2125 2086 2180 duas
2111 2134 2352 2180 naturas.
2385 2123 2522 2180 Nam
2549 2124 2693 2190 Deus
2719 2135 2774 2178 et
2801 2133 2930 2178 ante
2951 2123 3186 2176 hominis
3210 2121 3536 2190 assumptio-

1953 2233 2074 2272 nem
2105 2233 2336 2286 persona
2365 2227 2478 2272 erat
2509 2233 2524 2282 ;
2571 2231 2672 2272 nec
2700 2223 2981 2286 postquam
3011 2213 3282 2268 hominem
3329 2227 3538 2266 assum-

1953 2307 2056 2378 psit
2070 2321 2298 2377 persona
2311 2306 2517 2362 destitit
2542 2320 2661 2362 esse
2689 2322 2701 2360 :
2728 2313 2782 2358 et
2797 2305 2954 2357 homo
2974 2317 3152 2356 assum
3159 2309 3284 2370 ptns
3299 2314 3530 2370 persona

1953 2409 2068 2468 est;
2100 2400 2226 2470 quia
2257 2399 2436 2456 omnis
2463 2399 2625 2453 homo
2669 2396 2984 2450 individuus
3027 2409 3146 2448 esse
3191 2405 3420 2462 persona
3448 2405 3538 2444 co-

1953 2497 2248 2566 gnoscitur.
2281 2492 2462 2560 Quare
2510 2491 2615 2544 alia
2647 2490 2733 2522 ¹³⁸⁷
2777 2497 2860 2542 est
2889 2501 3115 2556 persona
3140 2484 3270 2550 Dei,
3299 2497 3416 2554 qua:
3439 2481 3540 2536 fuit

1954 2596 2078 2640 ante
2101 2584 2560 2646 incarnationem,
2599 2581 2704 2636 alia
2735 2578 2968 2638 hominis
3012 2577 3274 2645 assumpti
3331 2594 3345 2630 :
3397 2575 3539 2630 sicut

1953 2674 2115 2744 igitur
2144 2673 2392 2729 Christus
2421 2681 2506 2726 est
2545 2670 2688 2726 Deus
2746 2677 2800 2724 et
2855 2668 3014 2722 homo
3041 2684 3052 2720 :
3107 2666 3180 2720 ita
3213 2666 3330 2720 dua:
3363 2665 3416 2720 in
3445 2665 3536 2720 illo

1951 2767 2206 2820 videntur
2242 2780 2360 2820 esse
2399 2777 2665 2834 personae.
2719 2759 2849 2826 Quae
2894 2757 3241 2814 ratiocinatio
3295 2773 3390 2828 per
3439 2757 3539 2812 hoc

1952 2856 2168 2910 videtur
2191 2855 2420 2925 probare
2449 2853 2584 2908 duas
2612 2866 2733 2908 esse
2757 2864 3016 2924 personas
3043 2849 3095 2904 in
3119 2847 3336 2902 Christo
3357 2887 3374 2914 ,
3413 2847 3540 2916 quia

1953 2953 2007 2999 et
2037 2946 2176 3002 Deus
2203 2953 2285 3000 est
2311 2958 2562 3014 persona,
2590 2951 2644 2997 et
2669 2941 2832 2998 homo
2855 2946 3168 3008 assumptus
3182 2947 3265 3000 est
3283 2952 3536 3008 persona.

1957 3035 2062 3093 Sed
2095 3053 2200 3092 non
2229 3037 2304 3092 ita
2332 3046 2434 3092 est.
2487 3033 2640 3092 Sicut
2683 3035 2832 3089 enim
2863 3033 2916 3088 in
2964 3032 3074 3088 Deo
3102 3047 3210 3088 una
3238 3041 3428 3086 natura
3457 3041 3540 3087 est

1955 3129 2139 3198 plures
2163 3142 2442 3196 personae,
2474 3135 2527 3180 et
2555 3125 2736 3196 plures
2765 3138 3010 3194 personae
3031 3131 3158 3178 sunt
3183 3136 3289 3178 una
3313 3130 3536 3186 natura;

1953 3219 2025 3272 ita
2057 3218 2109 3271 in
2138 3215 2354 3270 Christo
2380 3231 2484 3268 una
2513 3227 2742 3284 persona
2767 3221 2851 3268 est
2879 3211 3058 3280 plures
3084 3220 3320 3274 naturae,
3353 3219 3408 3264 et
3427 3207 3542 3278 plu-

1953 3325 2042 3364 res
2072 3317 2279 3362 natura:
2309 3315 2434 3362 sunt
2461 3323 2562 3359 una
2605 3319 2856 3374 persona.
2906 3301 3370 3370 Quemadmodum
3393 3301 3538 3354 enim

1953 3400 2114 3454 Pater
2133 3407 2219 3454 est
2239 3399 2380 3453 Deus
2405 3437 2420 3464 ,
2447 3406 2502 3452 et
2527 3395 2696 3450 Filius
2727 3402 2808 3452 est
2843 3393 3012 3458 Dens,
3041 3402 3095 3448 et
3123 3391 3358 3462 Spiritus
3407 3405 3536 3445 san-

1953 3497 2073 3544 ctus
2096 3497 2178 3544 est
2217 3489 2388 3551 Deus;
2418 3494 2472 3540 et
2503 3494 2684 3540 tamen
2713 3500 2818 3538 non
2851 3493 2959 3537 tres
2981 3481 3090 3550 dii,
3143 3480 3236 3536 scd
3275 3496 3414 3534 unus
3459 3488 3542 3532 est

1956 3581 2130 3645 Deus;
2169 3579 2244 3634 ita
2270 3577 2322 3632 in
2345 3575 2563 3632 Christo
2595 3575 2738 3630 Deus
2765 3581 2850 3628 est
2878 3587 3140 3644 persona,
3173 3579 3228 3626 et
3270 3571 3432 3625 homo
3460 3580 3543 3626 est

1953 3685 2182 3740 persona
2202 3709 2217 3734 ,
2250 3683 2349 3723 nec
2379 3675 2556 3722 tamen
2599 3665 2718 3722 duae
2744 3675 2870 3720 sunt
2903 3661 3279 3734 personae,sed
3315 3662 3407 3694 ¹³⁸⁸
3437 3677 3542 3716 una

1951 3774 2202 3828 persona.
2235 3756 2348 3811 Non
2376 3757 2520 3811 enim
2546 3764 2630 3812 est
2661 3755 2800 3810 alius
2853 3755 3026 3818 Deus,
3083 3753 3220 3808 alius
3274 3753 3438 3808 homo
3482 3753 3538 3806 in

1953 3851 2204 3916 Christo;
2232 3850 2480 3920 quamvis
2513 3849 2657 3904 aliud
2705 3849 2776 3902 sit
2804 3847 2976 3910 Deus,
3012 3847 3153 3902 aliud
3203 3848 3400 3908 homo;
3445 3845 3542 3899 sed

1955 3945 2096 3999 idem
2135 3945 2244 4012 ipse
2269 3949 2354 3996 est
2384 3941 2524 3996 Deus
2545 3982 2562 4006 ,
2588 3940 2678 4010 Qui
2711 3948 2764 3992 et
2797 3939 2959 3994 homo
2988 3937 3099 3990 ηδ’.
3129 3935 3364 3996 Verbum
3393 3936 3540 3990 enim

1956 4050 2082 4088 caro
2111 4033 2309 4087 factum
2347 4029 2638 4098 assumpsit
2674 4036 2924 4082 naturam
2967 4027 3160 4094 aliam,
3213 4040 3316 4080 non
3371 4025 3538 4078 aliam

1955 4137 2264 4191 personam.
2297 4118 2430 4172 Nam
2451 4159 2464 4180 .
2491 4132 2612 4173 cum
2646 4115 2920 4186 profertur
2941 4157 2956 4180 ,
3007 4115 3168 4170 homo
3197 4122 3388 4168 natura
3421 4123 3540 4168 tan-

1957 4224 2068 4268 tum
2089 4251 2105 4274 ,
2133 4225 2254 4279 quae
2280 4210 2584 4264 conununis
2611 4218 2692 4262 est
2716 4207 2969 4263 omnibus
2991 4205 3300 4262 hominibus
3319 4245 3332 4268 ,
3374 4206 3540 4276 signi-

1960 4307 2171 4360 flcatur.
2201 4303 2333 4358 Cum
2358 4317 2488 4356 vero
2510 4300 2938 4358 demonstrativo
2963 4299 3196 4352 dicimus
3229 4298 3390 4352 istum
3409 4337 3423 4362 ,
3455 4299 3536 4351 vel

1959 4399 2109 4452 illum
2147 4395 2452 4459 hominem,
2474 4393 2562 4450 vel
2593 4392 2812 4463 proprio
2833 4391 3052 4446 nomine
3083 4389 3264 4444 Jesum
3295 4431 3308 4452 ,
3357 4406 3538 4458 perso-

1961 4506 2085 4544 nam
2146 4489 2492 4558 designamus
2547 4500 2670 4554 quae
2715 4499 2838 4539 cum
2900 4493 3090 4536 natura
3167 4483 3539 4536 collectionem

1963 4581 2127 4634 habet
2171 4578 2594 4649 proprietatum,
2655 4573 2852 4644 quibus
2905 4575 3068 4628 homo
3099 4559 3424 4627 communis
3473 4574 3544 4626 sit

1961 4670 2202 4740 singulos
2235 4669 2324 4700 ¹³⁹⁰
2347 4707 2362 4732 ,
2387 4677 2442 4720 et
2463 4665 2532 4720 ab
2557 4665 2678 4720 aliis
2715 4665 2944 4734 singulis
2988 4665 3356 4734 distinguitur.
3381 4662 3540 4726 Nam,

1963 4778 2086 4818 eum
2111 4763 2182 4816 ita
2205 4761 2550 4830 designatur,
2577 4773 2682 4813 non
2726 4757 2950 4828 quilibet
2977 4759 3139 4813 homo
3189 4757 3540 4828 intelligitur;

1578 4910 1810 4968 VARUE
1849 4913 2140 4970 LECTlON
2149 4913 2250 4968 ES.

341 5020 432 5051 ³³⁷⁵
455 5019 736 5074 Ειιοεηυιιι
765 5021 872 5074 ﬁlio
897 5038 993 5075 ms.
1028 5019 1214 5075 Cister.
1239 5023 1507 5078 excellent
1538 5023 1645 5078 filio
1723 5027 1814 5058 ¹³⁷⁶
1847 5025 1994 5081 Satis
2025 5025 2437 5080 convenientius
2477 5043 2600 5078 mss.
2638 5023 3048 5078 convenientius
3079 5023 3213 5076 satis
3289 5025 3378 5054 ’³⁷⁷
3411 5021 3566 5087 Aliis;

262 5089 572 5162 supplicare
611 5107 710 5143 ms.
759 5091 946 5144 Cister.
985 5093 1072 5145 alii
1130 5094 1432 5162 supplicare
1533 5096 1646 5128 ¹³⁷⁸⁹

263 5179 362 5214 ms.
396 5161 582 5212 Cister.
625 5175 721 5226 pro
771 5163 986 5216 homine
1063 5163 1156 5196 “3°
1187 5161 1294 5216 Nisi
1347 5163 1633 5218 falsitatem
1680 5161 1814 5221 iuss.
1846 5175 1892 5219 et
1927 5165 2074 5220 Edit.
2103 5165 2261 5222 Galli.
2299 5166 2396 5218 nisi

1647 5097 1755 5163 ‘Qui
1803 5097 2077 5150 hominem
2137 5111 2239 5149 ms.
2291 5093 2420 5148 Vict.
2449 5095 2500 5147 5.
2539 5097 2582 5147 si
2621 5095 2892 5148 hominem
2986 5093 3076 5124 ’⁸⁷⁸
3103 5093 3206 5146 Pro
3235 5093 3566 5148 hominibus

2465 5179 2524 5218 er
2550 5163 2840 5219 falsitatem
2919 5163 3005 5195 ¹³⁸¹
3035 5165 3233 5232 lnjnstc
3261 5163 3544 5216 voluerunt
3569 5177 3580 5223 ς

261 5249 408 5306 mss._
433 5227 834 5306 et_§di_t_.(_ioth.
869 5233 1068 5306 injuste
1093 5243 1385 5306 potuerunt
1454 5236 1554 5306 f3”
1583 5236 1646 5290 Ut
1672 5229 1875 5306 aliquid
1906 5237 2049 5306 quod
2081 5255 2208 5290 mss.
2247 5227 2572 5306 σειηεζέονρ.
2608 5234 2668 5288 S.
2703 5235 2863 5286 Mich.
2915 5233 3045 5286 Vict.
3074 5227 3203 5306 5.1a
3235 5233 3300 5306 ad
3329 5233 3540 5306 aliquid

263 5300 410 5371 quod
486 5299 578 5330 ⁸³³⁸
611 5301 724 5353 Erit
765 5303 878 5374 ipsa
912 5299 1032 5374 psola
1078 5299 1203 5356 mss.
1265 5301 1396 5357 Vict.
1437 5299 1790 5360 Coerjister'.
1827 5299 1960 5360 Tha.
1995 5309 2162 5360 omitt.
2200 5309 2315 5374 ipsa

2391 5305 2484 5336 ¹³⁸⁸
2513 5304 2940 5372 Prtesumpserat
2981 5320 3105 5356 mss.
3129 5301 3284 5356 Corb.
3329 5301 3457 5356 Vict.
3486 5305 3536 5356 3.

261 5380 688 5446 praesumpserant
722 5441 747 5446 _
767 5373 859 5406 ’³⁸⁵
889 5373 1192 5446 Opponitur
1213 5375 1276 5426 ad
1318 5375 1632 5446 salvandum
1675 5395 1798 5430 mss.
1830 5378 2120 5446 apponitur
2148 5371 2996 5446 au'sanandumUE‘djtioGothica
3025 5374 3313 5446 apponitur
3335 5373 3538 5446 adsul-

265 5443 538 5518 vaudum“
582 5441 992 5518 1³’⁵⁸ηριψι11οᾶὀ
1047 5445 1197 5518 dicis
1241 5460 1362 5498 mss.
1398 5457 1442 5518 et
1481 5445 1622 5518 ls'diﬁt.
1673 5447 1832 5518 (10th.
1865 5441 2134 5518 quomodo
2177 5447 2404 5518 difitnus

673 5511 762 5544 ¹³⁸⁸
781 5512 906 5566 Dure
931 5523 1076 5580 sunt,
1105 5515 1198 5568 sed
1231 5531 1354 5567 mss.
1397 5514 1524 5568 Vict.
1551 5517 1704 5569 (Iorb.
1731 5511 1918 5570 Cister.
1954 5529 1999 5569 et
2029 5517 2175 5569 Edit.
2209 5515 2363 5570 Goth.
2390 5515 2506 5569 dure
2533 5525 2658 5567 sunt
2688 5528 2954 5582 perspnm,
2993 5513 3084 5582 sed
3165 5511 3256 5545 ³³⁸³
3299 5515 3456 5578 Deus,
3489 5525 3542 5570 et

259 5513 446 5576 Quare
467 5509 572 5564 alia

2505 5444 2597 5476 ¹³⁵⁷
2639 5443 2774 5510 Quia
2814 5444 2915 5495 alia
2953 5441 3075 5494 "iss.
3126 5453 3172 5496 et
3211 5441 3352 5497 fidit.
3383 5443 3536 5498 Goth.

261 5582 360 5661 qui
389 5582 552 5665 bpmn
575 5599 699 5637 mss.
733 5593 778 5637 et
815 5582 952 5638 Edit.
979 5579 1134 5638 Goth.
1167 5585 1329 5650 Deus,
1355 5587 1442 5655 qui
1475 5597 1526 5640 et
1561 5588 1720 5641 homo
1804 5587 1892 5618 ‘3”
1933 5587 2246 5642 COIIIIIllllllS
2281 5587 2338 5640 fit
2374 5586 2598 5658 singulis
2637 5579 2758 5636 mss.
2793 5579 2948 5634 Corb.
3001 5581 3132 5665 Vict.
3161 5585 3462 5640 communis
3481 5585 3538 5636 tit

263 5651 508 5721 singulas

3569 5193 3596 5210 ἱ.

3579 5213 3598 5226 If

3583 5229 3614 5272 ιτ.

3599 5275 3612 5286 ἢ
