3916 6054
334 231 442 290 9.70

876 231 933 286 S.
972 230 1274 294 ANSELMI
1315 228 1666 285 CANTUAB.
1711 226 2027 284 ARCHIEP.
2075 226 2227 282 OPP.
2270 224 2449 281 PARS
2488 225 2527 279 Ι.
2559 256 2628 265 -
2669 225 3089 287 DOGMATICA.

3492 227 3600 282 280

337 352 432 406 sed
455 350 546 421 qui
578 351 644 402 ab
673 349 862 419 angelo
882 346 1341 402 ammntlatusum
1375 354 1458 400 est
1482 386 1497 411 ,
1531 345 1621 414 qui
1676 345 1819 399 Deus
1861 350 1915 396 et
1947 344 1989 400 A
2020 350 2123 394 tur.
2156 339 2289 393 Nam
2319 356 2416 394 nec
2448 340 2612 393 Deum
2643 355 2741 395 nec
2777 356 3035 410 personas
3070 341 3187 410 ejus
3215 343 3421 413 cogitat
3448 385 3466 410 ,
3505 347 3600 401 sed

338 444 530 508 homo,
562 441 727 495 Filius
758 440 847 494 Dei
876 450 931 494 et
959 438 1126 493 Filius
1152 438 1391 510 Virginis
1420 448 1504 493 est
1533 453 1547 491 :
1579 448 1633 491 et
1655 436 1914 506 quidquid

335 535 403 587 de
436 533 523 586 illo
551 532 746 586 dicitur
772 531 894 597 “9',
920 539 1013 584 aut
1039 531 1335 585 secundum
1366 530 1566 597 Deum,
1606 539 1697 583 aut
1724 544 1917 583 secun-

335 618 463 677 dum
495 623 768 677 hominem
796 662 811 687 ,
840 638 1023 675 verum
1055 631 1138 676 est
1168 623 1367 677 dicere.
1403 621 1589 691 Neque
1613 621 1757 675 enim
1795 635 1920 689 per-

334 715 597 769 sonaliter
638 712 801 776 Filius
843 714 932 768 Dei
964 714 1239 785 designari
1271 722 1449 784 potest
1492 713 1575 768 vel
1599 712 1870 775 nominari
1898 753 1912 777 ,

334 808 451 862 sine
482 805 592 861 ﬁlio
623 806 898 870 hominis;
960 820 1059 861 nec
1112 806 1252 860 ﬁlius
1287 805 1522 861 hominis
1547 845 1562 871 ,
1620 805 1737 859 sine
1781 803 1916 859 Filio

334 897 429 951 Dei
456 897 617 966 ;quia
648 897 788 951 idem
820 897 934 966 ipse
970 906 1055 951 est
1081 897 1250 951 Filius
1272 896 1401 962 Dei,
1450 896 1540 966 qui
1572 895 1714 950 ﬁlius
1743 894 1914 949 homi-

332 986 451 1049 nis;
491 995 546 1041 et
575 988 763 1042 eadem
789 996 876 1041 est
899 987 1090 1048 Verbi,
1120 996 1175 1042 et
1206 987 1468 1056 assumpti
1521 985 1754 1041 hominis
1784 1000 1913 1055 pro-

330 1079 621 1149 prietatum
669 1078 938 1135 collectio.
993 1079 1339 1135 Diversarum
1389 1093 1517 1133 vero
1561 1092 1912 1147 personarum

335 1171 668 1241 impossibile
688 1182 770 1227 est
801 1172 1046 1225 eamdem
1075 1187 1195 1226 esse
1221 1173 1612 1240 proprietatum
1637 1170 1912 1225 collectio-

334 1282 455 1321 nem
485 1283 500 1332 ;
532 1276 625 1320 aut
661 1266 728 1320 de
752 1266 985 1321 invicem
1012 1281 1105 1319 eas
1136 1266 1442 1335 prcedicari.
1496 1263 1629 1317 Nam
1675 1271 1730 1316 et
1767 1262 1911 1317 Petri

331 1367 388 1410 ct
427 1356 577 1410 Pauli
634 1372 738 1409 non
784 1365 868 1410 est
907 1356 1093 1410 eadem
1126 1356 1517 1425 proprietatum
1554 1353 1833 1417 collectio;
1860 1362 1913 1406 et

331 1448 524 1501 Petrus
561 1462 667 1500 non
694 1447 890 1501 dicitur
917 1445 1117 1501 Paulus
1139 1486 1153 1509 ,
1187 1462 1287 1502 nec
1308 1445 1505 1499 Paulus
1540 1444 1746 1499 Petrus.
1777 1445 1909 1500 Cum

330 1555 459 1606 ergo
485 1538 717 1593 Verbum
743 1538 835 1570 ⁸³⁸³
863 1553 992 1592 caro
1015 1537 1212 1592 factum
1237 1546 1351 1600 est,
1414 1545 1663 1590 naturam
1695 1551 1909 1590 assum-

333 1630 457 1698 psit,
478 1645 597 1698 qua:
615 1630 727 1682 sola
752 1629 971 1683 nomine
1001 1628 1234 1683 hominis
1256 1627 1683 1698 signiﬁcatur,et
1702 1641 1915 1696 semper

332 1735 415 1778 est
441 1726 543 1779 alia
568 1741 596 1777 a
622 1725 801 1778 divina
832 1736 1056 1789 natura;
1088 1740 1192 1780 non
1221 1724 1382 1779 aliam
1408 1724 1698 1794 assumpsit
1725 1738 1913 1793 perso—

333 1834 456 1871 nam
476 1859 490 1883 ,
523 1818 780 1886 quoniam
809 1818 1055 1872 eamdem
1073 1818 1374 1873 habetcum
1402 1824 1679 1888 assumpto
1694 1816 1913 1871 homine

338 1910 726 1978 proprietatum
786 1908 1182 1965 collationem.
1240 1908 1357 1963 Non
1420 1909 1563 1964 enim
1632 1910 1771 1963 idem
1831 1918 1915 1965 est

332 2005 497 2058 homo
527 2012 583 2058 et
610 2011 924 2073 assumptus
965 2017 997 2057 a
1028 2001 1208 2057 Verbo
1253 2003 1450 2069 homo,
1502 2002 1555 2057 id
1596 2011 1681 2058 est
1725 2002 1909 2069 Jesus;

331 2096 583 2165 quoniam
616 2096 667 2149 in
697 2095 915 2151 nomine
946 2095 1183 2150 hominis
1207 2135 1222 2158 ,
1243 2095 1386 2151 sicut
1413 2095 1615 2150 dictum
1646 2102 1731 2150 est
1757 2137 1771 2159 ,
1800 2093 1913 2150 sola

333 2185 647 2256 intelligitur
674 2193 898 2249 natura;
926 2184 982 2239 in
1008 2194 1286 2256 assumpto
1307 2200 1438 2240 vero
1461 2185 1712 2248 homine,
1742 2185 1826 2241 vel
1858 2186 1912 2240 in

330 2277 548 2332 nomine
569 2274 692 2332 Iesu
719 2317 734 2341 ,
761 2276 1225 2348 intelligiturcum
1258 2285 1454 2333 natura
1481 2319 1495 2339 .
1558 2278 1616 2333 id
1656 2288 1740 2334 est
1789 2294 1910 2333 cum

333 2368 588 2433 homine,
640 2367 886 2424 collectio
932 2368 1371 2439 proprietatum,
1430 2383 1551 2439 qua
1597 2376 1679 2424 est
1724 2368 1912 2429 eadem

328 2461 503 2515 eidem
532 2472 811 2531 assumpto
840 2461 1046 2517 homini
1079 2470 1136 2517 et
1172 2460 1370 2517 Verbo.
1420 2461 1759 2533 Quapropter
1806 2477 1913 2517 non

329 2553 561 2609 dicimus
587 2553 823 2619 Verbum
844 2594 859 2619 ,
888 2563 945 2608 et
963 2554 1284 2623 simpliciter
1312 2555 1586 2609 hominem
1611 2594 1628 2620 ,
1664 2555 1912 2611 eamdem

328 2661 448 2700 esse
479 2662 794 2715 personam;
824 2660 892 2700 ne
921 2660 1026 2711 non
1062 2646 1236 2723 magis
1267 2646 1511 2703 dicamus
1563 2646 1710 2700 illum
1738 2644 1912 2699 homi-

330 2753 452 2793 nem
496 2739 739 2805 eamdem
795 2753 917 2793 esse
968 2754 1255 2808 personam
1313 2755 1435 2793 cum
1483 2738 1695 2805 Verbo,
1750 2753 1912 2808 quam

328 2830 625 2900 quemlibet
655 2831 960 2896 hominem;
989 2831 1083 2885 sed
1106 2828 1341 2885 Verbum
1360 2873 1376 2897 ,
1405 2839 1461 2885 et
1507 2830 1653 2884 illum
1704 2845 1914 2886 assum-

330 2932 481 2991 ptum
514 2922 827 2989 hominem,
858 2922 910 2976 id
936 2930 1019 2977 est
1042 2920 1261 2989 Jesum;
1304 2923 1443 2977 sicut
1486 2939 1589 2978 non
1640 2924 1912 2981 credimus

329 3014 575 3069 eumdem
610 3015 881 3069 hominem
906 3015 1149 3070 eamdem
1200 3015 1518 3085 simpliciter
1553 3030 1673 3072 esse
1724 3031 1911 3086 perso-
1940 3048 1981 3105 Ο

329 3122 453 3160 nam
481 3124 600 3162 cum
625 3108 735 3162 Deo
760 3150 774 3175 ,
805 3109 898 3163 sed
928 3123 1050 3163 cum
1076 3109 1165 3164 illa
1195 3124 1423 3180 persona
1450 3151 1466 3176 ,
1517 3127 1639 3181 qua:
1670 3111 1906 3166 Verbum

224 3247 234 3254 .
332 3200 421 3232 ¹³⁹³
444 3200 611 3255 Filius
641 3212 763 3265 est,
796 3217 861 3256 ne
885 3202 1129 3261 conﬁteri
1179 3203 1459 3258 videamur
1508 3202 1683 3272 ipsum
1733 3202 1911 3258 homi-

329 3306 480 3353 nem,
506 3307 789 3359 personam
817 3295 1063 3347 eamdem
1095 3309 1219 3349 esse
1243 3334 1256 3356 ,
1292 3310 1412 3363 qua:
1444 3294 1605 3349 Pater
1650 3302 1732 3349 est
1753 3334 1767 3358 ,
1819 3302 1912 3348 aut

330 3381 567 3450 Spiritus
593 3390 831 3445 sanctus.
869 3382 975 3437 Sed
1006 3384 1261 3454 quoniam
1287 3394 1343 3439 et
1370 3383 1607 3439 Verbum
1636 3394 1720 3439 est
1744 3384 1910 3450 Deus,

327 3480 377 3525 et
409 3471 496 3525 ille
525 3480 833 3553 assumptus
853 3473 1015 3527 homo
1047 3483 1131 3528 est
1160 3475 1355 3540 homo;
1387 3490 1575 3530 verum
1613 3484 1699 3535 est
1731 3475 1912 3530 dicere

328 3556 455 3627 quia
489 3555 630 3611 Deus
652 3564 706 3609 et
725 3556 888 3612 homo
909 3558 1098 3611 eadem
1129 3573 1361 3637 persona
1405 3570 1489 3615 est
1518 3576 1531 3614 :
1565 3561 1658 3615 sed
1712 3561 1764 3615 in
1809 3574 1909 3613 no-

329 3649 472 3702 mine
495 3648 621 3717 Dci,
652 3649 1081 3712 subaudiendum
1112 3659 1194 3706 est
1225 3651 1458 3706 Verbum
1479 3693 1492 3718 ,
1524 3660 1579 3707 et
1612 3653 1664 3707 in
1694 3653 1911 3708 nomine

329 3738 564 3793 hominis
586 3738 1064 3810 subintelligendus
1090 3749 1174 3795 est
1206 3741 1298 3774 ⁸⁸⁸⁵
1328 3741 1498 3806 Filius
1533 3742 1788 3813 Virginis.

814 3829 1043 3895 CAPUT
1080 3830 1167 3887 vn
1193 3832 1288 3904 [αι.
1315 3832 1427 3907 VL]

328 3922 483 3989 Quod
512 3921 700 3991 Pater,
732 3935 779 3978 et
812 3922 858 3977 F
860 3924 983 3980 ilius
1005 3965 1021 3991 ,
1070 3935 1118 3979 et
1156 3924 1386 3995 Spiritus
1412 3940 1624 3981 sanctus
1665 3944 1769 3981 non
1806 3930 1911 3993 sint

395 4005 501 4049 tres
532 4012 612 4117 rels
642 4006 919 4066 separatae,
952 3995 1184 4050 naturali
1214 3996 1383 4050 Adam
1410 4011 1454 4052 et
1498 3998 1627 4051 Abel
1659 4004 1913 4067 probatur

393 4082 575 4121 exemp
597 4082 648 4118 ο.

426 4084 648 4137 πονηρία.

396 4159 473 4213 De
499 4158 692 4227 spiritu
726 4156 898 4223 illius,
951 4155 1036 4211 cui
1086 4157 1386 4226 respondeo
1434 4159 1487 4212 in
1520 4158 1620 4214 hac
1649 4160 1907 4229 epistola,

325 4249 457 4305 nihil
479 4249 627 4318 potui
651 4248 837 4302 videre
858 4259 1057 4317 prteter
1081 4248 1208 4302 illud
1223 4249 1365 4319 quod
1396 4265 1558 4321 supra
1588 4254 1739 4320 posui
1764 4254 1859 4285 ¹³⁹⁸
1892 4272 1906 4320 ;

325 4341 418 4397 sed
456 4350 587 4411 puto
624 4341 704 4396 sic
744 4340 820 4395 rei
859 4341 1145 4396 veritatem
1186 4350 1374 4411 patere
1394 4358 1458 4398 ex
1476 4344 1560 4399 his
1613 4360 1734 4414 qua:
1763 4346 1905 4413 dixi,

2023 431 2130 486 tale
2156 431 2358 501 aliquid
2388 448 2401 483 :
2431 431 2617 500 quales
2655 440 2779 485 sunt
2829 432 3010 501 plures
3055 431 3305 485 humanae
3335 448 3600 506 personae.

2020 523 2086 577 Et
2111 524 2235 591 quia
2268 522 2415 578 videt
2446 538 2610 577 unum
2656 522 2928 578 hominem
2971 523 3152 593 plures
3182 539 3443 593 personas
3483 541 3605 583 esse
3640 519 3650 539 ’

2020 630 2123 669 non
2157 630 2349 682 posse,
2412 624 2576 684 negat
2634 614 2738 669 hoc
2784 615 2957 683 ipsum
3004 614 3072 669 de
3121 614 3248 668 Deo.
3298 613 3413 669 Non
3457 618 3601 678 enim

2019 706 2220 761 idcirco
2249 705 2505 759 dicuntur
2535 713 2643 759 tres
2687 719 2972 775 persona),
3017 704 3143 773 quia
3193 705 3302 759 sint
3355 716 3467 761 tres
3516 724 3541 761 r
3573 723 3605 763 ε

2016 807 2313 867 separatae,
2340 797 2475 851 sicut
2505 804 2614 851 tres
2646 796 2928 861 homines;
2981 796 3075 850 sed
3125 796 3251 865 quia
3292 796 3602 852 similitudi—

2016 872 2139 944 nem
2171 889 2369 943 habent
2392 888 2680 965 quamdam
2709 903 2831 946 cum
2859 888 3030 942 tribus
3051 888 3317 956 separatis
3333 891 3598 957 personis.

2016 980 2436 1036 Consideremds
2483 980 2587 1035 hoc
2627 980 2678 1033 in
2732 978 2892 1033 Patre
2944 989 2998 1033 et
3051 979 3217 1043 Filio,
3269 989 3322 1033 et
3372 980 3601 1049 idipsum

2018 1073 2348 1142 intelligatur
2379 1071 2445 1126 de
2474 1070 2677 1141 Spiritu
2702 1080 2909 1125 sancto.
2940 1069 3213 1125 Ponamus
3236 1071 3400 1141 igitur
3423 1072 3600 1126 homi-

2016 1181 2137 1218 nem
2170 1164 2259 1233 qui
2287 1172 2493 1218 tantum
2526 1164 2595 1218 sit
2623 1171 2805 1233 pater,
2847 1171 2902 1215 et
2944 1176 3048 1214 non
3094 1160 3275 1226 ﬁlius;
3332 1170 3387 1215 et
3434 1160 3598 1216 ﬁlium

2015 1255 2132 1325 ejus
2156 1297 2171 1321 ,
2203 1256 2294 1327 qui
2328 1264 2535 1310 tantum
2574 1254 2717 1309 ﬁlius
2747 1254 2839 1286 ’³³⁸
2872 1252 2973 1322 sit,
3004 1260 3059 1307 et
3088 1268 3193 1325 non
3221 1262 3403 1325 pater;
3439 1254 3489 1307 id
3516 1265 3604 1309 est

2016 1349 2185 1403 Adam
2207 1356 2261 1403 et
2283 1347 2438 1402 Abel.
2472 1347 2710 1402 Diclmus
2737 1346 2920 1418 itaque
2951 1346 3015 1401 de
3035 1346 3206 1401 Adam
3239 1354 3419 1416 patre,
3458 1357 3512 1402 et
3538 1349 3606 1405 de

2014 1438 2148 1494 Abel
2174 1438 2285 1492 ﬁlio
2303 1437 2397 1469 “°°
2423 1477 2438 1502 ,
2477 1437 2603 1506 quia
2629 1446 2783 1507 pater
2806 1452 2911 1490 non
2941 1444 3024 1490 est
3057 1436 3218 1500 ﬁlius,
3250 1445 3306 1489 et
3329 1436 3471 1492 ﬁlius
3493 1452 3600 1491 non

2015 1538 2101 1586 est
2122 1540 2313 1599 pater;
2347 1528 2602 1598 quoniam
2635 1526 2742 1582 duo
2778 1526 3025 1581 homines
3071 1536 3125 1581 et
3170 1534 3437 1595 separatae
3476 1542 3603 1593 pcr-

2017 1637 2164 1677 sonte
2185 1629 2312 1676 sunt
2341 1620 2511 1673 Adam
2544 1627 2598 1673 et
2638 1617 2806 1683 Abel,
2856 1631 2957 1671 nec
3007 1624 3089 1671 est
3146 1613 3301 1683 cujus
3345 1616 3490 1671 ﬁlius
3533 1618 3607 1671 sit

1944 1704 1986 1763 Β
2013 1714 2187 1768 Adam
2219 1720 2311 1765 aut
2340 1711 2494 1781 cujus
2520 1719 2677 1779 pater
2704 1709 2775 1764 sit
2803 1707 2937 1763 Abel
2970 1706 3080 1760 ¹¹⁵⁰¹.
3116 1706 3207 1761 Sic
3239 1707 3425 1775 itaque
3467 1706 3605 1761 fate-

2014 1821 2138 1859 mur
2166 1806 2219 1860 iu
2252 1804 2361 1859 Deo
2388 1802 2517 1873 quia
2544 1802 2709 1857 Pater
2758 1816 2864 1855 non
2896 1808 2980 1855 est
3026 1798 3197 1853 Filius
3226 1838 3241 1861 ,
3295 1809 3389 1853 aut
3437 1798 3607 1853 Filius

2015 1898 2176 1952 Pater
2210 1896 2479 1968 (quamvis
2509 1893 2617 1951 duo
2645 1894 2717 1950 dii
2760 1909 2863 1949 non
2914 1894 3085 1963 sint);
3132 1893 3389 1962 quoniam
3436 1891 3600 1947 Pater

2016 2003 2122 2043 non
2151 1989 2315 2043 habet
2348 1995 2561 2057 patrem
2583 2026 2598 2053 ,
2624 1994 2718 2041 aut
2742 1985 2915 2040 Filius
2946 1985 3138 2039 ﬁlium.
3183 1984 3445 2040 Similiter
3481 1984 3607 2056 Spi-

2014 2079 2150 2133 ritus
2172 2087 2395 2133 sanctus
2427 2092 2537 2131 non
2567 2085 2653 2132 est
2675 2076 2840 2131 Pater
2864 2083 2958 2130 aut
2979 2075 3190 2141 Filius;
3228 2075 3354 2145 quia
3387 2092 3491 2130 non
3525 2084 3608 2130 est

2016 2170 2167 2240 cujus
2195 2170 2478 2239 sitpater,
2514 2177 2607 2224 aut
2636 2168 2791 2236 cujus
2838 2168 2909 2222 sit
2956 2166 3120 2222 ﬁlius.
3164 2167 3425 2234 Quoniam
3477 2182 3608 2238 ergo

2014 2262 2180 2317 Pater
2207 2272 2261 2316 et
2282 2260 2458 2317 Filius
2486 2270 2540 2317 et
2573 2259 2809 2331 Spiritus
2836 2267 3061 2314 sanctus
3083 2268 3192 2314 tres
3220 2268 3376 2325 sunt,
3428 2268 3484 2314 et
3513 2259 3605 2313 alii

2015 2354 2083 2409 ab
2107 2353 2369 2417 invicem,
2398 2368 2497 2407 nec
2528 2353 2592 2407 de
2616 2351 2708 2384 ¹⁶⁹²
2761 2351 2989 2407 invicem
3038 2350 3141 2406 dici
3172 2360 3379 2422 queunt
3445 2351 3610 2422 (sicut

2015 2445 2083 2499 de
2109 2453 2268 2513 patre
2300 2452 2356 2499 et
2381 2443 2489 2497 lilio
2511 2443 2565 2496 in
2594 2442 2823 2497 diversis
2851 2441 3102 2512 personis
3128 2441 3404 2495 hominum
3430 2449 3606 2495 osten-

2014 2534 2246 2606 dimus);
2269 2532 2390 2588 ideo
2423 2534 2677 2589 dicuntur
2701 2542 2810 2588 tres
2858 2546 3137 2609 personae;
3185 2547 3291 2587 non
3327 2532 3451 2602 quia
3486 2533 3603 2587 sint

2015 2634 2129 2681 tres
2154 2639 2244 2680 res
2270 2632 2552 2694 separatae.
2584 2624 2655 2677 At
2683 2622 2728 2678 si
2753 2633 2911 2692 negat
2942 2622 3035 2655 ’⁵⁸³
3062 2623 3164 2677 tria
3192 2622 3297 2677 dici
3333 2638 3493 2692 posse
3533 2624 3606 2678 de

2017 2730 2156 2783 uno,
2181 2724 2236 2770 et
2259 2730 2425 2769 unum
2456 2716 2522 2770 de
2554 2714 2728 2773 tribus
2753 2732 2766 2767 :
2794 2723 2853 2776 ut
2886 2714 2988 2768 tria
3019 2713 3113 2745 "“
3136 2728 3240 2768 non
3260 2713 3509 2768 dicantur
3538 2714 3607 2768 de

2014 2805 2278 2870 invicem;
2321 2804 2463 2860 sicut
2512 2803 2566 2859 in
2619 2804 2705 2862 his
2735 2803 2910 2859 tribus
2959 2803 3205 2881 personis
3249 2811 3304 2856 et
3345 2818 3453 2858 uno
3492 2803 3605 2858 Deo

2015 2895 2272 2960 facimus,
2305 2894 2563 2970 quoniam
2589 2894 2768 2949 hocin
2801 2892 2921 2948 aliis
2942 2895 3110 2948 rebus
3143 2909 3246 2949 non
3282 2892 3423 2946 videt
3446 2933 3460 2955 ,
3502 2907 3603 2947 nec

2018 2987 2070 3042 in
2104 2987 2214 3042 Deo
2237 2987 2539 3058 intelligere
2573 2985 2715 3040 valet
2746 2985 2873 3049 Ml’;
2926 2984 3148 3039 sufferat
3190 2983 3464 3054 paulisper
3508 2982 3607 3036 ali-

2014 3078 2145 3149 quid
2185 3078 2280 3111 “°°
2305 3118 2320 3145 ,
2354 3077 2497 3148 quod
2523 3075 2834 3131 intellectus
2863 3073 2980 3143 eius
2993 3083 3281 3143 penetrare
3305 3087 3408 3127 non
3427 3071 3606 3143 possit

2013 3186 2133 3226 esse
2190 3171 2243 3224 in
2293 3170 2447 3236 Deo,
2504 3184 2605 3224 nec
2653 3175 2933 3237 comparet
2956 3176 3238 3229 naturam,
3284 3179 3402 3234 quae
3446 3178 3609 3233 super

2011 3262 2195 3317 omnia
2216 3270 2297 3316 est
2326 3260 2492 3315 libera
2515 3262 2584 3313 ab
2614 3260 2763 3316 omni
2792 3259 2908 3330 lege
2960 3256 3050 3289 "°"
3094 3256 3193 3311 loci
3242 3265 3299 3310 et
3346 3253 3607 3325 temporis

2013 3362 2071 3408 et
2091 3352 2504 3423 compositionis
2535 3352 2802 3422 partium,
2834 3350 2996 3405 rebus
3024 3363 3143 3419 quae
3166 3348 3282 3401 loco
3322 3354 3418 3399 aut
3470 3355 3610 3399 tem-

2012 3461 2143 3517 pore
2185 3446 2541 3511 clauduntur,
2591 3452 2683 3498 aut
2736 3442 2981 3513 partibus
3029 3435 3606 3509 componuntur;-sed

2013 3535 2416 3606 credataliquid
2445 3536 2498 3589 in
2524 3534 2612 3589 illa
2637 3549 2780 3601 esse,
2800 3534 2941 3603 quod
2967 3533 3019 3586 in
3043 3532 3162 3586 istis
3190 3544 3309 3584 esse
3323 3528 3527 3597 nequit,
3551 3536 3607 3581 et

2015 3630 2328 3700 acquiescat
2358 3628 2670 3685 auctoritati
2694 3627 3021 3683 Christianae
3054 3625 3148 3657 “°°
3173 3665 3188 3691 ,
3236 3639 3333 3681 nec
3367 3624 3606 3691 disputet

2013 3728 2200 3776 contra
2224 3718 2391 3774 illam.

2412 3808 2524 3882 [.3
2551 3807 2779 3866 CAPUT
2808 3809 2919 3865 vnt
2944 3808 3039 3882 [αι.
3074 3807 3206 3880 vn].

2015 3921 2282 3997 Origiuem
2308 3936 2647 3997 personarum
2775 3920 2965 3997 diuinis
3002 3919 3110 3997 alia
3153 3918 3312 3989 fontis
3337 3960 3352 3983 ,
3401 3917 3495 3971 rivi
3540 3927 3595 3971 et

2406 3990 2553 4043 lacus
2572 3990 2917 4044 similitudine
2945 3989 3191 4058 explicat.

2087 4080 2380 4139 Videamus
2404 4090 2585 4137 tamen
2612 4096 2678 4135 an
2711 4081 2763 4136 in
2794 4083 2956 4137 rebus
2981 4082 3217 4149 creatis,
3250 4096 3371 4150 qua:
3394 4089 3448 4134 et
3473 4080 3603 4142 loci.

2013 4180 2066 4225 et
2095 4172 2350 4243 temporis
2370 4213 2383 4235 ,
2407 4180 2464 4227 et
2484 4173 2898 4242 compositionis
2918 4171 3153 4241 partium
3169 4171 3273 4243 legi
3291 4170 3594 4239 subiacent,

2014 4264 2240 4318 inveniri
2266 4264 2438 4335 possit
2477 4264 2824 4335 aliquatenus
2854 4265 2958 4320 hoc
2986 4265 3127 4334 quod
3168 4272 3332 4335 negat
3375 4263 3428 4317 in
3471 4262 3602 4317 Deo.

2014 4354 2284 4411 Ponamus
2312 4354 2540 4421 fontem,
2571 4357 2638 4413 de
2664 4371 2771 4427 quo
2795 4365 3052 4411 nascatur
3074 4365 3129 4410 et
3152 4354 3281 4409 ﬂuat
3308 4354 3475 4415 rivus,
3510 4352 3602 4422 qui

326 4444 385 4489 ut
414 4433 543 4488 nulli
577 4432 741 4487 lateat
769 4432 1085 4504 intelligenti
1113 4434 1203 4465 ¹³⁹⁷
1226 4434 1358 4489 nihil
1385 4436 1527 4503 quod
1550 4445 1736 4490 contra
1764 4437 1907 4492 illam
1940 4405 1988 4465 ί)
2013 4456 2198 4515 postea
2220 4448 2504 4518 colligatur
2527 4405 2589 4502 ⁷ίη
2615 4405 2789 4503 Ιδὲυιη
2823 4465 2836 4502 ε
2870 4447 3048 4517 sitque
3072 4460 3266 4501 nomen
3293 4444 3408 4513 ejus
3433 4405 3603 4497 Nilus.

324 4525 525 4581 dicitur
548 4524 639 4556 ⁸⁸⁸⁸
667 4564 681 4589 ,
715 4525 822 4579 vim
848 4524 1094 4578 veritatis
1130 4532 1335 4582 tenere.
1385 4527 1492 4583 Sed
1529 4528 1574 4582 si
1624 4539 1912 4585 revocatus

326 4631 355 4667 a
381 4615 723 4671 multitudine
751 4617 1006 4682 deorum,
1039 4618 1404 4687 pluralitatem
1436 4620 1668 4689 abneget
1712 4620 1766 4674 in
1802 4621 1911 4675 Deo

322 4720 685 4776 personarum
710 4724 723 4759 :
761 4708 865 4765 hoc
894 4709 1015 4764 ideo
1033 4709 1163 4764 facit
1188 4751 1202 4775 ,
1226 4710 1353 4779 quia
1378 4710 1554 4765 nescit
1575 4711 1714 4766 unde
1739 4711 1911 4781 loqui.

2014 4537 2107 4592 Sic
2143 4539 2323 4608 itaque
2348 4540 2585 4595 discrete
2610 4539 2838 4594 dicimus
2862 4537 3098 4603 fontem,
3140 4537 3348 4602 rivum,
3384 4536 3556 4590 lacum
3585 4550 3600 4599 ;

2014 4638 2073 4682 ut
2096 4628 2294 4684 fontem
2318 4645 2422 4684 non
2446 4630 2691 4685 dicamus
2712 4628 2912 4693 rivum,
2938 4628 3256 4695 autlacum;
3284 4639 3383 4680 nec
3405 4625 3605 4688 rivum,

2016 4716 2249 4787 fontem,
2278 4729 2371 4774 aut
2396 4720 2569 4775 laeum
2595 4736 2610 4785 ;
2644 4733 2745 4774 nec
2770 4718 2978 4786 lacum,
3010 4715 3251 4782 fontem,
3289 4725 3382 4769 aut
3404 4710 3600 4769 rivum.

1605 4891 1837 4947 VARIA‘.
1878 4891 2281 4950 LECTIONES.

407 5028 500 5062 'm
539 5027 746 5110 Angelo
770 5026 1242 5110 .Dllttt‘iult‘lfﬂmlfs.
1272 5035 1317 5077 et
1346 5023 1492 5080 Edit.
1524 5021 1675 5110 (ἐριΙι.
1704 5027 1926 5110 Augelq
1965 5027 2326 5110 anntt’nciatus
2391 5026 2485 5067 ¹³⁹²
2523 5026 2788 5110 Quicquid
2816 5027 3011 5110 de‘
3026 4999 3425 5110 Adicitur_mss.
3464 5024 3600 5110 Ilia.

322 5102 514 5157 Cister.
548 5095 715 5153 omitt.
751 5098 949 5151 dicitur
1024 5095 1115 5126 ¹³⁹³
1154 5095 1287 5153 Cum
1318 5110 1446 5165 ergo
1476 5096 1696 5149 verbum
1728 5114 1853 5153 mss.
1886 5096 2042 5156 Corb..
2082 5097 2211 5151 Vict.
2268 5113 2389 5152 cum
2435 5114 2562 5153 vero
2586 5095 2810 5154 verbum
2890 5098 2983 5132 "“

1078 5181 1197 5231 quae
1239 5165 1471 5219 Verbum
1500 5177 1556 5220 et
1631 5166 1724 5197 ⁸³⁸⁸
1759 5166 2175 5223 Subaudiendus
2206 5178 2288 5223 est
2325 5185 2447 5221 mss.
2483 5179 2532 5222 et
2565 5167 2707 5227 Edit.
2763 5168 2921 5223 Goth.
2979 5167 3464 5231 subintelligendus
3520 5174 3607 5221 est

321 5190 448 5226 mss.
477 5171 633 5226 Corb.
686 5168 815 5220 Vict.
850 5169 1037 5221 Cister.

3020 5097 3150 5165 Quae
3174 5098 3397 5151 verbum
3425 5105 3525 5161 est,
3550 5106 3606 5149 et

324 5244 418 5277 ¹³⁹⁶
459 5243 631 5311 Supra
664 5239 772 5311 dixi
803 5255 927 5311 mss.
960 5235 1191 5311 et__l_£di_t_.
1221 5232 1381 5311 Colle.
1416 5250 1574 5305 supra
1595 5237 1801 5311 posui"
1836 5239 1931 5311 ‘f”
1969 5238 2109 5311 Nulli
2142 5237 2308 5292 lateat
2340 5238 2663 5311 intelligenli
2692 5256 2816 5294 mss.
2849 5240 2983 5311 Tha.
3018 5239 3220 5293 nullum
3258 5232 3426 5311 lateat
3448 5236 3603 5291 intel-

326 5312 511 5379 ligenti

327 5380 464 5434 'l‘Im.
489 5393 534 5434 et
571 5381 713 5434 Edit.
750 5379 903 5433 Galla.

612 5312 702 5342 '3"
742 5308 893 5375 Quod
923 5308 990 5360 ah
1017 5306 1107 5360 illo
1130 5305 1473 5377 dicitnemss.
1503 5317 1550 5360 et
1585 5308 1731 5362 Edit.
1760 5305 1915 5361 Coth.
1941 5310 2084 5377 quod
2112 5317 2301 5363 contra
2336 5308 2481 5363 illam
2507 5305 2707 5364 dicitur
2782 5311 2871 5342 ³³⁸⁵

941 5378 1033 5447 qui
1068 5383 1277 5447 tantum
1313 5374 1454 5447 illius
1476 5378 1547 5430 sit
1625 5378 1716 5411 ¹λ⁰⁰
1759 5379 1823 5431 Ει
1852 5374 1985 5433 Abel
2017 5379 2152 5433 Filio
2182 5396 2308 5433 mss.
2338 5389 2393 5435 et
2416 5379 2483 5433 de
2508 5380 2639 5433 Ahel
2673 5380 2810 5435 Filio
2886 5374 2974 5413 ⁸⁸⁵³
3017 5379 3178 5433 Pater
3202 5376 3447 5447 estiAbel
3473 5393 3601 5430 mss.

2910 5309 3009 5376 Qui
3047 5318 3253 5364 tantum
3286 5308 3446 5367 Illius,
3473 5324 3601 5361 mss.

324 5450 480 5520 (ξονι).
530 5450 656 5503 l'ict.
703 5451 859 5503 Pater
886 5444 1116 5504 sit’Abel
1194 5444 1291 5520 ’δῇ
1328 5444 1390 5499 Et
1405 5462 1515 5520 nec
1543 5452 1609 5505 de
1631 5467 1753 5502 mss.
1791 5447 1928 5502 Vict.
1958 5449 2115 5503 Corb.
2144 5466 2246 5520 nec
2269 5452 2335 5505 de
2414 5450 2506 5481 “°’
2540 5454 2619 5504 Ac
2646 5450 2890 5520 sinegat
2912 5468 3035 5504 mss.
3067 5449 3257 5503 Cisler.
3296 5445 3517 5520 V_i‘ct._3.
3547 5457 3597 5520 et

327 5519 472 5577 I'Idit.
502 5520 656 5575 Cotti.
688 5524 755 5572 At
785 5520 828 5573 si
872 5526 1190 5589 ncgat‘mss.
1232 5514 1364 5589 Vict.
1399 5518 1495 5589 15;
1539 5521 1646 5583 Ant
1672 5521 1714 5573 si
1760 5530 1918 5589 negat

1993 5519 2086 5552 ¹⁸⁰⁸
2124 5519 2258 5574 Cum
2296 5521 2395 5574 tria
2432 5538 2556 5575 mss.
2588 5532 2633 5573 et
2674 5516 2822 5573 Εάὶιῖ
2853 5518 3008 5574 Gotlt.
3040 5528 3099 5573 ut
3131 5520 3232 5572 tria
3312 5516 3403 5549 “°‘
3444 5517 3597 5572 Ιιιιεῑ⁸

327 5590 494 5659 ligcre
519 5589 694 5642 valeat
725 5606 845 5660 "iss.
882 5586 1182 5660 intelligere
1214 5586 1357 5660 valet
1436 5587 1526 5660 "ﬁ"
1566 5588 1800 5660 Sul'l‘erat
1835 5586 2108 5659 paulisper
2129 5606 2224 5645 uer
2251 5592 2453 5660 aliquid
2486 5607 2610 5644 mss.
2643 5590 2865 5645 sullerat
2891 5590 3091 5659 aliquid
3169 5590 3260 5621 νδοτ
3303 5588 3499 5646 Libera
3530 5586 3602 5642 ab

324 5656 471 5727 omni
503 5660 617 5733 lege
647 5675 745 5712 ms.
775 5656 964 5712 Cister.
998 5656 1220 5713 liberam
1249 5657 1315 5712 ab
1341 5659 1484 5713 omni
1518 5660 1635 5728 lege
1713 5659 1803 5689 ¹¹¹⁰⁸
1836 5656 2179 5716 Auctoritatis
2219 5656 2418 5715 Christi
2459 5677 2580 5714 mss.
2628 5661 2937 5717 auctoritati
2970 5656 3290 5716 Christiana:
