3926 6054
329 296 430 349 2M

1614 295 1698 348 DE
1725 295 1881 350 FIDE
1918 295 2313 354 TRINITATIS

3500 303 3608 356 se

335 404 478 459 Fons
502 413 679 459 tamen
705 403 856 458 Nilus
879 415 1103 461 vocatur
1128 447 1143 473 ,
1178 416 1233 462 et
1279 407 1427 462 rivus
1467 406 1650 474 Nilus,
1695 417 1751 463 et
1774 409 1924 465 lacus
1953 414 1999 470 A
2026 412 2091 468 de
2115 413 2293 476 fonte,
2325 423 2380 468 et
2403 413 2506 468 alio
2535 413 2695 467 modo
2726 413 2814 446 ⁸⁸³⁸
2848 413 3000 467 lacus
3025 414 3088 468 de
3119 414 3266 469 fonte
3285 423 3334 468 et
3367 416 3480 470 rivo
3501 460 3513 479 ,
3549 429 3608 472 ut

333 496 598 559 Nilus;et
641 495 748 550 duo
773 496 933 552 simul
963 497 1083 553 fons
1149 506 1204 553 et
1234 499 1410 566 rivus,
1459 497 1639 565 Nilus;
1700 499 1819 554 fons
1869 509 1924 555 et

328 586 517 648 lacus.
571 585 927 652 Nilus;rivus
966 596 1023 642 et
1046 588 1220 655 lacus,
1272 588 1465 655 Nilus;
1517 597 1572 644 et
1622 589 1782 644 simul
1816 599 1924 645 tres

327 678 480 743 fons,
505 686 560 732 et
595 679 744 734 rivus
771 717 788 745 ,
819 687 874 734 et
904 679 1086 746 lacus,
1119 679 1308 745 Nilus;
1341 696 1464 735 cum
1497 689 1677 735 tamen
1721 695 1824 735 non
1853 681 1924 736 sit

333 766 497 830 alius,
527 777 580 822 et
609 769 748 823 alius
779 769 968 836 Nilus;
1001 770 1096 825 sed
1127 785 1265 825 unus
1305 769 1590 840 idemque,
1635 770 1750 825 sive
1799 785 1920 825 cum

317 844 574 930 singulus
599 863 828 930 quisque
851 903 866 928 ,
899 861 1013 916 sive
1037 877 1159 916 cum
1183 861 1293 914 bini
1321 903 1335 928 ,
1385 861 1498 915 sive
1541 876 1664 916 cum
1693 869 1802 915 tres
1841 861 1923 915 di-

325 961 530 1006 cuntur
555 951 726 1006 Nilus.
753 951 885 1006 Tres
918 953 1080 1022 igitur
1107 961 1264 1018 sunt,
1314 951 1469 1017 fons,
1514 952 1662 1006 rivus
1683 991 1698 1016 ,
1733 951 1917 1018 lacus;

322 1049 386 1098 et
410 1057 554 1097 unus
577 1040 760 1109 Nilus,
797 1057 938 1098 unus
960 1041 1184 1110 fluvius,
1211 1057 1318 1097 una
1340 1053 1532 1097 natura
1553 1085 1567 1109 ,
1604 1058 1708 1096 una
1736 1057 1874 1113 aqua
1903 1058 1918 1108 ;

324 1141 385 1186 et
415 1132 520 1186 dici
552 1148 657 1186 non
698 1141 876 1202 potest
919 1133 1046 1203 quid
1081 1142 1209 1188 tres.
1268 1132 1402 1188 Nam
1456 1149 1628 1203 neque
1657 1140 1800 1199 tres,
1827 1143 1924 1188 aut

327 1221 586 1285 Nili,aut
613 1222 788 1288 fluvii,
817 1232 908 1278 aut
930 1234 1170 1287 naturae,
1208 1232 1302 1278 aut
1345 1239 1500 1294 aquae
1546 1235 1705 1291 sunt;
1750 1240 1922 1294 neque

328 1325 479 1382 tres,
517 1326 610 1370 aut
643 1314 853 1382 fontes,
910 1323 1005 1370 aut
1046 1316 1180 1383 rivi,
1220 1324 1313 1370 aut
1351 1315 1520 1371 lacus.
1559 1315 1734 1372 Unum
1762 1317 1924 1386 igitur

324 1406 532 1459 dicitur
561 1405 648 1459 hic
669 1405 736 1460 de
760 1406 932 1460 tribus
965 1405 1084 1470 ’m,
1110 1415 1167 1460 et
1195 1406 1296 1460 tria
1324 1406 1390 1461 de
1417 1421 1554 1472 uno;
1602 1422 1702 1461 nec
1739 1415 1919 1459 tamen

325 1495 436 1551 tria
468 1495 532 1550 de
553 1494 811 1550 invicem.
841 1494 996 1564 Quod
1041 1497 1086 1550 si
1112 1496 1296 1566 objicit
1337 1512 1443 1552 non
1489 1513 1609 1553 esse
1649 1497 1919 1568 singultim

323 1603 634 1657 quemque,
681 1597 773 1642 aut
797 1586 1000 1643 fontem
1023 1630 1038 1656 ,
1089 1598 1184 1643 aut
1213 1588 1384 1643 rivum
1406 1629 1421 1654 ,
1455 1597 1543 1643 aut
1589 1588 1792 1655 lacum,
1829 1596 1923 1643 aut

323 1680 528 1744 binos,
567 1679 865 1749 perfectum
903 1680 1112 1748 Nilum,
1169 1681 1262 1736 sed
1306 1689 1486 1748 [artes
1535 1680 1673 1748 Nili;
1722 1682 1922 1754 cogitet

325 1785 503 1830 totum
539 1776 680 1828 hunc
719 1774 899 1829 Nilum
927 1818 942 1840 ,
992 1789 1061 1830 ex
1106 1791 1214 1846 quo
1264 1777 1522 1846 incoepit,
1569 1791 1739 1847 usque
1791 1777 1918 1831 dum
1950 1793 1997 1853 Β

322 1869 540 1924 desinet
561 1884 709 1937 esse,
746 1870 798 1923 in
825 1878 935 1923 tota
961 1869 1112 1938 quasi
1141 1878 1299 1924 aetate
1328 1883 1425 1922 sua
1446 1909 1461 1934 ,
1509 1869 1636 1939 quia
1682 1884 1780 1924 nec
1804 1869 1920 1938 ipse

323 1967 475 2016 totus
503 1969 588 2016 est
620 1959 781 2015 simul
817 1968 912 2014 aut
937 1960 1056 2014 loco
1077 2001 1091 2027 ,
1122 1969 1208 2014 aut
1245 1969 1515 2030 tempore,
1549 1960 1642 2014 sed
1673 1974 1771 2029 per
1794 1975 1922 2029 par-

324 2059 437 2114 tes;
482 2065 580 2104 nec
607 2048 881 2119 perfectus
925 2049 1049 2113 erit,
1089 2049 1263 2104 donec
1312 2051 1523 2105 desinat
1563 2065 1684 2106 esse
1713 2067 1726 2104 ε
1760 2049 1921 2105 habet

320 2138 473 2192 enim
498 2137 647 2193 Nilus
677 2139 967 2207 quamdam
993 2139 1044 2191 in
1073 2139 1175 2193 hoc
1211 2154 1334 2194 cum
1366 2141 1614 2195 oratione
1650 2140 1741 2171 “'°
1770 2140 1922 2196 simi-

325 2228 612 2282 litudinem
632 2269 648 2295 ,
679 2244 797 2298 qua:
818 2269 834 2295 ,
859 2229 1096 2298 quandiu
1125 2230 1278 2298 quasi
1309 2243 1376 2283 ex
1398 2232 1510 2286 oris
1546 2230 1694 2286 fonte
1732 2246 1922 2300 proce-

323 2319 444 2382 dit,
470 2316 707 2385 perfecta
735 2333 839 2372 non
878 2326 986 2384 est;
1023 2327 1221 2372 etcum
1259 2319 1494 2388 perfecta
1518 2329 1599 2375 est
1624 2320 1774 2388 ,jam
1812 2337 1918 2376 non

323 2415 432 2462 est.
463 2408 520 2462 Si
545 2410 668 2478 quis
687 2408 829 2462 enim
866 2408 942 2463 sic
963 2409 1314 2476 consideret,
1352 2418 1408 2465 et
1441 2411 1728 2482 diligenter
1768 2412 1922 2468 intel-

324 2499 495 2570 ligat,
526 2509 813 2570 wgnoscet
856 2509 1026 2556 totum
1075 2501 1252 2556 Nilum
1303 2518 1423 2558 esse
1470 2503 1702 2570 fontem,
1751 2515 1920 2559 totum

324 2607 453 2648 esse
501 2592 698 2659 rivum,
731 2602 901 2648 totum
944 2609 1068 2649 esse
1119 2594 1324 2661 lacum;
1393 2610 1493 2650 nec
1555 2595 1756 2650 fontem
1801 2611 1922 2650 esse

324 2680 539 2748 rivum,
599 2691 691 2736 aut
712 2685 920 2750 lacum;
982 2699 1083 2739 nec
1135 2685 1311 2740 rivum
1367 2702 1488 2742 esse
1542 2685 1776 2753 fontem,
1830 2695 1924 2742 aut

325 2772 544 2838 locum;
587 2769 906 2829 nec'lacum
956 2790 1077 2830 esse
1104 2773 1343 2844 fontem,
1399 2785 1495 2832 aut
1553 2777 1750 2832 rivum.
1807 2775 1922 2833 Non

322 2863 474 2917 enim
498 2873 582 2918 est
606 2863 747 2919 idem
771 2865 886 2936 ipse
910 2865 1030 2922 fons
1055 2908 1068 2931 ,
1099 2866 1192 2936 qui
1220 2867 1366 2923 rivus
1395 2878 1487 2922 aut
1525 2868 1703 2935 lacus;
1731 2884 1923 2938 quam-

290 2954 409 3009 'vis
433 2953 664 3026 idipsum
689 2957 761 3011 sit
792 2957 937 3013 rivus
961 2969 1014 3012 et
1039 2959 1223 3024 lacus,
1248 2960 1388 3029 quod
1421 2969 1506 3016 est
1536 2960 1656 3016 fons
1688 2977 1702 3026 ;
1737 2962 1788 3016 id
1815 2970 1920 3026 est,

321 3047 470 3101 idem
499 3049 652 3104 Nilus
675 3090 690 3113 ,
717 3050 857 3105 idem
883 3051 1108 3118 fluvius,
1150 3051 1338 3107 eadem
1361 3067 1497 3122 aqua
1520 3094 1535 3119 ,
1586 3054 1774 3108 eadem
1827 3070 1924 3107 na-

2027 504 2174 558 lacus
2197 520 2300 558 non
2334 505 2544 559 dicatur
2566 506 2752 570 rivus;
2801 505 2880 561 sic
2917 522 3015 562 suo
3047 507 3274 574 quodam
3305 508 3409 562 alio
3451 509 3609 564 modo

2029 594 2118 626 ‘m
2146 595 2375 649 Verbum
2398 597 2568 650 estde
2596 597 2790 664 Patre,
2843 605 2900 652 et
2949 597 3182 666 Spiritus
3229 609 3446 652 sanctus
3503 600 3608 654 alio

2024 685 2182 740 modo
2199 685 2264 740 de
2292 685 2448 740 Patre
2462 696 2516 741 et
2545 687 2742 757 Verbo,
2767 697 2826 742 ut
2851 687 2988 743 idem
3009 689 3240 758 Spiritus
3262 703 3482 746 sanctus
3499 708 3606 746 non

2024 777 2096 831 sit
2128 777 2359 830 Verbum
2391 787 2478 832 aut
2511 778 2680 834 Filius
2702 821 2717 845 ,
2773 782 2867 835 sed
2898 785 3212 850 procedens.
3262 784 3451 838 Adhuc
3489 786 3609 841 volo

2023 867 2278 935 quiddam
2309 867 2492 923 dicere
2511 909 2528 935 ,
2550 871 2691 938 quod
2722 872 2970 940 quamvis
2996 888 3242 940 magnam
3283 873 3469 928 habeat
3498 875 3608 929 dis-

2023 960 2428 1015 similitudinem
2450 1001 2465 1024 ,
2500 962 2815 1016 nonnullam
2855 972 3029 1018 tamen
3064 965 3224 1019 habet
3256 966 3322 1019 ad
3361 967 3615 1024 incarna.

2022 1052 2225 1106 tionem
2255 1051 2414 1107 Verbi
2461 1054 2872 1110 similitudinem
2907 1075 2920 1111 :
2968 1057 3108 1126 quod
3150 1057 3372 1111 forsitan
3420 1060 3609 1127 aliquis

2024 1145 2207 1217 legens
2229 1157 2575 1215 contemnet,
2601 1149 2775 1202 dicam
2821 1159 3031 1215 tamen;
3078 1151 3200 1219 quia
3235 1165 3362 1222 ego,
3396 1154 3500 1205 alio
3530 1151 3610 1205 di»

2023 1247 2206 1300 cente,
2235 1238 2456 1292 omnino
2487 1255 2592 1294 non
2625 1248 3055 1295 contemnerem.
3092 1241 3146 1294 Si
3177 1241 3320 1295 enim
3356 1245 3611 1311 ritusper

2023 1329 2256 1384 fistulam
2281 1339 2465 1383 currat
2496 1346 2525 1384 a
2563 1329 2712 1386 fonte
2736 1345 2909 1400 usque
2931 1331 2999 1384 ad
3037 1331 3210 1384 lacum
3227 1373 3241 1396 ,
3267 1347 3444 1385 nonne.
3464 1338 3611 1387 solus

2023 1420 2170 1473 rivus
2201 1420 2470 1489 (quamvis
2494 1437 2597 1473 non
2623 1420 2759 1475 alius
2784 1420 2934 1475 Nilus
2958 1461 2974 1487 ,
3006 1436 3165 1490 quam
3193 1420 3313 1476 fons
3335 1431 3385 1475 et
3415 1426 3605 1483 tat-nsi.

2023 1518 2083 1564 ut
2113 1510 2182 1562 ita
2217 1511 2420 1576 dicam,
2479 1510 2807 1566 inlistulatus
2836 1511 2966 1565 est?
3017 1509 3109 1564 Sic
3145 1509 3290 1565 solus
3319 1510 3491 1566 Filius
3518 1509 3613 1542 ““

2022 1597 2339 1654 incarnatus
2361 1608 2445 1653 est
2469 1639 2482 1664 ,
2516 1599 2642 1653 licet
2675 1615 2779 1654 non
2804 1599 2941 1654 alius
2972 1599 3134 1666 Deus,
3175 1614 3336 1670 quant
3369 1599 3519 1654 Patet
3549 1613 3610 1654 et

2025 1691 2261 1760 Spiritus
2290 1700 2511 1745 sanctus
2539 1690 2652 1744 “".

2487 1779 3117 1854 CAPUTlXId.VHn

2025 1891 2178 1957 Quod
2207 1908 2312 1945 una
2347 1892 2454 1958 sit,
2500 1901 2547 1945 et
2592 1892 2815 1961 simplex
2858 1894 3164 1959 wternitas,
3221 1893 3308 1948 cui
3360 1904 3612 1961 punctum

2665 1973 2957 2033 comparat.

2094 2051 2199 2107 Sed
2221 2052 2480 2122 quoniam
2509 2052 2608 2108 ista
2638 2063 2850 2109 terrena
2877 2053 3030 2108 valde
3056 2053 3214 2126 longe
3241 2063 3369 2110 sunt
3401 2071 3431 2110 a
3459 2070 3608 2111 sumo

2023 2163 2108 2201 ma
2144 2155 2335 2201 natura
2355 2187 2370 2211 ,
2403 2145 2646 2202 levemus
2676 2147 2743 2200 ad
2771 2147 2941 2210 illam,
2979 2147 3093 2217 ipsa
3119 2148 3434 2217 opitulante,
3465 2165 3615 2204 meu-

2026 2247 2130 2292 tcm
2151 2278 2166 2301 ,
2203 2246 2256 2291 et
2290 2238 2342 2291 in
2371 2251 2436 2292 ea
2470 2237 2901 2308 contemplemur
2927 2238 3268 2307 aliquatenus
3290 2250 3346 2294 et
3375 2241 3616 2296 breviter

2023 2329 2166 2400 quod
2189 2329 2438 2384 dicimus.
2479 2328 2620 2384 Deus
2654 2345 2760 2384 non
2807 2338 2894 2384 est
2941 2329 3088 2385 aliud
3133 2346 3296 2401 quam
3332 2333 3444 2403 ipsa
3475 2334 3610 2387 sim-

2024 2421 2145 2490 plex
2171 2420 2448 2476 aeternitas
2479 2419 2592 2474 im.
2621 2419 2976 2475 Eternitatcs
3011 2432 3193 2474 autem
3230 2421 3412 2491 plures
3455 2423 3614 2477 intel-

2025 2515 2113 2586 ligi
2155 2523 2445 2584 nequeunt.
2481 2512 2649 2580 Nam,
2678 2514 2720 2568 si
2747 2513 2928 2582 plures
2947 2522 3074 2568 sunt
3101 2554 3116 2578 ,
3170 2524 3264 2568 aut
3298 2525 3423 2569 sunt
3454 2525 3606 2569 extra

2023 2621 2081 2661 se
2112 2605 2371 2668 invicem,
2401 2614 2493 2658 aut
2517 2615 2644 2659 sunt
2671 2605 2812 2659 intra
2843 2619 2904 2660 se
2933 2605 3164 2660 invicem
3195 2606 3309 2659 “'3.
3342 2606 3448 2661 Sed
3477 2607 3609 2661 nihil

2023 2708 2108 2752 est
2135 2706 2284 2752 extra
2310 2697 2669 2752 aeternitatem
2695 2712 2710 2750 :
2741 2712 2872 2768 ergo
2901 2712 3004 2752 nec
3051 2701 3331 2752 aeternitas
3354 2707 3437 2752 est
3461 2707 3615 2753 extra

2024 2790 2405 2845 aeternitatem.
2435 2788 2600 2854 ltem,
2660 2788 2704 2843 si
2760 2798 2915 2843 extra
2966 2803 3026 2843 se
3077 2789 3308 2845 invicem
3360 2799 3527 2852 sunt,
3562 2791 3615 2844 in

2025 2881 2255 2935 diversis
2290 2879 2424 2934 locis
2463 2889 2589 2934 sunt
2635 2889 2729 2933 aut
2777 2879 3151 2948 temporibus:
3185 2879 3328 2948 quod
3377 2879 3612 2934 alienum

2024 2980 2106 3025 est
2133 2971 2201 3025 ab
2221 2972 2548 3025 atternitate.
2582 2970 2698 3024 Non
2723 2969 2905 3038 itaque
2927 2969 3251 3038 suntplures
3279 2971 3614 3024 :etcrnitates

2026 3073 2176 3116 extra
2198 3077 2256 3116 se
2286 3061 2536 3116 invicem.
2572 3060 2628 3116 Si
2660 3075 2789 3116 vero
2820 3061 2872 3116 in
2901 3075 2960 3116 se
3007 3048 3235 3114 invicem
3283 3061 3467 3128 plures
3496 3074 3617 3115 esse

326 3146 470 3192 ωηο
495 3137 622 3193 Tria
655 3140 818 3211 igitur
855 3143 941 3198 hic
967 3141 1053 3178 “"
1087 3143 1342 3198 dicuntur
1398 3145 1464 3198 de
1508 3159 1614 3198 uno
1645 3153 1758 3198 ιοιο
1799 3159 1922 3213 βεν-
1951 3138 1994 3200 C
2028 3153 2302 3219 dicuntur,
2327 3153 2607 3208 sciendum
2629 3161 2714 3207 est
2738 3152 2865 3222 quia
2889 3151 3318 3222 quotiescunque
3341 3159 3615 3231 repetatur

322 3228 472 3284 fecto
497 3230 591 3263 ⁸⁸⁸³
615 3273 630 3296 ,
663 3243 717 3286 et
747 3249 909 3288 untnn
941 3234 1240 3304 perfectum
1279 3245 1449 3290 totum
1475 3235 1541 3291 de
1577 3238 1787 3298 tribus;
1821 3251 1922 3291 nec

325 3330 510 3376 tamen
542 3322 656 3391 ipsa
694 3324 792 3378 tria
828 3326 894 3380 dc
922 3327 1153 3380 invicem
1185 3325 1444 3380 dicuntur
1478 3345 1492 3380 :
1548 3329 1798 3397 quamVis
1820 3329 1923 3384 hoc

326 3415 495 3468 aliter
526 3415 618 3446 “"
647 3417 800 3472 valde
827 3427 883 3473 et
907 3418 1199 3487 perfectius
1226 3419 1295 3473 sit
1334 3419 1385 3483 in
1417 3419 1506 3474 illa
1548 3429 1740 3474 natura
1785 3421 1919 3476 sim-

322 3508 618 3578 plicissima
648 3549 664 3576 ,
691 3521 745 3564 et
771 3512 837 3565 ah
862 3512 1007 3565 otnni
1053 3512 1170 3582 lege
1216 3513 1351 3576 loci,
1381 3513 1464 3569 vel
1508 3514 1767 3583 temporis
1794 3555 1807 3578 ,
1835 3514 1920 3572 vel

320 3603 736 3669 compositionis
759 3604 992 3672 partium
1019 3604 1297 3660 liberrima
1327 3606 1439 3660 ωδ.
1466 3607 1851 3662 Verumtamen
1876 3609 1919 3664 si

323 3689 429 3747 huc
451 3689 791 3761 aliquatenus
813 3694 1026 3748 videtur
1055 3696 1107 3750 in
1151 3711 1241 3759 re,
1269 3711 1389 3766 qua:
1415 3697 1662 3766 partibus
1701 3712 1923 3768 compo-
1972 3746 1973 3749 η

322 3781 469 3846 sita,
503 3781 686 3838 loculis
725 3796 780 3838 et
805 3786 1120 3855 temporalis
1157 3796 1279 3853 est,
1335 3803 1441 3843 non
1478 3797 1562 3844 est
1608 3789 1921 3845 incredibile

324 3873 381 3926 in
422 3873 508 3928 illa
540 3889 750 3930 suunue
779 3875 948 3931 libera
996 3892 1184 3932 natura
1227 3879 1465 3949 perfecte
1505 3895 1646 3936 esse.
1691 3881 1790 3937 Est
1818 3883 1921 3938 hoc.

323 3966 655 4034 quoquehic
685 3966 1136 4022 considerandum
1166 4009 1182 4034 ,
1224 3971 1348 4040 quia
1397 3969 1518 4026 fons
1565 3985 1671 4024 non
1719 3981 1799 4028 est
1855 3974 1921 4028 de

327 4055 445 4107 rivo
473 4092 491 4118 ,
524 4071 620 4110 nec
643 4055 708 4111 de
729 4055 849 4112 lacu
875 4074 887 4123 ;
925 4059 1074 4113 rivus
1110 4073 1239 4114 vero
1262 4061 1326 4114 de
1351 4061 1466 4115 solo
1493 4062 1639 4115 fonte
1665 4071 1768 4128 est,
1809 4078 1915 4118 non

291 4195 302 4212 ,
328 4144 422 4176 ’δι’
444 4145 510 4198 de
537 4145 652 4200 lacu
680 4164 694 4212 ;
726 4147 873 4202 lacus
895 4163 1024 4203 vero
1053 4150 1118 4204 de
1149 4149 1299 4205 fonte
1323 4190 1337 4216 ,
1370 4160 1426 4206 et
1456 4153 1522 4206 de
1559 4153 1672 4207 rivo
1698 4170 1712 4204 :
1763 4162 1818 4207 et
1845 4154 1916 4207 ita

327 4245 473 4290 totus
506 4235 594 4268 ¹⁸¹⁶
619 4239 767 4292 rivus
789 4238 854 4293 de
887 4247 999 4294 toto
1025 4239 1194 4307 fonte,
1217 4249 1272 4296 et
1295 4249 1438 4296 totus
1461 4243 1612 4296 lacus
1639 4245 1781 4298 etde
1805 4253 1917 4298 toto

330 4327 512 4391 fonte,
535 4339 591 4384 et
617 4335 682 4386 de
707 4339 819 4390 toto
852 4331 996 4399 rivo;
1034 4334 1176 4389 sicut
1205 4333 1438 4392 dicimus
1467 4335 1556 4367 ³⁸⁸⁷
1583 4335 1634 4391 in
1661 4336 1822 4392 Patre
1858 4345 1915 4392 et

2025 3245 2301 3300 aeternitas
2326 3246 2378 3299 in
2400 3245 2739 3310 aeternitate,
2777 3260 2884 3298 non
2913 3253 2996 3299 est
3025 3245 3126 3300 nisi
3169 3259 3275 3297 una
3325 3254 3378 3298 et
3420 3245 3610 3299 eadem

2024 3337 2324 3392 aeternitas.
2368 3335 2594 3405 Dignior
2618 3348 2702 3391 eSt
2727 3323 2881 3390 enim.
2901 3347 3092 3390 natura
3118 3335 3242 3402 “",
3279 3350 3400 3404 qua:
3453 3335 3505 3389 in
3555 3349 3616 3390 se

2025 3429 2251 3500 repetita
2280 3443 2494 3500 semper
2517 3428 2616 3482 sibi
2647 3427 2903 3482 convenit
2930 3428 2981 3482 in
3006 3427 3302 3497 perfectam
3327 3427 3610 3491 unitatem,

2023 3537 2185 3591 quam
2216 3537 2336 3592 qua:
2356 3521 2438 3575 sui
2467 3517 3114 3588 admittitpluralitatem.
3172 3516 3274 3573 Ubi
3323 3517 3468 3571 enim
3498 3515 3613 3585 plu-

2027 3611 2240 3674 ralitas,
2273 3611 2344 3666 ibi
2372 3609 2689 3674 diversitas;
2721 3617 2778 3663 at
2807 3607 2898 3664 ubi
2921 3608 3210 3664 diversitas
3251 3614 3371 3672 est,
3397 3621 3502 3660 non
3533 3613 3617 3660 est

2023 3698 2264 3769 perfecta
2294 3699 2585 3754 concordia
2614 3698 2738 3752 m5:
2769 3696 3010 3767 perfecta
3063 3711 3298 3767 namque
3345 3704 3426 3750 est
3482 3693 3573 3725 ¹¹⁶²⁶
3597 3735 3612 3756 .

2023 3805 2145 3860 qua:
2175 3790 2226 3844 iu
2257 3805 2420 3843 unam
2477 3789 2814 3844 identitatem
2855 3797 2911 3844 et
2941 3790 3189 3843 eamdem
3236 3787 3497 3841 unitatem
3525 3785 3616 3816 “’7

2022 3881 2300 3939 convenit.
2327 3881 2384 3935 Si
2411 3895 2542 3951 ergo
2573 3880 2665 3911 ¹δ¹⁸
2696 3879 2886 3933 melior
2920 3888 3003 3932 est
3034 3878 3272 3948 perfecta
3301 3877 3613 3943 concordia,

2023 3989 2185 4045 quam
2209 3975 2555 4045 imperfecta;
2591 3971 2996 4040 etimpossibile
3015 3978 3099 4023 est
3128 3970 3178 4022 in
3212 3983 3422 4022 summo
3450 3968 3611 4033 hom,

2025 4067 2166 4137 quod
2188 4075 2271 4120 est
2302 4065 2412 4135 ipsa
2439 4063 2742 4129 :eternitas,
2791 4074 2911 4116 esse
2959 4057 3334 4129 imperfectum
3365 4057 3567 4126 aliquid
3596 4098 3610 4117 .

2026 4171 2132 4210 non
2181 4164 2261 4210 est
2307 4154 2562 4224 possibile
2597 4161 2844 4208 naturam
2879 4149 3204 4205 :elernitatis
3248 4147 3610 4218 pluralitatcm

2025 4247 2330 4300 admittere.
2354 4244 2692 4316 Quapropter
2707 4243 3134 4313 quotiescunque
3161 4245 3436 4308 repetatur
3458 4248 3614 4290 aeter-

2026 4338 2167 4393 nitas
2197 4338 2252 4392 in
2278 4337 2608 4400 aeternitate,
2637 4351 2854 4406 semper
2894 4351 2995 4388 una
3019 4342 3072 4388 et
3106 4333 3295 4388 eadem
3335 4331 3612 4385 zelerttitas

328 4417 465 4474 Filio
487 4428 543 4474 et
562 4419 770 4489 Spiritu
793 4432 1002 4478 sancto.
1028 4423 1096 4478 Et
1123 4423 1249 4493 quia
1284 4423 1390 4480 alio
1427 4429 1586 4481 modo
1635 4426 1784 4482 rivus
1835 4436 1921 4483 est
1953 4422 1997 4477 D
2023 4438 2108 4485 est
2138 4429 2250 4482 Μ’.
2299 4427 2454 4496 Quod
2477 4427 2544 4482 de
2571 4425 2754 4480 multis
2793 4424 2914 4479 aliis
2961 4423 3212 4478 similiter
3255 4423 3454 4478 dicitur
3485 4438 3499 4474 :
3531 4430 3608 4484 ut,

1614 4558 1846 4616 VARUE
1885 4559 2296 4618 LECTIONES.

400 4649 493 4684 ¹¹⁶⁶⁹
510 4649 706 4722 ῌοςίάρ
733 4653 906 4708 tribus
922 4669 1046 4708 mss.
1079 4654 1171 4710 hic
1187 4652 1262 4708 .de
1291 4653 1462 4709 tribus
1538 4652 1632 4686 “‘°
1671 4654 1843 4710 Habet
1869 4658 2014 4712 enim
2051 4656 2204 4711 Nilus
2240 4651 2511 4722 quandam
2543 4667 2666 4706 cum
2693 4649 3095 4722 orationemss.
3129 4648 3608 4722 Gorb.Vict.gGgem.

325 4721 466 4794 Tim.
495 4720 744 4794 Sallfich.
776 4724 940 4778 habet
968 4723 1111 4794 enim
1143 4725 1414 4794 quandam
1441 4725 1490 4778 in
1517 4724 1617 4780 hoc
1645 4741 1767 4781 cum
1798 4728 2049 4782 oratione
2125 4726 2213 4758 ““
2254 4719 2382 4779 Tria
2415 4723 2722 4794 igiturhaec
2747 4720 3279 4794 mss.etEdit._Goth.
3310 4721 3412 4794 tria
3440 4719 3607 4788 igitur

325 4793 420 4869 hic
497 4792 590 4824 ““
629 4793 706 4847 De
733 4809 840 4869 uno
869 4793 1110 4869 perfecto
1136 4791 1432 4869 ms_s.__Viet.
1466 4793 1622 4869 φοι-ὸ.
1657 4805 1704 4849 ει
1735 4794 2056 4869 Ιξάὶιεσοιὴ.
2099 4797 2166 4869 de
2192 4809 2301 4869 uno
2332 4791 2708 4869 to_to’perfect_o
2782 4792 3151 4869 “"Quamvis
3185 4793 3287 4869 hoc
3303 4792 3459 4846 aliter
3480 4803 3606 4869 mss.

325 4861 520 4940 Cister.
551 4865 811 4940 quamvis
826 4861 942 4919 haec
974 4863 1302 4940 aliteruf‘“
1324 4864 1776 4940 _0mni‘lcgc‘l0ci
1807 4867 1889 4940 \ch
1921 4868 2176 4940 temporis
2209 4861 2485 4940 liberrima
2512 4861 2827 4940 ξιιμ-ϐῆμεν.
2860 4863 3006 4917 omni
3037 4862 3164 4940 loci,
3199 4863 3281 4940 vel
3315 4861 3592 4940 temporis,

327 4932 414 5003 vel
438 4927 844 5003 compositionis
872 4935 1109 5002 partium
1152 4934 1431 4990 liberrima
1506 4927 1610 4967 “'5'
1642 4937 1716 4991 De
1759 4937 1874 4991 solo
1916 4927 2082 5001 fonte,
2117 4952 2221 4992 non
2249 4951 2376 4988 mss.
2410 4933 2467 4988 S.
2504 4931 2668 5003 Mich.
2717 4931 2905 4986 Cisler.
2940 4943 2988 4986 et
3029 4927 3175 4986 Edit.
3210 4931 3366 5003 Cotti.
3401 4927 3610 5003 densalo

327 5001 477 5081 [tmte
502 4995 614 5081 est,
651 5019 798 5081 non__
836 4995 929 5081 f‘“
969 5005 1034 5081 Et
1065 5006 1329 5081 ita‘_t_ottt_s
1363 5021 1490 5081 mss.
1553 5003 1686 5081 Vict.
1730 5005 1887 5081 Cor-li.
1935 5019 1991 5062 et
2035 4995 2106 5062 ita
2153 5015 2213 5081 ut
2263 5014 2408 5081 totus
2481 5004 2581 5081 {fit
2613 5002 2703 5081 Sic
2746 5003 2975 5057 dicimus
3004 5004 3059 5081 in
3102 5018 3229 5056 mss.
3259 5000 3404 5081 _Vict:
3449 4995 3607 5051 Corb.

327 5071 522 5147 Qister.
557 5074 713 5147 _s_icut
742 5076 982 5147 dicimus
1013 5076 1065 5129 in
1143 5075 1236 5108 “‘°
1274 5075 1340 5130 Et
1364 5075 1470 5129 alio
1500 5077 1660 5130 modo
1684 5093 1782 5130 ms.
1826 5075 2014 5132 Cister.
2058 5078 2233 5131 omitt.
2257 5076 2418 5130 modo
2470 5073 2582 5147 ff?
2624 5071 2716 5128 Sic
2743 5074 3106 5147 suo‘quodam
3148 5071 3444 5147 mpdqalio
3481 5082 3606 5147 ’τως

326 5141 696 5214 CistertVict.
726 5144 884 5200 Corb.
912 5143 1059 5200 Gem.
1092 5147 1234 5201 sicut
1271 5161 1369 5199 suo
1397 5151 1629 5214 quodam
1675 5147 1780 5200 alio
1811 5148 1968 5202 modo
2045 5148 2138 5180 ⁸⁸³⁸
2179 5147 2270 5201 Sic
2298 5146 2446 5201 solus
2470 5143 2640 5198 Filius
2665 5159 2789 5197 mss.
2811 5139 2972 5214 Coi-li.
3012 5141 3150 5214 Vict:
3179 5141 3258 5214 S._
3280 5139 3441 5194 Mich.
3471 5139 3611 5190 sicut

325 5211 477 5267 solus
508 5213 687 5288 filius
720 5216 852 5288 __““
894 5217 1065 5282 Quam
1094 5215 1260 5288 Pater
1292 5227 1348 5270 et.
1386 5211 1622 5288 Spiritus
1651 5227 1872 5288 sanctus
1902 5233 2002 5272 ms.
2031 5217 2089 5274 S.
2133 5217 2296 5272 Mich.
2330 5230 2507 5288 quam
2553 5214 2803 5288 Pater_e_t_
2827 5213 2997 5288 Filius
3031 5222 3097 5288 et_
3119 5212 3354 5288 Spiritus
3387 5214 3611 5288 sanctus

329 5298 457 5357 mss.
476 5283 684 5357 Δδίεισιν.
720 5284 853 5341 Vict.
885 5281 938 5342 5.
964 5301 1127 5356 quam
1155 5285 1318 5357 Pater
1343 5295 1397 5340 ct
1423 5281 1591 5357 Filius
1669 5287 1762 5318 ‘m
1801 5288 2132 5357 Simpliciter
2151 5281 2430 5343 aeternitas
2467 5301 2590 5340 mss.
2616 5294 2664 5339 et
2690 5281 2845 5357 fidit.
2875 5283 3031 5357 Goth.
3056 5281 3283 5352 simplex
3309 5281 3606 5334 aeternitas.

326 5352 424 5392 ¹⁸¹³
461 5354 570 5431 Agit
616 5366 744 5431 sunt
791 5357 943 5431 _int_ra
983 5352 1044 5410 se
1075 5356 1304 5431 invicem
1349 5373 1476 5431 mss.
1520 5355 1712 5411 Cister.
1747 5352 2246 5431 Tliu.__autisunt_iin
2287 5371 2346 5431 se
2379 5357 2610 5431 invicem
2685 5354 2778 5387 ¹¹⁵²δ
2816 5354 3037 5431 Dignior
3069 5361 3154 5407 est
3192 5358 3606 5431 autemnnatura

326 5423 648 5499 mssayict.‘
677 5425 832 5480 Corb.
858 5425 1046 5483 Cister.
1085 5427 1297 5499 dignior
1321 5427 1466 5481 enim
1497 5437 1688 5481 natura
1721 5438 1804 5483 est
1841 5497 1846 5499 _
1882 5429 1973 5462 ’δ”
2018 5429 2117 5485 Ubi
2148 5427 2464 5492 diversitas,
2513 5427 2585 5481 ibi
2629 5441 2731 5480 non
2763 5435 2848 5480 est
2877 5419 3119 5499 perfecta
3162 5419 3446 5476 concordia
3478 5433 3604 5499 mss.

327 5494 421 5548 ubi
447 5494 742 5568 diversitas
769 5507 874 5563 est,
911 5513 1035 5568 non,
1063 5488 1414 5563 est'perfecta
1448 5499 1736 5568 concordia
1815 5497 1906 5530 ‘m
1944 5499 2195 5555 Perfecta
2225 5488 2458 5568 namque
2491 5505 2575 5552 est
2608 5512 2734 5550 mss.
2768 5488 3283 5568 prerl’ectanainque
3315 5488 3606 5568 concordia

327 5575 440 5641 est“
495 5565 588 5641 “:7
629 5566 762 5641 Quae
787 5568 840 5621 in
874 5567 1213 5641 identitatem
1245 5575 1300 5623 et
1325 5567 1550 5641 eandem
1597 5584 1726 5623 mss.
1754 5584 1872 5641 qua:
1917 5571 1969 5624 in
2017 5584 2176 5625 unam
2218 5564 2556 5641 identitatem
2584 5575 2640 5620 et
2668 5564 2896 5641 eandem
2976 5564 3066 5641 “'_‘
3106 5565 3197 5620 Sic
3230 5579 3360 5638 ergo
3401 5577 3528 5641 mss.
3558 5566 3606 5614 et

331 5632 482 5692 Edit.
524 5632 684 5692 Galli.
719 5638 763 5691 si
792 5653 924 5708 ergo
1000 5635 1093 5669 ¹⁵²⁹
1139 5638 1252 5692 Una
1281 5647 1334 5694 ct
1365 5637 1554 5694 eadem
1585 5632 1861 5694 :eterui'tas
1890 5649 1974 5696 cst
2010 5656 2136 5695 mss.
2171 5655 2274 5694 una
2301 5639 2600 5706 eademque
2628 5645 2683 5691 et
2707 5636 2821 5691 sola
2864 5637 3139 5691 aeternitas
3167 5646 3251 5692 est
3289 5632 3385 5691 ἤιε.
3416 5634 3605 5689 Cister.

331 5719 436 5760 una
466 5710 766 5780 eademque
792 5709 1072 5765 zetcrnitas
1101 5719 1182 5762 est
