3926 6054
291 270 398 325 235

789 271 847 327 S.
892 272 1193 329 ANSELMl
1224 272 1577 331 CANTUAR.
1619 274 1950 331 ARCHIEP.
1994 276 2147 332 OPP.
2192 277 2372 333 PARS
2412 278 2454 332 l.
2488 309 2558 319 —
2588 278 3019 337 DOGMATICA.

3452 285 3557 341 285

289 384 679 455 omnipotentia
708 384 762 439 in
793 385 1180 456 omnipotentia
1207 427 1220 449 ,
1277 401 1382 441 non
1430 399 1515 441 est
1546 387 1647 442 nisi
1688 388 1874 441 omni~
1901 389 1948 445 A
1975 397 2057 442 est
2090 388 2255 443 Deum
2310 404 2524 460 semper
2572 404 2737 446 unum
2771 398 2826 444 et
2853 392 3102 447 eumdem
3131 407 3286 460 esse,
3346 404 3403 451 et
3451 412 3557 452 non

289 476 531 545 potentia
563 490 689 531 una.
724 475 808 540 Et,
841 485 898 531 ut
928 491 1090 530 unum
1115 476 1182 530 de
1202 476 1318 540 his,
1346 492 1465 545 quas
1493 477 1733 531 divinam
1765 493 1872 534 non

290 564 493 620 habent
536 575 835 629 naturam,
903 566 955 620 in
1014 580 1123 635 quo
1169 566 1420 621 similiter
1466 577 1577 633 est,
1633 584 1871 639 ponam:

288 664 546 725 punctum
597 656 649 709 in
701 664 901 724 puncto
950 671 1056 711 nou
1102 665 1185 712 est
1219 657 1323 713 nisi
1366 668 1623 728 punctum
1659 679 1672 714 :
1712 662 1875 717 habet

288 750 431 803 enim
453 757 735 818 punctum,
758 749 904 804 velut
930 751 1163 807 medium
1188 762 1446 821 punctum
1471 754 1675 819 mundi,
1728 756 1876 812 velut

287 848 544 908 punctum
601 842 895 908 temporis,
952 841 1005 897 id
1049 853 1176 910 est,
1236 860 1475 914 praesens
1527 855 1737 917 tempus
1805 848 1875 903 ad

286 932 679 997 aeternitatem,
712 932 1027 988 nonnullam
1064 933 1154 966 “"°
1196 935 1602 992 similitudinem
1635 951 1742 993 non
1772 952 1871 1007 pa-

290 1038 406 1078 rum
453 1024 520 1077 ad
557 1022 799 1093 ejusdem
832 1027 1154 1084 aeternitatis
1196 1027 1730 1099 comtemplationem
1769 1031 1875 1086 uti-

285 1115 387 1168 lem
423 1133 436 1170 :
471 1116 609 1171 unde
637 1117 798 1172 latius
823 1117 960 1173 alias
984 1119 1369 1189 disputandum
1391 1129 1495 1175 est.
1533 1121 1635 1177 Hic
1658 1131 1872 1178 tantum

285 1207 386 1261 hoc
414 1206 645 1260 solliciat
672 1209 799 1276 quia
823 1208 912 1241 ¹⁸³¹
945 1219 1204 1278 punctum
1244 1210 1470 1279 simplex
1510 1221 1636 1279 est,
1679 1213 1732 1266 id
1788 1222 1874 1269 est

285 1300 402 1354 sine
431 1299 698 1369 partibus,
722 1308 776 1355 et
799 1300 1132 1356 indivisibile
1154 1310 1239 1356 est
1266 1302 1412 1357 velut
1444 1302 1533 1334 ¹⁶³¹
1557 1304 1869 1360 mternitas:

283 1400 337 1445 et
368 1392 489 1446 ideo
516 1402 773 1460 punctum
797 1408 918 1448 cum
950 1401 1148 1462 puncto
1175 1394 1294 1449 sine
1324 1394 1629 1459 intervallo,
1664 1412 1767 1451 non
1789 1407 1872 1453 est

285 1483 387 1537 nisi
423 1498 586 1538 unum
619 1494 910 1552 punctum;
949 1486 1089 1540 sicut
1131 1486 1409 1541 mlernitas
1442 1487 1535 1519 ¹δ³³
1562 1504 1684 1543 cum
1714 1497 1873 1544 aeter-

285 1575 454 1629 nitate
489 1590 595 1630 non
640 1584 727 1630 est
778 1575 881 1631 nisi
940 1591 1046 1630 una
1090 1577 1384 1633 aeternitas.
1432 1578 1575 1649 Ergo
1613 1581 1871 1649 quoniam

284 1668 427 1721 Deus
445 1667 722 1722 aeternitas
749 1676 862 1733 est,
910 1682 1014 1722 non
1050 1679 1178 1723 sunt
1221 1670 1405 1738 plures
1450 1672 1557 1736 dii;
1601 1672 1728 1740 quia
1771 1687 1871 1728 nec

284 1757 427 1811 Deus
449 1767 531 1813 est
551 1767 704 1812 extra
747 1758 837 1790 ¹⁸³⁴
880 1758 1082 1823 Deum,
1145 1732 1246 1815 nec
1283 1760 1423 1814 Deus
1476 1762 1528 1814 in
1577 1732 1685 1816 Deo
1712 1762 1870 1817 addit
1902 1732 1945 1795 Β

287 1864 576 1904 numerum
608 1850 735 1906 Deo.
765 1852 993 1920 Semper
1022 1852 1186 1920 igitur
1214 1869 1351 1907 unus
1380 1863 1431 1908 ct
1467 1853 1608 1908 idem
1636 1861 1689 1908 et
1718 1854 1867 1909 solus

283 1940 662 1996 est“”Dcus.
705 1942 839 1995 Cum
891 1942 1075 2011 itaque
1128 1944 1267 1998 Deus
1312 1945 1380 1999 de
1426 1945 1533 1999 Deo
1586 1946 1868 2012 nascitur;

281 2030 409 2098 quia
450 2032 591 2098 quod
622 2031 862 2087 nascitur
892 2048 996 2089 non
1027 2043 1118 2088 est
1136 2045 1291 2090 extra
1324 2036 1376 2090 id
1404 2076 1418 2099 ,
1460 2036 1528 2090 de
1559 2051 1667 2105 quo
1696 2037 1872 2091 nasci-

284 2131 404 2186 tur;
439 2130 525 2176 est
552 2123 730 2190 proles
762 2124 815 2178 in
856 2133 1110 2193 parente,
1144 2136 1411 2195 etpareus
1438 2127 1490 2182 in
1522 2128 1702 2197 prole,
1732 2144 1872 2185 unus

281 2215 494 2270 scilicet
523 2215 666 2270 Deus
696 2215 856 2272 Pater
898 2225 953 2272 et
978 2218 1146 2274 Filius
1186 2239 1197 2272 :
1231 2227 1287 2275 et
1311 2235 1433 2274 cum
1459 2221 1602 2275 Deus
1629 2222 1874 2291 procedit

281 2306 347 2360 de
385 2306 492 2362 Deo
521 2306 683 2363 Patre
708 2316 764 2363 et
793 2307 930 2363 Filio
952 2350 968 2374 ,
1021 2325 1122 2365 nec
1171 2311 1285 2364 exit
1331 2320 1487 2367 extra
1537 2310 1628 2344 ³⁸⁵³⁸
1658 2310 1867 2378 Deum;

281 2404 466 2449 manet
495 2394 667 2464 Deus,
701 2396 752 2451 id
776 2408 861 2452 est
886 2398 1124 2467 Spiritus
1157 2410 1379 2457 sanctus
1399 2441 1414 2466 ,
1447 2401 1501 2455 in
1527 2402 1635 2456 Deo
1665 2402 1732 2458 de
1761 2418 1871 2472 quo

280 2483 559 2550 procedit:
592 2493 647 2539 et
680 2497 766 2541 est
815 2501 954 2541 unus
1002 2487 1144 2542 Deus
1169 2526 1184 2549 .
1232 2488 1397 2543 Pater
1419 2529 1435 2553 ,
1466 2499 1525 2543 et
1559 2489 1727 2546 Filius
1754 2530 1768 2554 ,
1816 2500 1872 2547 et

282 2570 519 2641 Spiritus
546 2583 787 2629 sanctus.
820 2574 885 2629 Et
906 2576 1160 2644 quoniam
1191 2577 1294 2632 ista
1323 2578 1609 2645 nativitas,
1657 2591 1714 2634 et
1761 2579 1867 2634 ista

281 2664 556 2732 processio
601 2664 720 2718 sine
772 2666 1041 2735 principio
1097 2676 1253 2733 sunt;
1307 2667 1547 2737 alioquin
1593 2670 1870 2726 aeternitas

283 2763 407 2807 nata
439 2762 495 2808 et
516 2755 795 2810 aeternitas
825 2756 1130 2825 procedens
1148 2800 1163 2824 ,
1186 2760 1331 2828 quod
1352 2759 1548 2817 falsum
1577 2769 1682 2828 est,
1707 2763 1872 2818 habet

281 2842 607 2913 principium
638 2861 652 2899 :
688 2860 1031 2916 nequaquam
1077 2848 1249 2904 Deum
1298 2851 1588 2922 increpisse
1615 2867 1735 2908 esse
1767 2853 1870 2908 Pa-

284 2940 455 2998 trem,
497 2941 593 2987 aut
626 2934 858 3002 Filium,
909 2946 1004 2993 aut
1044 2937 1305 3007 Spiritum
1340 2950 1588 2997 sanctum
1630 2942 1870 3014 cogitare

284 3022 541 3077 debemus
580 3034 674 3079 aut
699 3040 1005 3095 possumus.
1056 3027 1210 3085 Sicut
1246 3040 1425 3087 autem
1452 3033 1751 3088 substantia
1781 3033 1865 3089 di-

283 3114 409 3168 vina
444 3124 701 3171 aeternam
749 3125 805 3174 et
857 3118 1184 3187 singularem
1232 3133 1417 3179 servat
1466 3125 1757 3191 unitatem;
1787 3125 1867 3181 sic

284 3205 477 3261 horum
510 3207 853 3265 relativorum
872 3250 887 3275 ,
932 3209 1107 3267 Patris
1133 3213 1342 3269 scilicet
1369 3223 1424 3270 et
1464 3214 1584 3270 Filii
1611 3232 1629 3282 ;
1678 3230 1868 3285 proce-

283 3298 464 3353 dentis
506 3311 562 3354 et
602 3301 669 3354 de
715 3316 825 3370 quo
868 3304 1145 3371 procedit,
1201 3316 1395 3361 natura
1450 3305 1865 3377 inseparabilem

287 3397 434 3444 tenet
457 3389 821 3460 pluralitatem
850 3393 965 3447 ⁸⁸³⁷.
992 3394 1128 3450 Nam
1160 3398 1615 3467 quemadmodum
1640 3412 1866 3456 necesse

1977 476 2140 531 alium
2176 486 2233 535 et
2268 477 2472 537 alium:
2507 480 2583 536 ita
2614 479 2778 536 Pater
2815 496 3092 551 nunquam
3118 491 3203 539 est
3230 484 3372 539 idem
3423 486 3560 543 Filio

1975 580 2103 633 suo,
2138 575 2232 621 aut
2258 569 2557 637 procedens
2586 569 2661 627 illi
2714 588 2746 627 a
2795 587 2904 642 quo
2952 572 3238 640 procedit,
3261 576 3557 632 Secundum

1976 657 2077 711 has
2128 657 2439 715 relationes.
2501 658 2608 716 Sed
2671 675 2885 731 semper
2925 661 3064 718 alius
3123 661 3284 718 Pater
3319 673 3373 718 et
3417 664 3557 722 alius

1975 746 2173 814 Filius,
2205 748 2344 807 alius
2369 752 2671 822 procedens
2693 763 2750 808 et
2782 753 2920 808 alius
2943 755 3011 809 de
3026 768 3137 822 quo
3158 754 3402 822 procedit
3428 756 3555 824 “";

1978 855 2079 896 nec
2118 856 2356 910 unquam
2379 843 2485 899 dici
2516 852 2742 913 possunt
2766 845 2835 901 de
2859 845 3115 900 invicem.
3146 842 3411 911 Quoniam
3428 862 3557 917 ergo

1975 949 2097 989 cum
2130 933 2272 990 Deus
2303 935 2547 993 nascitur
2566 938 2631 993 de
2657 937 2802 1004 Deo,
2854 936 2939 993 vel
2962 952 3086 993 cum
3135 936 3277 995 Deus
3316 940 3557 1008 procedit

1978 1026 2069 1058 “'9
2097 1025 2166 1082 de
2192 1026 2331 1091 Deo,
2362 1043 2463 1084 nec
2490 1030 2792 1085 substantia
2824 1037 3002 1099 potest
3035 1030 3287 1086 amittere
3324 1030 3561 1101 singula-

1974 1117 2190 1171 ritatem
2210 1159 2226 1184 ,
2256 1133 2357 1173 nec
2386 1118 2575 1174 relatio
2604 1119 3003 1188 pluralitatem;
3042 1119 3247 1175 idcirco
3276 1135 3441 1174 unum
3474 1128 3561 1176 est

1974 1208 2049 1263 ibi
2080 1209 2216 1276 tria,
2242 1216 2298 1265 et
2324 1209 2426 1263 tria
2459 1225 2665 1274 unum;
2711 1226 2809 1265 nec
2839 1219 3018 1267 tamen
3067 1213 3167 1265 tria
3215 1210 3281 1264 de
3317 1210 3551 1267 invicem

1974 1300 2257 1365 dicuntur,
2287 1314 2388 1356 nec
2409 1301 2724 1357 incredibile
2752 1301 2863 1373 A9
2889 1302 3047 1357 debet
3077 1317 3197 1358 esse
3245 1302 3298 1356 in
3331 1311 3520 1357 natura
3539 1342 3556 1367 ,

1974 1406 2094 1460 quae
2113 1407 2276 1461 super
2302 1392 2482 1447 omnia
2513 1401 2568 1447 et
2589 1392 2839 1451 omnibus
2860 1392 2981 1446 aliis
2999 1392 3277 1448 dissimilis
3298 1401 3404 1456 est,
3433 1406 3556 1448 esse

1973 1483 2176 1553 aliquid
2205 1524 2220 1549 ,
2261 1482 2415 1551 cujus
2437 1484 2743 1553 exemplum
2795 1485 2849 1539 in
2895 1484 3016 1539 aliis
3049 1485 3209 1540 rebus
3244 1499 3348 1540 non
3380 1484 3560 1541 valeat

1973 1573 2214 1643 perfecte
2276 1575 2559 1630 inveniri:
2598 1575 2713 1631 haec
2763 1584 2943 1631 autem
2998 1575 3098 1629 tria
3149 1574 3323 1631 Latini
3372 1574 3561 1630 dicunt

1972 1680 2230 1734 personas
2256 1705 2272 1730 ,
2304 1664 2476 1721 (ἔτειιεί
2517 1666 2868 1721 substantias.
2918 1665 3069 1721 Sicut
3117 1666 3262 1723 enim
3320 1665 3552 1721 dicimus

1977 1770 2075 1810 nos
2106 1754 2330 1826 (Monol.
2365 1771 2485 1824 cap.
2522 1756 2622 1824 78,
2660 1756 2868 1828 al.,76}
2922 1757 2975 1812 in
3031 1758 3139 1812 Deo
3195 1757 3555 1812 substantiam

1973 1862 2134 1901 unam
2162 1887 2177 1913 ,
2238 1856 2347 1903 tres
2396 1862 2685 1918 personas;
2730 1848 2801 1902 ita
2848 1847 2922 1902 illi
2959 1847 3147 1903 dicunt
3184 1863 3344 1903 unam
3368 1863 3557 1903 essen-

1975 1938 2102 1993 tiam
2126 1981 2143 2004 ,
2180 1948 2287 1995 trcs
2308 1938 2640 1994 substantias
2665 1938 2754 1969 ‘m
2787 1957 2798 1990 :
2836 1938 3064 2007 idipsum
3097 1939 3167 1993 ibi
3190 1952 3287 2007 per
3307 1938 3557 1993 substan-

1976 2029 2102 2085 tiam
2136 2029 2261 2095 ““,
2328 2030 2472 2099 quod
2500 2043 2598 2083 nos
2644 2043 2741 2097 per
2779 2041 3103 2098 personam,
3153 2026 3551 2095 signiﬁcantes;

1975 2135 2073 2174 nec
2104 2135 2134 2174 a
2168 2118 2327 2174 nobis
2370 2118 2712 2187 aliquatenus
2751 2117 2802 2172 in
2841 2117 2943 2172 fide
2979 2117 3370 2186 discrepantes.
3408 2113 3555 2181 Quo-

1975 2212 2133 2265 modo
2173 2224 2301 2265 vero
2350 2208 2519 2264 Filius
2562 2218 2820 2264 nascatur
2865 2210 2931 2264 de
2973 2208 3162 2273 Patre.
3217 2217 3271 2262 et
3321 2206 3563 2277 Spiritus

1973 2311 2192 2359 sanctus
2214 2302 2471 2372 procedat
2500 2317 2529 2355 a
2558 2301 2722 2355 Patre
2751 2311 2807 2356 et
2834 2301 3001 2367 Filio,
3029 2316 3128 2356 nec
3152 2310 3330 2357 tamen
3354 2299 3427 2355 sit
3463 2299 3552 2353 Fi-

1972 2392 2105 2458 lius;
2137 2392 2391 2463 quoniam
2416 2391 2570 2449 sicuti
2599 2392 2864 2449 estvideri
2889 2391 2940 2446 iu
2973 2392 3077 2449 bac
3105 2392 3213 2446 vita
3231 2406 3335 2447 non
3352 2398 3553 2459 pateat,

1971 2485 2161 2541 beatus
2182 2483 2515 2554 Augustinus
2542 2483 2656 2553 (lib.
2686 2498 2775 2547 lx,-
2806 2498 2857 2536 c.
2885 2482 2982 2549 12;
3029 2482 3063 2536 l.
3094 2498 3135 2536 ιι
3156 2521 3171 2545 ,
3194 2496 3244 2535 c.
3275 2482 3343 2546 5;
3382 2479 3418 2532 l.
3452 2495 3554 2546 xu,

1972 2591 2021 2632 ε.
2048 2576 2112 2642 5;
2150 2576 2183 2630 l.
2214 2591 2311 2641 xv,
2351 2591 2399 2630 c.
2427 2575 2519 2645 26)
2572 2574 2717 2630 velut
2759 2589 2856 2644 per
2898 2572 3174 2643 speculum
3226 2581 3282 2626 et
3329 2571 3385 2625 in
3428 2571 3558 2624 aeni-

1972 2679 2153 2739 gmate
2182 2668 2307 2733 ιω,
2357 2668 2409 2720 in
2446 2666 2589 2721 libro
2612 2665 2678 2721 de
2706 2665 2808 2720 hac
2837 2666 2949 2734 ipsa
2978 2664 3245 2727 Trinitate
3267 2661 3554 2732 diligenter

1972 2757 2364 2827 contemplatus
2388 2764 2500 2820 est;
2530 2764 2585 2819 et
2610 2771 2709 2827 ego
2733 2756 2786 2811 iu
2815 2754 3116 2825 Monologio
3146 2769 3266 2835 meo
3289 2753 3437 2825 (cap.
3457 2750 3552 2816 55,

1971 2846 2044 2901 al.
2085 2846 2176 2914 53)
2210 2860 2309 2917 pro
2339 2845 2431 2877 “"
2457 2860 2577 2901 mea
2602 2845 2957 2915 possibilitate
2989 2843 3277 2915 disputavi.
3332 2840 3390 2896 Si
3430 2840 3555 2911 quis

1972 2946 2152 2992 autem
2187 2936 2316 2993 velit
2343 2937 2483 2992 scire
2516 2951 2617 2992 cur
2665 2951 2789 2993 cum
2832 2937 2884 2991 in
2931 2950 3141 2992 summa
3180 2933 3271 2966 ““
3313 2932 3554 2989 essentia

1972 3028 2152 3085 nullus
2174 3030 2243 3085 sit
2265 3043 2459 3096 sexus;
2494 3043 2694 3098 parens
2720 3027 2811 3059 ““
2837 3026 2907 3082 ibi
2932 3027 3111 3098 potius
3133 3025 3344 3081 dicatur
3366 3022 3553 3087 Pater,

1973 3137 2137 3191 quam
2166 3130 2370 3188 mater;
2396 3131 2491 3176 aut
2513 3119 2687 3190 proles
2716 3119 2918 3184 Filius,
2947 3134 3110 3189 quam
3154 3116 3292 3183 lilia;
3333 3124 3425 3170 aut
3451 3130 3553 3169 cur

1973 3213 2135 3269 Pater
2161 3222 2366 3268 tantum
2396 3212 2699 3282 ingenitus,
2720 3210 2888 3265 Filius
2918 3217 3125 3265 tantum
3161 3207 3392 3279 genitus.
3425 3204 3551 3274 Spi-

1974 3306 2114 3360 ritus
2137 3313 2359 3360 sanctus
2381 3318 2481 3359 nec
2501 3302 2744 3373 genitus,
2777 3316 2876 3357 nec
2911 3301 3181 3371 ingenitus
3200 3339 3215 3363 .
3269 3298 3324 3354 in
3354 3297 3551 3352 eodem

1973 3394 2156 3453 libello
2177 3394 2318 3467 (cap.
2344 3393 2412 3450 56
2433 3436 2449 3462 ,
2477 3393 2575 3461 aL,
2603 3392 2693 3465 55)
2723 3400 2908 3463 aperte
2948 3391 3036 3424 ⁸⁸⁵³
3064 3390 3303 3449 inveniet
3326 3387 3443 3441 ‘W’.

1582 3593 1815 3650 VARIE
1850 3592 2254 3652 LECTIONES.

356 3719 466 3798 “"1
487 3718 711 3798 Ponam.
740 3721 1006 3779 Punctum
1038 3725 1091 3780 in
1120 3735 1327 3798 puncto
1344 3742 1449 3782 non
1477 3736 1561 3783 est
1588 3729 1690 3784 nisi
1715 3737 1971 3798 punctum
2000 3747 2013 3785 :
2047 3728 2220 3785 Habet
2278 3726 2422 3783 enim
2454 3733 2734 3798 punctum,
2781 3724 2928 3798 velut
2980 3721 3235 3784 medium,
3265 3726 3550 3798 (punctum

285 3790 490 3869 mundi,
518 3790 663 3845 velut
689 3802 948 3862 punctum
974 3790 1255 3869 temporis,
1282 3797 1332 3851 id
1355 3806 1438 3853 est
1461 3813 1698 3869 praesens
1716 3790 1953 3869 tempus,
1982 3799 2299 3854 aeternitatis
2324 3790 2634 3869 nonnullam
2665 3790 2931 3869 mss.Thu.
2963 3807 3156 3863 ponam
3173 3809 3212 3869 _:_
3235 3791 3377 3859 quod
3417 3803 3552 3869 pun-

283 3867 428 3913 ctum
471 3861 522 3937 in
554 3873 756 3937 puncto
786 3878 893 3919 non
935 3873 1021 3921 est
1065 3861 1169 3922 nisi
1210 3861 1375 3922 unum
1405 3861 1687 3937 punctum,
1728 3861 1875 3925 velut
1910 3861 2149 3926 medium
2179 3868 2392 3933 mundi;
2433 3869 2596 3937 habet
2650 3867 2793 3937 enim
2836 3861 3115 3937 punctum.
3172 3861 3239 3915 Et
3289 3866 3550 3937 punctum

287 3926 570 4020 temporis,
599 3932 651 3987 id
681 3942 764 4020 est
786 3950 1025 4004 praesens
1054 3946 1264 4020 tempus
1294 3938 1361 3993 ad
1390 3926 1749 3995 aeternitatem
1813 3939 2125 4020 nonnullam
2165 3956 2289 3994 mss.
2330 3926 2517 4020 Cister.
2559 3926 2898 4020 Vic_t._Corl3L
2936 3926 3550 4020 Gem._hp‘(>_l_t_=l#lil-__I_’nllj|:-

285 3997 430 4053 ctum
491 4002 541 4054 in
591 3997 804 4072 puncto'
840 4019 945 4083 non
992 4017 1081 4083 est
1126 3997 1227 4061 nisi
1272 4024 1437 4062 unum
1495 4017 1790 4078 punctum:
1823 4011 1985 4083 habet
2038 4009 2181 4083 enim
2239 4018 2550 4083 punctum,__
2570 4005 2715 4059 velut
2762 4005 3007 4083 medium
3044 3997 3302 4083 punctum
3336 3997 3541 4083 mlltt‘tdl.

285 4078 338 4152 et
372 4066 627 4152 punctum
687 4076 976 4152 tcmporis_,
1006 4076 1083 4152 _id
1130 4086 1214 4131 est
1257 4066 1512 4146 prazsens'
1541 4087 1752 4152 tempus
1796 4079 1863 4152 ad
1918 4066 2276 4134 mternitatem
2317 4066 2642 4152 nonnullam
2696 4091 2794 4128 ms.
2835 4074 2894 4129 S.
2930 4066 3092 4126 Hicin.
3132 4083 3355 4152 ponam.
3411 4066 3551 4152 Piru-

284 4137 433 4193 ctmn
463 4142 515 4194 in
553 4154 752 4210 puncto
775 4137 881 4218 n'on
902 4137 1019 4218 (nisi
1048 4161 1211 4200 unum
1239 4137 1501 4216 punctum
1533 4162 1547 4202 :
1576 4137 1738 4202 halm
1764 4150 1908 4203 enim
1935 4159 2217 4218 punctum,
2248 4148 2396 4202 velut
2427 4148 2949 4218 mediumpunctum
2981 4137 3184 4218 mundi,
3216 4148 3289 4218 et
3311 4137 3549 4218 medium

284 4208 857 4294 punctum—temporis,
899 4217 949 4268 id
979 4224 1072 4294 est
1100 4208 1336 4294 prgsens
1371 4219 1686 4294 tempusad
1723 4208 2080 4294 aeternitatem
2126 4208 2439 4294 nonnullam
2509 4216 2605 4294 ff“
2646 4208 2994 4294 metantem
3020 4210 3131 4294 .1300
3173 4208 3548 4294 §umqiqlrﬂl§i

284 4294 413 4360 {ffa-
447 4278 711 4360 ΤΙιιέειιοὸ
733 4292 949 4360 tantum
979 4285 1068 4360 liic
1093 4278 1342 4360 sufﬁciat.
1377 4278 1513 4353 Quia
1562 4289 1683 4360 (“i’
1715 4288 1984 4360 (Simplex,
2004 4290 2066 4360 (id
2100 4296 2204 4354 est,
2238 4288 2648 4360 si_ne_partibu_s,
2681 4293 2741 4360 et
2763 4280 3085 4360 indivisibile
3109 4278 3547 4360 est,.\_'elut.ms.s.

288 4345 505 4427 711%}!
538 4347 669 4404 Vict.
701 4354 1069 4427 simplexsine
1098 4358 1340 4427 partibus
1369 4345 1451 4411 est
1475 4368 1528 4413 et
1559 4345 1904 4423 iiidivisibile,
1935 4345 2081 4413 velut
2107 4345 2207 4412 ms'.
2255 4345 2409 4411 Corb'.
2449 4345 2696 4425 simplex,
2728 4356 2781 4409 id
2817 4361 2921 4419 est,
2958 4348 3374 4427 sinchpartibus,
3408 4345 3547 4427 indi-

284 4417 500 4499 visibjle
528 4430 631 4485 est,
661 4417 822 4499 velut'
883 4426 972 4457 “3°
1014 4417 1114 4499 Sic
1133 4429 1410 4499 mter-nitas
1437 4444 1561 4483 mss.
1603 4428 1744 4482 sicut
1772 4417 2048 4483 aeternitas
2118 4428 2217 4499 ff"
2255 4428 2363 4482 Nec
2404 4417 2720 4482 Deus-extra
2746 4441 2877 4499 ipss.
2909 4417 3039 4499 Vince.
3075 4417 3216 4473 Deus
3261 4426 3359 4499 est
3390 4425 3547 4499 extre

419 4488 677 4569 lgemest
701 4494 847 4549 solus
876 4513 1010 4569 mss.
1055 4494 1378 4569 V_ict.‘Corb.
1412 4499 1551 4553 idem
1579 4508 1633 4553 et
1658 4499 1804 4553 solus
1827 4508 1910 4554 est
1984 4499 2075 4530 ¹⁸³⁶
2112 4498 2221 4554 Νεε
2249 4500 2357 4555 exit
2391 4510 2544 4569 extra
2574 4514 2698 4551 mss.
2732 4493 2875 4569 ΔΥἰει.
2915 4490 3213 4569 Corb.__n_on
3258 4488 3369 4569 exiit
3392 4496 3549 4569 extra

289 4557 379 4587 ⁸⁸⁵³⁷
419 4556 590 4637 Tenet
642 4577 762 4637 cum
797 4566 1004 4621 unitate
1048 4567 1408 4636 pluralitatem
1462 4586 1586 4622 mss.
1614 4570 1782 4622 σηιξη.
1809 4584 1931 4624 cum
1968 4569 2175 4623 unitate.
2252 4554 2344 4601 “’3
2384 4568 2490 4621 Sed
2516 4568 2674 4621 Pater
2697 4565 2834 4637 alius
2862 4573 2967 4624 est,
2997 4569 3051 4614 et
3067 4559 3248 4637 _Filius
3282 4554 3418 4637 alius
3443 4565 3548 4637 est,

285 4629 587 4695 Ρτοοθάειιδ
608 4630 954 4707 5115033999
974 4625 1233 4707 procedit
1262 4655 1388 4693 mss.
1421 4641 1513 4693 sed
1541 4652 1755 4707 semper
1781 4640 1919 4695 alius
1949 4640 2109 4694 Pater
2146 4648 2202 4697 et
2230 4640 2366 4692 alius
2403 4637 2600 4701 Filius;
2632 4646 2689 4690 et
2717 4635 2855 4707 alius
2882 4631 3201 4707 procedens,
3228 4637 3284 4681 et
3309 4627 3449 4707 alius
3471 4625 3543 4676 de

287 4699 688 4764 quowproeedit.
768 4699 1130 4761 m"Vel'cum
1158 4708 1299 4764 Deus
1324 4709 1572 4764 procedit
1596 4699 1694 4763 ms.
1724 4706 1910 4764 Cisler.
1937 4712 2088 4764 omit.
2114 4725 2235 4764 cum
2311 4708 2401 4743 ’διο
2443 4699 2613 4763 Unam
2628 4699 2919 4761 essentiam
2950 4712 3058 4757 tres
3086 4699 3417 4755 substantias
3442 4710 3547 4747 ms.

285 4762 1088 4866 §:.3’“’:;.:":E"199_'°°'!mv
1132 4762 1618 4866 τίεεειῶειεξιιίειε,
1706 4762 3256 4866 ‘fttléivsumsetamense?("93:__‘§“£“B!P:..‘P‘£€’.'
3293 4765 3551 4866 ξιὲἓίέεξξῑ

286 4834 417 4915 tiam
518 4835 608 4868 “‘“
645 4839 701 4894 ln
729 4834 1019 4913 aenigmate
1051 4834 1176 4921 nm.
1204 4858 1261 4902 et
1287 4849 1340 4902 in
1368 4849 1656 4921 aenigmate
1731 4848 1822 4882 W“
1861 4834 2001 4916 uti»,
2039 4834 2136 4921 prro
2164 4867 2288 4921 mss.
2322 4862 2459 4921 meo,
2489 4847 2644 4921 cujus
2670 4834 3118 4921 ευριέ,ἱιιίξιιιὶηίν⁸
3140 4834 3237 4921 [iw
3311 4834 3404 4921 m5
3438 4834 3550 4921 ρἿῖ

286 4913 341 4983 in
371 4918 866 4995 summa‘mss._cur
902 4931 1023 4995 cum
1055 4917 1106 4970 in
1128 4933 1349 4995 summa
1379 4987 1400 4995 _
1425 4913 1519 4995 f‘“
1557 4920 1667 4995 ρετ
1694 4935 1890 4995 parens
1922 4913 2053 4995 mss.
2076 4916 2220 4973 Vict.
2249 4919 2402 4995 garb.
2434 4913 2609 4995 gruit}.
2635 4913 2751 4995 ευτ’
2807 4913 3551 4995 “if”illvqglieff'ff‘;ﬂ£‘fff§

284 4974 528 5058 inveniet
560 4979 691 5058 Λίδη
733 4982 865 5058 Mss.
897 4984 1101 5058 Gemm.
1128 4987 1546 5058 ExplicitLiber
1570 4972 1891 5047 εῖΑἲιὲέιέίῆ
1916 4972 2396 5058 ἀείιηεειιξειίοῃε.
2423 4987 2603 5042 Edilio
2635 4982 3024 5058 Veneta__1547_.
3049 4979 3283 5058 Esplicjl
3308 4972 3546 5058 βνῖξξρίδ

283 5044 524 5127 ᾼιιεειιιιί
554 5047 960 5127 Cantuariensis
987 5040 1404 5127 archiepiscopi,
1427 5040 2795 5126 vdeilnca—rnat‘ione'i’erbiﬁ.‘Hs:Tibtib.'Espiicit
2822 5053 3055 5127 Epistula
3085 5040 3327 5107 Altselmi
3355 5040 3422 5101 ad
3442 5040 3551 5099 Ur-

284 5113 486 5172 banum
508 5133 721 5192 papam,
757 5125 823 5181 de
852 5113 1230 5185 lncamatione
1258 5113 1439 5196 Verbi,
1469 5113 2326 5203 contrabliaspliemiasﬁﬂuzelini
2359 5113 2806 5205 Compendiepsis
