3926 6054
429 425 2110 451 ___________________________________

1185 486 1856 601 SANGTI
1949 477 2772 595 ANSELMI

1956 671 2046 727 DE

1470 288 1562 343 DE
1604 285 2074 348 l’liOCESSlONE
2113 281 2172 335 S.
2215 279 2547 337 SPllilTUS.

3531 270 3636 326 936

2120 422 2339 434 -σ--ν

679 838 1746 979 PROGESSIONE
1868 826 2593 1014 SPIRITUS
2710 820 3273 952 SANCTI

1440 1065 1916 1165 CONTRA
1986 1056 2473 1153 GRAECOS

1813 1256 2229 1373 LIBER

1882 1442 2126 1459 ρ

832 1517 1198 1575 PROLOGUS
1254 1516 1491 1569 ‘m—‘m.

439 1630 682 1698 Negatur
707 1642 736 1682 a
760 1628 967 1683 Graecis
1011 1627 1154 1695 quod
1194 1624 1433 1695 Spiritus
1471 1628 1694 1677 sanctus
1716 1620 1780 1674 de
1822 1617 1961 1672 Filio

367 1722 650 1792 procedat,
680 1720 821 1775 sicut
849 1734 945 1773 nos
970 1717 1147 1772 Latini
1175 1715 1513 1772 conﬁtemur.
1558 1713 1667 1768 Nec
1695 1711 1963 1779 recipiunt

366 1813 622 1868 doctores
672 1820 888 1867 nosnos
932 1810 1179 1873 Latinos,
1216 1823 1352 1877 quos
1385 1808 1437 1862 in
1492 1806 1595 1861 hoc
1656 1805 1956 1873 sequimur.

367 1902 473 1969 Qui
511 1901 766 1971 quoniam
798 1898 1075 1968 evangelia
1112 1898 1393 1951 nobiscum
1427 1903 1777 1955 venerantur,
1802 1902 1857 1945 et
1898 1891 1952 1945 in

365 1992 493 2046 aliis
530 1992 596 2045 de
630 1990 774 2044 trino
800 1999 856 2043 et
883 2004 991 2042 uno
1018 1988 1126 2042 Deo
1153 1988 1384 2042 credunt
1406 1986 1506 2039 hoc
1531 1984 1700 2052 ipsum
1725 1997 1823 2051 per
1851 1998 1960 2036 om-

367 2086 459 2138 nia
490 2085 632 2152 quod
655 2097 775 2145 nos,
797 2079 886 2151 qui
913 2082 979 2134 de
997 2079 1187 2134 eadem
1216 2093 1273 2132 re
1294 2077 1427 2132 certi
1453 2091 1667 2131 sumus:
1685 2089 1845 2146 spero
1865 2088 1963 2142 per

365 2174 633 2228 auxilium
658 2172 900 2243 ejusdem
927 2170 1163 2240 Spiritus
1188 2169 1282 2201 “3°
1311 2169 1647 2237 sancti,quia
1679 2169 1722 2222 si
1757 2167 1964 2220 malunt

368 2265 560 2319 solidae
588 2263 799 2319 veritati
826 2262 1175 2332 acquiescere
1215 2276 1377 2330 quam
1407 2277 1505 2330 pro
1544 2261 1690 2315 inani
1733 2260 1959 2314 victoria

370 2356 467 2389 ⁸⁵⁸⁸
518 2357 867 2422 contendere,
914 2368 1013 2423 per
1056 2354 1156 2407 hoc
1202 2354 1345 2422 quod
1376 2355 1580 2422 absque
1610 2353 1962 2422 ambiguitate

370 2445 730 2509 conﬁtentur,
761 2446 829 2499 ad
856 2447 957 2498 hoc
988 2445 1130 2514 quod
1157 2460 1264 2498 non
1293 2445 1559 2513 recipiunt
1578 2487 1592 2511 ,
1627 2444 1962 2499 rationabili-

373 2549 459 2592 ter
488 2539 612 2591 duci
642 2540 884 2607 possunt.
914 2536 1174 2604 Quamvis
1203 2537 1367 2607 igitur
1394 2538 1546 2592 multi
1581 2540 1690 2593 sint
1714 2538 1828 2603 ““,
1867 2540 1959 2609 qui

372 2629 481 2682 hoc
503 2628 696 2682 melius
718 2643 805 2685 me
831 2628 1043 2695 possint
1065 2626 1277 2682 eﬁicere
1298 2645 1311 2693 ;
1335 2635 1512 2681 tamen
1538 2629 1793 2696 quoniam
1830 2628 1960 2682 milii

370 2734 402 2771 a
427 2718 674 2788 pluribus
701 2719 803 2771 hoc
834 2718 1131 2787 injungitur
1159 2716 1272 2782 ’i",
1291 2732 1521 2787 quorum
1542 2716 1816 2787 petitioni,
1848 2725 1960 2770 tum

373 2824 478 2877 pro
526 2808 712 2864 debito
742 2808 990 2863 veritatis
1033 2823 1251 2872 amore,
1284 2817 1395 2861 tum
1426 2823 1524 2877 pro
1551 2822 1736 2862 eorum
1783 2808 1963 2863 chari-

375 2908 489 2951 tate
524 2907 579 2951 et
617 2899 862 2969 religiosa
890 2898 1168 2953 voluntate
1192 2914 1297 2952 non
1328 2898 1500 2951 audeo
1540 2899 1828 2964 resistere;
1880 2898 1962 2951 in-

374 3003 516 3044 voco
541 2990 790 3043 eumdem
821 2988 1081 3059 Spiritum
1130 2997 1378 3044 sanctum
1418 2996 1477 3043 ut
1503 2989 1569 3042 ad
1603 2988 1706 3044 hoc
1745 3004 1834 3043 tne
1874 2989 1960 3042 di-

375 3090 576 3148 gnetur
606 3080 863 3151 dirigere.
912 3080 1024 3135 Hac
1052 3082 1235 3151 itaque
1270 3096 1367 3151 spe
1403 3096 1500 3160 pro
1550 3095 1684 3135 mete
1721 3081 1963 3136 scientia:

377 3170 476 3201 ⁸⁸⁸⁸
523 3170 852 3236 humilitate,
900 3172 1287 3227 scientioribus
1349 3172 1545 3225 altiora
1599 3172 1913 3241 relinquens
1944 3212 1959 3236 ,

372 3264 521 3333 quod
549 3262 823 3331 postulant
851 3266 1173 3335 aggrediar;
1210 3276 1266 3320 et
1303 3265 1615 3320 Graecorum
1662 3264 1769 3319 ﬁde
1797 3273 1963 3333 atque

374 3353 627 3423 his,quaa
677 3357 909 3410 credunt
960 3356 1055 3389 “"
1108 3356 1483 3411 indubitanter
1527 3365 1582 3411 et
1634 3355 1965 3412 conﬁtentur

376 3444 493 3509 "",
525 3461 624 3515 pro
648 3447 967 3501 certissimis
992 3448 1330 3518 argumentis
1366 3450 1434 3503 ad
1459 3448 1797 3519 probandum
1818 3445 1962 3518 quod

377 3535 477 3571 ⁸⁸⁸⁷
506 3552 613 3591 non
635 3539 885 3605 credunt,
915 3548 1060 3595 utar.

804 3630 1033 3687 CAPUT
1089 3631 1358 3689 PRIMUM
1399 3632 1512 3687 ³⁸⁵⁸.

377 3720 517 3784 Qui:
557 3721 849 3775 communis
884 3730 958 3775 est
989 3721 1193 3847 Latiztils
1227 3732 1277 3777 et
1303 3722 1503 3779 Graecis
1535 3723 1670 3791 ﬁdes
1697 3723 1761 3778 de
1789 3722 1968 3777 Trini-

584 3814 595 3842 ι
1126 3814 1162 3847 u
1187 3810 1236 3847 e.

584 3814 595 3842 t
1109 3810 1236 3851 ιαιε.

450 3881 693 3937 Credunt
718 3882 936 3952 quidem
968 3900 1131 3939 unutn
1149 3894 1203 3940 et
1226 3886 1399 3941 solum
1421 3902 1486 3942 ac
1513 3885 1814 3956 perlectum
1846 3901 1969 3942 esse

380 3975 570 4039 Deum,
612 3990 709 4029 nec
761 3975 923 4029 ullam
959 3992 1083 4031 eum
1137 3977 1338 4032 habere
1380 3988 1611 4047 partem,
1660 3979 1755 4035 sed
1797 3987 1965 4034 totum

376 4080 503 4120 esse
552 4066 812 4135 quidquid
857 4076 961 4123 est.
1008 4066 1164 4123 Hunc
1211 4085 1424 4138 quoque
1470 4070 1800 4127 conﬁtentur
1849 4085 1969 4126 esse

378 4154 619 4222 Patrem,
642 4166 698 4210 et
727 4156 940 4218 Filium,
974 4169 1030 4212 et
1060 4156 1321 4227 Spiritum
1345 4170 1622 4223 sanctum;
1650 4160 1722 4214 ita
1754 4169 1813 4214 ut
1850 4161 1966 4215 sive

1985 1511 2032 1567 Α
2063 1500 2251 1566 simul,
2278 1499 2462 1565 Pater,
2489 1498 2681 1563 Filius,
2712 1507 2767 1553 et
2796 1498 3032 1567 Spiritus
3056 1511 3298 1564 sanctus,
3320 1501 3460 1557 idem
3500 1510 3644 1560 totus

2062 1603 2115 1649 et
2144 1593 2417 1664 perfectus
2445 1591 2535 1622 “‘9
2567 1590 2878 1660 designetur
2903 1591 3064 1653 Deus,
3090 1592 3336 1661 quamvis
3370 1608 3473 1647 non
3504 1594 3643 1649 idem

2061 1683 2332 1756 signiﬁcet
2371 1698 2567 1738 nomen
2598 1680 2779 1737 Patris
2806 1690 2899 1735 aut
2941 1680 3085 1745 Filii,
3124 1684 3267 1751 quod
3302 1698 3495 1738 nomen
3528 1684 3644 1740 Dei.

2060 1773 2177 1827 Non
2216 1774 2359 1827 enim
2400 1773 2538 1828 idem
2570 1780 2798 1826 estesse
2848 1771 3038 1835 Deum,
3070 1772 3213 1841 quod
3265 1782 3349 1826 est
3374 1787 3493 1827 esse
3540 1772 3646 1827 Pa-

2062 1873 2223 1932 trem,
2276 1873 2370 1919 aut
2416 1863 2633 1918 Filium.
2669 1861 2875 1917 Nomen
2927 1870 3109 1916 autem
3159 1860 3396 1932 Spiritus
3449 1863 3644 1929 sancti,

2061 1962 2182 2015 ideo
2212 1960 2340 2031 quia
2373 1957 2610 2027 Spiritus
2657 1964 2878 2010 sanctus
2910 1952 3139 2022 alicujus
3176 1938 3494 2024 intelligitur
3539 1955 3646 2025 spi-

2061 2054 2217 2117 ritus,
2247 2067 2344 2121 pro
2374 2050 2603 2106 relativo
2652 2049 2871 2102 nomine
2922 2047 3160 2116 ponitur.
3213 2045 3347 2098 Nam
3397 2049 3647 2115 quamvis

2060 2144 2224 2200 Pater
2248 2143 2319 2198 sit
2360 2142 2607 2209 spiritus,
2651 2148 2706 2193 et
2732 2146 2985 2200 sanctus;
3018 2146 3075 2191 et
3104 2135 3270 2190 Filius
3298 2136 3371 2189 sit
3402 2137 3645 2205 Spiritus,

2061 2247 2115 2292 et
2141 2243 2402 2298 sanctus;
2444 2248 2547 2286 non
2593 2240 2675 2286 est
2702 2240 2881 2284 tamen
2909 2228 3069 2283 Pater
3096 2228 3322 2297 alicujus
3363 2227 3453 2257 ¹³⁶⁰
3484 2229 3646 2297 spiri-

2064 2338 2169 2393 tus,
2204 2340 2304 2381 nec
2337 2323 2505 2378 Filius
2548 2320 2775 2389 alicujus
2803 2328 2887 2374 est
2922 2319 3153 2389 Spiritus
3189 2317 3278 2348 "‘5‘
3312 2336 3324 2370 :
3360 2318 3499 2372 sicut
3530 2316 3649 2387 Spi;

2063 2419 2200 2474 ritus
2230 2425 2452 2473 sanctus
2477 2412 2702 2482 alicujus
2721 2421 2805 2467 est
2843 2411 3101 2481 Spiritus;
3131 2419 3216 2467 est
3252 2411 3395 2465 enim
3423 2410 3646 2480 spiritus

2063 2510 2180 2575 Dei,
2203 2517 2256 2562 et
2282 2508 2504 2578 spiritus
2532 2504 2727 2567 Patris,
2752 2513 2808 2557 et
2838 2502 2980 2557 Filii.
3012 2501 3269 2568 Quamvis
3298 2502 3441 2556 enim
3469 2500 3642 2556 Cra-ci

2063 2608 2263 2671 negent
2295 2600 2359 2654 de
2394 2597 2529 2653 Filio
2560 2596 2710 2652 illum
2741 2598 3067 2666 procedere;
3100 2612 3205 2651 non
3237 2605 3417 2650 tamen
3449 2604 3648 2666 negant

2061 2706 2184 2746 eum
2225 2704 2345 2745 esse
2372 2689 2621 2759 spiritum
2666 2683 2809 2741 Filii.
2847 2686 3087 2741 Credunt
3136 2701 3350 2755 quoque
3385 2694 3439 2741 et
3479 2685 3645 2739 conﬁ-

2065 2788 2245 2833 tentur
2276 2780 2442 2833 Deum
2472 2778 2538 2832 de
2566 2777 2675 2833 Deo
2719 2791 2840 2831 esse
2892 2777 3185 2839 nascendo,
3226 2786 3282 2831 et
3334 2776 3497 2830 Deum
3529 2790 3649 2831 esse

1995 2877 2038 2932 Β
2066 2870 2131 2924 de
2184 2870 2291 2923 Deo
2342 2868 2686 2939 procedendo
2724 2866 2846 2934 “8’;
2899 2867 3027 2937 quia
3056 2866 3227 2921 Filius
3262 2866 3401 2923 Deus
3453 2874 3538 2921 est
3582 2867 3649 2921 de

2066 2961 2232 3015 Patre
2266 2960 2394 3026 Deo,
2432 2960 2735 3023 nascendo;
2773 2968 2829 3014 et
2880 2957 3118 3028 Spiritus
3146 2968 3368 3012 sanctus
3401 2958 3541 3012 Deus
3568 2968 3648 3012 est

2064 3049 2131 3104 de
2179 3049 2343 3106 Patre
2396 3049 2489 3081 ¹⁸⁶³
2540 3049 2667 3115 Deo,
2696 3046 3059 3118 procedendo.
3104 3046 3214 3102 Nec
3261 3056 3450 3117 putant
3485 3048 3647 3103 alium

2065 3157 2183 3196 esse
2210 3142 2400 3207 Deum,
2430 3142 2522 3212 qui
2548 3141 2816 3206 nascitur,
2841 3155 3006 3210 quam
3031 3141 3096 3195 de
3141 3154 3247 3210 quo
3277 3140 3519 3193 nascitur
3549 3157 3562 3193 :
3597 3150 3652 3194 et

2065 3233 2154 3304 qni
2185 3234 2450 3303 procedit,
2478 3248 2640 3303 quam
2666 3233 2730 3287 de
2753 3246 2862 3301 quo
2893 3231 3157 3302 procedit,
3181 3231 3431 3300 quamvis
3458 3245 3650 3286 secun-

2065 3329 2190 3383 dum
2221 3327 2439 3381 nomina
2485 3323 2847 3396 signiﬁcantia
2900 3324 3026 3393 quia
3058 3330 3141 3376 est
3187 3322 3253 3376 de
3294 3336 3401 3390 quo
3452 3321 3648 3390 aliquis

2065 3420 2327 3485 nascitur,
2364 3428 2422 3475 et
2467 3427 2551 3475 est
2599 3418 2690 3488 qui
2728 3417 2795 3472 de
2839 3416 3023 3486 aliquo
3050 3414 3311 3480 nascitur,
3340 3423 3395 3467 et
3430 3421 3509 3468 est
3557 3412 3647 3483 qui

2066 3514 2131 3570 de
2187 3514 2373 3585 aliquo
2433 3510 2722 3582 procedit,
2784 3509 3151 3581 pluralitatem
3220 3505 3502 3569 admittat;
3565 3517 3654 3560 se-

2067 3606 2300 3661 cundum
2347 3617 2510 3674 quam
2562 3602 2745 3673 plures
2784 3608 2838 3656 et
2869 3600 2961 3655 alii
3011 3607 3137 3655 sunt
3164 3597 3235 3653 ab
3280 3596 3515 3654 invicem
3544 3594 3648 3651 Pa»

2069 3705 2172 3761 ter,
2197 3704 2251 3749 et
2280 3693 2564 3759 Filius,et
2609 3691 2845 3761 Spiritus
2873 3700 3116 3748 sanctus.
3166 3688 3300 3744 Nam
3345 3704 3468 3744 cum
3521 3688 3655 3742 dici-

2069 3796 2156 3841 tur
2210 3785 2352 3840 Deus
2400 3798 2520 3839 esse
2572 3782 2776 3849 Pater,
2843 3781 3186 3853 signiﬁcatur
3250 3793 3373 3835 esse
3422 3779 3490 3833 de
3546 3793 3654 3846 quo

2067 3878 2266 3947 aliquis
2309 3875 2585 3940 nascitur;
2616 3882 2672 3930 et
2712 3889 2833 3928 cum
2877 3873 3191 3928 nominatur
3220 3870 3411 3933 Filius,
3452 3869 3650 3924 intelli-

2067 3968 2209 4040 gitur
2237 3982 2361 4023 esse
2380 3966 2470 4036 qui
2496 3966 2563 4023 de
2591 3966 2774 4034 aliquo
2802 3965 3072 4027 nascitur;
3099 3972 3155 4017 et
3173 3960 3391 4029 quando
3415 3958 3648 4028 Spiritus

2067 4071 2291 4116 sanctus
2320 4058 2636 4114 nominatur
2666 4054 2779 4120 M”,
2810 4054 2936 4123 quia
2963 4064 3069 4109 non
3096 4049 3342 4105 absolute
3378 4049 3647 4118 spiritum,

2070 4151 2164 4205 sed
2192 4149 2442 4218 spiritum
2490 4147 2587 4201 Dei
2622 4144 2973 4215 intelligimus
2993 4183 3008 4207 ,
3044 4149 3380 4195 monstratur
3412 4153 3532 4192 esse
3557 4138 3649 4206 qui

376 4246 528 4299 solus
547 4246 758 4300 dicatur
787 4246 968 4312 Pater,
994 4259 1087 4302 aut
1114 4249 1299 4313 Filius,
1328 4259 1421 4302 aut
1444 4249 1680 4318 Spiritus
1705 4258 1960 4314 sanctus;
1992 4232 2037 4296 (ἶ
2071 4242 2135 4296 de
2167 4242 2347 4313 aliquo
2385 4240 2647 4310 procedit.
2674 4238 2781 4294 Sed
2826 4253 2948 4292 cum
2980 4235 3178 4291 dicitur
3201 4234 3327 4304 quia
3364 4232 3533 4289 Filius
3570 4242 3650 4284 est

374 4340 495 4397 sive
523 4341 629 4394 duo
650 4340 834 4405 simul,
869 4340 1026 4394 Pater
1048 4350 1103 4396 et
1127 4341 1316 4408 Filius,
1338 4351 1431 4396 ant
1462 4342 1623 4397 Pater
1652 4353 1710 4398 et
1730 4342 1966 4413 Spiritus

377 4441 622 4496 sanctus,
674 4442 770 4487 aut
812 4431 984 4487 Filius
1018 4444 1074 4489 et
1114 4432 1353 4503 Spiritus
1395 4444 1647 4500 sanctus;
1687 4435 1802 4491 sive
1855 4444 1967 4489 tres

2076 4339 2141 4393 de
2170 4337 2343 4399 l‘atre,
2375 4341 2430 4387 et
2460 4331 2697 4405 Spiritus
2717 4340 2937 4386 sanctus
2962 4339 3046 4384 est
3073 4329 3139 4385 de
3175 4328 3339 4382 Patre
3370 4326 3459 4358 ¹¹ι⁶⁸
3487 4322 3651 4379 intel-

2074 4431 2259 4503 ligitur
2305 4427 2412 4498 50
2454 4429 2580 4498 quia
2611 4428 2715 4481 hoc
2760 4424 2905 4495 quod
2938 4433 3020 4477 est
3068 4421 3256 4482 Filius,
3294 4426 3389 4472 aut
3419 4415 3651 4487 Spiritus

1732 4564 1968 4641 'vAntzE
2009 4583 2408 4640 LECTIONES.

457 4695 671 4770 ""aj‘m
711 4696 1055 4770 CollatusAest
1093 4698 1222 4770 liber
1265 4699 1338 4770 De
1360 4701 1687 4770 processione
1716 4700 1943 4770 Spiritus
1978 4701 2146 4754 sancti
2197 4717 2311 4753 cum
2344 4715 2471 4752 mss.
2496 4697 2761 4770 Beccensi,
2791 4695 3231 4770 Gemmeticensi,
3255 4697 3531 4755 Victorini:
3558 4703 3654 4754 tri-

378 4767 478 4819 bus
509 4765 646 4819 alias
675 4770 866 4820 notatis
890 4766 975 4820 CC
1006 4769 1059 4834 9,
1221 4769 1304 4831 13,
1334 4765 1380 4823 et
1420 4768 1536 4823 RR.
1570 4771 1604 4823 '5
1629 4765 1831 4825 dualins
1861 4770 2117 4830 ’I'Ituania,
2146 4770 2335 4822 scilicet
2376 4770 2445 4822 50
2468 4778 2514 4820 et
2548 4768 2639 4831 90,
2676 4785 2780 4821 uno
2814 4767 3112 4823 Corbeiensi
3153 4769 3276 4835 307,
3320 4787 3422 4824 uno
3460 4771 3650 4827 Cister-

377 4838 640 4910 qicmilet
649 4836 1085 4910 uno‘lgibliotttecw
1099 4836 1158 4910 S.
1175 4838 1446 4910 Michaelis
1474 4842 1528 4893 in
1553 4852 1749 4904 monte,
1773 4843 1827 4893 in
1855 4857 1958 4910 quo
1990 4856 2093 4894 non
2123 4840 2406 4910 comp/ejus
2432 4839 2761 4910 habeturict
2791 4854 2908 4891 cum
2938 4841 3164 4894 editione
3189 4839 3429 4895 Gothica.
3458 4840 3646 4896 -—Hs.

394 4904 529 4980 Vict.
548 4907 599 4980 ζ’)ἶ
620 4905 858 4980 Libellus
869 4907 1048 4980 editus
1060 4908 1129 4962 ab
1142 4909 1398 4980 Anselmo
1415 4910 1821 4979 archiepiscopo
1834 4904 2204 4967 Cantuariensi
2221 4904 2287 4962 de
2306 4907 2657 4980 Processione
2679 4908 2914 4980 Spiritus
2937 4913 3131 4965 sancti.
3150 4912 3442 4967 ms.Cister.
3460 4913 3651 4980 Incipit

382 4976 525 5049 liber
552 4976 792 5049 ejusdem
827 4977 892 5031 de
911 4977 1267 5034 Processione
1283 4980 1513 5049 Spiritus
1540 4976 1735 5035 sancti.
1756 4976 1864 5035 'ms.
1894 4980 2049 5035 Corb.
2075 4980 2200 5034 507.
2233 4980 2308 5033 De
2332 4978 2687 5049 Processipne
2711 4976 2946 5049 Spiritu;
2984 4983 3157 5037 sancti
3199 4984 3334 5037 liber
3379 4976 3646 5037 Anselrini.

380 5045 759 5131 Innms.‘Qorb_.
791 5056 865 5101 est
886 5045 1439 5131 p‘er.modunt_p_rldl_agi
1479 5122 1489 5131 _
1540 5051 1647 5131 {mn
1671 5052 1942 5131 Auxilium
1976 5050 2212 5131 Spiritus
2230 5065 2368 5131 ,ηυδε
2378 5048 2532 5131 13:36..-
2556 5046 2701 5131 (gent.
2746 5045 2880 5104 Vict.
2909 5051 3068 5131 Corb.
3102 5063 3148 5131 ct
3172 5052 3337 5131 βίω..
3360 5051 3514 5131 (iam.
3547 5070 3646 5131 att-

378 5115 844 5202 xiliurqejusdem
887 5115 1136 5202 Spiritus
1344 5115 1489 5202 Inani
1517 5120 1843 5202 gloriantes.
1881 5115 2291 5202 inanivictorial
2338 5119 2446 5202 “ﬁ”
2485 5118 2633 5200 Mttlti
2659 5122 3249 5202 Sllnl"188:,illllll-i-Silll
3325 5120 3415 5152 ¹⁸⁸³
3453 5123 3495 5173 Λ
3526 5122 3644 5191 plu-

380 5187 867 5267 ribusiujupgitur
897 5206 995 5267 ms.
1039 5188 1175 5245 Vict.
1210 5191 1367 5267 l5_.._a
1400 5187 1644 5267 [Illll‘ilﬂls
1686 5192 1789 5267 lioc
1828 5191 2145 5267 iniungitur:
2191 5190 2297 5267 1"“
2338 5190 2468 5267 Mere
2496 5189 2738 5243 scientiae
2776 5207 2875 5243 ms.
2919 5189 3049 5267 Vict.
3084 5192 3170 5244 15.
3202 5187 3649 5267 ηιεςἮ-(τρηεςίθηη

380 5257 500 5330 ῑῇειξΔ
548 5257 639 5330 ’Ψ
677 5258 811 5330 Quae
839 5260 1071 5314 credunt
1100 5277 1225 5313 mss.
1269 5259 1402 5315 Vict.
1438 5259 1594 5316 Corb.
1627 5263 1720 5330 qui
1751 5257 2008 5317 credunt'
2054 5260 2147 5293 ⁸³⁵⁸
2187 5261 2254 5316 Et
2284 5262 2620 5316 conﬁdenter
2644 5276 2769 5313 mss.
2800 5270 2854 5314 et
2872 5263 3200 5330 conﬁtentur
3274 5262 3362 5292 “‘7
3404 5261 3508 5316 Pro
3531 5276 3650 5315 cer~

384 5327 609 5382 tissimis
635 5329 702 5403 ad
728 5330 1125 5403 reprobandum
1157 5327 1922 5403 quodnisssprqcertissimis
1944 5335 2274 5403 argumentis
2308 5332 2373 5385 ad
2416 5330 2753 5403 probandum
2778 5332 2921 5400 quod
2950 5330 3095 5403 Edit.
3119 5329 3274 5384 Goth.
3305 5346 3402 5399 pro
3430 5334 3643 5388 certiss.

378 5400 741 5470 argumentis
771 5399 838 5470 ad
868 5401 1116 5470 ﬂreprob.
1172 5402 1315 5469 quod
1413 5401 1506 5435 “5'
1550 5401 1643 5455 Est
1694 5403 1749 5457 in
1796 5419 1893 5458 ms.
1933 5399 2092 5458 Corb.
2138 5401 2305 5470 Caput
2370 5408 2395 5454 ι
2530 5401 2621 5434 ’⁵⁵³
2673 5399 2842 5455 Totus
2901 5402 3174 5470 perfectus
3215 5417 3340 5456 mss.
3394 5411 3538 5458 totus
3591 5411 3649 5459 et

380 5466 658 5544 perfectus
731 5469 824 5501 “‘°
842 5466 977 5544 Δ1ξῆΟὴ
1011 5466 1369 5544 tamen—pater
1402 5472 1629 5544 alicujus
1657 5489 1783 5544 nias.
1812 5489 1918 5528 non
1942 5481 2023 5544 est
2047 5466 2227 5544 tamen
2255 5481 2411 5544 pater
2431 5471 2661 5540 alicujus
2738 5471 2831 5544 "ff"
2870 5466 2978 5544 Nec
3003 5472 3141 5544 ﬁlius
3163 5470 3390 5544 alicujus
3417 5473 3642 5544 spiritus

380 5488 658 5535 perlaetus
861 5488 977 5524 non
1011 5488 1187 5525 tamen
1215 5488 1369 5541 pater
1402 5488 1629 5539 aucujus
1657 5489 1783 5528 nias.
1812 5489 1918 5528 non
1942 5488 2023 5527 εει
2047 5488 2227 5528 tamen
2276 5488 2411 5527 tater
2431 5488 2661 5540 alicujus
2739 5488 2825 5503 ην·
2870 5488 2978 5526 nec
3003 5488 3141 5525 unus
3163 5488 3390 5542 aucujus
3417 5488 3642 5544 Spll‘lltls

377 5551 524 5616 nun
545 5536 678 5592 Vict.
709 5554 809 5616 nec
834 5540 978 5595 ﬁlius
1005 5541 1234 5616 alicujus
1268 5553 1351 5597 est
1371 5543 1594 5616 spiritus
1616 5558 1714 5596 ms.
1738 5542 1901 5616 garb:
1924 5542 2008 5616 vel
2039 5543 2182 5598 ﬁlius
2215 5488 2445 5612 alicujus
2467 5544 2695 5616 spiritus
2769 5541 2860 5573 “"
2895 5542 3063 5616 Deum
3089 5543 3156 5616 de
3186 5543 3295 5598 Deo
3321 5559 3441 5599 esse
3464 5560 3650 5616 proce-

380 5606 562 5685 dendo
586 5624 714 5685 mss.
744 5610 916 5685 Deum
942 5626 1064 5685 esse
1091 5606 1159 5685 de
1188 5612 1296 5667 Deo
1318 5606 1658 5682 procedendo
1734 5612 1826 5645 “6‘
1868 5612 2105 5685 Spiritus
2128 5606 2467 5669 sanctus'est
2500 5606 2576 5668 'de
2604 5613 2783 5685 Patre
2798 5628 2927 5685 mss.
2970 5611 3208 5685 Spiritus
3247 5606 3481 5671 sanctus'
3509 5616 3648 5672 Deus

380 5684 469 5731 est
503 5677 789 5761 deP‘atre
835 5680 927 5713 ³³⁸⁸
964 5682 1199 5752 Spiritus
1241 5677 1463 5761 sanctus
1492 5686 1802 5741 nominatur
1828 5677 1927 5740 mi.
1958 5682 2150 5741 (Εὔιτον.
2196 5692 2538 5755 nuncupatur
2613 5682 2704 5715 ¹⁶⁶⁸
2742 5681 2809 5736 Et
2837 5677 3073 5756 Spiritus
3110 5697 3329 5743 sanctus
3373 5690 3440 5744 de
3487 5687 3647 5743 Patre

383 5763 511 5801 mss.
535 5758 591 5802 et
626 5747 859 5820 Spiritus
888 5747 1105 5808 sanctus
1131 5765 1213 5809 cst
1242 5754 1304 5809 de
1334 5753 1494 5810 Patre
