3926 6054
282 302 387 357 287

809 299 867 354 S.
909 298 1208 354 ANSELMI
1252 292 1600 355 CANTUAR.
1648 287 1966 345 ARCIIIE‘P.
2007 286 2158 342 OPP.
2196 282 2376 339 PARS
2415 282 2454 336 l.
2498 313 2566 322 —-
2608 280 3026 337 DOGMATICA.

3433 282 3540 340 288

279 423 522 479 sanctus,
548 412 747 466 habent
772 410 838 465 de
866 410 1028 465 Patre
1058 410 1171 462 ωδ.
1200 408 1306 463 Sed
1334 406 1440 460 alio
1477 404 1633 459 modo
1658 400 1853 456 intelliv
1888 400 1935 458 Α
1963 402 2050 449 tus
2088 403 2308 449 sanctus
2336 402 2421 447 cst
2463 391 2642 446 Pater.
2697 390 2904 461 Quippe
2946 392 3032 423 ’⁸⁷⁷
3081 393 3332 461 quoniam
3374 394 3540 448 Fiiins

280 505 424 575 gitur
446 502 613 558 Filius
640 516 761 557 esse
782 501 847 554 de
877 500 1061 565 Patre,
1079 508 1133 553 et
1154 492 1570 565 aliter‘Spiritus
1598 501 1816 547 sanctus
1842 506 1855 543 :

281 597 451 651 Filius
478 595 622 650 enim
656 603 740 648 est
779 593 846 648 de
873 592 1035 646 Patre
1054 606 1173 655 suo,
1205 590 1257 644 id
1286 598 1369 645 cst
1409 588 1475 642 de
1503 587 1613 641 Deo
1655 584 1747 654 qui
1778 589 1860 636 est

279 688 440 743 Pater
460 685 602 754 ejus;
624 684 859 755 Spiritus
887 692 1106 739 sanctus
1122 697 1251 737 vero
1272 695 1377 735 non
1406 678 1571 734 estde
1582 678 1692 732 Deo
1708 686 1861 744 patre

277 795 399 844 suo,
425 778 518 833 sed
553 787 756 831 tantum
799 777 864 832 dc
913 777 1021 830 Deo
1051 774 1143 845 qui
1188 784 1270 829 est
1307 772 1489 826 Pater.
1521 770 1660 841 Ergo
1692 766 1860 822 Filius

275 870 574 924 secundum
619 869 760 936 quod
809 876 894 921 est
923 867 988 920 de
1026 865 1155 929 Deo,
1186 864 1381 919 dicitur
1428 861 1597 916 Filius
1624 858 1771 927 ejus;
1808 866 1861 911 et

276 962 365 1016 ille
395 961 462 1016 de
490 976 595 1029 quo
621 970 727 1023 est,
754 958 914 1012 Pater
945 957 1061 1025 ejus
1092 976 1104 1011 :
1136 956 1373 1027 Spiritus
1413 962 1634 1009 sanctus
1678 961 1859 1005 autem

276 1070 381 1108 non
440 1053 738 1109 secundum
796 1053 939 1121 quod
994 1058 1078 1105 est
1133 1050 1200 1104 de
1256 1048 1365 1103 Deo
1423 1055 1508 1101 est
1564 1044 1706 1099 ﬁlius
1744 1043 1861 1112 ejus

276 1143 400 1211 "‘°';
442 1159 541 1199 nec
570 1143 654 1200 ille
678 1145 743 1198 dc
774 1159 880 1212 quo
913 1154 996 1197 est
1025 1151 1178 1212 pater
1201 1141 1334 1210 ejus.
1358 1139 1572 1195 Certum
1595 1147 1674 1191 est
1697 1137 1859 1191 etiam

274 1235 403 1304 quia
455 1237 593 1291 Deus
640 1250 745 1290 non
802 1246 886 1289 est
933 1234 1095 1288 Pater
1147 1242 1239 1286 aut
1277 1232 1464 1296 Filius,
1506 1239 1597 1284 aut
1629 1228 1863 1299 Spiritus

281 1329 510 1399 alicujus
541 1328 645 1382 nisi
698 1327 797 1382 Dei
836 1326 958 1393 ι⁸⁶⁸;
1004 1341 1103 1381 nec
1134 1326 1237 1378 ulla
1292 1340 1378 1377 res
1420 1331 1503 1376 est
1550 1321 1711 1385 Deus,
1758 1318 1861 1372 nisi

280 1426 418 1480 idem
453 1424 635 1488 Pater,
662 1432 715 1477 et
741 1422 931 1485 Filius,
975 1430 1031 1476 et
1075 1421 1309 1491 Spiritus
1340 1428 1581 1474 sanctus.
1618 1417 1683 1470 Et
1726 1417 1865 1471 sicut

277 1532 417 1570 unus
446 1517 584 1569 Deus
610 1523 722 1578 est,
766 1514 844 1567 sic
885 1528 1022 1568 unus
1052 1521 1259 1565 tantum
1292 1511 1474 1575 Pater,
1501 1525 1638 1563 unus
1669 1507 1862 1571 Filius,

277 1623 418 1661 unus
449 1605 685 1675 Spiritus
719 1614 943 1659 sanctus
989 1614 1091 1659 est.
1125 1604 1277 1659 Unde
1326 1603 1383 1657 ﬁt
1434 1611 1490 1655 ut
1530 1616 1635 1655 non
1670 1600 1740 1655 sit
1773 1599 1861 1653 illa

282 1697 549 1752 Trinitate
578 1697 739 1751 Pater
777 1698 879 1751 nisi
913 1697 1155 1766 ejusdem
1205 1695 1357 1760 Filii;
1387 1709 1489 1749 nec
1531 1693 1720 1758 Filius,
1758 1691 1859 1745 nisi

1964 495 2047 541 est
2077 487 2141 539 de
2170 486 2351 547 Patre,
2398 493 2450 539 et
2482 483 2713 553 Spiritus
2744 493 2960 537 sanctus
2997 494 3077 537 est
3113 487 3177 538 de
3221 483 3380 538 Patre
3410 484 3539 547 mm;

1963 593 2063 633 nec
2094 577 2201 642 ille,
2238 577 2305 631 de
2329 592 2436 647 quo
2467 584 2548 630 est
2573 574 2788 644 aliquis,
2817 582 2992 645 potest
3025 590 3144 629 esse
3177 574 3263 629 ille
3285 575 3375 644 qui
3400 576 3464 631 de
3487 562 3549 634 εὖ

1962 679 2078 736 εει;
2122 685 2222 725 nec
2252 669 2363 733 ille,
2384 670 2473 739 qui
2507 670 2571 723 de
2594 667 2776 737 aliquo
2805 676 2908 731 est,
2940 666 3086 720 valet
3115 682 3233 721 esse
3265 667 3309 721 is
3341 668 3407 722 de
3438 685 3545 739 quo

1960 769 2064 827 est,
2098 761 2237 815 sicut
2277 759 2389 828 jam
2421 760 2622 813 dictum
2669 767 2753 813 est
2794 775 2807 812 :
2864 757 3068 812 idcirco
3118 773 3217 812 nec
3254 756 3415 812 Pater
3463 771 3546 815 est

1962 848 2153 915 Filius,
2190 858 2282 903 aut
2314 849 2548 919 Spiritus
2572 856 2823 910 sanctus;
2858 861 2959 901 nec
3001 846 3167 902 Filius
3188 886 3202 911 ,
3232 846 3345 899 sive
3376 846 3542 917 Spiri-

1964 938 2105 994 ritus
2137 948 2359 994 sanctus
2406 947 2489 992 est
2541 937 2721 991 Pater.
2771 935 2939 990 Filius
2984 944 3187 1002 autem,
3221 944 3280 989 ut
3330 935 3543 991 interim

1964 1031 2123 1085 aliam
2158 1045 2375 1087 causam
2401 1028 2871 1098 dicam,quoniam
2896 1028 3130 1081 nondum
3160 1035 3371 1082 constat
3400 1027 3544 1097 quod

1966 1123 2199 1194 Spiritus
2228 1133 2448 1179 sanctus
2498 1123 2563 1177 de
2600 1122 2690 1176 illo
2734 1121 2805 1176 sit
2847 1128 2903 1175 et
2951 1120 3241 1189 procedat,
3283 1120 3402 1174 ideo
3439 1135 3544 1174 non

1964 1226 2049 1272 est
2078 1216 2310 1287 Spiritus
2335 1223 2577 1278 sanctus,
2612 1229 2709 1268 nec
2732 1213 2966 1283 Spiritus
2989 1220 3210 1267 sanctus
3232 1222 3315 1267 est
3336 1211 3536 1274 Filius;

1964 1311 2090 1381 quia
2119 1308 2306 1373 Filius,
2340 1307 2630 1371 nascendo,
2665 1307 2828 1362 habet
2854 1320 2974 1361 esse
3003 1304 3069 1360 de
3093 1304 3283 1371 Patre;
3317 1303 3548 1374 Spiritus

1965 1410 2188 1457 sanctus
2220 1416 2367 1460 vero.
2414 1414 2519 1453 non
2553 1398 2845 1463 nascendo,
2892 1397 2985 1451 sed
3031 1395 3408 1466 procedendo,
3453 1409 3547 1448 nec

1965 1493 2133 1550 Filius
2161 1501 2340 1563 potest
2361 1506 2481 1547 esse
2508 1505 2638 1546 suus
2662 1490 2905 1560 spiritus,
2946 1503 3050 1544 nec
3072 1487 3306 1559 Spiritus
3331 1495 3557 1542 sanctus

1964 1585 2109 1640 valet
2150 1598 2268 1640 esse
2296 1582 2384 1638 ille
2412 1580 2567 1651 cujus
2598 1581 2818 1649 spiritus
2849 1587 2956 1634 est.

2526 1671 2754 1728 CAPUT
2800 1670 2843 1725 II
2884 1669 2996 1724 “7'.

277 1788 516 1855 ejusdem
546 1790 755 1855 Patris;
785 1804 955 1859 neque
986 1788 1219 1857 Spiritus
1243 1798 1465 1842 sanctus
1496 1784 1725 1853 alicujus
1754 1785 1862 1854 spi-
1895 1756 1938 1810 Β
1969 1783 2245 1851 Quomodo
2280 1782 2613 1859 indiuisibiiis
2646 1780 2836 1859 μηίιαδ
2857 1820 2872 1844 ,
2911 1789 2959 1833 et
2981 1778 3324 1859 _iusociabilis
3363 1778 3547 1849 plura-

278 1882 437 1946 ritus,
490 1882 592 1935 nisi
624 1881 864 1949 ejusdem
895 1880 1077 1935 Patris
1117 1888 1170 1935 et
1214 1880 1359 1935 Filii.
1388 1877 1515 1933 Haec
1539 1879 1718 1945 itaque
1746 1875 1860 1931 sola

278 1983 443 2021 causa
470 1968 797 2039 pluralitatis
829 1978 910 2024 est
934 1969 986 2022 in
1029 1970 1174 2035 Deo;
1209 1979 1267 2024 ut
1297 1969 1480 2033 Pater,
1511 1976 1567 2022 et
1590 1966 1781 2031 Filius,
1811 1974 1866 2019 et

276 2060 511 2130 Spiritus
540 2070 761 2115 sanctus
784 2060 887 2115 dici
914 2075 1018 2115 non
1042 2062 1251 2131 possint
1279 2061 1345 2115 de
1382 2061 1634 2121 invicem,
1652 2059 1745 2114 sed
1772 2059 1862 2113 alii

279 2151 390 2206 sint
418 2152 485 2206 ab
534 2152 763 2207 invicem
800 2152 921 2218 ¹¹⁵⁶⁹ς
950 2153 1074 2222 quia
1120 2153 1411 2223 praedictis
1440 2153 1649 2206 duobus
1692 2152 1866 2208 modis

277 2252 363 2298 est
397 2243 539 2297 Deus
567 2242 634 2297 de
667 2242 799 2297 Deo.
830 2243 982 2309 Quod
1036 2253 1207 2298 totum
1247 2243 1427 2314 potest
1476 2242 1581 2298 dici
1628 2241 1819 2299 relatio
1848 2257 1863 2296 :

254 2348 425 2395 mam,
455 2334 709 2401 quoniam
737 2334 829 2371 “7°
861 2333 1031 2388 Filius
1055 2335 1239 2389 existit
1264 2336 1329 2390 de
1357 2334 1465 2390 Deo
1492 2337 1785 2401 nascendo,
1813 2343 1869 2390 et

278 2423 511 2492 Spiritus
565 2435 803 2491 sanctus,
848 2427 1221 2494 procedendo;
1256 2428 1370 2495 ipsa
1418 2427 1732 2483 diversitate
1778 2442 1870 2481 na-

281 2515 529 2580 tivitatis,
573 2525 629 2570 et
661 2517 1025 2585 processiouis
1064 2517 1376 2572 referuntur
1409 2519 1475 2573 ad
1520 2519 1774 2584 invicem,
1809 2528 1869 2575 ut

279 2604 477 2657 diversi
529 2614 584 2659 et
641 2605 729 2658 alii
784 2606 852 2659 ah
903 2605 1158 2661 invicem.
1194 2608 1259 2660 Et
1295 2610 1511 2677 quando
1563 2610 1865 2664 substantia

278 2692 439 2746 habet
465 2708 584 2748 esse
607 2694 672 2747 de
695 2695 1022 2761 substantia,
1054 2696 1171 2750 dua:
1204 2696 1335 2750 liunt
1367 2696 1439 2752 ibi
1471 2698 1759 2754 relationes
1786 2700 1869 2754 in-

277 2784 605 2851 sociabiles;
661 2786 703 2839 si
760 2787 1058 2841 secundum
1132 2787 1253 2843 illas
1315 2790 1534 2843 nomina
1593 2801 1869 2861 ponantur

275 2873 594 2932 substantia:
626 2892 644 2933 :
673 2893 795 2933 cum
835 2879 977 2934 enim
1006 2879 1168 2935 homo
1204 2889 1307 2948 est,
1336 2882 1635 2952 gignendo,
1679 2886 1743 2941 de
1773 2887 1868 2941 ho—

278 2967 456 3031 mine;
500 2967 698 3022 dicitur
729 2970 914 3037 homo,
946 2969 1013 3024 de
1060 2985 1168 3040 quo
1199 2983 1283 3026 cst
1320 2973 1483 3027 homo
1510 3014 1524 3039 ,
1580 2985 1761 3044 pater;
1814 2985 1866 3031 et

279 3060 463 3125 homo,
492 3063 582 3131 qui
614 3064 783 3117 estde
812 3063 1049 3130 homine,
1089 3063 1248 3120 ﬁlius.
1288 3064 1663 3134 [inpossiliilile
1703 3069 1869 3140 igitur

280 3160 365 3205 est
412 3162 621 3221 patrem
673 3168 794 3208 esse
842 3153 991 3207 illum
1040 3154 1245 3220 ﬁlium,
1280 3153 1432 3223 cujus
1462 3167 1619 3225 pater
1648 3167 1764 3225 est;
1814 3168 1869 3213 et

283 3239 451 3295 ﬁlium
481 3256 601 3297 esse
648 3242 795 3297 illum
821 3252 1052 3313 patrem,
1086 3244 1239 3314 cujus
1279 3243 1420 3300 ﬁlius
1461 3256 1545 3300 est
1580 3264 1592 3300 :
1624 3248 1870 3316 quamvis

281 3342 491 3401 patrem
519 3350 641 3390 esse
669 3336 858 3400 ﬁlium,
899 3345 954 3390 et
982 3336 1150 3390 ﬁlium
1180 3352 1301 3392 esse
1336 3346 1545 3407 patrem
1583 3340 1714 3393 nihil
1746 3356 1871 3409 pro-

284 3425 489 3489 hibeat,
518 3441 638 3478 cum
665 3441 801 3479 unus
832 3425 992 3480 homo
1015 3435 1169 3494 pater
1197 3437 1301 3491 est,
1325 3437 1380 3483 et
1415 3427 1588 3495 ﬁlius;
1616 3430 1869 3497 quoniam

284 3519 350 3571 ad
392 3517 555 3571 alium
601 3528 683 3573 est
713 3527 889 3588 pater,
940 3526 995 3572 et
1030 3519 1097 3572 ad
1127 3518 1291 3573 alium
1323 3519 1466 3575 ﬁlius
1512 3521 1624 3574 “".
1669 3519 1873 3590 Nempe

282 3624 406 3663 cum
462 3609 609 3664 Isaac
638 3609 710 3663 sit
739 3618 893 3679 pater
922 3606 1108 3674 Jacob,
1141 3617 1196 3661 et
1226 3607 1366 3663 ﬁlius
1404 3609 1665 3677 Abrahae;
1719 3620 1875 3679 pater

281 3711 365 3754 est
391 3699 548 3759 ﬁlius.
579 3710 633 3754 et
666 3700 808 3755 ﬁlius
838 3711 991 3770 pater
1017 3701 1135 3756 sine
1171 3702 1267 3736 "7'
1302 3702 1698 3773 repugnantia;
1738 3717 1876 3773 quo-

281 3790 428 3844 niam
454 3792 519 3844 ad
557 3791 721 3846 alium
752 3801 908 3861 pater
928 3792 1126 3847 dicitur
1154 3806 1316 3862 quam
1340 3793 1407 3848 ad
1435 3808 1590 3847 suum
1618 3803 1828 3863 patrem
1856 3810 1871 3861 ;

283 3892 338 3937 et
372 3883 512 3938 lilius
550 3884 616 3938 ad
669 3883 832 3938 alium
874 3899 1035 3955 quam
1089 3884 1156 3939 ad
1207 3901 1364 3940 suum
1416 3884 1617 3952 ﬁlium;
1663 3894 1871 3957 patrem

285 3981 464 4027 autem
492 3987 612 4027 esse
639 3972 692 4026 in
738 3974 929 4027 colem
963 3972 1114 4028 Isaac
1160 3974 1308 4029 illum
1350 3974 1442 4007 ¹⁶⁷³
1474 3975 1641 4029 ﬁlium
1667 4014 1682 4040 ,
1721 3976 1875 4046 cujus

283 4076 440 4137 pater
464 4076 573 4131 est;
609 4076 702 4119 aut
732 4065 899 4119 ﬁlium
930 4079 1053 4120 esse
1104 4064 1253 4119 illum
1309 4074 1514 4134 patrem
1566 4064 1687 4130 “7‘,
1719 4064 1873 4133 cujus

284 4168 366 4212 cst
404 4159 543 4213 (ilius
594 4158 704 4224 ⁸⁸⁷⁸,
736 4172 839 4211 non
880 4166 965 4212 est
1010 4156 1286 4226 possibile.
1337 4156 1415 4210 Ita
1454 4171 1585 4227 ergo
1637 4157 1688 4211 in
1722 4158 1872 4226 Deo,

283 4265 405 4303 cum
437 4250 581 4303 Deus
625 4249 695 4303 sit
732 4248 908 4313 Pater,
942 4255 997 4301 et
1032 4246 1221 4310 Filius,
1250 4254 1303 4300 et
1331 4245 1565 4316 Spiritus
1612 4256 1869 4314 sanctus;

284 4352 385 4392 nec
422 4342 494 4393 sit
540 4338 722 4403 Pater,
758 4336 860 4391 nisi
889 4335 1132 4405 ejusdem
1186 4336 1339 4399 Filii;
1378 4351 1480 4391 nec
1530 4335 1735 4403 Filius,
1770 4338 1871 4393 nisi

284 4428 523 4498 ejusdem
580 4428 794 4493 Patris;
854 4443 954 4482 nec
1000 4427 1234 4495 Spiritus
1284 4426 1511 4495 alicujus
1566 4428 1702 4492 ¹¹⁶⁷⁶.
1766 4430 1869 4484 nisi

2392 1852 2513 1907 liras
2544 1854 2598 1905 in
2638 1851 2745 1904 Deo
2779 1851 3109 1904 conveniant.

2038 1948 2132 2003 llis
2158 1945 2474 2017 praemissis,
2500 1944 2768 2014 quomodo
2799 1941 3141 1997 indivisihilis
3164 1941 3360 2006 unitas,
3388 1949 3443 1995 et
3469 1939 3552 1995 in-

1966 2039 2237 2096 sociabilis
2264 2036 2551 2107 pluralitas
2581 2036 2632 2090 in
2668 2034 2776 2089 Deo
2813 2049 2871 2089 se
2910 2034 2977 2088 ad
3009 2034 3238 2088 invicem
3272 2033 3545 2097 habeant,

1968 2133 2328 2211 inquiramus.
2381 2128 2647 2197 Quoniam
2692 2134 2870 2181 autem
2907 2125 3042 2191 hinc,
3081 2139 3201 2193 qua:
3231 2124 3371 2178 dicta
3402 2135 3547 2189 sunt,

1967 2223 2173 2295 pariter
2194 2220 2469 2276 credimus
2500 2218 2872 2273 indubitanter
2896 2224 2950 2270 et
2977 2214 3301 2270 conﬁtemur
3333 2230 3346 2266 :
3377 2222 3431 2268 et
3456 2227 3551 2267 nos

1969 2315 2060 2385 qui
2112 2314 2343 2368 dicimus
2372 2311 2633 2380 Spiritum
2671 2316 2918 2363 sanctum
2959 2306 3026 2361 de
3069 2304 3207 2360 Filio
3237 2304 3546 2373 procedere,

1969 2416 2023 2461 et
2053 2405 2226 2461 Gnaei
2251 2405 2343 2474 qui
2366 2403 2644 2458 nobiscum
2677 2401 2742 2456 de
2768 2401 2870 2454 hac.
2899 2413 2956 2453 re
2980 2413 3083 2451 non
3113 2396 3373 2458 sentiunt,
3391 2395 3553 2450 debe-

1971 2514 2091 2554 mus
2119 2498 2323 2567 absque
2355 2495 2463 2550 ulla
2496 2492 2873 2563 ambiguitate,
2901 2505 3022 2561 qua:
3048 2506 3109 2545 ex
3144 2489 3227 2543 his
3250 2486 3552 2542 necessarie

1969 2596 2418 2659 consequuntur,
2475 2599 2583 2639 uno
2634 2597 2902 2638 consensu
2952 2581 3246 2650 suscipere.
3300 2577 3555 2648 Sequitur

1970 2682 2115 2737 enim
2144 2678 2436 2734 secundum
2466 2675 2689 2729 unitatis
2718 2672 2835 2737 Dei,
2860 2687 2979 2741 quae
3016 2670 3191 2725 nullas
3230 2667 3392 2724 habet
3434 2683 3555 2737 par-

1972 2783 2077 2839 tes,
2098 2772 2519 2843 pr0prietatem;
2553 2775 2611 2822 ut
2632 2766 2889 2835 quidquid
2920 2765 2986 2820 de
3015 2780 3120 2818 uno
3146 2764 3274 2827 Dco,
3297 2765 3385 2831 qui
3414 2771 3555 2815 totus

1970 2875 2054 2921 est
2082 2864 2340 2936 quidquid
2384 2873 2487 2927 est,
2519 2860 2750 2925 dicitur,
2796 2857 2864 2913 de
2919 2867 3029 2912 toto
3064 2858 3171 2911 Deo
3218 2855 3378 2910 Patre
3408 2856 3555 2908 dica—

1973 2966 2079 3024 tur,
2112 2967 2163 3011 et
2193 2958 2256 3012 de
2278 2955 2437 3019 Filio,
2463 2962 2517 3008 et
2542 2953 2608 3007 de
2630 2951 2835 3021 Spiritu
2866 2957 3086 3013 sancto;
3113 2947 3239 3016 quia
3272 2945 3556 3015 unusquis-

1972 3064 2078 3120 que
2109 3048 2276 3115 solus,
2305 3056 2359 3103 et
2387 3054 2549 3109 totus,
2587 3052 2644 3099 et
2692 3042 2965 3114 perfectus
3017 3040 3161 3095 Deus
3208 3046 3313 3092 est.
3353 3036 3554 3104 Supra-

1897 3131 1941 3192 C
1974 3142 2119 3197 dicta
2146 3155 2274 3196 vero
2304 3137 2582 3195 relationis
2619 3135 2912 3206 oppositio,
2941 3149 3063 3202 quae
3092 3148 3158 3186 ex
3181 3132 3285 3185 hoc
3313 3129 3557 3184 nascitur

1976 3233 2068 3266 "3°
2097 3233 2223 3302 quia
2256 3229 2581 3300 supradictis
2608 3227 2818 3281 duobus
2851 3225 3026 3279 modis
3060 3223 3201 3277 Deus
3222 3221 3289 3276 de
3315 3220 3426 3273 Deo
3445 3226 3554 3283 est.

1971 3324 2224 3393 prohibet
2253 3321 2491 3385 Patrem,
2515 3330 2570 3375 et
2596 3317 2819 3381 Filium,
2849 3325 2905 3371 et
2927 3314 3186 3384 Spiritum
3217 3320 3462 3368 sanctum
3490 3310 3558 3363 de

1974 3416 2205 3471 invicem
2229 3414 2354 3475 dici,
2400 3423 2453 3469 et
2498 3411 2717 3482 propria
2766 3408 3101 3478 singulorum
3150 3405 3273 3459 aliis
3308 3402 3552 3458 attribui.

1974 3508 2066 3565 Sic
2096 3524 2227 3579 ergo
2264 3506 2425 3577 hujus
2474 3504 2721 3571 unitatis,
2752 3512 2809 3558 et
2854 3500 3015 3570 hujus
3060 3496 3338 3553 relationis
3369 3508 3557 3551 conse-

1973 3604 2209 3674 quentia:
2256 3618 2315 3657 se
2368 3606 2815 3669 contemperant;
2861 3605 2918 3649 ut
2970 3609 3069 3649 nec
3117 3592 3395 3663 pluralitas
3437 3598 3591 3659 quas

1973 3693 2219 3765 sequitur
2248 3692 2566 3746 relationem
2600 3695 2847 3743 transeat
2897 3686 2963 3739 ad
3010 3698 3075 3737 ea
3107 3683 3159 3736 in
3196 3681 3390 3752 quibus
3420 3694 3556 3749 pra:—

1972 3786 2131 3840 dicta:
2157 3782 2477 3852 simplicitas
2516 3787 2673 3835 sonat
2702 3777 2923 3832 unitatis
2950 3774 3071 3840 ἠις
3106 3787 3206 3828 nec
3249 3771 3425 3825 unitas
3452 3784 3547 3822 co—

1974 3878 2159 3932 hibeat
2191 3872 2580 3944 pluralitatem,
2630 3868 2721 3922 ubi
2755 3869 2946 3923 eadem
2972 3866 3164 3922 relatio
3187 3863 3555 3934 signiﬁcatur;

1975 3977 2243 4037 quatenus
2284 3979 2382 4019 nec
2408 3962 2589 4016 unitas
2615 3960 2831 4014 amittat
2854 3958 3143 4027 aliquando
3175 3971 3330 4010 suam
3365 3965 3557 4007 conse-

1974 4059 2252 4131 quentiam
2282 4056 2396 4121 ιη’,
2430 4054 2519 4108 ubi
2565 4068 2671 4107 non
2714 4052 2896 4106 obviat
2923 4051 3102 4119 aliqua
3146 4046 3422 4103 relationis
3451 4059 3550 4112 op-

1976 4151 2205 4222 positio;
2235 4163 2333 4203 nec
2356 4147 2546 4202 relatio
2573 4145 2763 4215 perdat
2789 4144 2931 4213 quod
2975 4157 3131 4197 suum
3160 4149 3266 4201 est,
3310 4138 3411 4192 nisi
3462 4134 3552 4188 ubi

1974 4244 2190 4300 obsistit
2238 4241 2418 4294 unitas
2468 4236 2864 4306 inseparabilis.
2915 4233 3068 4301 Quod
3108 4232 3151 4286 si
3184 4246 3280 4300 per
3300 4227 3550 4296 exempla

1976 4336 2401 4395 consideremus,
2425 4330 2626 4386 clarius
2647 4327 2932 4399 apparebit
2953 4326 3044 4357 “3'
3065 4324 3300 4395 qualiter
3340 4321 3555 4391 quidem

1977 4424 2203 4479 unitatis
2262 4419 2580 4490 simplicitas
2637 4430 2760 4471 ase
2809 4414 3064 4469 excludat
3139 4411 3547 4482 pluralitatem,

284 4521 521 4590 ejusdem
572 4520 745 4574 Patris
789 4528 845 4574 et
888 4519 1008 4573 Filii
1037 4535 1051 4572 :
1083 4517 1247 4573 Pater
1289 4533 1395 4573 non
1424 4490 1511 4573 est
1555 4490 1744 4584 Filius,
1776 4532 1871 4575 aut
1906 4490 1949 4545 Β
1976 4534 2098 4589 qua:
2119 4526 2200 4571 est
2228 4515 2282 4569 in
2315 4513 2661 4568 relativorum
2695 4509 2975 4564 nominum
3019 4503 3433 4576 signiﬁcatione,
3473 4500 3557 4553 fa-

285 4610 521 4678 Spiritus
549 4621 808 4675 sanctus;
855 4609 1018 4664 Filius
1054 4624 1159 4664 non
1191 4617 1273 4665 est
1317 4607 1512 4675 Pater;
1550 4626 1649 4666 nec
1697 4612 1869 4681 Spiri-

1978 4612 2080 4667 cilc
2104 4619 2189 4666 est
2205 4620 2532 4678 cognoscere
2556 4622 2570 4658 :
2597 4602 2920 4659 conﬁtemur
2956 4601 3099 4655 enim
3120 4599 3246 4669 quia
3269 4598 3431 4653 Pater
3452 4610 3563 4649 non

1605 4725 1837 4780 VARIA'Z
1871 4722 2272 4783 LECTIONES.

359 4818 451 4851 ‘m
492 4817 667 4873 liabet
710 4819 774 4873 de
828 4817 988 4871 Patre
1039 4832 1165 4869 mss.
1218 4827 1264 4870 el
1317 4814 1421 4871 Ed.
1462 4814 1615 4872 Coth.
1671 4819 1872 4874 habent
1914 4820 1981 4875 de
2034 4818 2192 4872 Patre

509 4871 1019 4956 ’rmvﬁuil'Spirittts
1076 4896 1299 4940 sanctus
1336 4871 1562 4954 alicujus
1897 4871 2038 4944 "iis.
2075 4885 2232 4940 (λοι-ὁ.
2268 4882 2439 4956 Ηγέεςε
2488 4884 2543 4937 5.
2597 4890 2692 4934 aut
2738 4871 2976 4956 Spiritus
3030 4876 3256 4945 alicujus
3304 4873 3403 4926 nisi
3452 4871 3557 4952 ρει

286 4892 407 4957 ejus

290 4956 379 4993 “6'
420 4960 542 5026 Alii,
591 4960 730 5014 sicut
785 4960 854 5012 ab
909 4956 1138 5011 invicem
1189 4973 1314 5010 mss.
1374 4958 1466 5012 sed
1507 4957 1594 5011 alii
1651 4960 1761 5014 sint
1805 4962 1873 5015 ab
1932 4959 2162 5015 invicem

923 5038 1112 5097 pater,
1180 5028 1249 5080 ad
1296 5010 1459 5097 alium
1514 5010 1867 5084 ﬁlius—“mss.~
1899 5010 2181 5085 aii-alium
2235 5034 2334 5097 est
2372 5023 2553 5084 Pater,
2595 5010 2744 5097 etnad
2788 5016 3171 5097 aliluli__Fii-itls
3222 5010 3347 5094 mss:
3399 5010 3561 5097 Ceae:

292 5033 381 5063 ¹⁰⁷¹
437 5033 518 5086 Ad
560 5030 722 5085 alium
787 5038 871 5083 est

2309 4812 2398 4843 ⁸⁸⁸⁷
2460 4811 2666 4865 Diettur
2736 4809 2876 4862 ﬁlius
2932 4806 3223 4877 ejttsimss.
3279 4801 3558 4877 est_ﬁl_ius_

2264 4954 2355 4986 ¹¹⁵⁷⁰
2396 4951 2528 5005 Nam
2593 4942 2865 5020 quomodo
2923 4942 3233 5020 m33_.__na‘m
3304 4942 3556 5020 quoniam

287 5104 355 5155 ad
382 5080 868 5162 auiiinls'iraiéi;
899 5080 964 5150 ald
996 5080 1158 5150 aliu'm
1193 5105 1276 5151 est
1309 5080 1476 5150 Filius
1550 5080 1655 5130 “"7
1681 5080 2061 5155 Εἷῇἰίίιῖςέἐι
2097 5097 2259 5151 Pater
2294 5095 2412 5149 sine
2475 5080 2598 5144 mss.
2638 5089 2773 5144 Vict.
2802 5101 2856 5144 et
2886 5086 3237 5162 Filius_Pater
3272 5080 3560 5162 εἰιιεωιδτ³

288 5152 355 5225 lii
375 5152 750 5227 eodein‘illius
780 5152 907 5222 mss.
938 5169 988 5221 in
1025 5169 1215 5221 eodem
1255 5167 1403 5221 Isaac
1443 5167 1590 5221 illum
1672 5152 2135 5225 “‘"ﬁAiut‘Filium
2168 5180 2289 5220 esse
2318 5164 2458 5217 illius
2487 5162 2704 5215 Patrem
2747 5177 2875 5214 mss.
2910 5170 3002 5212 aut
3030 5158 3379 5227 Filitnn_essc
3408 5152 3557 5227 illum

292 5225 630 5298 Pal—remms.
663 5240 820 5295 Corb.
852 5248 945 5293 aut
977 5236 1122 5291 illum
1154 5235 1347 5289 Filium
1383 5252 1507 5293 esse
1537 5238 1684 5293 illum
1715 5239 1935 5294 Patrem
2013 5239 2105 5272 “7"
2146 5236 2312 5302 Cujus
2336 5244 2418 5289 est
2445 5232 2613 5287 Filius
2634 5249 2731 5284 ms.
2765 5230 2919 5285 Corb.
2955 5228 3199 5302 cttjus_sit
3225 5225 3390 5278 Filius

3466 5219 3559 5254 tua

293 5312 487 5378 l’atris,
514 5330 580 5367 ne
611 5291 866 5382 Spiritus
892 5308 1121 5382 alicujus
1161 5305 1265 5361 nisi
1292 5323 1418 5360 mu.
1446 5291 2038 5382 Patris,inec_Spi—ritus
2069 5291 2315 5382 alicujus,
2346 5304 2448 5359 nisi
2660 5302 2824 5355 Filius
2856 5291 3081 5382 nou-cst
3117 5298 3278 5351 Pater
3302 5291 3558 5382 ςενιξρί-

294 5366 717 5447 ritus‘sanctu's;
753 5397 850 5436 nec
886 5366 1124 5447 Spiriins
1151 5386 1375 5431 sanctus
1409 5390 1492 5432 est
1525 5366 1705 5442 Pater.
1757 5366 1859 5433 aut.
1890 5380 2078 5434 Filius.
2109 5366 2318 5445 Quippe
2345 5392 2470 5429 mss.
2503 5373 2673 5428 Filius
2717 5388 2832 5447 non
2855 5381 2937 5424 est
2967 5370 3154 5433 Pater;
3190 5366 3557 5447 necSpilritqs

290 5433 847 5508 sagarugggi’bhigrj
885 5433 1093 5518 Quippe
1168 5448 1258 5478 “7°
1296 5447 1561 5515 Quoniam
1599 5433 1766 5505 Filius
1791 5450 1859 5505 de
1887 5433 2067 5513 Patre,
2100 5433 2154 5505 εἶ
2185 5433 2424 5516 Spiritus
2455 5453 2677 5518 sanctus
2705 5443 2771 5518 de
2798 5441 3109 5518 Patrenmss.
3135 5449 3185 5518 et
3220 5433 3378 5518 ιςάερ
3398 5433 3558 5518 Cor/ﬁ:

334 5524 547 5576 uouiam
586 5522 756 5576 Filius
782 5531 865 5576 est
895 5524 961 5575 de
991 5519 1172 5582 Patre,
1204 5528 1259 5573 et
1286 5518 1523 5587 Spiritus
1548 5530 1768 5576 sanctus
1800 5530 1884 5576 est
1914 5522 1978 5575 de
2003 5520 2161 5575 Patre

2239 5518 2333 5549 ⁸⁵⁷³
2372 5518 2500 5571 CAP.
2534 5515 2589 5568 5.
2622 5514 2712 5565 Est
2737 5513 2789 5565 in
2821 5527 2918 5564 ms.
2949 5509 3105 5564 Corb.
3128 5508 3298 5576 Caput
3328 5506 3365 5559 2
3465 5502 3560 5535 ¹⁶⁸⁶

315 5577 371 5646 ix
414 5607 479 5647 eo
522 5592 764 5662 nascitur
794 5608 917 5662 mss.
953 5606 1017 5645 ex
1052 5577 1427 5662 hoc:nasci'_tnr
1483 5591 1589 5662 f5“
1633 5591 1912 5646 Praedicta
1948 5591 2270 5662 simplicitas
2297 5597 2456 5643 sonat
2485 5584 2710 5638 unitatis
2752 5598 2878 5635 mu.
2916 5577 3258 5662 qubzni’ict.
3421 5588 3562 5644 prae-

290 5664 452 5716 dicta'.
494 5660 858 5728 simplicitatis
889 5668 1047 5715 sonat
1084 5659 1265 5713 unitas

302 5730 412 5787 Vict
448 5732 505 5788 S.
539 5730 700 5786 Mich.
730 5728 883 5783 Corb.
925 5728 1110 5783 Cister.
1148 5730 1347 5785 clarius
1374 5731 1655 5801 apparebit

1342 5659 1431 5691 ¹³⁸²
1474 5660 1637 5733 Suam
1679 5659 2121 5733 consequentiam
2166 5676 2290 5715 mss.
2331 5673 2485 5713 suum
2517 5668 2853 5722 consequens

2928 5650 3018 5682 ’³⁸³
3053 5649 3265 5705 Clarius
3291 5648 3395 5701 erit
3430 5660 3559 5699 mss.
