3926 6054
339 246 456 312 Ὧδἐ]

1446 251 1533 306 DE
1575 246 2052 305 PliOCESSIONE
2090 245 2146 300 S.
2184 245 2520 301 SPIRITUS.

3506 245 3615 301 9.90

353 342 439 422 est
464 363 662 429 Filius,
695 371 787 418 aut
831 363 1065 434 Spiritus
1094 375 1348 427 sanctus;
1406 378 1503 417 ncc
1534 362 1700 416 Filius
1744 360 1929 423 Pater,
1962 362 2006 417 Α
2034 356 2174 411 dicta
2209 357 2419 412 Putrem
2449 372 2663 429 quoque
2692 368 2747 412 et
2775 356 2966 411 Filium
3007 371 3130 411 esse
3181 354 3439 424 Spiritum
3492 372 3615 411 san-

353 466 450 510 aut
470 453 705 525 Spiritus
730 464 975 517 sanctus;
1001 469 1097 509 uec
1128 440 1363 524 Spiritus
1389 461 1608 507 sanctus
1641 451 1817 514 Pater,
1842 460 1934 503 aut

354 546 547 602 Filius.
592 546 849 615 Sequitur
876 561 1005 617 ergo
1036 546 1170 601 alios
1217 548 1283 601 ab
1334 546 1562 599 invicem
1591 584 1605 609 ,
1654 553 1710 598 et
1754 543 1933 612 plures

352 655 498 705 esse,
530 639 746 694 Patrem
776 680 792 701 .
837 648 889 692 et
919 638 1138 702 Filium,
1172 647 1227 692 et
1259 637 1522 707 Spiritum
1555 647 1821 691 sanctum.
1866 634 1936 686 At

344 730 516 784 Pater
535 741 618 783 est
647 730 807 793 Deus,
840 727 1013 782 Filius
1040 737 1123 781 est
1161 728 1324 792 Deus,
1366 736 1422 781 ct
1452 726 1688 796 Spiritus
1716 732 1935 779 sanctus

350 833 435 878 est
476 821 638 875 Deus.
684 819 821 887 Quid
867 821 1050 888 itaque
1098 819 1548 888 consequentius,
1593 817 1635 871 si
1679 815 1936 886 praedicta

351 928 707 984 personarum
727 911 818 943 ⁸³⁸⁸⁵
844 910 1120 980 pluralitas
1141 926 1292 965 suam
1318 919 1501 965 servat
1530 909 1933 979 proprietatem,

351 1020 514 1073 quam
546 1002 759 1057 Patrem
794 1010 849 1055 et
876 1001 1073 1055 Filium
1093 1010 1147 1056 et
1173 1001 1433 1071 Spiritum
1471 1012 1719 1055 sanctum
1755 1000 1937 1069 plures

355 1099 488 1150 deos
543 1108 692 1161 esse,
746 1102 803 1147 et
872 1093 1007 1148 alios
1050 1094 1118 1148 ab
1166 1094 1432 1149 invicem?
1461 1094 1568 1149 Sed
1615 1094 1717 1148 hoc
1760 1093 1938 1147 nulla~

352 1199 512 1242 tenus
539 1186 775 1240 admittit
796 1185 1119 1241 inviolabilis
1140 1187 1463 1257 simplicitas
1495 1186 1745 1251 Deitatis,
1773 1201 1936 1256 quam

349 1295 519 1332 unum
545 1279 720 1332 solum
759 1278 927 1333 Deum
968 1293 1089 1334 esse
1111 1280 1404 1335 credimus.
1450 1280 1540 1335 Sic
1572 1280 1785 1349 repellit
1814 1280 1935 1334 uni—

346 1381 437 1425 tas
464 1370 711 1424 essentia:
753 1370 874 1437 Dei,
906 1370 1257 1426 relativorum
1291 1374 1760 1441 consequentiam.
1790 1372 1936 1426 Con-

348 1459 699 1513 siderandum
734 1474 950 1529 quoque
979 1469 1063 1515 est
1090 1463 1362 1530 quomodo
1394 1462 1719 1517 relationum
1751 1463 1936 1533 plura-

349 1551 479 1605 litas
506 1552 687 1605 obviet
708 1552 930 1606 unitatis
960 1553 1398 1621 consequentiae;
1434 1552 1479 1607 si
1523 1554 1674 1622 prius
1698 1552 1938 1623 posueri-

349 1658 473 1697 mus
498 1642 676 1711 aliqua
699 1657 766 1697 ex
805 1644 910 1705 his.
962 1644 1017 1698 in
1062 1643 1262 1714 quibus
1300 1644 1446 1697 nulla
1474 1644 1691 1699 obsistit
1722 1644 1937 1714 opposi-

2035 462 2215 517 ctum;
2260 455 2352 509 sed
2401 470 2500 509 nec
2529 453 2709 519 Pater,
2744 453 2811 508 de
2863 467 2970 523 quo
3001 462 3081 505 est
3116 450 3350 521 Spiritus
3398 460 3617 505 sanctus

2036 551 2212 611 potest
2274 542 2360 596 ille
2414 558 2533 598 esse
2594 542 2684 613 qui
2737 542 2802 596 de
2856 556 2915 595 se
2962 554 3077 605 est;
3125 556 3220 594 nec
3274 538 3479 603 Filius,
3524 540 3615 609 qui

2036 633 2219 688 existit
2262 635 2327 689 de
2363 634 2526 689 Patre
2576 634 2847 689 nascendo
2872 674 2886 700 ,
2934 644 3018 687 cst
3054 631 3143 686 ille
3181 632 3268 701 (lui
3325 631 3390 685 de
3426 632 3615 687 eodem

2038 722 2139 793 51
2183 721 2345 777 Patre
2374 734 2456 777 est
2492 723 2865 793 procedendo,
2902 722 2952 775 id
2993 732 3073 776 cst
3106 720 3337 789 Spiritus
3375 730 3614 775 sanctus.

2038 814 2171 867 Cum
2205 823 2383 867 autem
2424 814 2705 884 apparebit
2746 814 2869 882 quia
2904 812 3138 882 Spiritus
3173 822 3389 865 sanctus
3425 820 3510 865 est
3550 810 3619 864 de.

2037 902 2194 970 Filio,
2237 915 2362 958 tunc
2392 919 2604 974 quoque
2632 904 2807 974 palam
2839 903 2943 958 erit
2967 903 3089 972 quia
3126 911 3347 971 prepter
3382 902 3484 955 hoc
3518 916 3618 955 ne-

2039 996 2155 1064 quit
2187 1009 2305 1049 esse
2345 995 2515 1050 Filius
2566 995 2800 1065 Spiritus
2840 1005 3081 1057 sanctus,
3119 1005 3172 1049 et
3218 994 3451 1064 Spiritus
3490 1010 3617 1049 san-

2040 1097 2159 1141 etus
2201 1085 2389 1140 Filius.
2430 1085 2846 1141 Consideremus
2887 1087 3061 1140 adhuc
3105 1087 3194 1117 “9°
3231 1089 3499 1155 quomodo
3531 1101 3620 1140 su-

2037 1180 2295 1249 pradicta:
2344 1181 2713 1250 Oppositiones
2758 1181 3026 1235 obsistant
3077 1180 3165 1211 “9‘
3216 1181 3621 1249 consequentiae

2039 1270 2309 1340 praedictas
2338 1272 2561 1327 unitatis
2593 1288 2607 1325 :
2645 1271 2786 1327 Deus
2820 1281 2906 1326 est
2948 1273 3012 1326 de
3048 1271 3176 1326 Deo.
3224 1270 3333 1325 Hoc
3373 1285 3501 1341 ergo
3534 1286 3621 1326 se-

2040 1358 2145 1413 mel
2175 1371 2419 1429 accepto,
2449 1361 2704 1428 quoniam
2740 1360 2880 1415 idem
2912 1360 3053 1414 Deus
3082 1370 3163 1414 est
3192 1359 3350 1414 Pater
3370 1371 3424 1414 et
3453 1359 3623 1414 Filius

2038 1457 2092 1501 et
2125 1446 2360 1517 Spiritus
2398 1458 2657 1515 sanctus;
2689 1450 2932 1518 sequitur
2966 1451 3259 1503 secundum
3295 1450 3434 1503 hanc
3465 1450 3620 1504 iden-

2040 1539 2244 1593 titatem
2278 1550 2335 1593 ut
2376 1538 2516 1593 Deus
2549 1540 2710 1594 Pater
2740 1540 2811 1594 sit
2842 1541 2984 1595 Deus
3018 1542 3084 1594 de
3119 1540 3225 1594 Deo
3248 1580 3261 1604 ,
3304 1549 3358 1593 et
3386 1540 3526 1595 Deus
3553 1542 3621 1595 de

2038 1649 2144 1703 quo
2172 1644 2256 1689 est
2283 1633 2464 1697 Deus;
2499 1644 2554 1689 et
2592 1636 2841 1690 similiter
2869 1635 3071 1700 Filius,
3108 1636 3245 1689 Deus
3271 1634 3337 1689 de
3380 1634 3489 1688 Deo
3516 1674 3531 1699 ,
3567 1642 3623 1689 et

351 1735 450 1787 tio.
479 1733 716 1787 Dicimus
747 1751 910 1788 unum
959 1736 1128 1791 Deum
1156 1751 1278 1792 esse
1304 1735 1546 1801 Patrem,
1576 1744 1630 1791 et
1679 1751 1802 1791 esse
1848 1736 1937 1790 Fi-

2044 1725 2185 1780 Deus
2233 1725 2299 1780 de
2348 1742 2454 1795 quo
2491 1737 2574 1781 est
2618 1727 2794 1793 Deus;
2848 1737 2902 1782 et
2943 1727 3132 1780 eodem
3182 1726 3341 1780 modo
3388 1725 3623 1796 Spiritus

350 1826 504 1890 lium,
546 1835 600 1881 et
642 1840 760 1882 esse
790 1826 1053 1897 Spiritum
1084 1838 1351 1895 sanctum,
1384 1839 1438 1884 et
1465 1843 1631 1883 unum
1661 1827 1937 1883 eumdem-

349 1932 459 1987 que
483 1916 576 1950 ⁸⁸⁸⁵
607 1918 772 1973 Deum
797 1934 937 1987 esse,
968 1923 1083 1974 sive
1124 1920 1341 1990 singuli,
1372 1921 1486 1976 sive
1514 1920 1650 1985 bini,
1680 1919 1796 1974 sive
1827 1927 1937 1974 tres

349 2007 513 2063 simul
540 2008 789 2063 dicantur
805 2008 915 2063 “3°.
933 2009 990 2064 Si
1015 2025 1144 2080 ergo
1168 2010 1306 2066 Deus
1328 2021 1411 2066 est
1437 2020 1691 2076 mternus,
1717 2021 1939 2079 propter

338 2088 618 2154 unitatem
679 2099 950 2167 Deitatis,
1005 2115 1072 2155 ex
1134 2103 1463 2157 necessitate
1517 2102 1765 2172 sequitur
1812 2100 1938 2169 quia

336 2198 591 2243 stctemus
637 2197 722 2244 est
751 2188 933 2256 Pater,
966 2199 1203 2246 aeternus
1233 2200 1319 2245 est
1348 2191 1539 2259 Filius,
1590 2200 1825 2245 azternus
1856 2199 1941 2245 est

342 2276 591 2346 Spiritus
620 2286 856 2333 sanctus.
879 2279 945 2332 Et
965 2280 1218 2349 quoniam
1241 2281 1355 2336 sive
1379 2281 1595 2351 singuli,
1621 2280 1736 2335 sive
1758 2280 1940 2350 plures

353 2368 542 2433 simul,
570 2377 696 2422 sunt
725 2384 866 2424 unus
894 2368 1066 2435 Deus;
1112 2384 1217 2424 non
1247 2379 1327 2425 est
1356 2371 1458 2425 nisi
1502 2387 1641 2426 unus
1680 2382 1938 2426 aeternus.

344 2458 564 2515 Similis
606 2460 1020 2529 consequentia,
1045 2461 1090 2516 si
1139 2462 1282 2517 Deus
1325 2463 1524 2517 dicitur
1556 2472 1795 2529 creator,
1826 2463 1941 2519 sive

347 2549 551 2619 justus,
570 2551 683 2604 sive
714 2551 918 2619 aliquid
949 2550 1199 2620 aliorum,
1230 2553 1284 2607 in
1302 2554 1498 2625 quibus
1518 2554 1665 2610 nulla
1685 2554 1940 2627 praedicta

344 2640 676 2711 «intelligitur
711 2640 925 2697 relatio.

961 2733 1192 2791 CAPUT
1243 2736 1326 2790 lli.

356 2822 633 2889 Quomodo
677 2825 896 2879 unitatis
934 2823 1032 2878 Dei
1074 2829 1500 2950 [consequentiam
1535 2829 1811 2900 restringat
1843 2833 1943 2883 're-

1095 2908 1223 2950 atto.

1095 2908 1223 2952 atto.

429 2983 726 3041 Videamus
756 3002 900 3043 nunc
947 2988 1037 3020 “‘7
1083 2987 1356 3057 quomodo
1400 2987 1543 3043 hanc
1571 2988 1797 3044 unitatis
1848 2989 1941 3044 Dei

2040 1826 2283 1871 sanctus.
2350 1818 2543 1871 Verum
2597 1832 2842 1888 quaerere
2895 1826 3074 1871 utrum
3132 1817 3501 1885 unusquisque
3554 1815 3625 1869 sit

2040 1908 2180 1962 Deus
2222 1905 2311 1938 “‘9'
2341 1907 2406 1961 de
2434 1922 2540 1976 quo
2571 1918 2651 1962 est
2679 1906 2847 1973 Deus,
2881 1922 2986 1960 non
3018 1913 3099 1960 est
3129 1905 3271 1960 aliud
3303 1921 3464 1974 quam
3495 1919 3624 1958 con-

2038 2001 2281 2056 siderare
2319 2007 2499 2053 utrmn
2543 1999 2786 2070 singulus
2821 1998 3047 2067 quisque
3079 1997 3150 2051 sit
3194 1996 3335 2050 Deus
3380 1997 3445 2049 de
3491 1995 3621 2050 Deo.

2040 2090 2154 2145 Non
2191 2092 2335 2146 enim
2368 2102 2544 2160 potest
2576 2093 2643 2145 de
2668 2091 2786 2145 Deo
2819 2092 2958 2144 Deus
3005 2104 3125 2143 esse
3157 2088 3269 2150 "",
3317 2088 3421 2142 nisi
3460 2087 3627 2141 Pater

2040 2191 2134 2236 aut
2163 2182 2335 2237 Filius
2364 2193 2455 2237 aut
2488 2181 2729 2252 Spiritus
2756 2191 3006 2245 sanctus;
3041 2191 3095 2236 et
3123 2180 3223 2234 nisi
3252 2180 3317 2233 de
3346 2179 3506 2234 Patre
3532 2187 3627 2232 aut

2041 2277 2107 2329 de
2152 2274 2286 2329 FliiO
2331 2284 2423 2329 aut
2467 2275 2532 2329 de
2582 2274 2787 2343 Spiritu
2834 2284 3043 2329 sancto.
3096 2272 3450 2343 Inspiciamus
3493 2287 3627 2341 ergo

2042 2375 2221 2421 utrum
2264 2366 2355 2398 ¹⁸⁹δ
2384 2367 2754 2436 unusquisque
2784 2366 2854 2421 sit
2886 2365 3027 2420 Deus
3055 2366 3121 2421 de
3157 2366 3287 2429 Deo,
3322 2373 3378 2420 et
3420 2364 3627 2433 patebit

2042 2466 2221 2512 utrum
2259 2458 2330 2512 sit
2361 2458 2601 2528 singulus
2633 2457 2864 2527 quisque
2905 2458 3046 2511 Deus
3074 2457 3138 2511 de
3178 2471 3286 2524 quo
3330 2464 3414 2510 est
3458 2455 3623 2509 Deus.

2044 2549 2147 2603 Sed
2193 2547 2353 2601 Pater
2402 2564 2509 2601 non
2554 2554 2731 2615 potest
2769 2559 2890 2600 esse
2926 2546 2993 2599 de
3036 2546 3183 2611 Deo,
3224 2554 3441 2614 propter
3484 2559 3626 2614 prae-

2043 2639 2241 2694 dictam
2272 2637 2691 2706 oppositionem.
2737 2635 2872 2691 Cum
2912 2636 3054 2690 enim
3089 2650 3192 2689 non
3233 2635 3302 2688 sit
3348 2634 3488 2688 Deus
3524 2634 3626 2688 nisi

2043 2737 2134 2783 aut
2163 2727 2324 2782 Pater
2351 2737 2444 2780 aut
2474 2725 2644 2781 Filius
2684 2736 2777 2780 aut
2815 2726 3052 2796 Spiritus
3084 2734 3301 2780 Sanctus
3325 2767 3338 2790 ,
3381 2734 3482 2779 aut
3522 2726 3628 2779 duo

2043 2835 2112 2875 ex-
2142 2820 2257 2885 his,
2292 2829 2386 2873 aut
2421 2828 2532 2873 tres
2564 2817 2753 2884 simul;
2788 2834 2894 2873 non
2925 2826 3103 2887 potest
3132 2832 3251 2872 esse
3296 2817 3435 2871 Deus
3468 2817 3630 2871 Pater

2044 2914 2109 2968 de
2135 2914 2269 2979 Deo,
2303 2910 2404 2965 nisi
2432 2918 2526 2964 aut
2557 2911 2622 2965 de
2651 2909 2977 2975 Patre,,hoc
3005 2920 3088 2964 est
3116 2908 3181 2963 de
3211 2908 3408 2978 seipso,
3439 2915 3532 2962 aut
3560 2907 3630 2961 de

2044 3004 2201 3069 Filio,
2233 3014 2327 3059 aut
2356 3003 2423 3059 de
2455 3002 2660 3072 Spiritu
2692 3010 2880 3056 sancto
2910 3001 3026 3067 ¹¹⁶⁹³,
3056 3008 3149 3054 aut
3180 3000 3246 3054 de
3276 3001 3505 3066 duobus,
3537 3010 3631 3054 aut

346 3079 801 3146 consequentiam
836 3080 1127 3150 restringat
1150 3079 1363 3135 relatio.
1382 3079 1622 3137 Dicimus
1650 3081 1794 3135 enim
1816 3081 1941 3149 quia

2045 3096 2111 3151 de
2141 3097 2333 3151 tribus.
2368 3096 2445 3150 De
2475 3096 2652 3165 seipso
2682 3110 2786 3150 non
2831 3102 3007 3164 potest
3035 3109 3195 3158 esse;
3229 3094 3354 3162 quia
3389 3093 3629 3147 existens

356 3167 504 3222 Deus
523 3176 607 3224 est
637 3169 819 3226 Pater.
846 3170 1110 3239 Quoniam
1144 3188 1276 3244 ergo
1310 3189 1448 3227 unus
1475 3181 1561 3226 est
1595 3172 1734 3227 Deus
1761 3172 1940 3238 Pater,

352 3269 414 3314 et
447 3259 637 3327 Filius,
670 3270 724 3316 et
771 3261 1011 3333 Spiritus
1041 3276 1286 3331 sanctus,
1316 3264 1485 3334 exigit
1515 3264 1695 3319 unitas
1744 3265 1837 3319 Dei
1888 3273 1946 3321 ut

358 3346 532 3403 Filius
575 3350 646 3404 sit
675 3350 856 3417 Pater,
893 3360 948 3406 et
996 3354 1230 3423 Spiritus
1279 3364 1501 3408 sanctus
1532 3355 1602 3408 sit
1629 3352 1820 3420 Pater;
1853 3353 1946 3409 sed

346 3440 548 3496 obviat
589 3442 781 3498 relatio
829 3458 951 3514 qua:
995 3445 1249 3515 prohibet
1294 3444 1490 3500 Filium
1540 3453 1634 3499 aut
1684 3446 1945 3517 Spiritum

349 3544 611 3590 sanctum
637 3550 758 3592 esse
784 3536 1023 3591 Patrem.
1049 3536 1258 3607 Quippe
1295 3552 1397 3592 nee
1426 3545 1619 3592 natura
1659 3540 1946 3607 permittit,

352 3638 469 3679 nec
516 3624 826 3680 intellectus
861 3626 1008 3695 capit
1045 3627 1375 3681 existentcm
1408 3628 1474 3681 de
1504 3627 1687 3697 aliquo
1729 3644 1850 3684 esse
1882 3629 1950 3683 de

363 3726 478 3782 quo
503 3713 714 3780 existit;
748 3723 842 3769 aut
888 3715 954 3769 de
991 3729 1099 3783 quo
1142 3716 1349 3781 existit,
1382 3730 1503 3771 esse
1532 3717 1854 3772 existentem
1885 3718 1952 3773 de

365 3820 449 3861 se.
475 3804 675 3861 Existit
716 3816 897 3861 autem
924 3806 1095 3861 Filius
1111 3814 1166 3862 et
1198 3805 1436 3877 Spiritus
1487 3817 1709 3864 sanctus
1743 3809 1809 3864 de
1852 3809 1952 3864 Pa-

358 3905 485 3963 tre;
535 3913 705 3966 quare
736 3914 838 3952 non
891 3906 1069 3968 potest
1111 3898 1281 3953 Filius
1321 3907 1417 3953 aut
1446 3899 1684 3969 Spiritus
1732 3912 1952 3956 sanctus

361 4004 490 4046 esse
518 3989 696 4055 Pater,
729 3991 978 4057 quamvis
1010 3990 1151 4045 Deus
1179 3991 1252 4044 sit
1300 3991 1484 4058 Pater,
1513 4002 1568 4047 et
1602 4009 1742 4048 unus
1782 3994 1951 4048 idem-

366 4094 475 4148 que
522 4078 663 4134 Deus
700 4080 772 4133 sit
817 4079 981 4133 Pater
1017 4090 1073 4134 et
1122 4080 1295 4135 Filius
1334 4090 1388 4135 et
1430 4081 1664 4152 Spiritus
1710 4096 1949 4139 sanctus.

370 4168 609 4237 ldipsum
662 4170 1008 4239 cognoscitur
1048 4169 1162 4237 “33,
1194 4171 1240 4225 si
1272 4171 1470 4225 dicitur
1516 4171 1658 4227 Deus
1714 4190 1835 4229 esse
1869 4174 1956 4230 Fi-

372 4261 477 4313 lius
502 4278 515 4313 :
545 4259 657 4313 vult
682 4261 823 4313 enim
857 4261 1077 4315 unitatis
1115 4261 1208 4316 Dei
1240 4265 1651 4332 consequentia,
1680 4276 1738 4319 ut
1766 4276 1821 4319 et
1846 4266 1951 4320 Pa-

371 4351 588 4417 tcr‘“',
619 4362 674 4406 et
704 4352 940 4422 Spiritus
973 4365 1200 4409 sanctus
1229 4356 1298 4409 sit
1322 4355 1509 4410 Filius.
1542 4356 1648 4412 Sed
1672 4356 1851 4424 Pater,
1889 4359 1955 4414 de

2047 3185 2115 3239 de
2144 3185 2349 3254 aliquo,
2395 3192 2450 3238 et
2480 3185 2545 3238 de
2575 3199 2684 3254 quo
2723 3183 2907 3239 existit
2950 3198 3055 3236 non
3089 3192 3265 3252 potest
3304 3182 3441 3236 idem
3487 3196 3626 3236 esso.

2049 3276 2122 3331 De
2152 3274 2288 3330 Filio
2326 3290 2432 3329 non
2470 3283 2583 3341 est;
2626 3274 2753 3344 quia
2797 3274 2965 3328 Filius
3006 3282 3087 3327 est
3115 3274 3182 3328 de
3226 3273 3383 3343 ipso:
3424 3281 3475 3327 et
3512 3273 3634 3326 ideo

2048 3382 2153 3422 non
2184 3374 2361 3437 potest
2386 3380 2506 3421 esse
2540 3367 2605 3421 de
2635 3366 2794 3420 Filio.
2831 3365 2905 3420 De
2935 3364 3141 3434 Spiritu
3170 3373 3359 3419 sancto
3388 3379 3490 3418 non
3518 3373 3631 3426 est,

2047 3458 2174 3526 quia
2206 3458 2272 3512 de
2301 3456 2393 3512 illo
2419 3465 2503 3511 est
2531 3454 2766 3527 Spiritus
2792 3466 3054 3522 sanctus;
3088 3470 3188 3511 nec
3217 3455 3361 3510 valet
3390 3471 3510 3511 esse
3544 3456 3632 3510 ille

2053 3549 2145 3580 “’°
2172 3549 2263 3619 qui
2294 3548 2359 3603 de
2385 3563 2444 3603 se
2473 3556 2579 3604 est.
2608 3548 2683 3605 De
2709 3549 2919 3604 duobus
2948 3548 3031 3605 vel
3060 3549 3232 3604 tribus
3263 3547 3422 3603 simul
3449 3548 3636 3618 nequit

2050 3652 2173 3693 esse
2202 3637 2383 3702 Pater,
2418 3649 2638 3708 propter
2665 3638 2908 3694 eamdem
2950 3636 3305 3707 oppositionis
3346 3639 3636 3693 rationem.

2052 3727 2245 3782 Filium
2281 3741 2409 3782 vero
2452 3728 2620 3783 Deum
2655 3743 2877 3783 necesse
2904 3736 2988 3783 est
3016 3743 3135 3783 esse
3183 3728 3249 3781 de
3281 3726 3444 3780 Patre
3488 3726 3633 3790 Deo,

2052 3818 2180 3888 quia
2210 3817 2372 3873 Pater
2400 3832 2507 3872 non
2532 3828 2616 3873 est
2640 3820 2705 3873 de
2736 3818 2863 3883 illo;
2895 3819 2961 3872 de
2988 3818 3125 3871 Filio
3152 3833 3299 3880 vero.
3332 3819 3433 3871 hoc
3461 3827 3545 3871 est
3572 3818 3637 3871 de

2054 3909 2231 3979 seipso
2257 3923 2376 3964 esse
2405 3910 2592 3977 nequit
2617 3926 2632 3975 ;
2666 3925 2769 3963 non
2798 3920 2880 3963 est
2905 3909 3046 3963 idem
3077 3909 3317 3963 existens
3344 3910 3409 3962 de
3435 3908 3635 3977 aliquo,

2053 4008 2107 4053 et
2139 3998 2204 4051 de
2234 4012 2341 4066 quo
2369 3996 2574 4051 existit.
2608 3994 2800 4050 Utrum
2842 4005 3018 4051 autem
3063 3998 3131 4051 sit
3171 3997 3239 4050 de
3278 3996 3481 4065 Spiritu
3513 4012 3637 4050 sau-

2056 4099 2165 4154 cto,
2199 4098 2293 4143 aut
2322 4088 2559 4159 Spiritus
2602 4102 2827 4143 sanctus
2851 4089 2917 4144 de
2948 4088 3037 4143 illo
3067 4096 3188 4159 post
3230 4088 3637 4142 monstrabitur.

2058 4178 2162 4235 Sed
2200 4180 2349 4249 prius
2389 4181 2631 4236 dicemus
2673 4182 2740 4235 de
2771 4180 2972 4252 Spiritu
3019 4191 3209 4235 sancto
3250 4180 3295 4234 si
3344 4179 3639 4233 secundum

2057 4275 2503 4344 consequentiam
2532 4276 2844 4345 przedictam
2869 4277 2939 4330 sit
2966 4276 3031 4329 de
3055 4276 3238 4340 Patre,
3268 4282 3321 4327 ct
3347 4275 3412 4329 de
3440 4275 3637 4343 seipso.

2062 4363 2136 4418 De
2167 4362 2326 4419 Patre
2361 4365 2578 4434 quidem
2610 4379 2834 4419 necesse
2871 4372 2954 4418 est
2991 4380 3111 4418 eum
3144 4380 3264 4419 esse
3292 4382 3305 4430 ;
3339 4364 3460 4433 quia
3496 4363 3640 4416 nulla

372 4457 484 4512 quo
505 4452 590 4496 est
614 4442 799 4507 Filius,
823 4460 929 4497 non
955 4453 1134 4512 potest
1152 4460 1270 4498 esse
1293 4445 1383 4514 qui
1408 4446 1473 4499 de
1496 4460 1554 4501 se
1583 4454 1694 4512 est;
1722 4446 1957 4516 Spiritus
1988 4437 2034 4491 Β
2061 4454 2245 4508 obviat
2284 4454 2550 4524 oppositio
2596 4470 2610 4507 :
2658 4468 2769 4508 non
2807 4453 2953 4508 enim
2988 4461 3071 4507 est
3111 4452 3273 4507 Pater
3316 4454 3381 4507 de
3419 4453 3527 4508 illo.
3568 4454 3642 4507 De

374 4548 506 4587 νθτο
528 4543 768 4597 sana“,
806 4535 895 4603 ειηῖ
924 4536 1112 4589 θκῖδιίί
1143 4537 1208 4591 de
1240 4535 1400 4590 Ρίιιτθ
1428 4536 1801 4605 Ρτοεθάοηάο,
1853 4555 1958 4595 non
2063 4546 2239 4615 seipso
2270 4560 2399 4599 vero
2430 4544 2763 4614 impossibile
2791 4553 2873 4599 est
2914 4558 3036 4597 eum
3067 4558 3225 4609 esse;
3259 4546 3383 4614 quia
3415 4560 3521 4599 non
3548 4561 3642 4614 po-

310 4674 319 4685 .
370 4636 461 4681 est
491 4626 579 4680 ille
605 4628 694 4695 qui
726 4637 808 4680 est
834 4628 898 4679 de
928 4627 1088 4682 Patre
1118 4631 1409 4683 nascendo.
1450 4630 1583 4685 ltem
1616 4647 1630 4684 :
1671 4630 1807 4685 Cum
1837 4633 1961 4687 dici-
2066 4646 2171 4691 test
2210 4636 2448 4689 existens
2478 4636 2545 4689 de
2584 4635 2786 4701 aliquo,
2826 4642 2880 4687 et
2925 4634 2989 4688 de
3019 4650 3125 4703 quo
3158 4644 3273 4700 est,
3316 4636 3456 4691 idem
3498 4650 3637 4691 esse.

377 4728 488 4783 tur,
514 4718 654 4774 Deus
692 4729 775 4773 est
817 4719 1049 4788 Spiritus
1072 4729 1321 4784 sanctus;
1357 4724 1578 4791 requirit
1619 4724 1797 4778 unitas
1822 4741 1960 4795 [ιι-ω·
2064 4727 2120 4781 1η
2147 4729 2229 4781 his
2252 4713 2501 4781 omnibus
2528 4723 2659 4778 nihil
2681 4725 2864 4779 obviat
2887 4726 3286 4794 consequentia:
3314 4728 3470 4781 unius
3495 4726 3646 4781 iden-

1683 4876 1916 4933 VARl/E
1955 4875 2355 4933 LECTIONES.

452 4988 550 5065 *δέ’*
587 4988 644 5065 Si
680 4991 1054 5060 praedictarum
1094 5006 1446 5061 personarum
1472 5010 1601 5047 mss.
1638 4994 1682 5048 si
1727 4995 1980 5063 pradicta
2007 5008 2358 5065 personarum
2435 4993 2527 5025 ¹³⁸⁸
2567 4993 2633 5047 Ει
2661 5009 2837 5065 unum
2870 4995 3100 5049 eundem
3152 5011 3276 5049 mss.
3311 4994 3462 5050 Gem.
3494 4994 3621 5048 Bec.

378 5057 540 5131 garb.
576 5057 765 5115 Cisier.
798 5070 854 5115 et
886 5076 1051 5115 unum
1094 5057 1432 5131 eundemque
1486 5065 1651 5117 Deum
1728 5057 1820 5097 1"“
1860 5057 2181 5120 Tres-simul
2239 5065 2488 5118 dicantur
2525 5081 2620 5118 ms.
2660 5063 2792 5119 Vict.
2820 5066 2872 5119 5.
2903 5074 3013 5119 tres
3042 5065 3200 5120 simul
3230 5080 3350 5119 esse
3397 5064 3645 5118 dicantur

383 5129 482 5205 ‘f”
527 5131 814 5205 Videamus
882 5147 1028 5205 nunc
1061 5143 1157 5185 etc.
1195 5135 1249 5185 in
1292 5129 1390 5186 ms.
1419 5133 1571 5205 Cerb.
1631 5136 1714 5187 hic
1755 5137 1932 5204 incipit
1965 5136 2129 5205 Caput
2158 5136 2212 5191 5.
2291 5135 2383 5205 “3f
2420 5136 2651 5205 ldipsum
2697 5144 2750 5188 ct
2784 5137 3128 5205 cognoscitur
3163 5152 3289 5187 mss.
3330 5134 3463 5188 Vict.
3492 5132 3645 5190 Gem.

381 5198 511 5254 Bec.
545 5200 700 5255 (ἔστι).
733 5200 921 5255 Cister.
959 5203 1188 5271 idipsum
1221 5204 1568 5272 cognoscitur
1641 5206 1731 5239 ιη’
1777 5198 2051 5261 Ut'Pater'
2068 5215 2125 5259 et
2174 5222 2300 5259 mss.
2349 5198 2682 5259 Vict.'Corb.
2716 5215 2772 5259 ut
2808 5198 3045 5261 et'Pater
3071 5214 3125 5259 et
3200 5206 3289 5236 “9°
3328 5205 3639 5259 Considere-

386 5286 508 5345 I_l_tllS
530 5272 703 5345 adhuc
726 5283 822 5325 etc.
858 5273 910 5345 in
943 5289 1043 5326 ms.
1082 5272 1212 5326 νέαι.
1246 5274 1330 5327 l5.
1362 5274 1446 5327 hic
1468 5275 1655 5345 incipit
1686 5275 1853 5339 Caput
1894 5278 1929 5331 4
2032 5276 2120 5307 “9‘
2161 5276 2537 5345 Oppositiones
2583 5278 2854 5330 obsistunt
2901 5292 3024 5345 mss.
3073 5276 3201 5329 Vict.
3232 5275 3285 5345 9.
3320 5286 3367 5328 et
3399 5274 3453 5329 5.
3486 5274 3644 5328 Curb.

385 5339 538 5418 gent.
572 5340 697 5394 Bcc.
726 5343 1092 5418 oppositiones
1121 5345 1387 5418 obsistaut
1463 5339 1787 5418 “’_’_:Ut_rum
1824 5347 2069 5418 quisquis
2097 5347 2173 5418 psit
2207 5339 2359 5418 Deus
2384 5362 2508 5400 mss.
2550 5345 2683 5399 Vict.
2710 5345 2864 5418 Cori).
2907 5344 3401 5418 Sume/nasia.
3421 5356 3466 5399 et
3497 5345 3643 5401 Edit.

385 5409 546 5485 (iota.
589 5409 776 5485 utrum
824 5416 1191 5483 unusquisque
1217 5416 1287 5468 sit
1316 5416 1457 5470 Deus
1533 5416 1623 5448 ⁸⁵⁸³
1662 5409 1854 5472 Ροιεεί
1885 5409 2027 5473 Deus
2074 5417 2140 5471 de
2181 5416 2457 5480 Deo,Deus
2485 5432 2604 5471 esse
2631 5433 2753 5470 mss.
2795 5414 2930 5467 Vict.
2976 5414 3034 5469 S.
3075 5415 3237 5468 Mich.
3274 5414 3429 5469 Corb.
3470 5425 3647 5485 potest

386 5480 457 5558 de
489 5482 595 5533 Dm
616 5482 752 5536 Deus
781 5498 901 5537 esse
978 5480 1067 5558 “if
1101 5480 1485 5558 Inspiciau‘tus;
1515 5497 1696 5542 utrum
1726 5504 1852 5541 mss.
1880 5489 2229 5558 Inspiciamus
2262 5502 2394 5558 ergo
2420 5498 2600 5558 utrum
2678 5484 2770 5517 “9‘
2807 5485 2921 5539 lloc
2941 5494 3028 5558 est
3056 5486 3120 5558 de
3150 5485 3285 5558 Filio
3314 5495 3409 5558 aut
3432 5480 3500 5541 de
3527 5485 3648 5554 Spi-

382 5551 496 5629 ritu
531 5564 719 5629 sancto
750 5570 872 5607 ηιεδ.
901 5564 947 5606 et
972 5554 1083 5629 tid.
1117 5551 1372 5629 Go'taltoc
1401 5566 1488 5613 cst
1529 5559 1594 5614 de
1635 5558 1771 5629 ipso,
1824 5568 1915 5612 aut
1942 5551 2004 5613 de
2028 5557 2181 5622 Filio,
2233 5551 2432 5613 aut—de
2468 5557 2670 5627 Spiritu
2710 5566 2898 5612 sancto
2936 5556 3025 5590 “9‘
3064 5555 3140 5613 Nc
3168 5557 3306 5613 valet
3331 5557 3418 5613 illc
3448 5551 3648 5612 mssict

391 5618 540 5674 Euit.
589 5623 745 5676 (iam.
782 5626 1040 5681 nccvalct
1079 5626 1195 5681 csse
1242 5627 1328 5681 ille
1654 5618 1672 5629 ⁵
1758 5618 1768 5623 ’
2168 5618 2177 5622 ⁷
2508 5618 2525 5627 ·
3652 5629 3656 5634 ν
