3916 6054
280 203 376 258 291

774 195 834 252 S.
873 192 1173 250 ANSELMI
1212 186 1563 246 CANTUAR.
1594 182 1912 238 ARCIIIEP.
1956 179 2110 238 OPP.
2152 178 2332 234 PARS
2360 178 2400 233 Ι.
2432 206 2493 219 --
2542 166 2975 229 DOGMATICA.

3435 158 3545 215 (ὶθῖ

281 309 454 367 titatis
486 308 598 373 "9",
622 306 726 361 nisi
755 305 935 374 aliqua
963 305 1029 357 de
1052 299 1377 370 supradictis
1396 296 1682 367 oppositio.
1706 294 1860 361 Quod
1890 309 1934 361 Α
1967 304 2049 349 ter
2091 304 2146 348 et
2194 292 2429 362 Spiritus
2468 299 2689 346 sanctus
2711 328 2727 352 ,
2757 293 2850 341 aut
2882 284 3021 339 alius
3060 286 3203 336 totus
3229 276 3336 335 erit
3359 274 3547 343 Pater,

280 416 411 458 vero
456 400 509 455 in
558 398 642 454 liis
687 395 1050 467 cognoscitur.
1087 393 1138 444 in
1172 390 1421 445 omnibus
1445 427 1459 450 ,
1493 402 1613 456 quae
1649 387 1717 441 de
1749 388 1856 440 lteo

283 492 556 555 dicuntur,
591 485 994 543 immutabilitcr
1025 480 1241 536 evenire
1283 493 1505 533 necesse
1534 487 1637 531 est.

823 592 1047 648 CAPUT
1086 589 1152 644 IV
1195 588 1305 643 Μ’.

282 694 416 749 Cum
440 689 611 744 Filius
640 706 741 743 non
769 689 834 741 sit
864 687 926 738 de
951 683 1153 753 Spiritu
1177 694 1380 746 sancto,
1410 681 1517 751 ipse
1544 678 1772 749 Spiritus
1796 695 1860 732 ea:

844 755 988 809 Filio
1034 754 1283 820 procedit.

354 855 505 909 Nunc
535 849 882 922 quaerendum
928 854 1010 902 est
1053 860 1147 914 per
1194 843 1537 912 supradictas
1569 840 1856 909 irrel‘raga—-

284 948 416 1003 biles
447 945 682 999 rationes
708 968 722 1006 ι
755 950 938 994 utrum
978 938 1147 993 Filius
1177 937 1248 991 sit
1283 937 1349 990 de
1379 935 1583 1004 Spiritu
1632 941 1820 987 sancto
1842 972 1857 995 ,

283 1049 373 1093 aut
405 1037 642 1106 Spiritus
676 1042 895 1089 sanctus
925 1032 991 1087 de
1034 1029 1192 1085 Filio.
1224 1029 1355 1083 Dico
1400 1028 1525 1096 quia
1557 1026 1727 1089 sicut,
1766 1040 1862 1094 per

282 1129 648 1198 supradictam
681 1124 944 1179 rationem
971 1162 986 1187 ,
1026 1131 1117 1174 aut
1150 1121 1307 1174 Pater
1336 1127 1419 1172 est
1455 1118 1521 1171 de
1559 1115 1698 1170 Filio
1725 1155 1740 1180 ,
1770 1123 1864 1168 aut

282 1221 452 1276 Filius
479 1220 545 1274 de
576 1225 728 1288 patre
763 1234 775 1268 :
806 1224 863 1270 et
892 1214 1144 1268 similiter
1176 1221 1270 1265 aut
1295 1220 1380 1264 est
1408 1211 1475 1264 de
1504 1208 1709 1277 Spiritu
1740 1223 1864 1261 sau-

281 1325 369 1367 cto
399 1312 559 1365 Pater
594 1309 683 1340 "9’
711 1317 803 1361 aut
835 1305 1070 1375 Spiritus
1105 1313 1324 1358 sanctus
1351 1301 1417 1355 de
1442 1299 1643 1365 Patre;
1678 1300 1749 1352 ita
1780 1309 1862 1352 est

283 1413 375 1457 aut
405 1401 571 1455 Filius
595 1400 659 1454 de
688 1396 894 1467 Spiritu
926 1402 1137 1456 sancto,
1165 1401 1258 1445 aut
1290 1390 1525 1459 Spiritus
1552 1398 1772 1443 sanctus
1798 1391 1863 1444 de

285 1495 439 1548 Filio.
473 1492 624 1558 Quod
651 1490 742 1560 qui
768 1497 944 1558 negat,
974 1495 1127 1555 neget
1155 1485 1317 1538 etiam
1342 1497 1565 1538 necesse
1586 1494 1672 1538 est
1697 1498 1862 1536 unum

276 1587 454 1640 solum
488 1587 652 1639 Deum
685 1596 843 1645 esse;
878 1589 972 1633 aut
1011 1577 1205 1633 Filium
1239 1577 1405 1631 Deum
1433 1590 1582 1640 esse;
1623 1583 1714 1628 aut
1746 1574 1863 1644 Spi-

281 1678 446 1731 ritum
478 1683 721 1729 sanctum
748 1672 918 1725 Demn
952 1684 1109 1734 esse;
1141 1676 1235 1721 aut
1265 1667 1428 1722 Deum
1458 1679 1579 1719 esse
1619 1668 1685 1718 de
1713 1664 1821 1719 Deo
1847 1706 1862 1730 ,
1901 1645 1943 1700 Β

282 1768 409 1837 quia
448 1782 515 1821 ex
559 1766 640 1819 his
671 1762 915 1831 sequitur
945 1759 1087 1830 quod
1117 1758 1258 1812 dico.
1299 1755 1545 1825 Amplius
1575 1773 1588 1809 :
1624 1753 1739 1809 Non
1784 1763 1867 1810 est

285 1860 379 1891 ¹⁸⁰⁰
410 1858 576 1913 Filius
605 1865 697 1910 aut
722 1854 958 1923 Spiritus
981 1859 1205 1907 sanctus
1230 1849 1297 1904 de
1324 1847 1510 1913 Patre,
1541 1847 1643 1901 nisi
1674 1847 1740 1902 de
1767 1845 1868 1900 Pa-

285 1951 382 2004 tris
408 1947 642 2004 essentia
662 1983 678 2010 ,
724 1959 843 2014 quae
872 1957 975 1997 una
1007 1949 1090 1997 est
1131 1939 1205 1994 illi
1235 1953 1357 1992 cunt
1400 1936 1538 1991 Filio
1562 1945 1618 1991 et
1661 1935 1867 2005 Spiritu

284 2053 492 2096 saneto.
525 2038 657 2092 Cum
683 2050 814 2105 ergo
843 2033 1039 2089 dicitur
1063 2031 1190 2100 quia
1221 2028 1392 2083 Filius
1410 2037 1495 2082 est
1527 2028 1596 2085 de
1627 2014 1737 2082 Deo
1766 2026 1866 2080 Pa-

287 2144 406 2197 tre;
457 2130 501 2186 si
544 2129 684 2184 idem
730 2127 874 2180 Deus
913 2133 1000 2179 est
1033 2122 1193 2176 Pater
1233 2129 1289 2176 et
1332 2120 1567 2189 Spiritus
1603 2125 1826 2173 sanctus
1850 2157 1866 2183 ,

285 2223 552 2293 sequitur,
599 2218 897 2274 secundum
928 2215 1187 2270 unitatem
1232 2211 1489 2277 Deitatis,
1519 2219 1577 2264 ut
1607 2212 1678 2265 sit
1705 2210 1868 2263 etiam

285 2316 351 2369 de
396 2312 600 2382 Spiritu
638 2318 850 2365 sancto.
890 2306 1092 2361 Eodem
1138 2302 1342 2359 modo:
1375 2301 1603 2368 Quando
1643 2299 1869 2354 conlite-

285 2420 407 2459 mur
439 2401 702 2472 Spiritum
733 2408 981 2454 sanctum
1025 2409 1146 2450 esse
1176 2394 1241 2448 de
1274 2393 1381 2448 Deo
1420 2392 1621 2456 Patre;
1652 2392 1697 2445 si
1729 2391 1868 2446 idem

288 2493 430 2549 Deus
455 2503 536 2548 est
555 2531 570 2557 ,
601 2490 766 2545 Pater
791 2497 845 2542 et
870 2487 1044 2541 Filius
1066 2525 1079 2548 ,
1115 2484 1362 2553 sequitur
1390 2482 1689 2538 secundum
1717 2496 1868 2536 eam-

285 2587 407 2638 dem
452 2583 675 2637 Deitatis
719 2580 982 2634 unitatem
1010 2616 1025 2640 ,
1057 2584 1115 2630 ut
1160 2574 1232 2629 sit
1277 2581 1332 2628 et
1375 2576 1440 2627 dc
1471 2572 1628 2626 Filio.
1662 2572 1737 2626 Es
1788 2572 1873 2627 liis

289 2677 452 2746 igitur
479 2681 665 2742 aperte
693 2668 1035 2739 cognoscitur
1065 2665 1188 2735 quia
1220 2674 1313 2718 ant
1344 2663 1511 2718 Filius
1544 2672 1629 2718 est
1657 2664 1722 2718 de
1749 2664 1872 2733 Spi-

287 2769 394 2822 ritu
442 2775 665 2828 saneto,
714 2770 806 2816 aut
853 2759 1090 2830 Spiritus
1133 2768 1358 2812 sanctus
1405 2758 1472 2811 de
1511 2755 1693 2822 Filio;
1739 2771 1877 2825 quo-

288 2861 435 2913 ttiaut
465 2867 761 2925 utrumque
790 2853 979 2922 nequit
1008 2867 1129 2906 esse
1153 2865 1339 2905 verum
1374 2858 1467 2902 aut
1506 2848 1721 2903 falsum.
1766 2847 1874 2901 Ne-

288 2964 439 3004 cesse
476 2956 560 3001 est
593 2960 723 3016 ergo
756 2943 1016 3013 Spiritum
1049 2948 1293 2994 sanctum
1337 2953 1456 2992 esse
1505 2938 1573 2991 de
1607 2936 1782 3003 Filio;
1828 2937 1871 2990 si

1958 386 2096 439 alius
2144 393 2287 439 totus
2334 383 2569 454 Spiritus
2593 389 2833 443 sanctus,
2863 385 2921 430 ut
2949 376 3018 430 de
3041 383 3154 429 toto
3178 371 3342 426 Patre
3371 369 3464 431 sit,
3495 376 3551 422 et

1959 492 2065 531 non
2122 476 2188 531 de
2228 486 2342 532 toto
2382 474 2586 545 Spiritu
2619 480 2843 535 sancto;
2868 476 2961 523 aut
2989 466 3034 521 si
3068 466 3207 519 idem
3237 470 3387 517 totus
3410 460 3552 514 Deus

1957 578 2043 624 est
2083 570 2246 624 Pater
2296 580 2353 624 et
2390 568 2626 639 Spiritus
2652 573 2916 621 sanctus:
2958 575 3026 615 ex
3054 556 3379 613 necessitate
3425 569 3549 609 cum

1961 668 2046 713 est
2073 659 2140 714 de
2183 660 2294 714 Deo
2318 668 2452 724 toto,
2473 659 2564 727 qui
2600 672 2740 710 unus
2770 664 2914 709 totus
2943 660 3024 707 est
3044 650 3206 705 Pater
3233 655 3288 702 et
3318 645 3554 715 Spiritus

1962 760 2205 819 sanctus;
2240 761 2320 807 est
2345 752 2547 820 pariter
2566 748 2740 803 ""de
2767 747 2927 801 Patre
2952 754 3007 800 et
3032 742 3236 811 Spiritu
3260 748 3471 805 sancto,
3500 738 3545 794 si

1962 856 2069 896 non
2092 850 2355 914 repugnat
2374 841 2540 915 aliud.
2565 839 2767 895 Eodem
2788 837 2965 898 modo,
2994 850 3118 889 cum
3145 832 3341 887 dicitur
3370 830 3545 900 Spiri-

1965 942 2049 989 tus
2069 942 2289 988 sanctus
2326 949 2447 989 esse
2468 932 2535 987 de
2562 939 2673 988 toto
2695 931 2825 993 Deo,
2865 927 2956 996 qui
2987 934 3071 980 est
3092 924 3251 978 Pater
3269 932 3325 976 et
3345 921 3540 987 Filius;

1964 1034 2056 1080 aut
2083 1025 2219 1079 alius
2243 1034 2384 1079 totus
2407 1024 2503 1079 erit
2539 1023 2722 1090 Pater,
2753 1020 2890 1074 alius
2921 1026 3065 1071 totus
3084 1015 3273 1083 Filius,
3302 1023 3361 1067 ut
3385 1014 3455 1069 sit
3483 1013 3550 1068 de

1967 1123 2077 1170 toto
2106 1115 2286 1179 Patre,
2311 1126 2363 1171 et
2381 1130 2484 1170 non
2515 1115 2581 1169 de
2606 1122 2718 1168 toto
2744 1112 2880 1168 Filio
2919 1110 3155 1179 Spiritus
3176 1115 3426 1170 sanctus;
3452 1115 3546 1158 aut

1965 1221 2087 1260 cum
2111 1216 2196 1260 est
2245 1206 2313 1261 de
2360 1205 2524 1260 Patre
2552 1204 2788 1274 Spiritus
2825 1211 3065 1260 sanctus,
3093 1214 3198 1251 non
3242 1205 3416 1267 potest
3444 1211 3552 1250 non

1965 1311 2085 1351 esse
2131 1299 2195 1353 de
2236 1296 2405 1362 Filio;
2457 1297 2501 1352 si
2545 1312 2650 1350 non
2680 1304 2764 1350 est
2790 1294 2957 1350 Filius
2984 1292 3053 1347 de
3099 1290 3302 1360 Spiritu
3343 1299 3551 1344 saneto.

1965 1388 2120 1443 Nulla
2170 1390 2314 1444 enim
2377 1388 2484 1442 alia
2538 1388 2750 1443 ratione
2827 1393 3002 1456 potest
3079 1382 3260 1452 negari
3320 1379 3555 1449 Spiritus

1966 1487 2187 1535 sanctus
2216 1493 2336 1534 esse
2361 1478 2427 1533 de
2455 1476 2612 1532 Filio.

2038 1572 2195 1628 Dicet
2235 1570 2433 1640 aliquis
2463 1585 2477 1623 :
2508 1568 2566 1624 Si
2602 1566 2860 1638 quoniam
2886 1578 3027 1619 unus
3078 1562 3222 1618 Deus
3266 1571 3347 1616 est
3392 1560 3556 1615 Pater

1967 1673 2023 1720 et
2050 1664 2285 1735 Spiritus
2314 1672 2553 1723 sanctus,
2577 1676 2698 1715 cum
2730 1658 2900 1713 Filius
2928 1656 3018 1687 ¹⁸⁰⁷
3050 1664 3132 1710 est
3160 1653 3227 1708 de
3256 1652 3436 1715 Patre,
3463 1667 3552 1706 se-

1969 1755 2154 1825 quitur
2176 1768 2300 1809 eum
2325 1768 2443 1808 esse
2464 1755 2531 1807 de
2555 1750 2762 1822 Spiritu
2792 1755 3012 1810 sancto;
3043 1754 3140 1800 aut
3164 1759 3286 1798 cum
3312 1742 3549 1812 Spiritus

1967 1856 2191 1901 sanctus
2219 1854 2303 1901 est
2330 1845 2394 1899 de
2423 1844 2604 1906 Patre,
2639 1842 2763 1911 quia
2795 1840 2935 1893 idem
2981 1837 3123 1891 Deus
3150 1843 3233 1890 est
3266 1833 3429 1889 Pater
3462 1832 3556 1865 ¹⁸⁰⁸

1970 1947 2025 1993 et
2049 1937 2234 2002 Filius,
2269 1945 2352 1992 est
2371 1936 2534 1991 etiam
2566 1934 2632 1988 de
2653 1932 2790 1989 Filio
2823 1948 2838 1985 :
2867 1944 2991 1986 cum
3035 1928 3196 1983 Pater
3255 1926 3427 1998 gignit
3467 1924 3557 1982 Fi-

1971 2030 2124 2096 lium,
2177 2042 2401 2085 necesse
2448 2036 2534 2083 est
2570 2041 2694 2081 eum
2758 2023 2979 2096 gignere
3030 2035 3244 2092 quoque
3294 2018 3556 2090 Spiritum

1970 2130 2254 2186 sanctum;
2288 2121 2413 2191 quia
2469 2133 2608 2173 unus
2645 2117 2898 2186 idemque
2956 2114 3098 2168 Deus
3148 2120 3231 2165 est
3281 2110 3560 2191 Filius_et

1973 2218 2212 2289 Spiritus
2239 2227 2482 2272 sanctus.
2516 2215 2726 2268 Etcum
2758 2209 2996 2281 Spiritus
3038 2217 3259 2262 sanctus
3315 2186 3560 2276 procedit

1975 2311 2044 2365 de
2079 2310 2261 2373 Patre,
2312 2316 2537 2377 propter
2575 2305 2819 2360 eamdem
2863 2303 3129 2356 unitatem
3175 2297 3401 2353 Deitatis
3432 2296 3558 2351 Filii

1973 2413 2030 2458 et
2052 2402 2289 2472 Spiritus
2342 2400 2541 2464 sancti,
2576 2397 2824 2467 procedit
2869 2404 2927 2450 et
2974 2393 3143 2449 Filius
3197 2394 3266 2448 de
3295 2391 3457 2445 Patre
3484 2390 3557 2445 ita

1974 2495 2111 2550 sicut
2139 2492 2370 2562 Spiritus
2392 2499 2631 2546 sanctus.
2672 2487 2731 2542 Si
2765 2501 2894 2542 vero
2918 2485 3098 2540 unitas
3144 2483 3237 2538 Dei
3272 2481 3363 2514 ¹⁵⁶⁹
3388 2482 3440 2536 in
3472 2481 3562 2535 Fi—

1975 2585 2048 2639 lio
2088 2595 2144 2640 et
2176 2583 2383 2655 Spiritu
2433 2590 2625 2636 sancto
2668 2594 2775 2634 non
2830 2578 2977 2631 illam
3017 2575 3185 2631 habet
3215 2574 3324 2628 vim
3364 2588 3559 2630 consc-

1975 2677 2226 2747 quentiar,
2283 2684 2342 2728 ut
2396 2682 2622 2741 uterque
2667 2669 2919 2724 similiter
2947 2666 3018 2722 sit
3048 2665 3262 2738 genitus
3284 2678 3340 2718 et
3373 2677 3562 2733 proce-

1977 2767 2133 2831 dens,
2156 2763 2371 2820 videtur
2399 2763 2544 2832 quod
2570 2778 2677 2816 non
2725 2775 2791 2814 ex
2815 2774 2883 2813 eo
2908 2758 3053 2829 quod
3108 2756 3201 2788 ¹⁸¹⁰
3232 2771 3375 2810 unus
3419 2755 3562 2809 Deus

1978 2867 2061 2914 est
2091 2856 2253 2911 Pater
2284 2854 2374 2886 ιω
2426 2863 2481 2909 et
2511 2853 2746 2922 Spiritus
2803 2859 3026 2906 sanctus
3070 2851 3319 2919 sequitur
3364 2847 3560 2901 Filium

1976 2964 2097 3003 esse
2127 2946 2191 3001 de
2227 2944 2430 3015 Spiritu
2472 2950 2688 3005 sancto,
2725 2950 2819 2995 aut
2840 2940 3102 3011 Spiritum
3157 2949 3405 2993 sanctum
3442 2950 3562 2991 esse

287 3047 465 3110 potest
491 3036 780 3092 monstrari
820 3032 1016 3087 Filium
1064 3046 1171 3084 non
1222 3045 1342 3084 esse
1388 3030 1455 3082 de
1500 3028 1611 3083 illo.
1651 3026 1787 3082 Nam
1826 3027 1871 3081 si
1902 3019 1944 3080 Β
1977 3042 2047 3096 de
2073 3041 2235 3103 Filio;
2279 3037 2532 3108 quoniam
2566 3034 2706 3091 idem
2736 3035 2876 3090 Deus
2902 3032 3171 3088 εειρειρις
3189 3030 3456 3093 euripus,
3505 3037 3565 3083 ιιι

287 3132 412 3202 quis
432 3129 563 3184 dicit
584 3142 688 3181 non
712 3124 859 3195 sequi
887 3122 1078 3177 Filium
1099 3135 1219 3174 esse
1247 3120 1312 3174 de
1340 3117 1499 3173 Patre
1527 3128 1582 3172 et
1610 3118 1675 3173 de
1698 3118 1870 3187 Spiri-

290 3230 346 3276 tu
376 3229 566 3277 sancto
599 3217 710 3283 '5‘“,
744 3214 946 3271 ideirco
974 3212 1228 3283 quoniam
1268 3226 1406 3264 unus
1455 3218 1541 3264 est
1572 3209 1663 3240 ”‘°‘
1704 3209 1865 3274 Deus,

289 3312 449 3367 Pater
475 3321 530 3365 et
553 3309 786 3379 Spiritus
822 3318 1070 3372 sanctus;
1110 3306 1319 3359 etiamsi
1354 3304 1449 3336 ¹⁵⁰³
1480 3320 1588 3358 non
1637 3303 1867 3373 opponi-

291 3414 378 3459 tur
407 3402 573 3465 aliud,
602 3409 693 3453 ant
721 3398 983 3467 Spiritum
1029 3405 1273 3451 sanetum
1323 3410 1445 3450 esse
1487 3396 1553 3449 de
1608 3395 1765 3448 Patre
1813 3402 1868 3448 et

289 3493 447 3555 Filio,
480 3490 735 3560 quoniam
757 3501 896 3541 unus
910 3494 1001 3560 _est
1028 3486 1167 3540 Deus
1180 3484 1340 3539 Pater
1363 3494 1419 3538 et
1444 3483 1644 3549 Filius;
1676 3500 1863 3553 quam-

292 3584 373 3638 vis
403 3599 507 3637 non
544 3581 615 3636 sit
655 3578 825 3632 Filius
877 3554 943 3632 de
993 3576 1196 3645 Spiritu
1245 3585 1482 3630 sancto:
1539 3575 1868 3639 consideret,

291 3676 416 3746 quia
442 3690 564 3729 cum
596 3684 679 3727 est
699 3671 843 3726 Deus
866 3669 933 3725 de
965 3669 1090 3730 Deo,
1120 3677 1214 3722 aut
1239 3676 1323 3723 est
1351 3676 1494 3723 totus
1523 3667 1590 3723 de
1623 3677 1754 3732 toto,
1782 3679 1873 3723 aut

292 3783 419 3837 pars
448 3769 513 3820 de
538 3775 710 3836 parte,
740 3772 831 3817 aut
859 3772 1002 3817 totus
1027 3761 1091 3815 de
1123 3770 1298 3830 parte,
1334 3768 1429 3814 aut
1482 3775 1611 3830 pars
1639 3761 1706 3815 de
1736 3769 1871 3816 toto.

293 3860 398 3914 Sed
430 3859 570 3913 Deus
593 3858 688 3895 ¹⁵⁰δ
720 3856 918 3910 nullam
945 3853 1107 3908 habet
1135 3862 1344 3922 partem
1373 3869 1386 3906 :
1414 3852 1746 3922 impossibile
1775 3850 1872 3921 igi-

294 3960 380 4004 tur
402 3959 485 4004 est
523 3957 581 4002 ut
622 3948 694 4002 sit
731 3945 875 4002 Deus
920 3944 986 3998 de
1022 3944 1156 4007 Deo,
1200 3951 1296 3996 aut
1329 3950 1389 3995 ut
1439 3950 1581 3996 totus
1615 3942 1684 3996 de
1722 3951 1876 4010 parte

297 4043 412 4110 ηπ,
446 4051 540 4095 aut
562 4052 617 4094 ut
641 4054 767 4110 pars
788 4040 853 4093 de
873 4046 1011 4100 toto,
1031 4044 1189 4090 autut
1214 4049 1338 4104 pars
1367 4035 1432 4088 de
1453 4043 1627 4102 parte.
1644 4032 1876 4091 Necesse

296 4146 379 4189 est
408 4136 569 4205 igitur
621 4142 697 4195 ut,
749 4131 793 4186 si
822 4139 905 4185 est
936 4130 1077 4183 Deus
1105 4127 1170 4181 de
1190 4127 1323 4191 Deo,
1354 4134 1497 4182 totus
1524 4126 1595 4181 sit
1641 4127 1706 4182 de
1738 4135 1872 4182 toto.

1974 3132 2135 3189 dicis.
2160 3132 2239 3186 Ad
2265 3131 2408 3202 quod
2439 3144 2539 3200 ego
2569 3145 2582 3181 :

2048 3223 2257 3279 Habent
2287 3222 2472 3291 utique
2495 3236 2525 3274 a
2561 3220 2724 3274 Patre
2745 3231 2874 3272 esse.
2893 3216 3059 3271 Filius
3084 3224 3141 3270 et
3169 3214 3404 3285 Spiritus
3434 3228 3563 3267 san-

1973 3325 2115 3379 ctus,
2135 3315 2227 3370 sed
2240 3313 2456 3367 diverso
2470 3312 2659 3377 modo;
2685 3311 2811 3381 quia
2827 3309 2963 3364 alter
2975 3307 3267 3374 nascendo,
3287 3307 3424 3360 alter
3439 3320 3565 3374 pro-

1970 3408 2235 3470 cedendo,
2263 3415 2322 3459 ut
2341 3405 2660 3474 aliisintper
2682 3403 2784 3458 hoc
2804 3401 2872 3456 ab
2901 3401 3154 3464 invicem,
3184 3407 3239 3453 ut
3263 3399 3462 3453 dictum
3483 3407 3567 3452 est

1976 3499 2089 3551 ιω.
2106 3499 2172 3552 Et
2186 3498 2326 3562 ideo,
2354 3510 2474 3551 cum
2493 3497 2733 3550 nascitur
2755 3509 2910 3559 unus,
2937 3506 3043 3548 non
3057 3499 3231 3561 potest
3247 3505 3369 3544 cum
3384 3503 3566 3559 eqna-

1977 3591 2055 3648 sci
2074 3590 2290 3660 ille,qui
2305 3603 2400 3659 per
2411 3588 2511 3643 hoc
2522 3587 2752 3643 estalius
2764 3587 2830 3640 ab
2843 3601 2930 3650 eo,
2946 3602 2997 3655 qi
3021 3584 3069 3638 i-i
3088 3583 3568 3640 nonsimiliterna-

1979 3683 2170 3745 scitur,
2194 3680 2287 3735 sed
2311 3678 2572 3751 procudit,
2598 3688 2790 3732 etcum
2814 3692 2952 3731 unus
2974 3675 3242 3746 procedit;
3277 3669 3568 3741 nequitille

1980 3774 2143 3830 simul
2170 3774 2486 3844 procedere,
2517 3771 2609 3840 qui
2635 3782 2732 3840 per
2762 3769 2865 3824 hoc
2898 3777 2983 3824 est
3007 3768 3144 3822 alius
3172 3768 3241 3821 ab
3294 3765 3405 3831 illo,
3436 3763 3564 3833 quia

1983 3880 2091 3920 non
2122 3863 2372 3919 similiter
2402 3860 2671 3932 procedit,
2722 3859 2814 3915 sed
2859 3858 3122 3913 nascitur.
3182 3856 3249 3911 Et
3303 3856 3423 3909 ideo
3454 3869 3562 3907 non

1984 3959 2146 4013 habet
2174 3958 2263 4012 hic
2289 3955 2470 4010 unitas
2495 3954 2639 4007 illam
2678 3954 2784 4006 vim
2836 3952 2928 3984 ‘m
2955 3950 3383 4021 consequentiae;
3436 3949 3565 4017 quia

1983 4048 2263 4118 pluralitas
2287 4046 2490 4111 obviat,
2518 4059 2637 4114 qum
2656 4059 2722 4098 ex
2753 4043 3035 4098 nativitate
3075 4042 3314 4096 nascitur
3343 4048 3398 4093 et
3424 4052 3557 4108 pro-

1985 4139 2249 4194 cessione.
2282 4134 2415 4189 Nam
2452 4143 2507 4189 et
2528 4137 2571 4188 si
2601 4150 2696 4205 per
2721 4133 2865 4189 aliud
2898 4148 3005 4188 non
3031 4140 3214 4187 essent
3261 4131 3441 4202 plures
3473 4129 3568 4183 Fi-

298 4226 430 4279 Cum
477 4239 604 4292 ergo
634 4222 803 4277 Filius
836 4220 1037 4275 dicitur
1098 4232 1218 4273 esse
1253 4218 1319 4273 de
1377 4216 1490 4273 Deo
1515 4217 1605 4287 qui
1633 4226 1716 4273 est
1768 4217 1867 4273 Pa-

1984 4232 2086 4285 lius
2110 4239 2166 4285 et
2197 4228 2433 4298 Spiritus
2458 4237 2697 4294 sanctus,
2730 4241 2826 4297 per
2849 4227 2952 4281 hoc
2979 4226 3152 4281 solum
3175 4233 3353 4279 essent
3379 4223 3561 4277 diver-

1572 4375 1806 4436 VARIA‘)
1843 4381 2134 4439 LECTION
2144 4382 2243 4437 ES.

372 4482 462 4516 “’7
485 4479 655 4537 Unius
682 4477 935 4532 identitas
956 4493 1080 4529 mss.
1101 4472 1228 4526 Vict.
1246 4471 1400 4528 Corb.
1421 4482 1467 4527 et
1488 4471 1632 4526 Edit.
1662 4470 1818 4527 Galli.
1843 4476 2000 4529 unius
2021 4475 2318 4528 identitatis
2394 4472 2485 4505 “9°
2502 4471 2593 4527 Est
2613 4471 2669 4526 in
2686 4487 2786 4526 ms.
2803 4470 2936 4525 Vict.
2958 4470 3040 4524 l5.
3057 4468 3223 4540 Caput
3248 4468 3282 4524 5
3380 4468 3470 4540 Μ’
3492 4470 3567 4523 De

297 4554 478 4616 Patre,
509 4561 602 4603 aut
630 4551 695 4604 de
716 4548 917 4616 Spiritu
945 4554 1130 4601 sancto
1147 4545 1305 4599 Pater
1331 4559 1455 4597 mss.
1486 4544 1551 4616 de
1578 4543 1759 4616 Patre,
1792 4554 1845 4598 et
1872 4545 2140 4609 similiter,
2164 4553 2257 4616 aut
2285 4552 2369 4598 est
2388 4543 2453 4599 de
2472 4543 2683 4616 Spiritu
2716 4552 2903 4596 sancto
2936 4543 3142 4616 Pater__
3170 4541 3260 4572 ¹⁶⁰⁰
3296 4539 3562 4616 Amplius.

301 4556 478 4616 Patre,
509 4561 602 4603 aut
630 4556 695 4604 de
716 4556 917 4616 Spiritu
945 4556 1130 4601 sancto
1147 4556 1305 4599 Pater
1331 4559 1455 4597 mss.
1486 4556 1551 4597 tte
1578 4556 1759 4609 t’atre,
1792 4556 1845 4598 et
1872 4556 2140 4609 similiter,
2164 4556 2257 4599 aut
2285 4556 2369 4598 est
2388 4556 2453 4599 de
2481 4556 2683 4611 Spiritu
2716 4556 2903 4596 sancto
2936 4556 3094 4595 l'alet‘
3170 4556 3260 4572 ’νυν
3296 4556 3397 4594 Am
3441 4556 3544 4593 ltus

301 4640 406 4678 non
444 4631 528 4676 est
565 4619 701 4672 alius
737 4634 861 4671 mss.
920 4615 1171 4685 amplius,
1218 4630 1322 4669 non
1373 4624 1457 4669 est
1508 4613 1678 4668 Filius
1781 4616 1869 4648 ¹⁸⁰¹
1910 4617 2043 4669 Esse
2088 4617 2153 4669 de
2183 4614 2342 4669 Patre
2375 4623 2425 4667 et
2466 4613 2671 4685 Spiritu
2722 4622 2906 4685 saneto
2926 4629 3048 4665 mss.
3081 4609 3271 4665 Cister.
3297 4556 3455 4685 Cora.
3484 4610 3544 4664 S.

300 4693 464 4769 _Mich.
493 4691 710 4769 esse’de.
732 4687 891 4769 Patre
907 4698 961 4741 et
984 4679 1050 4769 de
1071 4679 1274 4769 Spiritu
1301 4696 1489 4767 saneto
1718 4684 1985 4769 Quoniam
2013 4701 2152 4769 imus
2185 4695 2267 4740 est
2282 4701 2431 4769 lusit.
2452 4679 2653 4769 idcirco
2674 4683 2926 4769 quoniam
2956 4696 3094 4763 unus
3133 4691 3217 4736 est
3289 4680 3383 4713 ¹⁸⁰³
3404 4679 3568 4735 Deus

300 4763 460 4818 Pater
516 4769 572 4815 et
623 4760 855 4829 Spiritus
903 4751 1154 4821 sanctus,
1194 4757 1404 4811 etiamsi
1443 4772 1566 4810 mss.
1604 4751 1749 4829 Vict.
1773 4755 1806 4811 9
1838 4757 1995 4811 Corb.
2028 4756 2170 4829 Dens
2203 4765 2257 4808 et
2282 4754 2440 4809 Pater
2467 4768 2522 4810 et
2550 4753 2802 4829 Filinset
2834 4753 3067 4822 Spiritus
3094 4760 3316 4807 sanctus
3352 4751 3564 4829 etiamsi

302 4833 395 4930 "°:
422 4832 566 4930 IrPars
596 4822 677 4883 de"
710 4838 904 4930 parte,
944 4837 1037 4881 aut
1066 4842 1191 4895 pars
1234 4830 1298 4881 de
1342 4837 1474 4893 toto,
1519 4828 1614 4882 sed
1644 4826 1784 4881 Deus
1823 4842 1950 4882 mss.
1980 4842 2106 4897 pars
2130 4828 2197 4881 de
2225 4835 2380 4895 parte
2409 4834 2502 4879 aut
2530 4835 2674 4880 totus
2716 4823 2784 4878 de
2815 4832 2991 4894 parte,
3050 4832 3144 4877 aut
3191 4836 3319 4893 pars
3349 4822 3415 4875 de
3449 4831 3564 4875 toto

302 4920 359 4930 --
468 4917 560 4930 ,ιη-ι-
637 4899 704 4930 Ilo
761 4898 822 4930 lit
864 4915 906 4930 οι
934 4898 1071 4930 nam
1104 4907 1180 4930 ncl
1220 4905 1285 4930 At.
1316 4896 1425 4930 nm
1483 4907 1621 4930 Inlue
1652 4897 1717 4930 ch
1758 4899 1822 4930 .In
1855 4906 2005 4930 nnnln
2046 4913 2152 4930 mea
2225 4904 2279 4930 ns
2329 4896 2371 4930 ci
2417 4895 2645 4930 Ποιιαιιη
2695 4894 2804 4930 “nn
2831 4904 2881 4930 nl
2919 4901 3065 4930 Inlnc
3093 4895 3159 4930 (In
3190 4900 3345 4930 nqua
3383 4889 3562 4930 ΙυῖιΙςιιι,

301 4904 397 4960 sed
422 4902 563 4957 Deus
637 4889 730 4931 ¹⁸⁰⁵
761 4898 829 4954 Ut
864 4889 908 4954 si
934 4889 1078 4952 Deus
1104 4907 1187 4952 est
1219 4905 1285 4953 de
1314 4889 1625 4961 Deo,’totus
1652 4897 1724 4952 sit
1758 4899 1823 4953 de
1855 4889 2172 4968 parte_mss.
2225 4889 2281 4950 ut
2329 4896 2373 4950 si
2416 4895 2558 4950 Deus
2578 4896 2645 4950 de
2695 4889 2889 4949 Deo'ut
2919 4901 3066 4968 tqtus
3093 4895 3159 4946 de
3189 4889 3357 4968 parte
3377 4889 3563 4968 Edidi.

302 4974 457 5030 Goth.
485 4981 543 5025 ut
568 4971 612 5025 si
639 4970 778 5052 Deus
804 4980 887 5052 est
909 4971 975 5024 de
1003 4968 1143 5052 Deo:
1164 4979 1241 5052 Aut
1266 4979 1409 5050 totus
1439 4969 1511 5022 sit
1542 4969 1611 5052 de
1641 4976 1794 5037 parte
1835 4961 1992 5052 _:“’“
2017 4966 2154 5052 Toto
2177 4968 2304 5048 quia
2334 4975 2419 5019 est
2447 4981 2585 5019 unus
2615 4973 2780 5052 totus,
2811 4974 2922 5045 tam
2954 4962 3115 5017 Pater
3135 4961 3300 5052 quarti
3324 4961 3566 5041 Spiritus

300 5054 520 5101 sanctus
555 5060 568 5095 :
605 5050 687 5094 est
719 5041 921 5109 pariter
941 5056 1067 5093 mss.
1103 5048 1215 5094 toto
1253 5040 1345 5107 qui
1377 5055 1516 5093 unus
1540 5030 1689 5092 totus
1719 5049 1804 5093 est
1835 5038 1995 5095 Pater
2035 5047 2089 5093 et
2123 5030 2359 5109 Spiritus
2380 5046 2622 5109 sanctus.
2656 5035 2749 5089 Est
2776 5034 3106 5109 pariterlns.
3133 5030 3444 5109 Corb._to_to_
3468 5030 3563 5100 qui

303 5131 444 5170 unus
471 5122 615 5167 tntus
639 5101 731 5166 est
749 5112 906 5166 Pater
928 5121 983 5164 et
1011 5109 1179 5164 Filius
1210 5101 1520 5177 et'Spiritus
1545 5119 1765 5164 sanctus
1792 5128 1805 5163 :
1830 5121 1884 5164 et
1907 5110 2110 5179 pariter
2165 5101 2179 5108 ’
2212 5106 2313 5179 ¹⁵⁰ζ
2329 5107 2595 5179 Quoniam
2627 5101 2791 5160 unus'
2818 5106 2958 5159 Deus
2988 5103 3150 5179 [inter
3192 5113 3248 5157 et
3302 5101 3565 5179 Spiritus,

301 5201 424 5241 cum
455 5184 626 5239 Filius
655 5200 778 5236 mss.
810 5192 855 5235 et
891 5181 1033 5234 Edit.
1073 5179 1228 5234 Goth.
1260 5181 1303 5233 si
1330 5171 1585 5244 quoniam
1612 5195 1753 5234 unus
1801 5171 1942 5234 Deus
1969 5180 2130 5234 Pater
2181 5186 2236 5232 et
2283 5171 2520 5244 Spiritus
2549 5184 2770 5231 sanctus
2822 5191 2943 5230 cum
2999 5173 3168 5229 Filius
3191 5190 3288 5244 ms.
3313 5171 3470 5244 Coro.
3517 5172 3562 5244 si

302 5256 556 5325 quoniam
587 5268 727 5308 unus
760 5262 844 5325 est
865 5252 1007 5306 Deus
1036 5250 1209 5325 Pater
1246 5259 1303 5304 et
1340 5241 1573 5325 Spiritus
1604 5258 1868 5325 sanctus,
1897 5264 2018 5303 cum
2048 5249 2225 5325 Pilius
2303 5241 2396 5325 ιξοε
2427 5247 2571 5325 Idem
2604 5248 2852 5325 catinius
2885 5245 3045 5300 Pater
3071 5261 3195 5299 mss.
3240 5241 3372 5297 Vict.
3402 5241 3560 5325 Qgrb.

336 5316 476 5379 idem
511 5325 651 5379 Deus
688 5334 773 5378 est
800 5323 959 5376 Pater
1034 5322 1124 5353 "'9
1157 5320 1212 5375 Si
1246 5311 1573 5375 vero.unitas
1603 5320 1828 5374 Deitatis
1846 5311 1986 5389 ivmss.
2017 5320 2061 5373 si
2093 5333 2221 5374 vero
2246 5317 2424 5372 unitas
2458 5315 2549 5371 Dei
2626 5317 2717 5389 "_‘°
2749 5315 2864 5370 Non
2889 5333 2953 5389 es
2986 5331 3063 5389 eo_
3079 5315 3218 5389 quod
3233 5331 3372 5389 _mss.
3422 5311 3555 5367 Vict.

302 5410 412 5449 non
433 5410 496 5447 ex
529 5394 631 5448 hoc
650 5396 775 5463 quia
854 5394 944 5424 ¹⁸¹¹
969 5391 1117 5447 Unus
1159 5401 1243 5446 est
1264 5390 1630 5463 “DeusPater
1653 5406 1814 5463 mss.
1843 5388 1983 5463 Vict.
2025 5388 2190 5463 Corb.‘
2211 5405 2352 5442 unus
2382 5389 2521 5463 Deus
2549 5397 2633 5463 est
2663 5387 2824 5463 Pater
2900 5386 2991 5418 ⁸⁵⁸³
3032 5385 3152 5440 Sint
3197 5385 3265 5438 ab
3306 5385 3563 5450 invicem,

303 5465 532 5535 perboc
565 5458 706 5533 quod
747 5464 948 5519 dictum
979 5473 1212 5535 estmss.
1248 5460 1394 5517 Gem.
1428 5461 1551 5535 Bac.
1589 5459 1725 5515 Vict.
1754 5459 2111 5535 Tlttt.__Qt'8_i_cr_.
2148 5460 2386 5535 sintper
2411 5459 2514 5514 hoc
2560 5459 2928 5535 ab_inrigem,
2960 5465 3018 5535 ιιι
3068 5458 3293 5535 dictum"
3328 5462 3411 5535 est
3461 5469 3559 5534 ms.

302 5522 461 5659 ξίοτρῖἱ
493 5522 598 5586 sini
618 5550 720 5613 per
750 5536 851 5589 lioc
876 5536 943 5591 ab
976 5534 1229 5600 invicem,
1259 5535 1385 5605 quia
1413 5541 1471 5588 ut
1491 5534 1693 5586 dictum
1725 5541 1804 5588 est
1881 5531 1973 5564 ¹⁸¹⁸
2004 5530 2195 5587 Unitas
2219 5522 2308 5586 illa
2338 5530 2444 5585 vim
2474 5547 2596 5585 mss.
2631 5528 2751 5584 Bcc.
2777 5525 2926 5582 Gem.
2972 5527 3030 5581 S.
3063 5525 3226 5580 Mich.
3253 5522 3409 5578 Corb.
3444 5524 3569 5577 uni-

330 5620 422 5659 iISI
464 5619 551 5657 an)
583 5618 687 5655 νιιιι

330 5620 388 5660 χιε
410 5619 551 5657 tuam
583 5619 687 5655 VIIII
