3926 6054
355 233 474 289 293

1481 231 1566 286 DE
1607 229 2084 288 PROCESSIONE
2123 228 2182 286 S.
2224 227 2558 284 SPlRlTUS.

3527 233 3635 290 aet

368 350 434 404 si.
458 345 590 403 Cum
615 353 796 402 autem
823 345 942 400 dico
971 359 1038 400 ex
1067 361 1132 402 eo
1171 344 1306 416 quia
1328 345 1488 400 Pater
1519 360 1658 400 unus
1690 345 1830 400 Deus
1858 354 1947 400 est
1975 360 2018 410 Α
2053 345 2188 400 111118
2217 351 2438 398 sanctus
2464 357 2572 396 non
2605 343 2764 398 habet
2797 343 3010 397 Filium.
3047 343 3150 398 Per
3192 344 3294 400 hoc
3321 344 3466 400 enim
3497 361 3625 416 pro-

365 454 490 494 cum
515 437 652 492 Filio
681 447 776 490 aut
812 453 934 492 cum
961 437 1164 506 Spiritu
1192 447 1400 498 sancto,
1433 436 1583 504 sequi
1615 436 1808 490 Filium
1833 451 1955 490 esse

369 530 466 563 ⁸⁸⁸⁸
493 531 559 586 110
587 529 790 599 Spiritu
823 539 1031 590 sancto,
1085 539 1180 582 aut
1229 527 1492 598 Spiritum
1533 535 1782 582 sanctum
1837 540 1957 582 esse

365 623 436 678 de
465 621 605 676 Filio
639 639 652 674 :
687 621 834 675 nulla
865 621 936 674 ibi
979 619 1260 690 pluralitas
1305 627 1616 690 generatur,
1672 633 1791 688 quae
1841 619 1956 672 uni«

369 715 502 770 tatis
523 714 706 769 obviet
727 713 1163 781 consequentiae;
1191 713 1316 782 quia
1365 727 1470 766 non
1503 721 1791 779 utrumque
1839 710 1958 765 dico

365 823 508 872 esse,
533 805 624 862 sed
649 806 878 860 alterum
915 813 1144 858 tantum.
1169 805 1488 860 Omnimoda
1521 804 1684 873 igitur
1709 813 1762 857 et
1796 804 1949 857 inex-

362 895 646 968 pugnabili
677 895 1001 949 necessitate
1037 893 1402 958 concluditur,
1437 893 1560 962 quia
1592 891 1634 946 si
1662 907 1789 946 vera
1831 901 1959 946 sunt

366 1002 488 1056 qua:
511 1001 676 1055 supra
703 983 812 1038 dixi
837 1001 934 1040 nos
961 985 1165 1055 pariter
1194 999 1314 1038 eum
1345 983 1548 1038 Grmcis
1595 983 1836 1046 credere,
1869 991 1960 1036 aut

367 1071 542 1127 Filius
581 1083 662 1128 est
688 1073 754 1126 de
783 1071 986 1142 Spiritu
1012 1081 1220 1137 sancto,
1249 1081 1343 1126 aut
1372 1071 1606 1141 Spiritus
1635 1079 1852 1126 sanctus
1875 1077 1962 1126 est

371 1163 438 1218 de
461 1163 620 1218 Filio.
652 1165 805 1229 Quod
833 1171 1011 1217 autem
1047 1161 1216 1216 Filius
1249 1177 1354 1216 non
1396 1163 1465 1215 sit
1494 1161 1560 1216 de
1595 1159 1800 1230 Spiritu
1830 1175 1959 1216 san-

369 1263 488 1318 eto,
531 1253 709 1322 palam
732 1262 817 1306 est
846 1268 907 1306 ex
941 1251 1214 1306 catholica
1239 1251 1358 1304 ﬁde.
1385 1251 1502 1304 Non
1531 1249 1674 1304 enim
1709 1263 1794 1304 est
1817 1252 1958 1306 Deus

369 1347 439 1400 de
466 1345 574 1400 Deo
595 1386 608 1410 ,
641 1345 744 1398 nisi
770 1353 858 1397 aut
883 1343 1173 1406 nascendo,
1221 1351 1280 1397 ut
1305 1343 1500 1408 Filius;
1542 1352 1634 1396 aut
1663 1344 1960 1412 proceden—

371 1437 462 1501 do,
494 1447 556 1490 ut
587 1435 820 1504 Spiritus
859 1441 1103 1488 sanctus.
1151 1431 1320 1487 Filius
1373 1445 1550 1486 autem
1582 1447 1686 1485 non
1720 1433 1962 1486 nascitur

373 1527 443 1582 de
465 1526 668 1596 Spiritu
696 1536 918 1580 saneto:
948 1525 992 1578 si
1017 1525 1160 1578 enim
1189 1525 1432 1580 nascitur
1454 1525 1518 1578 de
1549 1524 1665 1589 illo,
1703 1533 1787 1578 est
1826 1523 1963 1578 lilius

371 1615 609 1686 Spiritus
637 1614 833 1682 sancti,
861 1622 913 1667 et
962 1611 1199 1684 Spiritus
1250 1623 1468 1668 sanctus
1501 1623 1584 1667 est
1613 1623 1766 1682 pater
1812 1612 1958 1681 ejus;

2063 435 2182 492 bari
2218 443 2440 506 possunt
2483 435 2570 468 ‘5“
2601 435 2726 504 quia
2755 435 2844 488 alii
2875 444 3002 488 sunt
3027 435 3094 490 ab
3124 435 3382 500 invicem;
3423 452 3526 490 non
3554 447 3634 490 ta-

2059 542 2180 582 men
2203 527 2316 580 hasc
2341 533 2424 580 est
2459 539 2620 580 causa
2651 535 2710 578 ut
2732 526 2958 580 diversa:
2989 526 3097 580 sint
3121 542 3382 596 person-.e.
3415 526 3625 597 Quippe

2059 616 2104 670 si
2128 617 2234 671 duo
2271 616 2378 669 sint
2405 613 2674 680 homines,
2727 631 2954 686 quorum
3015 615 3150 670 alter
3200 617 3396 672 habeat
3447 618 3636 683 tilium,

2061 709 2198 762 alter
2245 723 2375 772 non,
2427 707 2674 775 quamvis
2720 723 2817 777 per
2861 708 2964 762 hoc
3011 708 3218 762 ostendi
3265 710 3472 777 possint
3520 726 3640 764 esse

2061 799 2288 862 diversi;
2327 813 2434 852 non
2467 807 2646 852 tamen
2699 800 2768 854 ob
2807 800 2908 853 1100
2957 799 3046 852 alii
3091 810 3218 853 sunt
3266 799 3334 852 ab
3385 801 3638 866 invicem,

2061 890 2184 960 quia
2215 891 2598 959 quoquomodo
2654 905 2712 944 se
2759 891 2996 944 habeant
3031 891 3084 944 in
3125 891 3374 946 habenth
3429 901 3482 948 et
3535 909 3641 948 non

2061 981 2308 1036 habendo
2359 979 2546 1046 ﬁlium,
2579 980 2948 1035 diversitatem
2984 987 3164 1035 tamen
3203 998 3309 1036 non
3365 983 3641 1040 amittunt.

2069 1071 2148 1126 ita
2184 1073 2234 1126 in
2267 1072 2428 1126 Pa‘tre
2457 1082 2509 1127 et
2541 1071 2744 1142 Spiritu
2773 1081 2978 1132 sancto.
3007 1087 3110 1128 non
3139 1073 3262 1141 quia
3287 1073 3424 1127 alius
3450 1073 3646 1128 Filium

2062 1163 2242 1226 habet,
2275 1163 2412 1217 alius
2439 1178 2547 1216 non
2573 1161 2734 1214 habet
2765 1161 2878 1228 ω’,
2907 1162 3105 1216 ideirco
3133 1170 3262 1216 sunt
3284 1163 3484 1218 diversi
3518 1164 3643 1226 “"3;

2062 1257 2154 1308 sed
2177 1254 2430 1323 quoniam
2459 1253 2654 1308 diversi
2684 1263 2830 1314 sunt,
2865 1252 2984 1305 ideo
3015 1253 3146 1306 nihil
3195 1253 3445 1320 prohibet
3474 1269 3568 1309 eos
3594 1255 3644 1308 111

2063 1344 2308 1398 habendo
2334 1345 2425 1375 “5”
2455 1353 2508 1397 et
2539 1359 2648 1396 non
2686 1343 2931 1396 habendo
2965 1341 3158 1397 Filium
3184 1358 3304 1398 esse.
3333 1345 3646 1400 dissimiles.

2065 1433 2324 1488 Similiter
2355 1433 2668 1503 responderi
2723 1443 2920 1502 potest,
2975 1433 3020 1488 si
3063 1434 3182 1490 ideo
3232 1435 3434 1490 dicitur
3485 1437 3647 1502 alius,

2064 1525 2186 1594 quia
2211 1541 2316 1580 non
2342 1528 2406 1580 ab
2434 1525 2540 1580 alio
2563 1525 2804 1594 procedit
2831 1525 3063 1594 Spiritus
3087 1535 3328 1592 sanctus,
3355 1530 3492 1582 sicut
3520 1531 3637 1598 ipse

2065 1616 2309 1684 procedit
2335 1631 2362 1667 a
2388 1615 2568 1669 Patre.
2600 1614 2830 1684 Quippe,
2861 1625 2918 1668 ut
2948 1617 3246 1670 secundum
3298 1617 3416 1672 illos
3456 1618 3650 1687 loquar

375 1711 472 1763 sed
499 1709 634 1762 alter
665 1709 888 1762 alterius
914 1723 1013 1762 nec
1041 1717 1216 1777 pater,
1246 1723 1344 1762 nec
1373 1707 1514 1762 [ilius
1552 1707 1643 1738 ¹⁸¹⁸
1691 1717 1793 1762 081.
1837 1707 1955 1762 Non
1993 1709 2034 1766 Β
2063 1705 2152 1774 qui
2199 1717 2398 1774 negant
2425 1705 2688 1775 Spiritum
2729 1715 2983 1760 sanctum
3033 1707 3099 1762 de
3141 1707 3280 1762 Filio
3337 1711 3648 1778 procedere,

373 1815 506 1870 ergo
537 1801 776 1854 nascitur
804 1801 870 1854 de
894 1799 1096 1870 Spiritu
1149 1809 1338 1854 sancto
1383 1797 1582 1865 Filius;
1642 1815 1742 1854 nec
1785 1799 1961 1854 minus

373 1901 626 1958 apertum
659 1899 741 1946 est
761 1891 886 1958 quia
922 1905 1029 1944 non
1064 1890 1308 1959 procedit
1356 1891 1421 1958 de
1467 1890 1576 1944 illo.
1617 1891 1773 1944 Esset
1815 1891 1960 1944 enim

375 1979 604 2048 spiritus
642 1979 884 2049 ejusdem
915 1977 1150 2048 Spiritus
1177 1979 1370 2033 sancti.
1396 1979 1551 2046 Quod
1586 1990 1770 2048 aperte
1797 1995 1962 2048 nega—

372 2079 484 2132 tur,
510 2085 631 2124 cum
669 2069 905 2138 Spiritus
932 2078 1152 2124 sanctus
1181 2069 1378 2124 dicitur
1417 2079 1471 2124 et
1514 2073 1756 2126 creditur
1804 2072 1964 2140 spiri-

373 2170 463 2214 tus
492 2159 637 2213 Filii.
669 2159 783 2216 Non
805 2160 947 2216 enim
990 2159 1096 2230 52
1127 2169 1306 2230 potest
1333 2173 1452 2214 esse
1495 2161 1719 2230 spiritus
1747 2163 1827 2216 sui
1854 2161 1965 2232 spi-

371 2251 535 2305 ritus.
572 2249 747 2317 Quare
772 2267 876 2305 non
910 2251 1155 2320 procedit
1198 2249 1365 2304 Filius
1397 2249 1462 2305 de
1499 2249 1703 2320 Spiritu
1751 2262 1959 2306 sancto.

373 2341 535 2397 Nullo
557 2357 686 2414 ergo
712 2343 870 2397 modo
894 2351 972 2396 est
1007 2343 1072 2396 de
1103 2341 1309 2412 Spiritu
1339 2351 1530 2396 sancto
1551 2342 1739 2397 Filius.
1769 2343 1965 2414 Sequi-

375 2445 462 2490 tur
489 2438 676 2506 itaque
701 2433 1104 2508 inexpugnabili
1138 2435 1352 2490 ratione
1393 2435 1656 2506 Spiritum
1717 2443 1964 2490 sanetum

373 2543 501 2584 esse
522 2529 588 2583 de
613 2528 767 2589 Filio.
794 2529 936 2584 sicut
959 2537 1042 2582 est
1063 2525 1129 2581 de
1155 2525 1338 2581 Patre.

949 2685 1180 2742 CAPUT
1211 2687 1250 2741 V
1277 2686 1391 2739 ‘5“.

385 2811 667 2866 Eeincitur
697 2810 954 2880 Spiritum
988 2819 1225 2864 sanctum
1265 2812 1382 2872 hoc,
1403 2811 1540 2880 quod
1564 2821 1680 2880 est,
1728 2811 1914 2864 habere
1938 2827 1970 2864 α

451 2883 646 2947 Patre;
671 2879 852 2936 contra
884 2882 1161 2948 quemdam
1211 2879 1511 2950 episcopum
1550 2879 1746 2934 Graecis
1785 2885 1966 2949 [nven-

449 2963 574 3006 tem.

449 3066 700 3121 Forsitan
731 3064 1002 3136 negabunt
1042 3063 1215 3120 Graeci
1265 3063 1528 3134 Spiritum
1568 3077 1816 3120 sanetum
1849 3082 1968 3122 esse
1998 3049 2042 3110 C

383 3157 550 3212 Deum
593 3159 658 3210 de
687 3155 817 3218 Deo,
843 3154 1090 3208 sicutest
1117 3153 1286 3208 Filius
1331 3155 1471 3208 Deus
1525 3153 1590 3208 de
1646 3155 1795 3220 Deo;
1832 3170 1966 3224 quo-

379 3250 530 3303 niam
557 3247 852 3318 probamus
879 3263 975 3317 per
1002 3247 1102 3302 hoc
1127 3247 1276 3300 illum
1310 3261 1428 3302 esse
1463 3255 1517 3300 et
1563 3250 1856 3315 procedere
1903 3249 1970 3304 de

379 3342 554 3405 Filio;
581 3355 680 3395 nec
714 3349 798 3395 est
839 3340 1072 3409 positum
1107 3339 1158 3392 in
1197 3339 1286 3392 illo
1316 3337 1580 3408 symbolo,
1621 3339 1672 3393 in
1727 3355 1834 3409 quo
1887 3357 1969 3394 rc-

379 3434 768 3504 prehendimur
791 3434 858 3486 ab
884 3432 987 3486 illis
1025 3431 1296 3486 addidisse
1330 3432 1738 3501 processioneni
1767 3435 1882 3504 ejus
1906 3435 1969 3488 de

379 3526 540 3583 Filio.
566 3525 672 3582 Sed
705 3527 798 3595 qui
849 3527 951 3579 hoc
994 3533 1166 3594 putat,
1220 3535 1382 3593 negat
1431 3533 1522 3579 aut
1581 3525 1800 3580 Patrem
1850 3542 1972 3582 esse

381 3619 576 3684 Deum,
619 3620 685 3673 de
718 3635 825 3688 quo
877 3627 961 3672 est
1001 3615 1238 3686 Spiritus
1277 3627 1530 3680 sanctus;
1558 3625 1651 3670 aut
1710 3616 1970 3687 Spiritum

377 3721 630 3765 sanctum
664 3724 787 3764 esse
822 3707 1010 3772 Deum,
1045 3707 1135 3776 qui
1175 3717 1257 3761 est
1293 3709 1358 3761 110
1392 3707 1582 3771 Patre;
1610 3717 1701 3761 aut
1739 3708 1840 3762 hoc
1890 3709 1970 3780 ip-

379 3820 502 3859 sum
533 3803 676 3873 quod
707 3811 792 3857 est
830 3799 1068 3872 Spiritus
1115 3808 1335 3854 sanctus
1381 3814 1502 3854 esse
1555 3801 1621 3854 de
1671 3797 1852 3854 Patre.
1901 3799 1972 3854 At

379 3896 600 3951 Patrem
633 3909 738 3948 non
763 3910 883 3949 esse
911 3893 1101 3958 Deum,
1134 3901 1226 3946 aut
1253 3891 1515 3961 Spiritum
1541 3899 1812 3955 sanctum,
1849 3892 1971 3944 nul-

381 3988 468 4042 lus
497 3988 587 4018 ’⁵⁸⁷
618 3987 840 4056 suscipit
867 3985 1231 4040 Christianus.
1267 3985 1558 4042 Videamus
1600 3984 1764 4053 igitur
1791 3993 1968 4038 utrum

381 4079 490 4134 hoc
517 4079 691 4148 ipsum
725 4077 865 4146 quod
911 4083 988 4130 est
1039 4074 1400 4129 essentialiter
1451 4073 1684 4142 Spiritus
1731 4085 1968 4139 sanctus,

384 4171 456 4224 sit
487 4171 579 4200 "‘3
607 4171 672 4223 de
703 4169 859 4221 Patre
889 4185 900 4221 :
931 4167 1074 4236 quod
1104 4167 1390 4236 quemdam
1451 4167 1786 4234 episcopum,
1822 4165 1975 4220 Gne-

383 4263 466 4318 cis
495 4261 718 4315 forsitan
753 4260 1047 4322 faventem,
1089 4259 1140 4311 in
1177 4257 1394 4310 Barensi
1423 4259 1640 4310 civitate
1665 4256 1806 4310 sensi
1833 4255 1972 4312 110110

383 4356 612 4409 sentire.
657 4349 792 4405 Nam
826 4351 868 4404 si
909 4365 1013 4404 non
1067 4360 1150 4404 est
1177 4350 1278 4404 hoc
1313 4351 1485 4418 ipsum
1535 4349 1626 4380 ’⁵³³
1676 4349 1743 4402 de
1791 4347 1968 4412 Patre,

2066 1797 2208 1852 sicut
2237 1813 2342 1854 ncn
2375 1808 2458 1852 est
2505 1799 2619 1852 11100
2672 1813 2854 1865 causa,
2907 1798 3030 1868 quia
3092 1797 3352 1870 Spiritum
3403 1813 3652 1856 sanctum

2068 1885 2236 1940 Filius
2271 1887 2335 1940 de
2359 1902 2416 1942 se
2445 1888 2828 1956 procedentem
2861 1903 2964 1942 non
2995 1889 3179 1954 habet,
3211 1889 3354 1944 sicut
3375 1889 3564 1956 Pater;
3597 1901 3655 1946 ut

2065 1978 2202 2032 alius
2241 1979 2369 2032 sita
2415 1977 2576 2032 Patre
2638 1979 2990 2048 (sequeretur
3043 1979 3186 2034 enim
3229 1991 3284 2034 ut
3337 1981 3382 2036 si
3420 1981 3656 2052 Spiritus

2074 2080 2296 2124 sanctus
2318 2071 2638 2140 procederet
2671 2071 2736 2124 de
2765 2069 2919 2136 Filio,
2951 2070 3120 2126 Filius
3155 2087 3264 2126 non
3321 2082 3466 2128 esset
3515 2074 3654 2128 alius

2069 2177 2098 2214 a
2129 2161 2336 2230 Patre),
2371 2162 2442 2214 ita
2475 2177 2570 2230 per
2593 2162 2694 2216 hoc
2723 2177 2829 2216 non
2861 2171 2945 2216 est
2969 2161 3206 2230 Spiritus
3247 2172 3470 2220 sanctus
3493 2180 3522 2218 a
3547 2164 3652 2218 Pa—

2071 2257 2150 2303 tre
2185 2250 2341 2312 alius,
2369 2251 2496 2319 quia
2529 2265 2634 2304 non
2663 2251 2822 2306 habet
2851 2251 3066 2316 Filium,
3095 2259 3189 2304 aut
3211 2252 3476 2320 Spiritum
3517 2269 3653 2308 san-

2069 2349 2214 2396 ctum
2236 2341 2300 2396 de
2317 2341 2408 2372 “’5
2425 2357 2481 2396 se
2501 2343 2908 2410 procedentem,
2933 2343 3073 2400 sicut
3101 2345 3280 2399 Pater.
3303 2346 3366 2401 Et
3392 2349 3654 2415 quemad-

2071 2433 2288 2488 modum
2313 2431 2481 2486 Filius
2512 2446 2621 2486 non
2645 2431 2766 2486 ideo
2787 2441 2872 2487 est
2893 2433 3084 2488 aliusa
3137 2433 3334 2500 Patre;
3380 2437 3506 2506 quia
3557 2437 3657 2492 Pa-

2073 2533 2208 2579 trem
2240 2525 2422 2588 habet,
2449 2535 2504 2579 et
2551 2525 2711 2579 Pater
2763 2540 2866 2578 non
2921 2526 3082 2580 habet
3130 2537 3364 2596 patrem,
3397 2529 3468 2596 (si
3503 2531 3654 2584 enim

2073 2615 2232 2672 Pater
2257 2617 2480 2672 haberet
2509 2624 2738 2684 patrem,
2766 2616 2904 2671 alius
2929 2625 3106 2672 tamen
3139 2628 3286 2674 esset
3309 2636 3340 2672 a
3376 2620 3512 2674 Filio
3540 2622 3655 2690 ηπ)

2075 2706 2143 2760 1111
2173 2706 2408 2775 Spiritus
2433 2715 2678 2772 sanctus,
2707 2707 2832 2776 quia
2859 2709 2924 2762 de
2955 2706 3136 2778 aliquo
3174 2709 3443 2778 procedit,
3468 2723 3524 2765 et
3554 2711 3659 2764 Pa-

2077 2807 2156 2850 ter
2187 2813 2216 2850 a
2251 2798 2416 2860 nullo,
2443 2814 2546 2852 non
2587 2807 2808 2868 propter
2841 2797 2944 2852 hoc
2964 2809 3048 2853 est
3079 2799 3218 2854 alius
3248 2815 3278 2854 a
3309 2800 3498 2866 Patre;
3531 2803 3658 2871 quia

2074 2895 2118 2946 si
2149 2892 2306 2946 Pater
2331 2891 2398 2946 de
2424 2893 2604 2962 aliquo
2639 2891 2960 2960 procederet
2987 2893 3078 2923 m'
3105 2909 3213 2948 non
3266 2895 3448 2949 minus
3475 2905 3656 2950 tamen

2076 2991 2220 3034 esset
2253 2981 2389 3034 alius
2421 2981 2653 3048 11Ρ11110,
2688 2983 2754 3036 de
2799 2997 2906 3052 quo
2948 2983 3210 3054 procedit.
3257 2983 3446 3040 Palam
3493 2986 3657 3054 igitur

2075 3085 2158 3130 est
2183 3077 2306 3145 quia
2345 3091 2448 3130 non
2483 3076 2604 3129 ideo
2633 3085 2713 3130 est
2741 3074 2978 3145 Spiritus
3003 3086 3226 3132 8111101118
3261 3077 3398 3130 alius
3423 3095 3450 3130 a
3477 3077 3656 3140 Patre,

2078 3167 2202 3236 quia
2233 3182 2340 3220 non
2369 3165 2769 3230 habetFilium,
2799 3177 2888 3220 aut
2919 3166 3181 3236 Spiritum
3219 3177 3466 3220 sanctum
3513 3170 3577 3220 de
3603 3183 3662 3222 se

2075 3258 2478 3328 procedentem,
2503 3257 2642 3310 sicut
2669 3254 2834 3310 Pater
2857 3273 2870 3320 ;
2905 3271 3004 3309 nec
3029 3257 3152 3322 quia
3177 3255 3244 3310 de
3265 3256 3447 3324 aliquo
3471 3272 3661 3325 prore.

2075 3347 2178 3410 dit,
2205 3355 2258 3400 et
2291 3345 2450 3398 Pater
2477 3345 2542 3399 de
2579 3345 2748 3398 nullo.
2797 3343 2906 3399 Sed
2952 3359 3128 3413 neque
3174 3359 3270 3413 per
3295 3343 3398 3399 hoe
3433 3345 3660 3414 intelligi

2073 3448 2248 3507 potest
2275 3453 2395 3494 esse
2422 3453 2450 3490 a
2507 3436 2666 3490 Patre
2711 3435 2868 3500 alius,
2901 3437 3028 3506 quia
3072 3435 3304 3504 Spiritus
3337 3445 3420 3492 est
3449 3435 3657 3500 Patris;

2074 3532 2118 3585 si
2145 3533 2211 3586 de
2235 3531 2324 3586 illo
2353 3547 2458 3586 non
2491 3530 2654 3584 habet
2692 3545 2831 3584 esse.
2873 3530 3060 3584 Potest
3101 3531 3243 3583 enim
3287 3529 3512 3600 intelligi
3567 3528 3664 3582 ali-

2075 3627 2196 3693 quis
2227 3624 2362 3677 alius
2399 3623 2466 3678 ab
2500 3621 2699 3690 aliquo,
2735 3621 3050 3690 priusquam
3096 3621 3164 3675 sit
3205 3619 3345 3674 illius
3373 3636 3386 3684 ;
3413 3619 3661 3688 quamvis

2075 3714 2300 3784 alicujus
2332 3723 2564 3782 nequeat
2589 3726 2728 3774 esse,
2759 3713 2862 3766 nisi
2895 3713 2964 3766 sit
2999 3712 3137 3766 alius
3172 3729 3183 3762 :
3211 3719 3270 3764 ut
3308 3726 3428 3766 cum
3463 3711 3664 3764 dicitur

2077 3807 2236 3860 homo
2265 3805 2518 3858 dominus
2549 3803 2800 3870 alicujus,
2829 3812 2922 3856 aut
2948 3803 3109 3856 homo
3142 3802 3363 3856 alterius
3403 3803 3658 3867 hmninis,

2075 3898 2226 3966 prius
2259 3894 2574 3961 intelligitur
2594 3893 2730 3946 alius
2763 3895 2829 3944 ah
2855 3893 2942 3946 illo
2977 3893 3088 3956 ηπ,
3117 3891 3270 3958 cujus
3297 3907 3418 3946 esse
3443 3895 3657 3956 dicitur,

2076 4002 2237 4057 quam
2275 3986 2346 4040 sit
2411 3982 2526 4051 ejus
2573 3983 2830 4038 dominus
2879 3981 2957 4034 vel
2997 3983 3179 4034 1101110.
3231 3981 3322 4035 Sic
3375 3982 3576 4050 itaque,
3615 3983 3660 4035 si

2078 4069 2432 4148 Spiritus-"5’9
2463 4085 2684 4130 sanctus
2715 4089 2818 4128 non
2842 4083 2920 4128 est
2950 4075 3014 4128 de
3033 4073 3214 4138 Patre,
3241 4073 3376 4126 nihil
3407 4075 3660 4142 prohibet

2075 4183 2198 4222 eum
2231 4165 2452 4236 intelligi
2493 4165 2642 4234 prius
2673 4165 2835 4217 alium
2881 4164 2948 4218 ab
2991 4163 3102 4226 illo,
3145 4178 3308 4232 quam
3371 4162 3442 4216 sit
3491 4161 3656 4216 illius.

2077 4259 2254 4328 Quare
2287 4273 2388 4312 non
2419 4255 2546 4310 facit
2587 4256 2736 4309 11111111
2778 4256 2942 4308 alium
2972 4269 3094 4310 esse
3124 4271 3154 4308 11
3195 4254 3355 4308 Patre
3389 4255 3491 4308 hoe
3535 4253 3660 4322 quia

2079 4351 2312 4420 Spiritus
2331 4347 2447 4416 ejus
2477 4359 2586 4402 est:
2615 4348 2656 4400 si
2691 4363 2784 4415 per
2815 4348 2914 4401 hoc
2941 4361 3044 4400 non
3073 4348 3235 4399 habet
3261 4355 3318 4398 ut
3350 4347 3420 4398 sit
3443 4345 3663 4397 aliusab

383 4449 532 4518 quod
571 4456 694 4502 est:
728 4463 850 4502 cum
889 4447 958 4500 sit
994 4461 1132 4499 unus
1165 4445 1416 4512 idemque
1457 4445 1615 4508 Deus,
1646 4443 1736 4512 qui
1775 4441 1966 4505 Pater;

2081 4443 2190 4504 illo,
2213 4457 2308 4511 per
2345 4442 2445 4494 hoc
2471 4439 2611 4508 quod
2638 4449 2722 4492 est
2760 4437 2994 4507 Spiritus
3021 4435 3109 4469 ¹⁵³⁰
3135 4435 3300 4498 illius;
3325 4437 3464 4488 sicut
3495 4435 3663 4488 Filius

387 4539 622 4592 inveniri
673 4537 861 4605 nequit
891 4537 1035 4590 unde
1071 4535 1138 4589 sit
1173 4535 1312 4589 alius
1348 4551 1376 4586 a
1433 4533 1610 4587 Patre.
1665 4533 1780 4588 Non
1827 4534 1970 4588 enim

386 4629 510 4684 inde
533 4629 672 4682 alius
707 4627 796 4659 ¹⁵²⁰
826 4636 928 4692 081,
955 4627 1080 4696 quia
1112 4625 1273 4680 Pater
1311 4625 1476 4678 habet
1513 4624 1727 4688 Filium,
1759 4637 1812 4678 et
1843 4625 1968 4694 Spi-

2081 4551 2176 4604 per
2225 4535 2327 4588 hoc
2365 4531 2646 4588 estaliusa
2675 4531 2851 4594 Patre,
2883 4541 2979 4598 per
3018 4527 3160 4596 quod
3180 4535 3264 4582 est
3305 4526 3474 4582 Filius
3512 4527 3659 4596 ejus:

2083 4626 2226 4692 quod
2267 4639 2368 4676 non
2399 4631 2480 4677 est
2515 4619 2657 4673 aliud
2695 4619 2796 4675 nisi
2831 4618 3665 4688 111111111010800118111111180011110

1689 4755 1924 4812 VARle
1965 4755 2370 4811 LECTIONES.

468 4873 561 4906 "“
592 4870 854 4940 Sequitur
919 4869 1082 4922 lilium
1112 4883 1265 4940 posse
1305 4885 1431 4922 mss.
1462 4867 1634 4940 iGem.
1670 4868 1820 4940 WBec.
1881 4881 1926 4924 et
1970 4869 2114 4924 Edit.
2167 4869 2324 4940 Goth.
2381 4869 2530 4938 sequi
2585 4867 2752 4923 ﬁlium
2795 4883 2916 4924 esse
2954 4937 2961 4940 Α
3027 4867 3664 4940 “‘fh’eeiPaterpnce

386 4943 560 4998 Filius
614 4937 740 4994 mss.
793 4950 838 4993 et
890 4941 1036 4992 Είϋι.
1095 4939 1247 4993 Com.
1314 4955 1412 4992 nec
1459 4939 1621 4992 Pater
1667 4939 1836 4992 Filius
1887 4951 1969 4994 est
2071 4941 2160 4972 ¹⁵¹⁶
2227 4939 2318 4994 Est
2355 4942 2408 4994 in
2460 4937 2557 4992 ius.
2599 4941 2728 4992 Vict.
2771 4941 2856 4993 15.
2922 4937 3089 5006 Caput
3121 4938 3152 4992 6
3271 4939 3358 4968 “"7
3405 4938 3662 5006 Spiritum

385 5023 636 5070 sanetum
665 5009 842 5064 nullus
869 5027 967 5064 ms.
991 5010 1180 5080 Cistﬁer.
1212 5009 1470 5078 Spiritum
1501 5019 1746 5064 sanctmn
1774 5026 1878 5080 non
1911 5027 2031 5066 esse
2057 5011 2246 5074 Deum,
2272 5013 2450 5065 nullus
2526 5011 2615 5042 ’διδ
2641 5005 3012 5064 lissentialiter
3039 5009 3273 5080 Spiritus
3291 5005 3494 5080 8111111111.
3515 5005 3662 5080 Edit.

385 5083 550 5140 60th.
574 5081 962 5144 essentialiter,
993 5081 1062 5133 sit
1091 5079 1329 5150 Spiritus
1353 5089 1576 5150 sanctus
1653 5080 1744 5111 ¹⁸¹⁸
1777 5079 1831 5134 Si
1873 5097 1975 5134 non
2003 5091 2087 5136 est
2130 5082 2304 5150 ipsum
2344 5099 2467 5134 mss.
2505 5081 2548 5134 si
2589 5099 2692 5134 non
2717 5081 2818 5133 hoc
2851 5082 3021 5150 ipsum
3081 5078 3196 5110 ‘5”
3227 5078 3338 5132 Non
3367 5078 3508 5131 enim
3561 5079 3662 5132 nisi

385 5155 532 5210 alius
553 5169 678 5206 mss.
706 5167 814 5205 non
845 5152 986 5205 enim
1021 5151 1146 5204 inde
1172 5149 1322 5221 alius
1386 5151 1476 5181 ¹⁵²¹
1519 5149 1620 5204 Per
1655 5151 1760 5221 hoc
1788 5152 1933 5204 enim
1960 5149 2173 5220 probari
2208 5159 2382 5220 potest
2413 5169 2538 5205 mss.
2574 5167 2668 5221 per
2702 5153 2800 5204 hoc
2828 5149 2973 5204 enim
3011 5151 3236 5221 probari
3271 5157 3494 5221 possunt
3535 5166 3660 5221 111811.

385 5224 452 5283 8.
475 5222 638 5278 Mich.
669 5237 768 5292 per
791 5221 909 5292 haec
936 5221 1080 5274 enim
1111 5219 1580 5292 probaripossunt
1655 5217 1748 5292 ‘9"
1773 5221 1923 5274 Alius
1960 5217 2138 5292 lilium
2196 5217 2380 5286 habet,
2413 5223 2549 5275 alius
2575 5217 2699 5275 ’11011
2743 5221 2902 5292 habet
2938 5217 3262 5292 pulegio.
3293 5217 3450 5292 1111118Δ
3477 5219 3661 5292 habet,

389 5295 532 5349 alius
561 5287 858 5348 non-habet
887 5291 1054 5345 liliqu
1114 5287 1224 5322 7”"
1247 5287 1452 5344 ideirco
1481 5301 1607 5358 sunt
1637 5291 1834 5344 diversi
1861 5307 1958 5345 ms.
2003 5287 2131 5346 Vict.
2164 5292 2436 5346 5.ideirco
2465 5307 2568 5344 non
2599 5299 2722 5344 sunt
2749 5291 2948 5344 diversi
3029 5289 3120 5320 ¹⁵²⁵
3155 5287 3362 5342 Idcirco
3383 5288 3508 5340 nihil
3541 5305 3666 5358 pro-

387 5366 542 5420 hibet
586 5379 682 5418 eos
727 5363 782 5415 in
839 5361 1085 5416 habendo
1131 5377 1259 5413 mss.
1294 5358 1442 5412 Gem.
1499 5357 1622 5414 Bec.
1661 5359 1799 5414 Vict.
1845 5359 1899 5414 5.
1935 5359 2090 5416 Corb.
2126 5364 2245 5415 ideo
2282 5363 2410 5415 nihil
2439 5362 2689 5430 prohibet
2717 5377 2820 5414 non
2853 5375 2976 5415 csse
3006 5360 3056 5414 in
3107 5359 3356 5430 habendo
3431 5359 3524 5392 ¹⁶²³
3548 5357 3662 5414 Aut

387 5435 653 5505 Spiritum
673 5441 920 5505 sanetum
951 5434 1016 5485 de
1039 5431 1286 5505 111ε.(;111.
1307 5433 1495 5483 rectius
1515 5441 1608 5505 aut
1639 5431 1902 5498 Spiritum
1935 5435 2004 5505 de
2051 5433 2171 5505 1"?
2195 5432 2347 5505 Aliu_s
2381 5428 2558 5505 tamen
2586 5440 2728 5505 esset
2750 5447 2776 5484 a
2805 5430 2966 5484 Patre
2993 5447 3122 5505 mss.
3151 5428 3488 5505 aliustamcu
3521 5441 3664 5505 esset

387 5499 588 5559 a'Filio
666 5503 754 5534 "’7
787 5504 842 5556 Si
873 5501 1034 5555 Pater
1061 5501 1127 5554 de
1173 5501 1354 5568 aliquo
1405 5501 1721 5570 procederet
1770 5517 1867 5554 11111.
1925 5501 1984 5555 S.
2043 5502 2204 5556 Mich.
2235 5501 2276 5554 si
2302 5500 2463 5556 Pater
2493 5504 2558 5556 de
2595 5502 2773 5569 aliquo
2807 5503 3126 5570 procederet
3202 5499 3293 5531 ¹⁵²⁸
3326 5499 3482 5554 Prius
3517 5501 3660 5556 enim

389 5575 716 5644 intelligitur
737 5575 874 5644 alius
905 5573 972 5626 ab
1003 5571 1093 5644 1110
1117 5588 1240 5644 mss.
1274 5573 1441 5644 omitt.
1475 5571 1650 5644 en_im_
1697 5571 1788 5644 ξδῗθ
1821 5571 1876 5625 Si
1916 5573 2100 5644 itaque
2130 5571 2377 5644 Spiritus
2393 5588 2520 5644 mss.
2558 5573 2636 5626 sic
2659 5573 2842 5640 itaque
2869 5571 2914 5626 si
2948 5571 3180 5642 Spiritus
3254 5571 3348 5602 ¹⁵³⁰
3379 5571 3490 5628 1100
3519 5571 3660 5642 (111011

386 5639 631 5714 Spiritus
663 5661 786 5696 mss.
829 5643 958 5696 Vict.
1005 5641 1122 5696 Bac.
1149 5640 1296 5695 Gem.
1329 5642 1430 5696 hoc
1461 5642 1584 5710 quia
1619 5639 1856 5710 Spiritus
1888 5659 1985 5696 ms.
2015 5639 2185 5696 Corb.’
2209 5643 2310 5696 hoc
2347 5640 2586 5713 Spiritus
