  <div class='ocr_page' id='page_1' title='image "/cluster/home/n/w/nwhite01/storage/ocr_20150623/158/hvd.32044054760160/155.png"; bbox 0 0 3916 6054; ppageno 0'>
   <div class='ocr_carea' id='block_1_1' title="bbox 369 239 475 295">
    <p class='ocr_par' dir='ltr' id='par_1_1' title="bbox 369 239 475 295">
     <span class='ocr_line' id='line_1_1' title="bbox 369 239 475 295; baseline 0.019 -2"><span class='ocrx_word' id='word_1_1' title='bbox 369 239 475 295; x_wconf 73' lang='grc'><strong>299</strong></span> 
     </span>
    </p>
   </div>
   <div class='ocr_carea' id='block_1_2' title="bbox 895 200 3193 296">
    <p class='ocr_par' dir='ltr' id='par_1_2' title="bbox 895 200 3193 296">
     <span class='ocr_line' id='line_1_2' title="bbox 895 200 3193 296; baseline 0.003 -6"><span class='ocrx_word' id='word_1_2' title='bbox 895 234 951 291; x_wconf 90' lang='lat' dir='ltr'><strong>S.</strong></span> <span class='ocrx_word' id='word_1_3' title='bbox 995 234 1289 289; x_wconf 60' lang='lat' dir='ltr'><strong>ANSEL‘JII</strong></span> <span class='ocrx_word' id='word_1_4' title='bbox 1331 231 1680 289; x_wconf 67' lang='lat' dir='ltr'><strong>CANTUAli.</strong></span> <span class='ocrx_word' id='word_1_5' title='bbox 1721 229 2041 286; x_wconf 72' lang='lat' dir='ltr'><strong>ARCIIIEP.</strong></span> <span class='ocrx_word' id='word_1_6' title='bbox 2083 230 2233 286; x_wconf 83' lang='lat' dir='ltr'><strong>OPP.</strong></span> <span class='ocrx_word' id='word_1_7' title='bbox 2281 232 2460 289; x_wconf 77' lang='lat' dir='ltr'><strong>PARS</strong></span> <span class='ocrx_word' id='word_1_8' title='bbox 2489 234 2530 290; x_wconf 85' lang='lat' dir='ltr'><strong>l.</strong></span> <span class='ocrx_word' id='word_1_9' title='bbox 2571 265 2639 275; x_wconf 95' lang='lat'>—</span> <span class='ocrx_word' id='word_1_10' title='bbox 2681 204 3099 296; x_wconf 67' lang='lat' dir='ltr'><strong>DOGMATICA.</strong></span> <span class='ocrx_word' id='word_1_11' title='bbox 3188 200 3193 204; x_wconf 24' lang='grc'><strong><em>⁸</em></strong></span> 
     </span>
    </p>
   </div>
   <div class='ocr_carea' id='block_1_3' title="bbox 3531 244 3638 300">
    <p class='ocr_par' dir='ltr' id='par_1_3' title="bbox 3531 244 3638 300">
     <span class='ocr_line' id='line_1_3' title="bbox 3531 244 3638 300; baseline 0 0"><span class='ocrx_word' id='word_1_12' title='bbox 3531 244 3638 300; x_wconf 77' lang='lat'><strong>300</strong></span> 
     </span>
    </p>
   </div>
   <div class='ocr_carea' id='block_1_4' title="bbox 369 346 3640 422">
    <p class='ocr_par' dir='ltr' id='par_1_4' title="bbox 369 346 3640 422">
     <span class='ocr_line' id='line_1_4' title="bbox 369 346 3640 422; baseline -0.002 -10"><span class='ocrx_word' id='word_1_13' title='bbox 369 366 420 411; x_wconf 77' lang='lat' dir='ltr'><strong>et</strong></span> <span class='ocrx_word' id='word_1_14' title='bbox 446 354 614 411; x_wconf 80' lang='lat' dir='ltr'><strong>Solum</strong></span> <span class='ocrx_word' id='word_1_15' title='bbox 641 366 823 406; x_wconf 81' lang='lat' dir='ltr'><strong>verum</strong></span> <span class='ocrx_word' id='word_1_16' title='bbox 854 352 1040 406; x_wconf 86' lang='lat' dir='ltr'><strong>Deum.</strong></span> <span class='ocrx_word' id='word_1_17' title='bbox 1069 353 1201 405; x_wconf 78' lang='lat' dir='ltr'><strong>Cum</strong></span> <span class='ocrx_word' id='word_1_18' title='bbox 1233 346 1946 420; x_wconf 66' lang='lat' dir='ltr'><strong>ergououtinanmsPatrem</strong></span> <span class='ocrx_word' id='word_1_19' title='bbox 1984 356 2023 407; x_wconf 65' lang='grc' dir='ltr'>Α</span> <span class='ocrx_word' id='word_1_20' title='bbox 2057 346 2242 399; x_wconf 87' lang='lat' dir='ltr'><strong>missio</strong></span> <span class='ocrx_word' id='word_1_21' title='bbox 2286 347 2618 417; x_wconf 75' lang='lat' dir='ltr'><strong>inteiligatur</strong></span> <span class='ocrx_word' id='word_1_22' title='bbox 2676 349 2845 402; x_wconf 80' lang='lat' dir='ltr'><strong>Filii?</strong></span> <span class='ocrx_word' id='word_1_23' title='bbox 2882 352 3036 417; x_wconf 78' lang='lat' dir='ltr'><strong>Quod</strong></span> <span class='ocrx_word' id='word_1_24' title='bbox 3091 368 3218 407; x_wconf 86' lang='lat' dir='ltr'><strong>vero</strong></span> <span class='ocrx_word' id='word_1_25' title='bbox 3260 354 3335 408; x_wconf 84' lang='lat' dir='ltr'><strong>ait</strong></span> <span class='ocrx_word' id='word_1_26' title='bbox 3402 371 3420 409; x_wconf 88' lang='lat'><strong><em>:</em></strong></span> <span class='ocrx_word' id='word_1_27' title='bbox 3472 356 3640 422; x_wconf 74' lang='lat' dir='ltr'><strong>Quem</strong></span> 
     </span>
    </p>
   </div>
   <div class='ocr_carea' id='block_1_5' title="bbox 370 440 1975 508">
    <p class='ocr_par' dir='ltr' id='par_1_5' title="bbox 370 440 1975 508">
     <span class='ocr_line' id='line_1_5' title="bbox 370 440 1975 508; baseline -0.007 -9"><span class='ocrx_word' id='word_1_28' title='bbox 370 448 543 501; x_wconf 80' lang='lat' dir='ltr'><strong>solum</strong></span> <span class='ocrx_word' id='word_1_29' title='bbox 576 454 669 499; x_wconf 87' lang='lat' dir='ltr'><strong>aut</strong></span> <span class='ocrx_word' id='word_1_30' title='bbox 709 444 926 507; x_wconf 81' lang='lat' dir='ltr'><strong>Filium,</strong></span> <span class='ocrx_word' id='word_1_31' title='bbox 975 459 1082 495; x_wconf 82' lang='lat' dir='ltr'><strong>non</strong></span> <span class='ocrx_word' id='word_1_32' title='bbox 1134 443 1277 495; x_wconf 94' lang='lat' dir='ltr'><strong>aliud</strong></span> <span class='ocrx_word' id='word_1_33' title='bbox 1308 440 1654 508; x_wconf 79' lang='lat' dir='ltr'><strong>intelligimus</strong></span> <span class='ocrx_word' id='word_1_34' title='bbox 1678 479 1691 500; x_wconf 85' lang='lat'><strong>,</strong></span> <span class='ocrx_word' id='word_1_35' title='bbox 1721 445 1975 506; x_wconf 76' lang='lat' dir='ltr'><strong>excepta,</strong></span> 
     </span>
    </p>
   </div>
   <div class='ocr_carea' id='block_1_6' title="bbox 371 528 1949 607">
    <p class='ocr_par' dir='ltr' id='par_1_6' title="bbox 371 528 1949 607">
     <span class='ocr_line' id='line_1_6' title="bbox 371 528 1949 607; baseline -0.008 -15"><span class='ocrx_word' id='word_1_36' title='bbox 371 539 634 593; x_wconf 88' lang='lat' dir='ltr'><strong>relatione</strong></span> <span class='ocrx_word' id='word_1_37' title='bbox 657 552 763 607; x_wconf 90' lang='lat' dir='ltr'><strong>qua</strong></span> <span class='ocrx_word' id='word_1_38' title='bbox 799 535 1110 590; x_wconf 77' lang='lat' dir='ltr'><strong>referuntur</strong></span> <span class='ocrx_word' id='word_1_39' title='bbox 1139 534 1205 586; x_wconf 90' lang='lat' dir='ltr'><strong>ad</strong></span> <span class='ocrx_word' id='word_1_40' title='bbox 1258 532 1514 593; x_wconf 84' lang='lat' dir='ltr'><strong>invicem,</strong></span> <span class='ocrx_word' id='word_1_41' title='bbox 1571 545 1732 599; x_wconf 87' lang='lat' dir='ltr'><strong>quam</strong></span> <span class='ocrx_word' id='word_1_42' title='bbox 1776 528 1949 581; x_wconf 86' lang='lat' dir='ltr'><strong>solum</strong></span> 
     </span>
    </p>
   </div>
   <div class='ocr_carea' id='block_1_7' title="bbox 369 617 1951 691">
    <p class='ocr_par' dir='ltr' id='par_1_7' title="bbox 369 617 1951 691">
     <span class='ocr_line' id='line_1_7' title="bbox 369 617 1951 691; baseline -0.006 -10"><span class='ocrx_word' id='word_1_43' title='bbox 369 640 556 681; x_wconf 72' lang='lat' dir='ltr'><strong>verum</strong></span> <span class='ocrx_word' id='word_1_44' title='bbox 580 628 745 681; x_wconf 83' lang='lat' dir='ltr'><strong>Deum</strong></span> <span class='ocrx_word' id='word_1_45' title='bbox 773 635 826 679; x_wconf 91' lang='lat' dir='ltr'><strong>et</strong></span> <span class='ocrx_word' id='word_1_46' title='bbox 857 625 1107 678; x_wconf 87' lang='lat' dir='ltr'><strong>eumdem</strong></span> <span class='ocrx_word' id='word_1_47' title='bbox 1155 637 1314 691; x_wconf 83' lang='lat' dir='ltr'><strong>quem</strong></span> <span class='ocrx_word' id='word_1_48' title='bbox 1347 621 1399 674; x_wconf 89' lang='lat' dir='ltr'><strong>in</strong></span> <span class='ocrx_word' id='word_1_49' title='bbox 1438 621 1722 689; x_wconf 86' lang='lat' dir='ltr'><strong>utriusque</strong></span> <span class='ocrx_word' id='word_1_50' title='bbox 1775 617 1951 689; x_wconf 82' lang='lat' dir='ltr'><strong>prola-</strong></span> 
     </span>
    </p>
   </div>
   <div class='ocr_carea' id='block_1_8' title="bbox 368 709 1949 785">
    <p class='ocr_par' dir='ltr' id='par_1_8' title="bbox 368 709 1949 785">
     <span class='ocr_line' id='line_1_8' title="bbox 368 709 1949 785; baseline -0.004 -16"><span class='ocrx_word' id='word_1_51' title='bbox 368 719 513 773; x_wconf 92' lang='lat' dir='ltr'><strong>tione</strong></span> <span class='ocrx_word' id='word_1_52' title='bbox 536 717 933 785; x_wconf 74' lang='lat' dir='ltr'><strong>cognoscimus.</strong></span> <span class='ocrx_word' id='word_1_53' title='bbox 965 714 1154 784; x_wconf 86' lang='lat' dir='ltr'><strong>Itaque</strong></span> <span class='ocrx_word' id='word_1_54' title='bbox 1170 729 1293 766; x_wconf 89' lang='lat' dir='ltr'><strong>cum</strong></span> <span class='ocrx_word' id='word_1_55' title='bbox 1319 712 1455 767; x_wconf 78' lang='lat' dir='ltr'><strong>dixit</strong></span> <span class='ocrx_word' id='word_1_56' title='bbox 1485 712 1743 766; x_wconf 87' lang='lat' dir='ltr'><strong>Dominus</strong></span> <span class='ocrx_word' id='word_1_57' title='bbox 1769 727 1782 764; x_wconf 89' lang='lat'><strong>:</strong></span> <span class='ocrx_word' id='word_1_58' title='bbox 1819 709 1949 763; x_wconf 76' lang='lat' dir='ltr'><strong>Hrrc</strong></span> 
     </span>
    </p>
   </div>
   <div class='ocr_carea' id='block_1_9' title="bbox 358 803 1947 874">
    <p class='ocr_par' dir='ltr' id='par_1_9' title="bbox 358 803 1947 874">
     <span class='ocr_line' id='line_1_9' title="bbox 358 803 1947 874; baseline -0.006 -10"><span class='ocrx_word' id='word_1_59' title='bbox 358 823 434 864; x_wconf 84' lang='lat' dir='ltr'><strong>est</strong></span> <span class='ocrx_word' id='word_1_60' title='bbox 470 820 642 862; x_wconf 78' lang='lat' dir='ltr'><strong>autem</strong></span> <span class='ocrx_word' id='word_1_61' title='bbox 672 809 773 860; x_wconf 73' lang='lat' dir='ltr'><strong>vita</strong></span> <span class='ocrx_word' id='word_1_62' title='bbox 797 816 1014 870; x_wconf 68' lang='grc' dir='ltr'><strong>(τίει-ηπ,</strong></span> <span class='ocrx_word' id='word_1_63' title='bbox 1052 814 1108 858; x_wconf 82' lang='lat' dir='ltr'><strong>ut</strong></span> <span class='ocrx_word' id='word_1_64' title='bbox 1135 820 1295 874; x_wconf 81' lang='lat' dir='ltr'><strong>cogno</strong></span> <span class='ocrx_word' id='word_1_65' title='bbox 1327 815 1445 858; x_wconf 80' lang='lat' dir='ltr'><strong>cunt</strong></span> <span class='ocrx_word' id='word_1_66' title='bbox 1475 814 1524 858; x_wconf 92' lang='lat' dir='ltr'><strong>te</strong></span> <span class='ocrx_word' id='word_1_67' title='bbox 1553 803 1726 857; x_wconf 87' lang='lat' dir='ltr'><strong>solum</strong></span> <span class='ocrx_word' id='word_1_68' title='bbox 1769 818 1947 857; x_wconf 82' lang='lat' dir='ltr'><strong>verum</strong></span> 
     </span>
    </p>
   </div>
   <div class='ocr_carea' id='block_1_10' title="bbox 372 892 1946 967">
    <p class='ocr_par' dir='ltr' id='par_1_10' title="bbox 372 892 1946 967">
     <span class='ocr_line' id='line_1_10' title="bbox 372 892 1946 967; baseline -0.003 -16"><span class='ocrx_word' id='word_1_69' title='bbox 372 900 555 960; x_wconf 82' lang='lat' dir='ltr'><strong>Deum,</strong></span> <span class='ocrx_word' id='word_1_70' title='bbox 587 907 659 959; x_wconf 86' lang='lat' dir='ltr'><strong>et,</strong></span> <span class='ocrx_word' id='word_1_71' title='bbox 681 912 830 967; x_wconf 80' lang='lat' dir='ltr'><strong>quem</strong></span> <span class='ocrx_word' id='word_1_72' title='bbox 870 896 1077 960; x_wconf 84' lang='lat' dir='ltr'><strong>misisti,</strong></span> <span class='ocrx_word' id='word_1_73' title='bbox 1105 895 1285 950; x_wconf 81' lang='lat' dir='ltr'><strong>Iesum</strong></span> <span class='ocrx_word' id='word_1_74' title='bbox 1310 895 1573 949; x_wconf 75' lang='lat' dir='ltr'><strong>Christum</strong></span> <span class='ocrx_word' id='word_1_75' title='bbox 1607 892 1788 964; x_wconf 74' lang='lat' dir='ltr'><strong>(Jorm.</strong></span> <span class='ocrx_word' id='word_1_76' title='bbox 1815 909 1946 957; x_wconf 85' lang='lat' dir='ltr'><strong>xvn,</strong></span> 
     </span>
    </p>
   </div>
   <div class='ocr_carea' id='block_1_11' title="bbox 366 983 1948 1052">
    <p class='ocr_par' dir='ltr' id='par_1_11' title="bbox 366 983 1948 1052">
     <span class='ocr_line' id='line_1_11' title="bbox 366 983 1948 1052; baseline -0.004 -11"><span class='ocrx_word' id='word_1_77' title='bbox 366 990 420 1050; x_wconf 74' lang='grc'>5)</span> <span class='ocrx_word' id='word_1_78' title='bbox 441 990 531 1045; x_wconf 65' lang='lat' dir='ltr'><strong>tsi</strong></span> <span class='ocrx_word' id='word_1_79' title='bbox 584 986 911 1052; x_wconf 78' lang='lat' dir='ltr'><strong>addidisset,</strong></span> <span class='ocrx_word' id='word_1_80' title='bbox 942 986 1127 1040; x_wconf 85' lang='lat' dir='ltr'><strong>dicens</strong></span> <span class='ocrx_word' id='word_1_81' title='bbox 1171 1004 1183 1037; x_wconf 89' lang='lat'><strong>:</strong></span> <span class='ocrx_word' id='word_1_82' title='bbox 1230 984 1295 1037; x_wconf 85' lang='lat' dir='ltr'><strong>Et</strong></span> <span class='ocrx_word' id='word_1_83' title='bbox 1332 985 1396 1038; x_wconf 86' lang='lat' dir='ltr'><strong>de</strong></span> <span class='ocrx_word' id='word_1_84' title='bbox 1430 985 1526 1051; x_wconf 78' lang='lat' dir='ltr'><strong>hoc</strong></span> <span class='ocrx_word' id='word_1_85' title='bbox 1554 984 1664 1037; x_wconf 86' lang='lat' dir='ltr'><strong>solo</strong></span> <span class='ocrx_word' id='word_1_86' title='bbox 1694 998 1811 1037; x_wconf 75' lang='lat' dir='ltr'><strong>vero</strong></span> <span class='ocrx_word' id='word_1_87' title='bbox 1843 983 1948 1035; x_wconf 91' lang='lat' dir='ltr'><strong>Deo</strong></span> 
     </span>
    </p>
   </div>
   <div class='ocr_carea' id='block_1_12' title="bbox 363 1072 1952 1147">
    <p class='ocr_par' dir='ltr' id='par_1_12' title="bbox 363 1072 1952 1147">
     <span class='ocr_line' id='line_1_12' title="bbox 363 1072 1952 1147; baseline -0.003 -16"><span class='ocrx_word' id='word_1_88' title='bbox 363 1078 599 1146; x_wconf 64' lang='lat' dir='ltr'><strong>procedit</strong></span> <span class='ocrx_word' id='word_1_89' title='bbox 632 1076 862 1147; x_wconf 85' lang='lat' dir='ltr'><strong>Spiritus</strong></span> <span class='ocrx_word' id='word_1_90' title='bbox 884 1088 1118 1139; x_wconf 85' lang='lat' dir='ltr'><strong>sanctus,</strong></span> <span class='ocrx_word' id='word_1_91' title='bbox 1152 1076 1277 1145; x_wconf 83' lang='lat' dir='ltr'><strong>quis</strong></span> <span class='ocrx_word' id='word_1_92' title='bbox 1300 1076 1525 1130; x_wconf 87' lang='lat' dir='ltr'><strong>auderet</strong></span> <span class='ocrx_word' id='word_1_93' title='bbox 1573 1089 1832 1142; x_wconf 84' lang='lat' dir='ltr'><strong>separare</strong></span> <span class='ocrx_word' id='word_1_94' title='bbox 1862 1072 1952 1126; x_wconf 78' lang='lat' dir='ltr'><strong>Fi-</strong></span> 
     </span>
    </p>
   </div>
   <div class='ocr_carea' id='block_1_13' title="bbox 360 1165 1949 1240">
    <p class='ocr_par' dir='ltr' id='par_1_13' title="bbox 360 1165 1949 1240">
     <span class='ocr_line' id='line_1_13' title="bbox 360 1165 1949 1240; baseline -0.003 -16"><span class='ocrx_word' id='word_1_95' title='bbox 360 1172 494 1225; x_wconf 79' lang='lat' dir='ltr'><strong>iium</strong></span> <span class='ocrx_word' id='word_1_96' title='bbox 535 1170 602 1223; x_wconf 86' lang='lat' dir='ltr'><strong>ab</strong></span> <span class='ocrx_word' id='word_1_97' title='bbox 633 1169 719 1224; x_wconf 88' lang='lat' dir='ltr'><strong>illa</strong></span> <span class='ocrx_word' id='word_1_98' title='bbox 747 1170 1117 1240; x_wconf 87' lang='lat' dir='ltr'><strong>processione,</strong></span> <span class='ocrx_word' id='word_1_99' title='bbox 1142 1167 1371 1223; x_wconf 82' lang='lat' dir='ltr'><strong>cumille</strong></span> <span class='ocrx_word' id='word_1_100' title='bbox 1405 1167 1554 1221; x_wconf 87' lang='lat' dir='ltr'><strong>solus</strong></span> <span class='ocrx_word' id='word_1_101' title='bbox 1586 1181 1749 1220; x_wconf 82' lang='lat' dir='ltr'><strong>verus</strong></span> <span class='ocrx_word' id='word_1_102' title='bbox 1805 1165 1949 1219; x_wconf 89' lang='lat' dir='ltr'><strong>Deus</strong></span> 
     </span>
    </p>
   </div>
   <div class='ocr_carea' id='block_1_14' title="bbox 364 1256 1948 1330">
    <p class='ocr_par' dir='ltr' id='par_1_14' title="bbox 364 1256 1948 1330">
     <span class='ocr_line' id='line_1_14' title="bbox 364 1256 1948 1330; baseline -0.002 -16"><span class='ocrx_word' id='word_1_103' title='bbox 364 1280 469 1317; x_wconf 88' lang='lat' dir='ltr'><strong>non</strong></span> <span class='ocrx_word' id='word_1_104' title='bbox 525 1262 697 1330; x_wconf 86' lang='lat' dir='ltr'><strong>magis</strong></span> <span class='ocrx_word' id='word_1_105' title='bbox 741 1271 834 1316; x_wconf 88' lang='lat' dir='ltr'><strong>aut</strong></span> <span class='ocrx_word' id='word_1_106' title='bbox 863 1262 1044 1316; x_wconf 90' lang='lat' dir='ltr'><strong>minus</strong></span> <span class='ocrx_word' id='word_1_107' title='bbox 1089 1260 1161 1319; x_wconf 85' lang='lat' dir='ltr'><strong>sit</strong></span> <span class='ocrx_word' id='word_1_108' title='bbox 1182 1259 1345 1314; x_wconf 87' lang='lat' dir='ltr'><strong>Pater</strong></span> <span class='ocrx_word' id='word_1_109' title='bbox 1374 1275 1535 1329; x_wconf 89' lang='lat' dir='ltr'><strong>quam</strong></span> <span class='ocrx_word' id='word_1_110' title='bbox 1565 1258 1780 1321; x_wconf 83' lang='lat' dir='ltr'><strong>Filius?</strong></span> <span class='ocrx_word' id='word_1_111' title='bbox 1804 1256 1948 1324; x_wconf 85' lang='lat' dir='ltr'><strong>Qua-</strong></span> 
     </span>
    </p>
   </div>
   <div class='ocr_carea' id='block_1_15' title="bbox 364 1350 1946 1423">
    <p class='ocr_par' dir='ltr' id='par_1_15' title="bbox 364 1350 1946 1423">
     <span class='ocr_line' id='line_1_15' title="bbox 364 1350 1946 1423; baseline -0.002 -17"><span class='ocrx_word' id='word_1_112' title='bbox 364 1361 586 1423; x_wconf 77' lang='lat' dir='ltr'><strong>propter</strong></span> <span class='ocrx_word' id='word_1_113' title='bbox 610 1354 653 1406; x_wconf 87' lang='lat' dir='ltr'><strong>si</strong></span> <span class='ocrx_word' id='word_1_114' title='bbox 679 1354 820 1407; x_wconf 88' lang='lat' dir='ltr'><strong>idem</strong></span> <span class='ocrx_word' id='word_1_115' title='bbox 870 1353 1015 1407; x_wconf 87' lang='lat' dir='ltr'><strong>solus</strong></span> <span class='ocrx_word' id='word_1_116' title='bbox 1057 1366 1217 1406; x_wconf 85' lang='lat' dir='ltr'><strong>verus</strong></span> <span class='ocrx_word' id='word_1_117' title='bbox 1250 1350 1393 1406; x_wconf 80' lang='lat' dir='ltr'><strong>Deus</strong></span> <span class='ocrx_word' id='word_1_118' title='bbox 1436 1351 1756 1422; x_wconf 64' lang='lat' dir='ltr'><strong>intelligitur</strong></span> <span class='ocrx_word' id='word_1_119' title='bbox 1779 1390 1796 1417; x_wconf 93' lang='lat'><strong>,</strong></span> <span class='ocrx_word' id='word_1_120' title='bbox 1821 1365 1946 1405; x_wconf 85' lang='lat' dir='ltr'><strong>cum</strong></span> 
     </span>
    </p>
   </div>
   <div class='ocr_carea' id='block_1_16' title="bbox 363 1439 1945 1499">
    <p class='ocr_par' dir='ltr' id='par_1_16' title="bbox 363 1439 1945 1499">
     <span class='ocr_line' id='line_1_16' title="bbox 363 1439 1945 1499; baseline -0.003 -2"><span class='ocrx_word' id='word_1_121' title='bbox 363 1445 511 1499; x_wconf 82' lang='lat' dir='ltr'><strong>solus</strong></span> <span class='ocrx_word' id='word_1_122' title='bbox 536 1443 702 1498; x_wconf 85' lang='lat' dir='ltr'><strong>Pater</strong></span> <span class='ocrx_word' id='word_1_123' title='bbox 741 1444 938 1498; x_wconf 86' lang='lat' dir='ltr'><strong>dicitur</strong></span> <span class='ocrx_word' id='word_1_124' title='bbox 960 1452 1051 1496; x_wconf 87' lang='lat' dir='ltr'><strong>aut</strong></span> <span class='ocrx_word' id='word_1_125' title='bbox 1096 1442 1269 1497; x_wconf 84' lang='lat' dir='ltr'><strong>Filius</strong></span> <span class='ocrx_word' id='word_1_126' title='bbox 1348 1451 1403 1495; x_wconf 92' lang='lat' dir='ltr'><strong>et</strong></span> <span class='ocrx_word' id='word_1_127' title='bbox 1433 1458 1556 1496; x_wconf 89' lang='lat' dir='ltr'><strong>cum</strong></span> <span class='ocrx_word' id='word_1_128' title='bbox 1582 1442 1744 1495; x_wconf 88' lang='lat' dir='ltr'><strong>ambo</strong></span> <span class='ocrx_word' id='word_1_129' title='bbox 1785 1439 1945 1494; x_wconf 82' lang='lat' dir='ltr'><strong>simul</strong></span> 
     </span>
    </p>
   </div>
   <div class='ocr_carea' id='block_1_17' title="bbox 365 1532 1945 1604">
    <p class='ocr_par' dir='ltr' id='par_1_17' title="bbox 365 1532 1945 1604">
     <span class='ocr_line' id='line_1_17' title="bbox 365 1532 1945 1604; baseline -0.003 -15"><span class='ocrx_word' id='word_1_130' title='bbox 365 1537 716 1589; x_wconf 87' lang='lat' dir='ltr'><strong>nominantur</strong></span> <span class='ocrx_word' id='word_1_131' title='bbox 749 1551 762 1589; x_wconf 90' lang='lat'><strong>:</strong></span> <span class='ocrx_word' id='word_1_132' title='bbox 796 1535 924 1603; x_wconf 87' lang='lat' dir='ltr'><strong>quid</strong></span> <span class='ocrx_word' id='word_1_133' title='bbox 947 1536 1189 1604; x_wconf 84' lang='lat' dir='ltr'><strong>apertius</strong></span> <span class='ocrx_word' id='word_1_134' title='bbox 1212 1548 1376 1604; x_wconf 85' lang='lat' dir='ltr'><strong>quam</strong></span> <span class='ocrx_word' id='word_1_135' title='bbox 1402 1535 1531 1604; x_wconf 89' lang='lat' dir='ltr'><strong>quia</strong></span> <span class='ocrx_word' id='word_1_136' title='bbox 1565 1535 1634 1588; x_wconf 87' lang='lat' dir='ltr'><strong>de</strong></span> <span class='ocrx_word' id='word_1_137' title='bbox 1668 1532 1785 1587; x_wconf 85' lang='lat' dir='ltr'><strong>solo</strong></span> <span class='ocrx_word' id='word_1_138' title='bbox 1810 1545 1945 1596; x_wconf 81' lang='lat' dir='ltr'><strong>vero</strong></span> 
     </span>
    </p>
   </div>
   <div class='ocr_carea' id='block_1_18' title="bbox 365 1625 1944 1696">
    <p class='ocr_par' dir='ltr' id='par_1_18' title="bbox 365 1625 1944 1696">
     <span class='ocr_line' id='line_1_18' title="bbox 365 1625 1944 1696; baseline -0.001 -17"><span class='ocrx_word' id='word_1_139' title='bbox 365 1626 494 1692; x_wconf 82' lang='lat' dir='ltr'><strong>Deo,</strong></span> <span class='ocrx_word' id='word_1_140' title='bbox 522 1629 615 1696; x_wconf 87' lang='lat' dir='ltr'><strong>qui</strong></span> <span class='ocrx_word' id='word_1_141' title='bbox 650 1626 917 1681; x_wconf 88' lang='lat' dir='ltr'><strong>Paterest</strong></span> <span class='ocrx_word' id='word_1_142' title='bbox 943 1635 999 1680; x_wconf 90' lang='lat' dir='ltr'><strong>et</strong></span> <span class='ocrx_word' id='word_1_143' title='bbox 1026 1626 1216 1692; x_wconf 84' lang='lat' dir='ltr'><strong>Filius,</strong></span> <span class='ocrx_word' id='word_1_144' title='bbox 1245 1627 1493 1695; x_wconf 89' lang='lat' dir='ltr'><strong>procedit</strong></span> <span class='ocrx_word' id='word_1_145' title='bbox 1524 1625 1760 1695; x_wconf 81' lang='lat' dir='ltr'><strong>Spiritus</strong></span> <span class='ocrx_word' id='word_1_146' title='bbox 1814 1636 1944 1678; x_wconf 84' lang='lat' dir='ltr'><strong>san-</strong></span> 
     </span>
    </p>
   </div>
   <div class='ocr_carea' id='block_1_19' title="bbox 2056 441 3640 519">
    <p class='ocr_par' dir='ltr' id='par_1_19' title="bbox 2056 441 3640 519">
     <span class='ocr_line' id='line_1_19' title="bbox 2056 441 3640 519; baseline 0.006 -26"><span class='ocrx_word' id='word_1_147' title='bbox 2056 454 2150 507; x_wconf 73' lang='lat' dir='ltr'><strong>ego</strong></span> <span class='ocrx_word' id='word_1_148' title='bbox 2201 441 2403 493; x_wconf 77' lang='lat' dir='ltr'><strong>mittant</strong></span> <span class='ocrx_word' id='word_1_149' title='bbox 2434 442 2574 496; x_wconf 82' lang='lat' dir='ltr'><strong>vobis</strong></span> <span class='ocrx_word' id='word_1_150' title='bbox 2604 459 2634 494; x_wconf 92' lang='lat' dir='ltr'><strong>a</strong></span> <span class='ocrx_word' id='word_1_151' title='bbox 2662 441 2844 511; x_wconf 81' lang='lat' dir='ltr'><strong>Patre,</strong></span> <span class='ocrx_word' id='word_1_152' title='bbox 2907 446 3179 513; x_wconf 86' lang='lat' dir='ltr'><strong>quomodo</strong></span> <span class='ocrx_word' id='word_1_153' title='bbox 3230 446 3640 519; x_wconf 80' lang='lat' dir='ltr'><strong>intelligendum</strong></span> 
     </span>
    </p>
   </div>
   <div class='ocr_carea' id='block_1_20' title="bbox 2053 528 3639 601">
    <p class='ocr_par' dir='ltr' id='par_1_20' title="bbox 2053 528 3639 601">
     <span class='ocr_line' id='line_1_20' title="bbox 2053 528 3639 601; baseline 0.008 -18"><span class='ocrx_word' id='word_1_154' title='bbox 2053 530 2171 583; x_wconf 85' lang='lat' dir='ltr'><strong>est?</strong></span> <span class='ocrx_word' id='word_1_155' title='bbox 2199 528 2394 598; x_wconf 88' lang='lat' dir='ltr'><strong>Utique</strong></span> <span class='ocrx_word' id='word_1_156' title='bbox 2416 546 2445 584; x_wconf 92' lang='lat' dir='ltr'><strong>a</strong></span> <span class='ocrx_word' id='word_1_157' title='bbox 2469 547 2578 601; x_wconf 90' lang='lat' dir='ltr'><strong>quo</strong></span> <span class='ocrx_word' id='word_1_158' title='bbox 2596 548 2720 588; x_wconf 90' lang='lat' dir='ltr'><strong>eum</strong></span> <span class='ocrx_word' id='word_1_159' title='bbox 2744 535 2909 589; x_wconf 89' lang='lat' dir='ltr'><strong>mittit</strong></span> <span class='ocrx_word' id='word_1_160' title='bbox 2948 535 3143 601; x_wconf 86' lang='lat' dir='ltr'><strong>Filius,</strong></span> <span class='ocrx_word' id='word_1_161' title='bbox 3172 538 3240 590; x_wconf 87' lang='lat' dir='ltr'><strong>ab</strong></span> <span class='ocrx_word' id='word_1_162' title='bbox 3264 553 3332 593; x_wconf 84' lang='lat' dir='ltr'><strong>eo</strong></span> <span class='ocrx_word' id='word_1_163' title='bbox 3384 540 3639 596; x_wconf 89' lang='lat' dir='ltr'><strong>mittitur.</strong></span> 
     </span>
    </p>
   </div>
   <div class='ocr_carea' id='block_1_21' title="bbox 2055 618 3638 696">
    <p class='ocr_par' dir='ltr' id='par_1_21' title="bbox 2055 618 3638 696">
     <span class='ocr_line' id='line_1_21' title="bbox 2055 618 3638 696; baseline 0.008 -23"><span class='ocrx_word' id='word_1_164' title='bbox 2055 618 2216 673; x_wconf 76' lang='lat' dir='ltr'><strong>Mittit</strong></span> <span class='ocrx_word' id='word_1_165' title='bbox 2241 632 2421 676; x_wconf 90' lang='lat' dir='ltr'><strong>autem</strong></span> <span class='ocrx_word' id='word_1_166' title='bbox 2452 638 2574 676; x_wconf 90' lang='lat' dir='ltr'><strong>cum</strong></span> <span class='ocrx_word' id='word_1_167' title='bbox 2600 636 2632 677; x_wconf 84' lang='lat' dir='ltr'><strong>a</strong></span> <span class='ocrx_word' id='word_1_168' title='bbox 2656 624 2817 681; x_wconf 80' lang='lat' dir='ltr'><strong>Patre</strong></span> <span class='ocrx_word' id='word_1_169' title='bbox 2853 643 2865 679; x_wconf 93' lang='lat'><strong>:</strong></span> <span class='ocrx_word' id='word_1_170' title='bbox 2898 640 3030 696; x_wconf 88' lang='lat' dir='ltr'><strong>ergo</strong></span> <span class='ocrx_word' id='word_1_171' title='bbox 3078 642 3108 681; x_wconf 85' lang='lat' dir='ltr'><strong>a</strong></span> <span class='ocrx_word' id='word_1_172' title='bbox 3164 627 3324 682; x_wconf 81' lang='lat' dir='ltr'><strong>Patre</strong></span> <span class='ocrx_word' id='word_1_173' title='bbox 3381 629 3638 685; x_wconf 83' lang='lat' dir='ltr'><strong>mittitur.</strong></span> 
     </span>
    </p>
   </div>
   <div class='ocr_carea' id='block_1_22' title="bbox 2053 711 3640 790">
    <p class='ocr_par' dir='ltr' id='par_1_22' title="bbox 2053 711 3640 790">
     <span class='ocr_line' id='line_1_22' title="bbox 2053 711 3640 790; baseline 0.007 -24"><span class='ocrx_word' id='word_1_174' title='bbox 2053 711 2160 768; x_wconf 87' lang='lat' dir='ltr'><strong>Sed</strong></span> <span class='ocrx_word' id='word_1_175' title='bbox 2194 713 2282 768; x_wconf 90' lang='lat' dir='ltr'><strong>ille</strong></span> <span class='ocrx_word' id='word_1_176' title='bbox 2311 714 2474 769; x_wconf 88' lang='lat' dir='ltr'><strong>mittit</strong></span> <span class='ocrx_word' id='word_1_177' title='bbox 2502 730 2531 768; x_wconf 90' lang='lat' dir='ltr'><strong>a</strong></span> <span class='ocrx_word' id='word_1_178' title='bbox 2561 731 2671 784; x_wconf 90' lang='lat' dir='ltr'><strong>quo</strong></span> <span class='ocrx_word' id='word_1_179' title='bbox 2698 715 2967 772; x_wconf 80' lang='lat' dir='ltr'><strong>mittitur:</strong></span> <span class='ocrx_word' id='word_1_180' title='bbox 2995 718 3159 773; x_wconf 86' lang='lat' dir='ltr'><strong>Pater</strong></span> <span class='ocrx_word' id='word_1_181' title='bbox 3179 720 3362 790; x_wconf 83' lang='lat' dir='ltr'><strong>itaque</strong></span> <span class='ocrx_word' id='word_1_182' title='bbox 3423 723 3640 778; x_wconf 86' lang='lat' dir='ltr'><strong>mittere</strong></span> 
     </span>
    </p>
   </div>
   <div class='ocr_carea' id='block_1_23' title="bbox 2053 803 3639 880">
    <p class='ocr_par' dir='ltr' id='par_1_23' title="bbox 2053 803 3639 880">
     <span class='ocr_line' id='line_1_23' title="bbox 2053 803 3639 880; baseline 0.006 -24"><span class='ocrx_word' id='word_1_183' title='bbox 2053 803 2397 874; x_wconf 88' lang='lat' dir='ltr'><strong>intelligitur,</strong></span> <span class='ocrx_word' id='word_1_184' title='bbox 2427 819 2548 858; x_wconf 88' lang='lat' dir='ltr'><strong>eum</strong></span> <span class='ocrx_word' id='word_1_185' title='bbox 2588 805 2755 862; x_wconf 86' lang='lat' dir='ltr'><strong>Filius</strong></span> <span class='ocrx_word' id='word_1_186' title='bbox 2793 808 2924 864; x_wconf 86' lang='lat' dir='ltr'><strong>dicit</strong></span> <span class='ocrx_word' id='word_1_187' title='bbox 2956 825 2972 862; x_wconf 90' lang='lat'><strong>:</strong></span> <span class='ocrx_word' id='word_1_188' title='bbox 3004 808 3120 880; x_wconf 81' lang='lat' dir='ltr'><strong>Ego</strong></span> <span class='ocrx_word' id='word_1_189' title='bbox 3152 811 3360 865; x_wconf 80' lang='lat' dir='ltr'><strong>mittant</strong></span> <span class='ocrx_word' id='word_1_190' title='bbox 3390 830 3421 865; x_wconf 87' lang='lat' dir='ltr'><strong>a</strong></span> <span class='ocrx_word' id='word_1_191' title='bbox 3452 810 3639 867; x_wconf 81' lang='lat' dir='ltr'><strong>Patre.</strong></span> 
     </span>
    </p>
   </div>
   <div class='ocr_carea' id='block_1_24' title="bbox 2053 891 3639 970">
    <p class='ocr_par' dir='ltr' id='par_1_24' title="bbox 2053 891 3639 970">
     <span class='ocr_line' id='line_1_24' title="bbox 2053 891 3639 970; baseline 0.009 -28"><span class='ocrx_word' id='word_1_192' title='bbox 2053 891 2193 959; x_wconf 79' lang='lat' dir='ltr'><strong>Quid</strong></span> <span class='ocrx_word' id='word_1_193' title='bbox 2217 902 2301 947; x_wconf 86' lang='lat' dir='ltr'><strong>est</strong></span> <span class='ocrx_word' id='word_1_194' title='bbox 2331 907 2486 964; x_wconf 87' lang='lat' dir='ltr'><strong>ergo,</strong></span> <span class='ocrx_word' id='word_1_195' title='bbox 2541 892 2655 963; x_wconf 86' lang='lat' dir='ltr'><strong>Ego</strong></span> <span class='ocrx_word' id='word_1_196' title='bbox 2690 898 2894 950; x_wconf 77' lang='lat' dir='ltr'><strong>mittam</strong></span> <span class='ocrx_word' id='word_1_197' title='bbox 2919 914 2953 951; x_wconf 80' lang='grc' dir='ltr'><strong>ιι</strong></span> <span class='ocrx_word' id='word_1_198' title='bbox 2988 897 3164 961; x_wconf 77' lang='lat' dir='ltr'><strong>Patre,</strong></span> <span class='ocrx_word' id='word_1_199' title='bbox 3197 899 3322 964; x_wconf 86' lang='lat' dir='ltr'><strong>nisi,</strong></span> <span class='ocrx_word' id='word_1_200' title='bbox 3367 899 3480 970; x_wconf 84' lang='lat' dir='ltr'><strong>Ego</strong></span> <span class='ocrx_word' id='word_1_201' title='bbox 3510 903 3639 956; x_wconf 84' lang='lat' dir='ltr'><strong>mit-</strong></span> 
     </span>
    </p>
   </div>
   <div class='ocr_carea' id='block_1_25' title="bbox 2055 986 3643 1053">
    <p class='ocr_par' dir='ltr' id='par_1_25' title="bbox 2055 986 3643 1053">
     <span class='ocr_line' id='line_1_25' title="bbox 2055 986 3643 1053; baseline 0.006 -16"><span class='ocrx_word' id='word_1_202' title='bbox 2055 991 2163 1037; x_wconf 89' lang='lat' dir='ltr'><strong>tam</strong></span> <span class='ocrx_word' id='word_1_203' title='bbox 2191 991 2447 1053; x_wconf 82' lang='lat' dir='ltr'><strong>tanquam</strong></span> <span class='ocrx_word' id='word_1_204' title='bbox 2480 986 2524 1039; x_wconf 89' lang='lat' dir='ltr'><strong>si</strong></span> <span class='ocrx_word' id='word_1_205' title='bbox 2565 986 2732 1041; x_wconf 90' lang='lat' dir='ltr'><strong>Pater</strong></span> <span class='ocrx_word' id='word_1_206' title='bbox 2770 988 2970 1051; x_wconf 82' lang='lat' dir='ltr'><strong>mittat,</strong></span> <span class='ocrx_word' id='word_1_207' title='bbox 3009 998 3067 1042; x_wconf 94' lang='lat' dir='ltr'><strong>ut</strong></span> <span class='ocrx_word' id='word_1_208' title='bbox 3091 1004 3197 1042; x_wconf 88' lang='lat' dir='ltr'><strong>una</strong></span> <span class='ocrx_word' id='word_1_209' title='bbox 3252 999 3310 1044; x_wconf 87' lang='lat' dir='ltr'><strong>et</strong></span> <span class='ocrx_word' id='word_1_210' title='bbox 3334 992 3525 1046; x_wconf 89' lang='lat' dir='ltr'><strong>eadem</strong></span> <span class='ocrx_word' id='word_1_211' title='bbox 3566 993 3643 1047; x_wconf 87' lang='lat' dir='ltr'><strong>sit</strong></span> 
     </span>
    </p>
   </div>
   <div class='ocr_carea' id='block_1_26' title="bbox 2054 1073 3637 1148">
    <p class='ocr_par' dir='ltr' id='par_1_26' title="bbox 2054 1073 3637 1148">
     <span class='ocr_line' id='line_1_26' title="bbox 2054 1073 3637 1148; baseline 0.006 -24"><span class='ocrx_word' id='word_1_212' title='bbox 2054 1073 2242 1127; x_wconf 90' lang='lat' dir='ltr'><strong>missio</strong></span> <span class='ocrx_word' id='word_1_213' title='bbox 2276 1090 2394 1127; x_wconf 89' lang='lat' dir='ltr'><strong>mea</strong></span> <span class='ocrx_word' id='word_1_214' title='bbox 2428 1084 2483 1129; x_wconf 86' lang='lat' dir='ltr'><strong>et</strong></span> <span class='ocrx_word' id='word_1_215' title='bbox 2512 1074 2727 1131; x_wconf 85' lang='lat' dir='ltr'><strong>Patris?</strong></span> <span class='ocrx_word' id='word_1_216' title='bbox 2748 1078 2884 1132; x_wconf 72' lang='lat' dir='ltr'><strong>Cum</strong></span> <span class='ocrx_word' id='word_1_217' title='bbox 2919 1079 3100 1148; x_wconf 79' lang='lat' dir='ltr'><strong>itaque</strong></span> <span class='ocrx_word' id='word_1_218' title='bbox 3134 1080 3230 1112; x_wconf 78' lang='grc'>⁸⁵⁸⁸</span> <span class='ocrx_word' id='word_1_219' title='bbox 3287 1079 3464 1134; x_wconf 85' lang='lat' dir='ltr'><strong>Filius</strong></span> <span class='ocrx_word' id='word_1_220' title='bbox 3489 1091 3637 1136; x_wconf 85' lang='lat' dir='ltr'><strong>tanta</strong></span> 
     </span>
    </p>
   </div>
   <div class='ocr_carea' id='block_1_27' title="bbox 2058 1165 3642 1236">
    <p class='ocr_par' dir='ltr' id='par_1_27' title="bbox 2058 1165 3642 1236">
     <span class='ocr_line' id='line_1_27' title="bbox 2058 1165 3642 1236; baseline 0.004 -17"><span class='ocrx_word' id='word_1_221' title='bbox 2058 1165 2335 1236; x_wconf 89' lang='lat' dir='ltr'><strong>diligentia</strong></span> <span class='ocrx_word' id='word_1_222' title='bbox 2370 1167 2624 1222; x_wconf 78' lang='lat' dir='ltr'><strong>ostendat</strong></span> <span class='ocrx_word' id='word_1_223' title='bbox 2655 1184 2817 1224; x_wconf 89' lang='lat' dir='ltr'><strong>unam</strong></span> <span class='ocrx_word' id='word_1_224' title='bbox 2842 1183 2964 1225; x_wconf 88' lang='lat' dir='ltr'><strong>esse</strong></span> <span class='ocrx_word' id='word_1_225' title='bbox 2991 1171 3305 1228; x_wconf 84' lang='lat' dir='ltr'><strong>missionem</strong></span> <span class='ocrx_word' id='word_1_226' title='bbox 3362 1171 3541 1226; x_wconf 81' lang='lat' dir='ltr'><strong>Patris</strong></span> <span class='ocrx_word' id='word_1_227' title='bbox 3584 1184 3642 1228; x_wconf 87' lang='lat' dir='ltr'><strong>et</strong></span> 
     </span>
    </p>
   </div>
   <div class='ocr_carea' id='block_1_28' title="bbox 2052 1259 3635 1329">
    <p class='ocr_par' dir='ltr' id='par_1_28' title="bbox 2052 1259 3635 1329">
     <span class='ocr_line' id='line_1_28' title="bbox 2052 1259 3635 1329; baseline 0.006 -20"><span class='ocrx_word' id='word_1_228' title='bbox 2052 1270 2237 1321; x_wconf 85' lang='lat' dir='ltr'><strong>suam;</strong></span> <span class='ocrx_word' id='word_1_229' title='bbox 2266 1266 2325 1313; x_wconf 92' lang='lat' dir='ltr'><strong>ut</strong></span> <span class='ocrx_word' id='word_1_230' title='bbox 2355 1274 2455 1314; x_wconf 90' lang='lat' dir='ltr'><strong>nec</strong></span> <span class='ocrx_word' id='word_1_231' title='bbox 2480 1259 2643 1315; x_wconf 85' lang='lat' dir='ltr'><strong>Pater</strong></span> <span class='ocrx_word' id='word_1_232' title='bbox 2672 1261 2871 1326; x_wconf 81' lang='lat' dir='ltr'><strong>mittat,</strong></span> <span class='ocrx_word' id='word_1_233' title='bbox 2902 1262 3003 1317; x_wconf 86' lang='lat' dir='ltr'><strong>nisi</strong></span> <span class='ocrx_word' id='word_1_234' title='bbox 3033 1279 3159 1317; x_wconf 88' lang='lat' dir='ltr'><strong>cum</strong></span> <span class='ocrx_word' id='word_1_235' title='bbox 3210 1262 3389 1320; x_wconf 73' lang='lat' dir='ltr'><strong>Filius</strong></span> <span class='ocrx_word' id='word_1_236' title='bbox 3426 1265 3584 1319; x_wconf 81' lang='lat' dir='ltr'><strong>mittit</strong></span> <span class='ocrx_word' id='word_1_237' title='bbox 3620 1284 3635 1329; x_wconf 86' lang='lat'><strong>;</strong></span> 
     </span>
    </p>
   </div>
   <div class='ocr_carea' id='block_1_29' title="bbox 2053 1349 3636 1426">
    <p class='ocr_par' dir='ltr' id='par_1_29' title="bbox 2053 1349 3636 1426">
     <span class='ocr_line' id='line_1_29' title="bbox 2053 1349 3636 1426; baseline 0.007 -24"><span class='ocrx_word' id='word_1_238' title='bbox 2053 1363 2153 1403; x_wconf 91' lang='lat' dir='ltr'><strong>nec</strong></span> <span class='ocrx_word' id='word_1_239' title='bbox 2180 1349 2349 1405; x_wconf 85' lang='lat' dir='ltr'><strong>Filius</strong></span> <span class='ocrx_word' id='word_1_240' title='bbox 2398 1351 2599 1416; x_wconf 85' lang='lat' dir='ltr'><strong>mittat,</strong></span> <span class='ocrx_word' id='word_1_241' title='bbox 2625 1351 2731 1409; x_wconf 85' lang='lat' dir='ltr'><strong>nisi</strong></span> <span class='ocrx_word' id='word_1_242' title='bbox 2786 1353 2879 1386; x_wconf 66' lang='grc'><strong>⁸⁸⁸⁵</strong></span> <span class='ocrx_word' id='word_1_243' title='bbox 2906 1367 3030 1409; x_wconf 85' lang='lat' dir='ltr'><strong>eum</strong></span> <span class='ocrx_word' id='word_1_244' title='bbox 3062 1356 3228 1409; x_wconf 91' lang='lat' dir='ltr'><strong>mittit</strong></span> <span class='ocrx_word' id='word_1_245' title='bbox 3251 1355 3414 1411; x_wconf 87' lang='lat' dir='ltr'><strong>Pater</strong></span> <span class='ocrx_word' id='word_1_246' title='bbox 3448 1375 3461 1409; x_wconf 92' lang='lat'><strong>:</strong></span> <span class='ocrx_word' id='word_1_247' title='bbox 3505 1358 3636 1426; x_wconf 89' lang='lat' dir='ltr'><strong>quid</strong></span> 
     </span>
    </p>
   </div>
   <div class='ocr_carea' id='block_1_30' title="bbox 2054 1439 3637 1517">
    <p class='ocr_par' dir='ltr' id='par_1_30' title="bbox 2054 1439 3637 1517">
     <span class='ocr_line' id='line_1_30' title="bbox 2054 1439 3637 1517; baseline 0.006 -25"><span class='ocrx_word' id='word_1_248' title='bbox 2054 1440 2168 1494; x_wconf 85' lang='lat' dir='ltr'><strong>vult</strong></span> <span class='ocrx_word' id='word_1_249' title='bbox 2194 1439 2502 1511; x_wconf 83' lang='lat' dir='ltr'><strong>signiﬁcare</strong></span> <span class='ocrx_word' id='word_1_250' title='bbox 2528 1442 2643 1509; x_wconf 64' lang='lat' dir='ltr'><strong>m&#39;,</strong></span> <span class='ocrx_word' id='word_1_251' title='bbox 2670 1451 2764 1497; x_wconf 87' lang='lat' dir='ltr'><strong>aut</strong></span> <span class='ocrx_word' id='word_1_252' title='bbox 2805 1444 2937 1512; x_wconf 87' lang='lat' dir='ltr'><strong>quid</strong></span> <span class='ocrx_word' id='word_1_253' title='bbox 2974 1443 3221 1516; x_wconf 77' lang='lat' dir='ltr'><strong>intelligi,</strong></span> <span class='ocrx_word' id='word_1_254' title='bbox 3259 1446 3355 1496; x_wconf 71' lang='grc'>⁸⁸⁸9</span> <span class='ocrx_word' id='word_1_255' title='bbox 3376 1446 3481 1502; x_wconf 83' lang='lat' dir='ltr'><strong>nisi</strong></span> <span class='ocrx_word' id='word_1_256' title='bbox 3509 1449 3637 1517; x_wconf 88' lang='lat' dir='ltr'><strong>quia</strong></span> 
     </span>
    </p>
   </div>
   <div class='ocr_carea' id='block_1_31' title="bbox 2052 1529 3640 1602">
    <p class='ocr_par' dir='ltr' id='par_1_31' title="bbox 2052 1529 3640 1602">
     <span class='ocr_line' id='line_1_31' title="bbox 2052 1529 3640 1602; baseline 0.004 -18"><span class='ocrx_word' id='word_1_257' title='bbox 2052 1544 2161 1584; x_wconf 88' lang='lat' dir='ltr'><strong>non</strong></span> <span class='ocrx_word' id='word_1_258' title='bbox 2185 1529 2347 1584; x_wconf 86' lang='lat' dir='ltr'><strong>aliter</strong></span> <span class='ocrx_word' id='word_1_259' title='bbox 2369 1544 2432 1585; x_wconf 84' lang='lat' dir='ltr'><strong>se</strong></span> <span class='ocrx_word' id='word_1_260' title='bbox 2458 1530 2655 1587; x_wconf 85' lang='lat' dir='ltr'><strong>habeat</strong></span> <span class='ocrx_word' id='word_1_261' title='bbox 2685 1547 2750 1587; x_wconf 89' lang='lat' dir='ltr'><strong>ac</strong></span> <span class='ocrx_word' id='word_1_262' title='bbox 2782 1532 2997 1588; x_wconf 80' lang='lat' dir='ltr'><strong>Patrem</strong></span> <span class='ocrx_word' id='word_1_263' title='bbox 3027 1533 3264 1601; x_wconf 80' lang='lat' dir='ltr'><strong>Spiritus</strong></span> <span class='ocrx_word' id='word_1_264' title='bbox 3287 1543 3511 1591; x_wconf 79' lang='lat' dir='ltr'><strong>sanctus</strong></span> <span class='ocrx_word' id='word_1_265' title='bbox 3534 1576 3551 1602; x_wconf 94' lang='lat'><strong>,</strong></span> <span class='ocrx_word' id='word_1_266' title='bbox 3583 1549 3640 1592; x_wconf 87' lang='lat' dir='ltr'><strong>et</strong></span> 
     </span>
    </p>
   </div>
   <div class='ocr_carea' id='block_1_32' title="bbox 2052 1619 3640 1693">
    <p class='ocr_par' dir='ltr' id='par_1_32' title="bbox 2052 1619 3640 1693">
     <span class='ocr_line' id='line_1_32' title="bbox 2052 1619 3640 1693; baseline 0.004 -20"><span class='ocrx_word' id='word_1_267' title='bbox 2052 1619 2214 1674; x_wconf 84' lang='lat' dir='ltr'><strong>aliter</strong></span> <span class='ocrx_word' id='word_1_268' title='bbox 2235 1621 2303 1674; x_wconf 87' lang='lat' dir='ltr'><strong>ad</strong></span> <span class='ocrx_word' id='word_1_269' title='bbox 2334 1620 2560 1686; x_wconf 82' lang='lat' dir='ltr'><strong>Filium;</strong></span> <span class='ocrx_word' id='word_1_270' title='bbox 2588 1636 2687 1676; x_wconf 85' lang='lat' dir='ltr'><strong>nec</strong></span> <span class='ocrx_word' id='word_1_271' title='bbox 2714 1622 2982 1692; x_wconf 86' lang='lat' dir='ltr'><strong>magisest</strong></span> <span class='ocrx_word' id='word_1_272' title='bbox 3005 1624 3165 1678; x_wconf 84' lang='lat' dir='ltr'><strong>unius</strong></span> <span class='ocrx_word' id='word_1_273' title='bbox 3181 1638 3347 1693; x_wconf 88' lang='lat' dir='ltr'><strong>quam</strong></span> <span class='ocrx_word' id='word_1_274' title='bbox 3376 1624 3640 1682; x_wconf 81' lang='lat' dir='ltr'><strong>alterius?</strong></span> 
     </span>
    </p>
   </div>
   <div class='ocr_carea' id='block_1_33' title="bbox 351 1699 3637 1786">
    <p class='ocr_par' dir='ltr' id='par_1_33' title="bbox 351 1699 3637 1786">
     <span class='ocr_line' id='line_1_33' title="bbox 351 1699 3637 1786; baseline 0.002 -19"><span class='ocrx_word' id='word_1_275' title='bbox 351 1726 626 1772; x_wconf 76' lang='lat' dir='ltr'><strong>rtus.cum</strong></span> <span class='ocrx_word' id='word_1_276' title='bbox 652 1716 854 1771; x_wconf 78' lang='lat' dir='ltr'><strong>dititur</strong></span> <span class='ocrx_word' id='word_1_277' title='bbox 876 1730 903 1768; x_wconf 85' lang='lat' dir='ltr'><strong>a</strong></span> <span class='ocrx_word' id='word_1_278' title='bbox 932 1725 1086 1785; x_wconf 83' lang='lat' dir='ltr'><strong>patre</strong></span> <span class='ocrx_word' id='word_1_279' title='bbox 1117 1717 1454 1786; x_wconf 82' lang='lat' dir='ltr'><strong>procedere?</strong></span> <span class='ocrx_word' id='word_1_280' title='bbox 1477 1715 1827 1784; x_wconf 84' lang='lat' dir='ltr'><strong>Quare-sicut</strong></span> <span class='ocrx_word' id='word_1_281' title='bbox 1859 1714 1945 1769; x_wconf 82' lang='lat' dir='ltr'><strong>in-</strong></span> <span class='ocrx_word' id='word_1_282' title='bbox 1973 1699 2021 1762; x_wconf 77' lang='grc' dir='ltr'><strong>Β</strong></span> <span class='ocrx_word' id='word_1_283' title='bbox 2049 1710 2416 1778; x_wconf 74' lang='lat' dir='ltr'><strong>Quamobrem</strong></span> <span class='ocrx_word' id='word_1_284' title='bbox 2470 1712 2635 1765; x_wconf 84' lang='lat' dir='ltr'><strong>nimis</strong></span> <span class='ocrx_word' id='word_1_285' title='bbox 2673 1713 2924 1780; x_wconf 77' lang='lat' dir='ltr'><strong>diﬂicile,</strong></span> <span class='ocrx_word' id='word_1_286' title='bbox 2987 1714 3096 1769; x_wconf 91' lang='lat' dir='ltr'><strong>imo</strong></span> <span class='ocrx_word' id='word_1_287' title='bbox 3162 1714 3497 1784; x_wconf 74' lang='lat' dir='ltr'><strong>impossibile</strong></span> <span class='ocrx_word' id='word_1_288' title='bbox 3527 1726 3637 1784; x_wconf 78' lang='lat' dir='ltr'><strong>est,</strong></span> 
     </span>
    </p>
   </div>
   <div class='ocr_carea' id='block_1_34' title="bbox 367 1802 1959 1883">
    <p class='ocr_par' dir='ltr' id='par_1_34' title="bbox 367 1802 1959 1883">
     <span class='ocr_line' id='line_1_34' title="bbox 367 1802 1959 1883; baseline 0 -26"><span class='ocrx_word' id='word_1_289' title='bbox 367 1806 700 1877; x_wconf 80' lang='lat' dir='ltr'><strong>telligeretur</strong></span> <span class='ocrx_word' id='word_1_290' title='bbox 724 1806 791 1859; x_wconf 88' lang='lat' dir='ltr'><strong>de</strong></span> <span class='ocrx_word' id='word_1_291' title='bbox 823 1804 960 1859; x_wconf 81' lang='lat' dir='ltr'><strong>Filio</strong></span> <span class='ocrx_word' id='word_1_292' title='bbox 982 1806 1303 1875; x_wconf 83' lang='lat' dir='ltr'><strong>procedere,</strong></span> <span class='ocrx_word' id='word_1_293' title='bbox 1328 1805 1372 1859; x_wconf 89' lang='lat' dir='ltr'><strong>si</strong></span> <span class='ocrx_word' id='word_1_294' title='bbox 1412 1805 1553 1859; x_wconf 89' lang='lat' dir='ltr'><strong>idem</strong></span> <span class='ocrx_word' id='word_1_295' title='bbox 1585 1803 1755 1858; x_wconf 80' lang='lat' dir='ltr'><strong>Filius</strong></span> <span class='ocrx_word' id='word_1_296' title='bbox 1780 1802 1959 1883; x_wconf 43' lang='lat' dir='ltr'><strong>dix‘isj</strong></span> 
     </span>
    </p>
   </div>
   <div class='ocr_carea' id='block_1_35' title="bbox 364 1896 1947 1969">
    <p class='ocr_par' dir='ltr' id='par_1_35' title="bbox 364 1896 1947 1969">
     <span class='ocr_line' id='line_1_35' title="bbox 364 1896 1947 1969; baseline -0.004 -14"><span class='ocrx_word' id='word_1_297' title='bbox 364 1910 448 1955; x_wconf 87' lang='lat' dir='ltr'><strong>set</strong></span> <span class='ocrx_word' id='word_1_298' title='bbox 477 1901 543 1955; x_wconf 87' lang='lat' dir='ltr'><strong>de</strong></span> <span class='ocrx_word' id='word_1_299' title='bbox 572 1900 687 1954; x_wconf 92' lang='lat' dir='ltr'><strong>solo</strong></span> <span class='ocrx_word' id='word_1_300' title='bbox 714 1914 846 1954; x_wconf 85' lang='lat' dir='ltr'><strong>vero</strong></span> <span class='ocrx_word' id='word_1_301' title='bbox 875 1899 985 1953; x_wconf 87' lang='lat' dir='ltr'><strong>Deo</strong></span> <span class='ocrx_word' id='word_1_302' title='bbox 1020 1898 1168 1951; x_wconf 90' lang='lat' dir='ltr'><strong>illum</strong></span> <span class='ocrx_word' id='word_1_303' title='bbox 1208 1898 1529 1969; x_wconf 85' lang='lat' dir='ltr'><strong>procedere,</strong></span> <span class='ocrx_word' id='word_1_304' title='bbox 1552 1897 1772 1967; x_wconf 81' lang='lat' dir='ltr'><strong>quando</strong></span> <span class='ocrx_word' id='word_1_305' title='bbox 1808 1896 1947 1950; x_wconf 81' lang='lat' dir='ltr'><strong>dixit</strong></span> 
     </span>
    </p>
   </div>
   <div class='ocr_carea' id='block_1_36' title="bbox 363 1986 1950 2054">
    <p class='ocr_par' dir='ltr' id='par_1_36' title="bbox 363 1986 1950 2054">
     <span class='ocr_line' id='line_1_36' title="bbox 363 1986 1950 2054; baseline -0.003 -8"><span class='ocrx_word' id='word_1_306' title='bbox 363 2006 419 2046; x_wconf 82' lang='lat' dir='ltr'><strong>se</strong></span> <span class='ocrx_word' id='word_1_307' title='bbox 446 2000 501 2046; x_wconf 91' lang='lat' dir='ltr'><strong>et</strong></span> <span class='ocrx_word' id='word_1_308' title='bbox 522 1990 738 2044; x_wconf 78' lang='lat' dir='ltr'><strong>Patrem</strong></span> <span class='ocrx_word' id='word_1_309' title='bbox 762 1990 935 2045; x_wconf 89' lang='lat' dir='ltr'><strong>solum</strong></span> <span class='ocrx_word' id='word_1_310' title='bbox 966 2004 1154 2044; x_wconf 78' lang='lat' dir='ltr'><strong>vertnn</strong></span> <span class='ocrx_word' id='word_1_311' title='bbox 1179 1989 1345 2044; x_wconf 89' lang='lat' dir='ltr'><strong>Deum</strong></span> <span class='ocrx_word' id='word_1_312' title='bbox 1368 2003 1488 2045; x_wconf 78' lang='lat' dir='ltr'><strong>esse</strong></span> <span class='ocrx_word' id='word_1_313' title='bbox 1513 2004 1528 2054; x_wconf 91' lang='lat'><strong>;</strong></span> <span class='ocrx_word' id='word_1_314' title='bbox 1564 1989 1637 2042; x_wconf 84' lang='lat' dir='ltr'><strong>ita</strong></span> <span class='ocrx_word' id='word_1_315' title='bbox 1657 2003 1780 2043; x_wconf 92' lang='lat' dir='ltr'><strong>cum</strong></span> <span class='ocrx_word' id='word_1_316' title='bbox 1812 1986 1950 2042; x_wconf 85' lang='lat' dir='ltr'><strong>dicit</strong></span> 
     </span>
    </p>
   </div>
   <div class='ocr_carea' id='block_1_37' title="bbox 362 2076 1950 2147">
    <p class='ocr_par' dir='ltr' id='par_1_37' title="bbox 362 2076 1950 2147">
     <span class='ocr_line' id='line_1_37' title="bbox 362 2076 1950 2147; baseline -0.001 -14"><span class='ocrx_word' id='word_1_317' title='bbox 362 2094 484 2133; x_wconf 87' lang='lat' dir='ltr'><strong>enm</strong></span> <span class='ocrx_word' id='word_1_318' title='bbox 511 2080 578 2134; x_wconf 87' lang='lat' dir='ltr'><strong>de</strong></span> <span class='ocrx_word' id='word_1_319' title='bbox 608 2078 773 2134; x_wconf 81' lang='lat' dir='ltr'><strong>Patre</strong></span> <span class='ocrx_word' id='word_1_320' title='bbox 795 2079 1091 2147; x_wconf 86' lang='lat' dir='ltr'><strong>procedere</strong></span> <span class='ocrx_word' id='word_1_321' title='bbox 1117 2076 1230 2143; x_wconf 76' lang='lat'><strong>“&quot;,</strong></span> <span class='ocrx_word' id='word_1_322' title='bbox 1257 2079 1462 2147; x_wconf 79' lang='lat' dir='ltr'><strong>absque</strong></span> <span class='ocrx_word' id='word_1_323' title='bbox 1485 2077 1650 2132; x_wconf 86' lang='lat' dir='ltr'><strong>dubio</strong></span> <span class='ocrx_word' id='word_1_324' title='bbox 1677 2076 1950 2147; x_wconf 76' lang='lat' dir='ltr'><strong>signiticet</strong></span> 
     </span>
    </p>
   </div>
   <div class='ocr_carea' id='block_1_38' title="bbox 362 2170 1113 2241">
    <p class='ocr_par' dir='ltr' id='par_1_38' title="bbox 362 2170 1113 2241">
     <span class='ocr_line' id='line_1_38' title="bbox 362 2170 1113 2241; baseline -0.001 -16"><span class='ocrx_word' id='word_1_325' title='bbox 362 2187 481 2229; x_wconf 87' lang='lat' dir='ltr'><strong>eum</strong></span> <span class='ocrx_word' id='word_1_326' title='bbox 507 2173 571 2226; x_wconf 83' lang='lat' dir='ltr'><strong>de</strong></span> <span class='ocrx_word' id='word_1_327' title='bbox 593 2185 652 2226; x_wconf 83' lang='lat' dir='ltr'><strong>se</strong></span> <span class='ocrx_word' id='word_1_328' title='bbox 679 2171 975 2241; x_wconf 84' lang='lat' dir='ltr'><strong>procedere</strong></span> <span class='ocrx_word' id='word_1_329' title='bbox 1003 2170 1113 2224; x_wconf 75' lang='grc'><strong>⁸⁸⁷⁸.</strong></span> 
     </span>
    </p>
   </div>
   <div class='ocr_carea' id='block_1_39' title="bbox 931 2280 1416 2338">
    <p class='ocr_par' dir='ltr' id='par_1_39' title="bbox 931 2280 1416 2338">
     <span class='ocr_line' id='line_1_39' title="bbox 931 2280 1416 2338; baseline 0 0"><span class='ocrx_word' id='word_1_330' title='bbox 931 2281 1160 2338; x_wconf 81' lang='lat' dir='ltr'><strong>CAPUT</strong></span> <span class='ocrx_word' id='word_1_331' title='bbox 1191 2283 1262 2338; x_wconf 79' lang='lat' dir='ltr'><strong>IX</strong></span> <span class='ocrx_word' id='word_1_332' title='bbox 1298 2280 1416 2329; x_wconf 75' lang='grc' dir='ltr'><strong>¹⁸⁷¹σ</strong></span> 
     </span>
    </p>
   </div>
   <div class='ocr_carea' id='block_1_40' title="bbox 364 2359 1944 2445">
    <p class='ocr_par' dir='ltr' id='par_1_40' title="bbox 364 2359 1944 2445">
     <span class='ocr_line' id='line_1_40' title="bbox 364 2359 1944 2445; baseline 0.003 -19"><span class='ocrx_word' id='word_1_333' title='bbox 364 2369 550 2428; x_wconf 79' lang='lat' dir='ltr'><strong>Missio</strong></span> <span class='ocrx_word' id='word_1_334' title='bbox 576 2359 808 2444; x_wconf 56' lang='lat' dir='ltr'><strong>Spiritus</strong></span> <span class='ocrx_word' id='word_1_335' title='bbox 834 2375 890 2428; x_wconf 88' lang='lat' dir='ltr'><strong>in</strong></span> <span class='ocrx_word' id='word_1_336' title='bbox 912 2376 1122 2428; x_wconf 89' lang='lat' dir='ltr'><strong>nomine</strong></span> <span class='ocrx_word' id='word_1_337' title='bbox 1156 2372 1284 2445; x_wconf 64' lang='lat' dir='ltr'><strong>Filii</strong></span> <span class='ocrx_word' id='word_1_338' title='bbox 1309 2386 1355 2428; x_wconf 90' lang='lat' dir='ltr'><strong>et</strong></span> <span class='ocrx_word' id='word_1_339' title='bbox 1384 2392 1437 2445; x_wconf 21' lang='lat' dir='ltr'><strong>ah</strong></span> <span class='ocrx_word' id='word_1_340' title='bbox 1475 2373 1616 2429; x_wconf 83' lang='lat' dir='ltr'><strong>Filio</strong></span> <span class='ocrx_word' id='word_1_341' title='bbox 1668 2377 1944 2444; x_wconf 82' lang='lat' dir='ltr'><strong>conﬁrmat</strong></span> 
     </span>
    </p>
   </div>
   <div class='ocr_carea' id='block_1_41' title="bbox 750 2444 1557 2515">
    <p class='ocr_par' dir='ltr' id='par_1_41' title="bbox 750 2444 1557 2515">
     <span class='ocr_line' id='line_1_41' title="bbox 750 2444 1557 2515; baseline 0.001 -18"><span class='ocrx_word' id='word_1_342' title='bbox 750 2447 1134 2515; x_wconf 84' lang='lat' dir='ltr'><strong>processionem</strong></span> <span class='ocrx_word' id='word_1_343' title='bbox 1161 2444 1275 2513; x_wconf 82' lang='lat' dir='ltr'><strong>ejus</strong></span> <span class='ocrx_word' id='word_1_344' title='bbox 1302 2446 1367 2497; x_wconf 82' lang='lat' dir='ltr'><strong>dc</strong></span> <span class='ocrx_word' id='word_1_345' title='bbox 1395 2444 1557 2499; x_wconf 77' lang='lat' dir='ltr'><strong>Filio.</strong></span> 
     </span>
    </p>
   </div>
   <div class='ocr_carea' id='block_1_42' title="bbox 437 2533 1948 2609">
    <p class='ocr_par' dir='ltr' id='par_1_42' title="bbox 437 2533 1948 2609">
     <span class='ocr_line' id='line_1_42' title="bbox 437 2533 1948 2609; baseline 0.002 -20"><span class='ocrx_word' id='word_1_346' title='bbox 437 2536 577 2591; x_wconf 89' lang='lat' dir='ltr'><strong>Dicit</strong></span> <span class='ocrx_word' id='word_1_347' title='bbox 598 2535 761 2590; x_wconf 84' lang='lat' dir='ltr'><strong>etiam</strong></span> <span class='ocrx_word' id='word_1_348' title='bbox 782 2536 1045 2589; x_wconf 89' lang='lat' dir='ltr'><strong>Dominus</strong></span> <span class='ocrx_word' id='word_1_349' title='bbox 1064 2552 1079 2588; x_wconf 90' lang='lat'><strong>:</strong></span> <span class='ocrx_word' id='word_1_350' title='bbox 1098 2533 1401 2591; x_wconf 79' lang='lat' dir='ltr'><strong>Pnraelitus</strong></span> <span class='ocrx_word' id='word_1_351' title='bbox 1414 2548 1588 2592; x_wconf 81' lang='lat' dir='ltr'><strong>autem</strong></span> <span class='ocrx_word' id='word_1_352' title='bbox 1610 2537 1839 2609; x_wconf 79' lang='lat' dir='ltr'><strong>Spiritus</strong></span> <span class='ocrx_word' id='word_1_353' title='bbox 1854 2539 1948 2571; x_wconf 79' lang='grc'><strong>¹⁵⁷⁸</strong></span> 
     </span>
    </p>
   </div>
   <div class='ocr_carea' id='block_1_43' title="bbox 363 2622 1946 2698">
    <p class='ocr_par' dir='ltr' id='par_1_43' title="bbox 363 2622 1946 2698">
     <span class='ocr_line' id='line_1_43' title="bbox 363 2622 1946 2698; baseline 0.001 -19"><span class='ocrx_word' id='word_1_354' title='bbox 363 2637 600 2689; x_wconf 79' lang='lat' dir='ltr'><strong>sanctus,</strong></span> <span class='ocrx_word' id='word_1_355' title='bbox 636 2641 788 2696; x_wconf 83' lang='lat' dir='ltr'><strong>quem</strong></span> <span class='ocrx_word' id='word_1_356' title='bbox 818 2626 982 2679; x_wconf 82' lang='lat' dir='ltr'><strong>mittet</strong></span> <span class='ocrx_word' id='word_1_357' title='bbox 1015 2622 1178 2679; x_wconf 77' lang='lat' dir='ltr'><strong>Pater</strong></span> <span class='ocrx_word' id='word_1_358' title='bbox 1203 2625 1257 2680; x_wconf 86' lang='lat' dir='ltr'><strong>in</strong></span> <span class='ocrx_word' id='word_1_359' title='bbox 1284 2628 1613 2682; x_wconf 84' lang='lat' dir='ltr'><strong>nominemeo</strong></span> <span class='ocrx_word' id='word_1_360' title='bbox 1637 2628 1815 2698; x_wconf 80' lang='lat' dir='ltr'><strong>(Joan.</strong></span> <span class='ocrx_word' id='word_1_361' title='bbox 1836 2645 1946 2695; x_wconf 78' lang='grc' dir='ltr'>ιιιν,</span> 
     </span>
    </p>
   </div>
   <div class='ocr_carea' id='block_1_44' title="bbox 364 2712 1946 2786">
    <p class='ocr_par' dir='ltr' id='par_1_44' title="bbox 364 2712 1946 2786">
     <span class='ocr_line' id='line_1_44' title="bbox 364 2712 1946 2786; baseline 0.004 -17"><span class='ocrx_word' id='word_1_362' title='bbox 364 2715 479 2784; x_wconf 70' lang='grc' dir='ltr'><strong>ΞΟ).</strong></span> <span class='ocrx_word' id='word_1_363' title='bbox 504 2715 572 2769; x_wconf 84' lang='grc' dir='ltr'>Ει</span> <span class='ocrx_word' id='word_1_364' title='bbox 602 2728 815 2768; x_wconf 84' lang='lat' dir='ltr'><strong>rursum</strong></span> <span class='ocrx_word' id='word_1_365' title='bbox 846 2731 861 2767; x_wconf 91' lang='lat'><strong>:</strong></span> <span class='ocrx_word' id='word_1_366' title='bbox 897 2712 1032 2767; x_wconf 84' lang='lat' dir='ltr'><strong>Cum</strong></span> <span class='ocrx_word' id='word_1_367' title='bbox 1059 2727 1234 2769; x_wconf 85' lang='lat' dir='ltr'><strong>autem</strong></span> <span class='ocrx_word' id='word_1_368' title='bbox 1259 2716 1353 2748; x_wconf 81' lang='grc'><strong>¹⁸⁷⁹</strong></span> <span class='ocrx_word' id='word_1_369' title='bbox 1381 2721 1570 2771; x_wconf 83' lang='lat' dir='ltr'><strong>venerit</strong></span> <span class='ocrx_word' id='word_1_370' title='bbox 1624 2717 1946 2786; x_wconf 78' lang='lat' dir='ltr'><strong>Paraclitus,</strong></span> 
     </span>
    </p>
   </div>
   <div class='ocr_carea' id='block_1_45' title="bbox 364 2805 1939 2879">
    <p class='ocr_par' dir='ltr' id='par_1_45' title="bbox 364 2805 1939 2879">
     <span class='ocr_line' id='line_1_45' title="bbox 364 2805 1939 2879; baseline 0.004 -21"><span class='ocrx_word' id='word_1_371' title='bbox 364 2821 515 2875; x_wconf 74' lang='lat' dir='ltr'><strong>quem</strong></span> <span class='ocrx_word' id='word_1_372' title='bbox 542 2820 634 2875; x_wconf 86' lang='lat' dir='ltr'><strong>ego</strong></span> <span class='ocrx_word' id='word_1_373' title='bbox 666 2806 871 2858; x_wconf 81' lang='lat' dir='ltr'><strong>mittam</strong></span> <span class='ocrx_word' id='word_1_374' title='bbox 901 2806 1041 2859; x_wconf 82' lang='lat' dir='ltr'><strong>vobis</strong></span> <span class='ocrx_word' id='word_1_375' title='bbox 1070 2823 1101 2859; x_wconf 80' lang='grc' dir='ltr'><em>α</em></span> <span class='ocrx_word' id='word_1_376' title='bbox 1139 2805 1295 2860; x_wconf 82' lang='lat' dir='ltr'><strong>Patre</strong></span> <span class='ocrx_word' id='word_1_377' title='bbox 1317 2805 1501 2877; x_wconf 76' lang='lat' dir='ltr'><strong>(latin.</strong></span> <span class='ocrx_word' id='word_1_378' title='bbox 1537 2823 1625 2872; x_wconf 80' lang='lat' dir='ltr'><strong>xv,</strong></span> <span class='ocrx_word' id='word_1_379' title='bbox 1654 2809 1770 2879; x_wconf 72' lang='lat'><strong>26).</strong></span> <span class='ocrx_word' id='word_1_380' title='bbox 1794 2808 1939 2875; x_wconf 77' lang='lat' dir='ltr'><strong>Quid</strong></span> 
     </span>
    </p>
   </div>
   <div class='ocr_carea' id='block_1_46' title="bbox 368 2896 1949 2966">
    <p class='ocr_par' dir='ltr' id='par_1_46' title="bbox 368 2896 1949 2966">
     <span class='ocr_line' id='line_1_46' title="bbox 368 2896 1949 2966; baseline 0.004 -17"><span class='ocrx_word' id='word_1_381' title='bbox 368 2911 497 2966; x_wconf 80' lang='lat' dir='ltr'><strong>ergo</strong></span> <span class='ocrx_word' id='word_1_382' title='bbox 522 2896 928 2966; x_wconf 84' lang='lat' dir='ltr'><strong>intelligendum</strong></span> <span class='ocrx_word' id='word_1_383' title='bbox 961 2905 1062 2961; x_wconf 90' lang='lat' dir='ltr'><strong>est,</strong></span> <span class='ocrx_word' id='word_1_384' title='bbox 1101 2912 1223 2953; x_wconf 92' lang='lat' dir='ltr'><strong>cum</strong></span> <span class='ocrx_word' id='word_1_385' title='bbox 1255 2897 1383 2954; x_wconf 91' lang='lat' dir='ltr'><strong>dicit</strong></span> <span class='ocrx_word' id='word_1_386' title='bbox 1411 2915 1427 2953; x_wconf 89' lang='lat'><strong>:</strong></span> <span class='ocrx_word' id='word_1_387' title='bbox 1457 2899 1623 2965; x_wconf 82' lang='lat' dir='ltr'><strong>Quem</strong></span> <span class='ocrx_word' id='word_1_388' title='bbox 1641 2902 1803 2955; x_wconf 85' lang='lat' dir='ltr'><strong>mittet</strong></span> <span class='ocrx_word' id='word_1_389' title='bbox 1839 2899 1949 2955; x_wconf 84' lang='lat' dir='ltr'><strong>Pa-</strong></span> 
     </span>
    </p>
   </div>
   <div class='ocr_carea' id='block_1_47' title="bbox 367 2987 1949 3060">
    <p class='ocr_par' dir='ltr' id='par_1_47' title="bbox 367 2987 1949 3060">
     <span class='ocr_line' id='line_1_47' title="bbox 367 2987 1949 3060; baseline 0.005 -20"><span class='ocrx_word' id='word_1_390' title='bbox 367 2999 446 3040; x_wconf 88' lang='lat' dir='ltr'><strong>ter</strong></span> <span class='ocrx_word' id='word_1_391' title='bbox 467 2987 519 3041; x_wconf 87' lang='lat' dir='ltr'><strong>in</strong></span> <span class='ocrx_word' id='word_1_392' title='bbox 552 2989 763 3042; x_wconf 85' lang='lat' dir='ltr'><strong>nomine</strong></span> <span class='ocrx_word' id='word_1_393' title='bbox 776 2989 928 3042; x_wconf 84' lang='lat' dir='ltr'><strong>meo?</strong></span> <span class='ocrx_word' id='word_1_394' title='bbox 955 3005 1022 3044; x_wconf 90' lang='lat' dir='ltr'><strong>an</strong></span> <span class='ocrx_word' id='word_1_395' title='bbox 1059 2990 1184 3060; x_wconf 90' lang='lat' dir='ltr'><strong>quia</strong></span> <span class='ocrx_word' id='word_1_396' title='bbox 1208 2989 1445 3060; x_wconf 83' lang='lat' dir='ltr'><strong>Spiritus</strong></span> <span class='ocrx_word' id='word_1_397' title='bbox 1477 3002 1699 3048; x_wconf 81' lang='lat' dir='ltr'><strong>sanctus</strong></span> <span class='ocrx_word' id='word_1_398' title='bbox 1728 2993 1949 3048; x_wconf 81' lang='lat' dir='ltr'><strong>habebit</strong></span> 
     </span>
    </p>
   </div>
   <div class='ocr_carea' id='block_1_48' title="bbox 373 3051 2022 3151">
    <p class='ocr_par' dir='ltr' id='par_1_48' title="bbox 373 3051 2022 3151">
     <span class='ocr_line' id='line_1_48' title="bbox 373 3051 2022 3151; baseline 0.003 -20"><span class='ocrx_word' id='word_1_399' title='bbox 373 3092 569 3132; x_wconf 88' lang='lat' dir='ltr'><strong>nomen</strong></span> <span class='ocrx_word' id='word_1_400' title='bbox 594 3078 735 3150; x_wconf 68' lang='lat' dir='ltr'><strong>eius,</strong></span> <span class='ocrx_word' id='word_1_401' title='bbox 759 3088 840 3142; x_wconf 91' lang='lat' dir='ltr'><strong>ut,</strong></span> <span class='ocrx_word' id='word_1_402' title='bbox 869 3092 992 3134; x_wconf 91' lang='lat' dir='ltr'><strong>cum</strong></span> <span class='ocrx_word' id='word_1_403' title='bbox 1025 3082 1202 3136; x_wconf 81' lang='lat' dir='ltr'><strong>mittet</strong></span> <span class='ocrx_word' id='word_1_404' title='bbox 1232 3081 1326 3113; x_wconf 74' lang='lat'><strong>‘”°</strong></span> <span class='ocrx_word' id='word_1_405' title='bbox 1355 3081 1517 3136; x_wconf 86' lang='lat' dir='ltr'><strong>Pater</strong></span> <span class='ocrx_word' id='word_1_406' title='bbox 1537 3081 1796 3151; x_wconf 86' lang='lat' dir='ltr'><strong>Spiritum</strong></span> <span class='ocrx_word' id='word_1_407' title='bbox 1817 3097 1945 3137; x_wconf 87' lang='lat' dir='ltr'><strong>sau-</strong></span> <span class='ocrx_word' id='word_1_408' title='bbox 1974 3051 2022 3114; x_wconf 67' lang='grc' dir='ltr'>Ο</span> 
     </span>
    </p>
   </div>
   <div class='ocr_carea' id='block_1_49' title="bbox 358 3170 1946 3244">
    <p class='ocr_par' dir='ltr' id='par_1_49' title="bbox 358 3170 1946 3244">
     <span class='ocr_line' id='line_1_49' title="bbox 358 3170 1946 3244; baseline -0.001 -17"><span class='ocrx_word' id='word_1_409' title='bbox 358 3170 682 3241; x_wconf 84' lang='lat' dir='ltr'><strong>ctum,idem</strong></span> <span class='ocrx_word' id='word_1_410' title='bbox 718 3170 786 3235; x_wconf 73' lang='lat' dir='ltr'><strong>sit</strong></span> <span class='ocrx_word' id='word_1_411' title='bbox 814 3171 959 3240; x_wconf 88' lang='lat' dir='ltr'><strong>quod</strong></span> <span class='ocrx_word' id='word_1_412' title='bbox 988 3171 1204 3226; x_wconf 88' lang='lat' dir='ltr'><strong>mittere</strong></span> <span class='ocrx_word' id='word_1_413' title='bbox 1231 3170 1424 3226; x_wconf 88' lang='lat' dir='ltr'><strong>Filium</strong></span> <span class='ocrx_word' id='word_1_414' title='bbox 1443 3172 1469 3225; x_wconf 69' lang='lat'><strong>7</strong></span> <span class='ocrx_word' id='word_1_415' title='bbox 1493 3173 1599 3227; x_wconf 88' lang='lat' dir='ltr'><strong>Sed</strong></span> <span class='ocrx_word' id='word_1_416' title='bbox 1622 3174 1767 3244; x_wconf 88' lang='lat' dir='ltr'><strong>quod</strong></span> <span class='ocrx_word' id='word_1_417' title='bbox 1820 3174 1896 3228; x_wconf 89' lang='lat' dir='ltr'><strong>ait</strong></span> <span class='ocrx_word' id='word_1_418' title='bbox 1932 3190 1946 3225; x_wconf 89' lang='lat'><strong>:</strong></span> 
     </span>
    </p>
   </div>
   <div class='ocr_carea' id='block_1_50' title="bbox 368 3260 1955 3336">
    <p class='ocr_par' dir='ltr' id='par_1_50' title="bbox 368 3260 1955 3336">
     <span class='ocr_line' id='line_1_50' title="bbox 368 3260 1955 3336; baseline 0.005 -24"><span class='ocrx_word' id='word_1_419' title='bbox 368 3262 535 3325; x_wconf 83' lang='lat' dir='ltr'><strong>Quem</strong></span> <span class='ocrx_word' id='word_1_420' title='bbox 590 3277 684 3331; x_wconf 84' lang='lat' dir='ltr'><strong>ego</strong></span> <span class='ocrx_word' id='word_1_421' title='bbox 728 3262 932 3315; x_wconf 84' lang='lat' dir='ltr'><strong>mittam</strong></span> <span class='ocrx_word' id='word_1_422' title='bbox 983 3261 1123 3316; x_wconf 77' lang='lat' dir='ltr'><strong>vobis</strong></span> <span class='ocrx_word' id='word_1_423' title='bbox 1156 3279 1189 3316; x_wconf 86' lang='grc' dir='ltr'><em>α</em></span> <span class='ocrx_word' id='word_1_424' title='bbox 1234 3260 1395 3316; x_wconf 85' lang='lat' dir='ltr'><strong>Patre</strong></span> <span class='ocrx_word' id='word_1_425' title='bbox 1438 3264 1527 3296; x_wconf 75' lang='grc'><strong>¹³⁸¹</strong></span> <span class='ocrx_word' id='word_1_426' title='bbox 1606 3280 1713 3320; x_wconf 92' lang='lat' dir='ltr'><strong>non</strong></span> <span class='ocrx_word' id='word_1_427' title='bbox 1762 3266 1955 3336; x_wconf 88' lang='lat' dir='ltr'><strong>recipit</strong></span> 
     </span>
    </p>
   </div>
   <div class='ocr_carea' id='block_1_51' title="bbox 371 3347 1955 3419">
    <p class='ocr_par' dir='ltr' id='par_1_51' title="bbox 371 3347 1955 3419">
     <span class='ocr_line' id='line_1_51' title="bbox 371 3347 1955 3419; baseline 0.003 -21"><span class='ocrx_word' id='word_1_428' title='bbox 371 3347 514 3411; x_wconf 70' lang='lat' dir='ltr'><strong>hunc</strong></span> <span class='ocrx_word' id='word_1_429' title='bbox 533 3360 755 3399; x_wconf 82' lang='lat' dir='ltr'><strong>sensum</strong></span> <span class='ocrx_word' id='word_1_430' title='bbox 787 3347 954 3416; x_wconf 87' lang='lat' dir='ltr'><strong>;quia</strong></span> <span class='ocrx_word' id='word_1_431' title='bbox 994 3347 1242 3402; x_wconf 84' lang='lat' dir='ltr'><strong>eumdem</strong></span> <span class='ocrx_word' id='word_1_432' title='bbox 1298 3348 1472 3419; x_wconf 87' lang='lat' dir='ltr'><strong>ipsum</strong></span> <span class='ocrx_word' id='word_1_433' title='bbox 1520 3348 1781 3418; x_wconf 81' lang='lat' dir='ltr'><strong>Spiritum</strong></span> <span class='ocrx_word' id='word_1_434' title='bbox 1828 3365 1955 3404; x_wconf 87' lang='lat' dir='ltr'><strong>san-</strong></span> 
     </span>
    </p>
   </div>
   <div class='ocr_carea' id='block_1_52' title="bbox 366 3436 1952 3509">
    <p class='ocr_par' dir='ltr' id='par_1_52' title="bbox 366 3436 1952 3509">
     <span class='ocr_line' id='line_1_52' title="bbox 366 3436 1952 3509; baseline 0.006 -23"><span class='ocrx_word' id='word_1_435' title='bbox 366 3444 538 3500; x_wconf 83' lang='lat' dir='ltr'><strong>ctum,</strong></span> <span class='ocrx_word' id='word_1_436' title='bbox 567 3448 728 3506; x_wconf 83' lang='lat' dir='ltr'><strong>quem</strong></span> <span class='ocrx_word' id='word_1_437' title='bbox 753 3437 919 3490; x_wconf 88' lang='lat' dir='ltr'><strong>mittit</strong></span> <span class='ocrx_word' id='word_1_438' title='bbox 944 3436 1126 3502; x_wconf 86' lang='lat' dir='ltr'><strong>Pater,</strong></span> <span class='ocrx_word' id='word_1_439' title='bbox 1157 3438 1324 3493; x_wconf 88' lang='lat' dir='ltr'><strong>mittit</strong></span> <span class='ocrx_word' id='word_1_440' title='bbox 1354 3448 1409 3492; x_wconf 88' lang='lat' dir='ltr'><strong>ct</strong></span> <span class='ocrx_word' id='word_1_441' title='bbox 1434 3439 1636 3504; x_wconf 84' lang='lat' dir='ltr'><strong>Filius;</strong></span> <span class='ocrx_word' id='word_1_442' title='bbox 1668 3454 1841 3509; x_wconf 86' lang='lat' dir='ltr'><strong>neque</strong></span> <span class='ocrx_word' id='word_1_443' title='bbox 1861 3441 1952 3473; x_wconf 70' lang='lat' dir='ltr'><strong>m’</strong></span> 
     </span>
    </p>
   </div>
   <div class='ocr_carea' id='block_1_53' title="bbox 369 3525 1955 3602">
    <p class='ocr_par' dir='ltr' id='par_1_53' title="bbox 369 3525 1955 3602">
     <span class='ocr_line' id='line_1_53' title="bbox 369 3525 1955 3602; baseline 0.004 -23"><span class='ocrx_word' id='word_1_444' title='bbox 369 3526 535 3579; x_wconf 88' lang='lat' dir='ltr'><strong>mittit</strong></span> <span class='ocrx_word' id='word_1_445' title='bbox 562 3525 732 3581; x_wconf 82' lang='lat' dir='ltr'><strong>Filius</strong></span> <span class='ocrx_word' id='word_1_446' title='bbox 762 3526 979 3581; x_wconf 88' lang='lat' dir='ltr'><strong>Filium.</strong></span> <span class='ocrx_word' id='word_1_447' title='bbox 1016 3527 1257 3598; x_wconf 86' lang='lat' dir='ltr'><strong>Denique</strong></span> <span class='ocrx_word' id='word_1_448' title='bbox 1307 3543 1568 3602; x_wconf 82' lang='lat' dir='ltr'><strong>nusquam</strong></span> <span class='ocrx_word' id='word_1_449' title='bbox 1595 3528 1839 3599; x_wconf 82' lang='lat' dir='ltr'><strong>legimus,</strong></span> <span class='ocrx_word' id='word_1_450' title='bbox 1899 3542 1955 3585; x_wconf 91' lang='lat' dir='ltr'><strong>et</strong></span> 
     </span>
    </p>
   </div>
   <div class='ocr_carea' id='block_1_54' title="bbox 369 3616 1951 3687">
    <p class='ocr_par' dir='ltr' id='par_1_54' title="bbox 369 3616 1951 3687">
     <span class='ocr_line' id='line_1_54' title="bbox 369 3616 1951 3687; baseline 0.005 -19"><span class='ocrx_word' id='word_1_451' title='bbox 369 3616 594 3670; x_wconf 86' lang='lat' dir='ltr'><strong>omnino</strong></span> <span class='ocrx_word' id='word_1_452' title='bbox 642 3630 907 3686; x_wconf 81' lang='lat' dir='ltr'><strong>negamus</strong></span> <span class='ocrx_word' id='word_1_453' title='bbox 947 3616 1208 3687; x_wconf 89' lang='lat' dir='ltr'><strong>Spiritum</strong></span> <span class='ocrx_word' id='word_1_454' title='bbox 1262 3627 1511 3683; x_wconf 76' lang='lat' dir='ltr'><strong>sanctum</strong></span> <span class='ocrx_word' id='word_1_455' title='bbox 1563 3633 1684 3674; x_wconf 87' lang='lat' dir='ltr'><strong>esse</strong></span> <span class='ocrx_word' id='word_1_456' title='bbox 1737 3619 1951 3676; x_wconf 83' lang='lat' dir='ltr'><strong>Filium.</strong></span> 
     </span>
    </p>
   </div>
   <div class='ocr_carea' id='block_1_55' title="bbox 369 3705 1949 3775">
    <p class='ocr_par' dir='ltr' id='par_1_55' title="bbox 369 3705 1949 3775">
     <span class='ocr_line' id='line_1_55' title="bbox 369 3705 1949 3775; baseline 0.006 -19"><span class='ocrx_word' id='word_1_457' title='bbox 369 3705 506 3772; x_wconf 80' lang='lat' dir='ltr'><strong>Quid</strong></span> <span class='ocrx_word' id='word_1_458' title='bbox 536 3705 718 3774; x_wconf 82' lang='lat' dir='ltr'><strong>itaque</strong></span> <span class='ocrx_word' id='word_1_459' title='bbox 740 3715 824 3759; x_wconf 88' lang='lat' dir='ltr'><strong>est</strong></span> <span class='ocrx_word' id='word_1_460' title='bbox 851 3719 866 3757; x_wconf 92' lang='lat'><strong>:</strong></span> <span class='ocrx_word' id='word_1_461' title='bbox 901 3706 1067 3770; x_wconf 77' lang='lat' dir='ltr'><strong>Quem</strong></span> <span class='ocrx_word' id='word_1_462' title='bbox 1103 3706 1267 3759; x_wconf 86' lang='lat' dir='ltr'><strong>mittet</strong></span> <span class='ocrx_word' id='word_1_463' title='bbox 1293 3705 1456 3759; x_wconf 83' lang='lat' dir='ltr'><strong>Pater</strong></span> <span class='ocrx_word' id='word_1_464' title='bbox 1486 3708 1541 3760; x_wconf 87' lang='lat' dir='ltr'><strong>in</strong></span> <span class='ocrx_word' id='word_1_465' title='bbox 1558 3710 1765 3763; x_wconf 84' lang='lat' dir='ltr'><strong>nomine</strong></span> <span class='ocrx_word' id='word_1_466' title='bbox 1802 3727 1916 3764; x_wconf 91' lang='lat' dir='ltr'><strong>meo</strong></span> <span class='ocrx_word' id='word_1_467' title='bbox 1935 3752 1949 3775; x_wconf 93' lang='lat'><strong>,</strong></span> 
     </span>
    </p>
   </div>
   <div class='ocr_carea' id='block_1_56' title="bbox 370 3795 1955 3868">
    <p class='ocr_par' dir='ltr' id='par_1_56' title="bbox 370 3795 1955 3868">
     <span class='ocr_line' id='line_1_56' title="bbox 370 3795 1955 3868; baseline 0.006 -19"><span class='ocrx_word' id='word_1_468' title='bbox 370 3796 494 3859; x_wconf 80' lang='lat' dir='ltr'><strong>nisi,</strong></span> <span class='ocrx_word' id='word_1_469' title='bbox 530 3811 692 3864; x_wconf 89' lang='lat' dir='ltr'><strong>quem</strong></span> <span class='ocrx_word' id='word_1_470' title='bbox 718 3795 881 3850; x_wconf 84' lang='lat' dir='ltr'><strong>Pater</strong></span> <span class='ocrx_word' id='word_1_471' title='bbox 904 3796 1104 3864; x_wconf 87' lang='lat' dir='ltr'><strong>mittet,</strong></span> <span class='ocrx_word' id='word_1_472' title='bbox 1131 3796 1300 3853; x_wconf 82' lang='lat' dir='ltr'><strong>Filius</strong></span> <span class='ocrx_word' id='word_1_473' title='bbox 1319 3812 1536 3868; x_wconf 89' lang='lat' dir='ltr'><strong>quoque</strong></span> <span class='ocrx_word' id='word_1_474' title='bbox 1560 3801 1773 3856; x_wconf 81' lang='lat' dir='ltr'><strong>mittet?</strong></span> <span class='ocrx_word' id='word_1_475' title='bbox 1803 3803 1955 3859; x_wconf 87' lang='lat' dir='ltr'><strong>Sicut</strong></span> 
     </span>
    </p>
   </div>
   <div class='ocr_carea' id='block_1_57' title="bbox 368 3888 1953 3959">
    <p class='ocr_par' dir='ltr' id='par_1_57' title="bbox 368 3888 1953 3959">
     <span class='ocr_line' id='line_1_57' title="bbox 368 3888 1953 3959; baseline 0.005 -17"><span class='ocrx_word' id='word_1_476' title='bbox 368 3902 493 3942; x_wconf 87' lang='lat' dir='ltr'><strong>cum</strong></span> <span class='ocrx_word' id='word_1_477' title='bbox 536 3888 670 3943; x_wconf 89' lang='lat' dir='ltr'><strong>dicit</strong></span> <span class='ocrx_word' id='word_1_478' title='bbox 700 3906 716 3940; x_wconf 92' lang='lat'><strong><em>:</em></strong></span> <span class='ocrx_word' id='word_1_479' title='bbox 748 3888 915 3954; x_wconf 84' lang='lat' dir='ltr'><strong>Quem</strong></span> <span class='ocrx_word' id='word_1_480' title='bbox 948 3904 1042 3959; x_wconf 82' lang='lat' dir='ltr'><strong>ego</strong></span> <span class='ocrx_word' id='word_1_481' title='bbox 1063 3891 1269 3943; x_wconf 82' lang='lat' dir='ltr'><strong>mittam</strong></span> <span class='ocrx_word' id='word_1_482' title='bbox 1301 3908 1333 3944; x_wconf 90' lang='lat' dir='ltr'><strong>a</strong></span> <span class='ocrx_word' id='word_1_483' title='bbox 1360 3889 1544 3956; x_wconf 86' lang='lat' dir='ltr'><strong>Patre,</strong></span> <span class='ocrx_word' id='word_1_484' title='bbox 1577 3908 1683 3947; x_wconf 91' lang='lat' dir='ltr'><strong>non</strong></span> <span class='ocrx_word' id='word_1_485' title='bbox 1714 3893 1953 3952; x_wconf 83' lang='lat' dir='ltr'><strong>estaliud</strong></span> 
     </span>
    </p>
   </div>
   <div class='ocr_carea' id='block_1_58' title="bbox 369 3980 1950 4053">
    <p class='ocr_par' dir='ltr' id='par_1_58' title="bbox 369 3980 1950 4053">
     <span class='ocr_line' id='line_1_58' title="bbox 369 3980 1950 4053; baseline 0.006 -21"><span class='ocrx_word' id='word_1_486' title='bbox 369 3994 531 4049; x_wconf 86' lang='lat' dir='ltr'><strong>quant</strong></span> <span class='ocrx_word' id='word_1_487' title='bbox 555 3995 655 4050; x_wconf 81' lang='lat' dir='ltr'><strong>ego</strong></span> <span class='ocrx_word' id='word_1_488' title='bbox 683 3980 896 4035; x_wconf 85' lang='lat' dir='ltr'><strong>mittam</strong></span> <span class='ocrx_word' id='word_1_489' title='bbox 927 3990 983 4034; x_wconf 86' lang='lat' dir='ltr'><strong>et</strong></span> <span class='ocrx_word' id='word_1_490' title='bbox 1008 3981 1186 4037; x_wconf 78' lang='lat' dir='ltr'><strong>Pater.</strong></span> <span class='ocrx_word' id='word_1_491' title='bbox 1216 3981 1383 4037; x_wconf 82' lang='lat' dir='ltr'><strong>Filius</strong></span> <span class='ocrx_word' id='word_1_492' title='bbox 1400 3999 1633 4053; x_wconf 82' lang='lat' dir='ltr'><strong>namque</strong></span> <span class='ocrx_word' id='word_1_493' title='bbox 1658 3996 1950 4041; x_wconf 85' lang='lat' dir='ltr'><strong>estnomen</strong></span> 
     </span>
    </p>
   </div>
   <div class='ocr_carea' id='block_1_59' title="bbox 372 4073 1951 4150">
    <p class='ocr_par' dir='ltr' id='par_1_59' title="bbox 372 4073 1951 4150">
     <span class='ocr_line' id='line_1_59' title="bbox 372 4073 1951 4150; baseline 0.001 -24"><span class='ocrx_word' id='word_1_494' title='bbox 372 4073 514 4129; x_wconf 91' lang='lat' dir='ltr'><strong>illius</strong></span> <span class='ocrx_word' id='word_1_495' title='bbox 549 4074 641 4144; x_wconf 82' lang='lat' dir='ltr'><strong>qui</strong></span> <span class='ocrx_word' id='word_1_496' title='bbox 671 4074 884 4130; x_wconf 82' lang='lat' dir='ltr'><strong>dicebat</strong></span> <span class='ocrx_word' id='word_1_497' title='bbox 917 4091 930 4125; x_wconf 79' lang='grc' dir='ltr'><strong><em>τ</em></strong></span> <span class='ocrx_word' id='word_1_498' title='bbox 964 4073 1134 4128; x_wconf 73' lang='lat' dir='ltr'><strong>Mittet</strong></span> <span class='ocrx_word' id='word_1_499' title='bbox 1170 4073 1336 4128; x_wconf 79' lang='lat' dir='ltr'><strong>Pater</strong></span> <span class='ocrx_word' id='word_1_500' title='bbox 1364 4077 1418 4130; x_wconf 83' lang='lat' dir='ltr'><strong>in</strong></span> <span class='ocrx_word' id='word_1_501' title='bbox 1455 4078 1661 4131; x_wconf 80' lang='lat' dir='ltr'><strong>nomine</strong></span> <span class='ocrx_word' id='word_1_502' title='bbox 1692 4077 1951 4150; x_wconf 60' lang='grc' dir='ltr'><strong>ιιιιιοδάΙ</strong></span> 
     </span>
    </p>
   </div>
   <div class='ocr_carea' id='block_1_60' title="bbox 369 4163 1952 4233">
    <p class='ocr_par' dir='ltr' id='par_1_60' title="bbox 369 4163 1952 4233">
     <span class='ocr_line' id='line_1_60' title="bbox 369 4163 1952 4233; baseline 0.003 -15"><span class='ocrx_word' id='word_1_503' title='bbox 369 4165 484 4219; x_wconf 74' lang='lat' dir='ltr'><strong>Non</strong></span> <span class='ocrx_word' id='word_1_504' title='bbox 515 4175 600 4219; x_wconf 88' lang='lat' dir='ltr'><strong>est</strong></span> <span class='ocrx_word' id='word_1_505' title='bbox 627 4180 757 4233; x_wconf 84' lang='lat' dir='ltr'><strong>ergo</strong></span> <span class='ocrx_word' id='word_1_506' title='bbox 783 4165 974 4218; x_wconf 82' lang='lat' dir='ltr'><strong>aliud:</strong></span> <span class='ocrx_word' id='word_1_507' title='bbox 1023 4163 1196 4218; x_wconf 79' lang='lat' dir='ltr'><strong>Mtttet</strong></span> <span class='ocrx_word' id='word_1_508' title='bbox 1255 4164 1415 4220; x_wconf 86' lang='lat' dir='ltr'><strong>Pater</strong></span> <span class='ocrx_word' id='word_1_509' title='bbox 1455 4167 1509 4219; x_wconf 89' lang='lat' dir='ltr'><strong>in</strong></span> <span class='ocrx_word' id='word_1_510' title='bbox 1555 4168 1764 4222; x_wconf 85' lang='lat' dir='ltr'><strong>nomine</strong></span> <span class='ocrx_word' id='word_1_511' title='bbox 1815 4182 1952 4231; x_wconf 84' lang='lat' dir='ltr'><strong>mea,</strong></span> 
     </span>
    </p>
   </div>
   <div class='ocr_carea' id='block_1_61' title="bbox 369 4254 1997 4328">
    <p class='ocr_par' dir='ltr' id='par_1_61' title="bbox 369 4254 1997 4328">
     <span class='ocr_line' id='line_1_61' title="bbox 369 4254 1997 4328; baseline 0.002 -19"><span class='ocrx_word' id='word_1_512' title='bbox 369 4256 497 4319; x_wconf 80' lang='lat' dir='ltr'><strong>nisl,</strong></span> <span class='ocrx_word' id='word_1_513' title='bbox 532 4258 697 4309; x_wconf 86' lang='lat' dir='ltr'><strong>mittet</strong></span> <span class='ocrx_word' id='word_1_514' title='bbox 759 4254 922 4309; x_wconf 86' lang='lat' dir='ltr'><strong>Pater</strong></span> <span class='ocrx_word' id='word_1_515' title='bbox 947 4256 1002 4307; x_wconf 89' lang='lat' dir='ltr'><strong>in</strong></span> <span class='ocrx_word' id='word_1_516' title='bbox 1042 4255 1250 4309; x_wconf 80' lang='lat' dir='ltr'><strong>nomine</strong></span> <span class='ocrx_word' id='word_1_517' title='bbox 1287 4254 1577 4324; x_wconf 72' lang='lat' dir='ltr'><strong>Filii.Quid</strong></span> <span class='ocrx_word' id='word_1_518' title='bbox 1629 4258 1795 4328; x_wconf 84' lang='lat' dir='ltr'><strong>igitur</strong></span> <span class='ocrx_word' id='word_1_519' title='bbox 1844 4268 1951 4325; x_wconf 84' lang='lat' dir='ltr'><strong>est,</strong></span> <span class='ocrx_word' id='word_1_520' title='bbox 1986 4262 1997 4267; x_wconf 88' lang='grc'><strong>’</strong></span> 
     </span>
    </p>
   </div>
   <div class='ocr_carea' id='block_1_62' title="bbox 367 4345 1944 4416">
    <p class='ocr_par' dir='ltr' id='par_1_62' title="bbox 367 4345 1944 4416">
     <span class='ocr_line' id='line_1_62' title="bbox 367 4345 1944 4416; baseline 0.002 -15"><span class='ocrx_word' id='word_1_521' title='bbox 367 4348 531 4401; x_wconf 84' lang='lat' dir='ltr'><strong>mittet</strong></span> <span class='ocrx_word' id='word_1_522' title='bbox 581 4345 747 4401; x_wconf 82' lang='lat' dir='ltr'><strong>Pater</strong></span> <span class='ocrx_word' id='word_1_523' title='bbox 792 4347 848 4401; x_wconf 88' lang='lat' dir='ltr'><strong>in</strong></span> <span class='ocrx_word' id='word_1_524' title='bbox 903 4348 1109 4401; x_wconf 88' lang='lat' dir='ltr'><strong>nomine</strong></span> <span class='ocrx_word' id='word_1_525' title='bbox 1150 4346 1305 4414; x_wconf 80' lang='lat' dir='ltr'><strong>Filii,</strong></span> <span class='ocrx_word' id='word_1_526' title='bbox 1366 4348 1491 4412; x_wconf 92' lang='lat' dir='ltr'><strong>nisi,</strong></span> <span class='ocrx_word' id='word_1_527' title='bbox 1540 4351 1706 4404; x_wconf 86' lang='lat' dir='ltr'><strong>mittet</strong></span> <span class='ocrx_word' id='word_1_528' title='bbox 1762 4349 1944 4416; x_wconf 79' lang='lat' dir='ltr'><strong>Pater,</strong></span> 
     </span>
    </p>
   </div>
   <div class='ocr_carea' id='block_1_63' title="bbox 371 4436 1946 4509">
    <p class='ocr_par' dir='ltr' id='par_1_63' title="bbox 371 4436 1946 4509">
     <span class='ocr_line' id='line_1_63' title="bbox 371 4436 1946 4509; baseline 0.004 -17"><span class='ocrx_word' id='word_1_529' title='bbox 371 4447 627 4509; x_wconf 89' lang='lat' dir='ltr'><strong>tanquam</strong></span> <span class='ocrx_word' id='word_1_530' title='bbox 661 4438 705 4493; x_wconf 88' lang='lat' dir='ltr'><strong>si</strong></span> <span class='ocrx_word' id='word_1_531' title='bbox 759 4438 940 4493; x_wconf 89' lang='lat' dir='ltr'><strong>mittat</strong></span> <span class='ocrx_word' id='word_1_532' title='bbox 985 4436 1153 4493; x_wconf 83' lang='lat' dir='ltr'><strong>Filius</strong></span> <span class='ocrx_word' id='word_1_533' title='bbox 1179 4480 1193 4503; x_wconf 98' lang='lat'><strong>,</strong></span> <span class='ocrx_word' id='word_1_534' title='bbox 1224 4450 1280 4493; x_wconf 92' lang='lat' dir='ltr'><strong>ut</strong></span> <span class='ocrx_word' id='word_1_535' title='bbox 1351 4439 1403 4493; x_wconf 90' lang='lat' dir='ltr'><strong>in</strong></span> <span class='ocrx_word' id='word_1_536' title='bbox 1436 4440 1694 4497; x_wconf 87' lang='lat' dir='ltr'><strong>missione</strong></span> <span class='ocrx_word' id='word_1_537' title='bbox 1747 4441 1946 4509; x_wconf 84' lang='lat' dir='ltr'><strong>Patris,</strong></span> 
     </span>
    </p>
   </div>
   <div class='ocr_carea' id='block_1_64' title="bbox 2051 1801 3639 1875">
    <p class='ocr_par' dir='ltr' id='par_1_64' title="bbox 2051 1801 3639 1875">
     <span class='ocr_line' id='line_1_64' title="bbox 2051 1801 3639 1875; baseline 0.005 -22"><span class='ocrx_word' id='word_1_538' title='bbox 2051 1801 2340 1857; x_wconf 88' lang='lat' dir='ltr'><strong>ostendere</strong></span> <span class='ocrx_word' id='word_1_539' title='bbox 2359 1803 2630 1871; x_wconf 87' lang='lat' dir='ltr'><strong>quomodo</strong></span> <span class='ocrx_word' id='word_1_540' title='bbox 2670 1817 2774 1857; x_wconf 92' lang='lat' dir='ltr'><strong>non</strong></span> <span class='ocrx_word' id='word_1_541' title='bbox 2804 1806 3059 1872; x_wconf 81' lang='lat' dir='ltr'><strong>procedat</strong></span> <span class='ocrx_word' id='word_1_542' title='bbox 3086 1805 3155 1858; x_wconf 88' lang='lat' dir='ltr'><strong>ab</strong></span> <span class='ocrx_word' id='word_1_543' title='bbox 3185 1814 3434 1875; x_wconf 90' lang='lat' dir='ltr'><strong>utroque.</strong></span> <span class='ocrx_word' id='word_1_544' title='bbox 3484 1806 3639 1863; x_wconf 86' lang='lat' dir='ltr'><strong>Unde</strong></span> 
     </span>
    </p>
   </div>
   <div class='ocr_carea' id='block_1_65' title="bbox 2052 1890 3636 1953">
    <p class='ocr_par' dir='ltr' id='par_1_65' title="bbox 2052 1890 3636 1953">
     <span class='ocr_line' id='line_1_65' title="bbox 2052 1890 3636 1953; baseline 0.006 -9"><span class='ocrx_word' id='word_1_545' title='bbox 2052 1891 2196 1945; x_wconf 89' lang='lat' dir='ltr'><strong>enim</strong></span> <span class='ocrx_word' id='word_1_546' title='bbox 2225 1901 2309 1946; x_wconf 89' lang='lat' dir='ltr'><strong>est</strong></span> <span class='ocrx_word' id='word_1_547' title='bbox 2342 1890 2481 1946; x_wconf 85' lang='lat' dir='ltr'><strong>Filio</strong></span> <span class='ocrx_word' id='word_1_548' title='bbox 2506 1892 2668 1947; x_wconf 90' lang='lat' dir='ltr'><strong>simul</strong></span> <span class='ocrx_word' id='word_1_549' title='bbox 2698 1909 2823 1948; x_wconf 86' lang='lat' dir='ltr'><strong>eum</strong></span> <span class='ocrx_word' id='word_1_550' title='bbox 2848 1894 3008 1949; x_wconf 82' lang='lat' dir='ltr'><strong>Patre</strong></span> <span class='ocrx_word' id='word_1_551' title='bbox 3027 1896 3158 1951; x_wconf 85' lang='lat' dir='ltr'><strong>dare</strong></span> <span class='ocrx_word' id='word_1_552' title='bbox 3183 1896 3260 1950; x_wconf 79' lang='lat' dir='ltr'><strong>vel</strong></span> <span class='ocrx_word' id='word_1_553' title='bbox 3302 1896 3394 1929; x_wconf 73' lang='grc'><strong>³⁸⁸⁷</strong></span> <span class='ocrx_word' id='word_1_554' title='bbox 3419 1899 3636 1953; x_wconf 81' lang='lat' dir='ltr'><strong>mittere</strong></span> 
     </span>
    </p>
   </div>
   <div class='ocr_carea' id='block_1_66' title="bbox 2053 1981 3635 2057">
    <p class='ocr_par' dir='ltr' id='par_1_66' title="bbox 2053 1981 3635 2057">
     <span class='ocr_line' id='line_1_66' title="bbox 2053 1981 3635 2057; baseline 0.004 -20"><span class='ocrx_word' id='word_1_555' title='bbox 2053 1981 2319 2054; x_wconf 82' lang='lat' dir='ltr'><strong>Spiritum</strong></span> <span class='ocrx_word' id='word_1_556' title='bbox 2351 1994 2621 2045; x_wconf 86' lang='lat' dir='ltr'><strong>sanctum.</strong></span> <span class='ocrx_word' id='word_1_557' title='bbox 2654 1994 2710 2040; x_wconf 90' lang='lat' dir='ltr'><strong>et</strong></span> <span class='ocrx_word' id='word_1_558' title='bbox 2742 1985 2884 2041; x_wconf 89' lang='lat' dir='ltr'><strong>hunc</strong></span> <span class='ocrx_word' id='word_1_559' title='bbox 2906 2001 3028 2041; x_wconf 84' lang='lat' dir='ltr'><strong>esse</strong></span> <span class='ocrx_word' id='word_1_560' title='bbox 3057 1988 3369 2057; x_wconf 87' lang='lat' dir='ltr'><strong>utriusque;</strong></span> <span class='ocrx_word' id='word_1_561' title='bbox 3397 1990 3441 2043; x_wconf 82' lang='lat' dir='ltr'><strong>si</strong></span> <span class='ocrx_word' id='word_1_562' title='bbox 3473 1990 3635 2045; x_wconf 77' lang='lat' dir='ltr'><strong>sintut</strong></span> 
     </span>
    </p>
   </div>
   <div class='ocr_carea' id='block_1_67' title="bbox 2054 2076 3638 2149">
    <p class='ocr_par' dir='ltr' id='par_1_67' title="bbox 2054 2076 3638 2149">
     <span class='ocr_line' id='line_1_67' title="bbox 2054 2076 3638 2149; baseline 0.004 -21"><span class='ocrx_word' id='word_1_563' title='bbox 2054 2085 2271 2130; x_wconf 80' lang='lat' dir='ltr'><strong>nonest</strong></span> <span class='ocrx_word' id='word_1_564' title='bbox 2296 2077 2361 2131; x_wconf 85' lang='lat' dir='ltr'><strong>de</strong></span> <span class='ocrx_word' id='word_1_565' title='bbox 2387 2076 2656 2146; x_wconf 83' lang='lat' dir='ltr'><strong>utroque?</strong></span> <span class='ocrx_word' id='word_1_566' title='bbox 2685 2077 2796 2131; x_wconf 84' lang='lat' dir='ltr'><strong>Cur</strong></span> <span class='ocrx_word' id='word_1_567' title='bbox 2825 2079 2969 2131; x_wconf 89' lang='lat' dir='ltr'><strong>enim</strong></span> <span class='ocrx_word' id='word_1_568' title='bbox 3000 2079 3174 2149; x_wconf 86' lang='lat' dir='ltr'><strong>magis</strong></span> <span class='ocrx_word' id='word_1_569' title='bbox 3201 2080 3296 2133; x_wconf 90' lang='lat' dir='ltr'><strong>dat</strong></span> <span class='ocrx_word' id='word_1_570' title='bbox 3325 2079 3493 2135; x_wconf 81' lang='lat' dir='ltr'><strong>Filius</strong></span> <span class='ocrx_word' id='word_1_571' title='bbox 3515 2078 3638 2149; x_wconf 66' lang='grc' dir='ltr'><strong>δρία</strong></span> 
     </span>
    </p>
   </div>
   <div class='ocr_carea' id='block_1_68' title="bbox 2055 2170 3638 2240">
    <p class='ocr_par' dir='ltr' id='par_1_68' title="bbox 2055 2170 3638 2240">
     <span class='ocr_line' id='line_1_68' title="bbox 2055 2170 3638 2240; baseline 0.004 -18"><span class='ocrx_word' id='word_1_572' title='bbox 2055 2170 2216 2223; x_wconf 88' lang='lat' dir='ltr'><strong>ritum</strong></span> <span class='ocrx_word' id='word_1_573' title='bbox 2244 2180 2511 2235; x_wconf 87' lang='lat' dir='ltr'><strong>sanctum,</strong></span> <span class='ocrx_word' id='word_1_574' title='bbox 2537 2186 2699 2239; x_wconf 87' lang='lat' dir='ltr'><strong>quam</strong></span> <span class='ocrx_word' id='word_1_575' title='bbox 2728 2171 2968 2240; x_wconf 85' lang='lat' dir='ltr'><strong>Spiritus</strong></span> <span class='ocrx_word' id='word_1_576' title='bbox 2989 2182 3213 2227; x_wconf 87' lang='lat' dir='ltr'><strong>sanctus</strong></span> <span class='ocrx_word' id='word_1_577' title='bbox 3244 2172 3483 2227; x_wconf 72' lang='lat' dir='ltr'><strong>Filium?</strong></span> <span class='ocrx_word' id='word_1_578' title='bbox 3527 2173 3638 2228; x_wconf 84' lang='lat' dir='ltr'><strong>Aut</strong></span> 
     </span>
    </p>
   </div>
   <div class='ocr_carea' id='block_1_69' title="bbox 2054 2259 3638 2331">
    <p class='ocr_par' dir='ltr' id='par_1_69' title="bbox 2054 2259 3638 2331">
     <span class='ocr_line' id='line_1_69' title="bbox 2054 2259 3638 2331; baseline 0.003 -19"><span class='ocrx_word' id='word_1_579' title='bbox 2054 2273 2151 2312; x_wconf 90' lang='lat' dir='ltr'><strong>cur</strong></span> <span class='ocrx_word' id='word_1_580' title='bbox 2175 2259 2348 2328; x_wconf 85' lang='lat' dir='ltr'><strong>magis</strong></span> <span class='ocrx_word' id='word_1_581' title='bbox 2372 2259 2609 2331; x_wconf 82' lang='lat' dir='ltr'><strong>Spiritus</strong></span> <span class='ocrx_word' id='word_1_582' title='bbox 2653 2269 2878 2315; x_wconf 78' lang='lat' dir='ltr'><strong>sanctus</strong></span> <span class='ocrx_word' id='word_1_583' title='bbox 2915 2271 3002 2316; x_wconf 89' lang='lat' dir='ltr'><strong>est</strong></span> <span class='ocrx_word' id='word_1_584' title='bbox 3049 2260 3195 2327; x_wconf 82' lang='lat' dir='ltr'><strong>Fiiii,</strong></span> <span class='ocrx_word' id='word_1_585' title='bbox 3254 2276 3418 2331; x_wconf 87' lang='lat' dir='ltr'><strong>quam</strong></span> <span class='ocrx_word' id='word_1_586' title='bbox 3471 2262 3638 2318; x_wconf 74' lang='lat' dir='ltr'><strong>Filius</strong></span> 
     </span>
    </p>
   </div>
   <div class='ocr_carea' id='block_1_70' title="bbox 2056 2348 3639 2421">
    <p class='ocr_par' dir='ltr' id='par_1_70' title="bbox 2056 2348 3639 2421">
     <span class='ocr_line' id='line_1_70' title="bbox 2056 2348 3639 2421; baseline 0.003 -17"><span class='ocrx_word' id='word_1_587' title='bbox 2056 2348 2292 2419; x_wconf 87' lang='lat' dir='ltr'><strong>Spiritus</strong></span> <span class='ocrx_word' id='word_1_588' title='bbox 2317 2351 2513 2416; x_wconf 87' lang='lat' dir='ltr'><strong>sancti,</strong></span> <span class='ocrx_word' id='word_1_589' title='bbox 2538 2351 2640 2407; x_wconf 91' lang='lat' dir='ltr'><strong>nisi</strong></span> <span class='ocrx_word' id='word_1_590' title='bbox 2665 2354 2789 2421; x_wconf 86' lang='lat' dir='ltr'><strong>quia</strong></span> <span class='ocrx_word' id='word_1_591' title='bbox 2828 2352 2995 2408; x_wconf 80' lang='lat' dir='ltr'><strong>Filius</strong></span> <span class='ocrx_word' id='word_1_592' title='bbox 3018 2367 3123 2408; x_wconf 91' lang='lat' dir='ltr'><strong>nou</strong></span> <span class='ocrx_word' id='word_1_593' title='bbox 3165 2365 3246 2409; x_wconf 87' lang='lat' dir='ltr'><strong>est</strong></span> <span class='ocrx_word' id='word_1_594' title='bbox 3287 2355 3357 2408; x_wconf 85' lang='lat' dir='ltr'><strong>ita</strong></span> <span class='ocrx_word' id='word_1_595' title='bbox 3383 2355 3448 2409; x_wconf 90' lang='lat' dir='ltr'><strong>de</strong></span> <span class='ocrx_word' id='word_1_596' title='bbox 3472 2354 3639 2409; x_wconf 84' lang='lat' dir='ltr'><strong>Patre</strong></span> 
     </span>
    </p>
   </div>
   <div class='ocr_carea' id='block_1_71' title="bbox 2054 2441 3640 2514">
    <p class='ocr_par' dir='ltr' id='par_1_71' title="bbox 2054 2441 3640 2514">
     <span class='ocr_line' id='line_1_71' title="bbox 2054 2441 3640 2514; baseline 0.004 -19"><span class='ocrx_word' id='word_1_597' title='bbox 2054 2441 2289 2496; x_wconf 87' lang='lat' dir='ltr'><strong>simulet</strong></span> <span class='ocrx_word' id='word_1_598' title='bbox 2313 2441 2385 2497; x_wconf 89' lang='lat' dir='ltr'><strong>de</strong></span> <span class='ocrx_word' id='word_1_599' title='bbox 2404 2443 2608 2513; x_wconf 88' lang='lat' dir='ltr'><strong>Spiritu</strong></span> <span class='ocrx_word' id='word_1_600' title='bbox 2637 2451 2850 2507; x_wconf 86' lang='lat' dir='ltr'><strong>sancto,</strong></span> <span class='ocrx_word' id='word_1_601' title='bbox 2877 2444 3018 2499; x_wconf 90' lang='lat' dir='ltr'><strong>sicut</strong></span> <span class='ocrx_word' id='word_1_602' title='bbox 3045 2442 3287 2514; x_wconf 88' lang='lat' dir='ltr'><strong>Spiritus</strong></span> <span class='ocrx_word' id='word_1_603' title='bbox 3306 2456 3531 2501; x_wconf 89' lang='lat' dir='ltr'><strong>sanctus</strong></span> <span class='ocrx_word' id='word_1_604' title='bbox 3554 2457 3640 2501; x_wconf 84' lang='lat' dir='ltr'><strong>est</strong></span> 
     </span>
    </p>
   </div>
   <div class='ocr_carea' id='block_1_72' title="bbox 2054 2530 3639 2607">
    <p class='ocr_par' dir='ltr' id='par_1_72' title="bbox 2054 2530 3639 2607">
     <span class='ocr_line' id='line_1_72' title="bbox 2054 2530 3639 2607; baseline 0.004 -22"><span class='ocrx_word' id='word_1_605' title='bbox 2054 2531 2122 2585; x_wconf 89' lang='lat' dir='ltr'><strong>de</strong></span> <span class='ocrx_word' id='word_1_606' title='bbox 2167 2530 2337 2586; x_wconf 77' lang='lat' dir='ltr'><strong>Patre</strong></span> <span class='ocrx_word' id='word_1_607' title='bbox 2391 2533 2641 2587; x_wconf 88' lang='lat' dir='ltr'><strong>simulet</strong></span> <span class='ocrx_word' id='word_1_608' title='bbox 2688 2537 2755 2587; x_wconf 91' lang='lat' dir='ltr'><strong>de</strong></span> <span class='ocrx_word' id='word_1_609' title='bbox 2787 2534 2878 2566; x_wconf 81' lang='grc'><strong>³⁸⁸⁸</strong></span> <span class='ocrx_word' id='word_1_610' title='bbox 2903 2532 3087 2588; x_wconf 76' lang='lat' dir='ltr'><strong>Filio?</strong></span> <span class='ocrx_word' id='word_1_611' title='bbox 3121 2534 3178 2589; x_wconf 90' lang='lat' dir='ltr'><strong>Si</strong></span> <span class='ocrx_word' id='word_1_612' title='bbox 3223 2549 3353 2607; x_wconf 87' lang='lat' dir='ltr'><strong>ergo</strong></span> <span class='ocrx_word' id='word_1_613' title='bbox 3396 2536 3639 2606; x_wconf 89' lang='lat' dir='ltr'><strong>Spiritus</strong></span> 
     </span>
    </p>
   </div>
   <div class='ocr_carea' id='block_1_73' title="bbox 2055 2625 3635 2692">
    <p class='ocr_par' dir='ltr' id='par_1_73' title="bbox 2055 2625 3635 2692">
     <span class='ocr_line' id='line_1_73' title="bbox 2055 2625 3635 2692; baseline 0.005 -17"><span class='ocrx_word' id='word_1_614' title='bbox 2055 2633 2273 2677; x_wconf 81' lang='lat' dir='ltr'><strong>sanctus</strong></span> <span class='ocrx_word' id='word_1_615' title='bbox 2287 2639 2392 2678; x_wconf 90' lang='lat' dir='ltr'><strong>non</strong></span> <span class='ocrx_word' id='word_1_616' title='bbox 2424 2634 2510 2679; x_wconf 90' lang='lat' dir='ltr'><strong>est</strong></span> <span class='ocrx_word' id='word_1_617' title='bbox 2536 2625 2603 2679; x_wconf 92' lang='lat' dir='ltr'><strong>de</strong></span> <span class='ocrx_word' id='word_1_618' title='bbox 2634 2625 2793 2690; x_wconf 88' lang='lat' dir='ltr'><strong>Filio,</strong></span> <span class='ocrx_word' id='word_1_619' title='bbox 2820 2640 2925 2680; x_wconf 91' lang='lat' dir='ltr'><strong>non</strong></span> <span class='ocrx_word' id='word_1_620' title='bbox 2957 2626 3116 2681; x_wconf 87' lang='lat' dir='ltr'><strong>detur</strong></span> <span class='ocrx_word' id='word_1_621' title='bbox 3147 2642 3176 2680; x_wconf 91' lang='lat' dir='ltr'><strong>a</strong></span> <span class='ocrx_word' id='word_1_622' title='bbox 3202 2626 3364 2692; x_wconf 84' lang='lat' dir='ltr'><strong>Filio,</strong></span> <span class='ocrx_word' id='word_1_623' title='bbox 3401 2642 3503 2683; x_wconf 90' lang='lat' dir='ltr'><strong>nec</strong></span> <span class='ocrx_word' id='word_1_624' title='bbox 3549 2630 3635 2683; x_wconf 89' lang='lat' dir='ltr'><strong>di-</strong></span> 
     </span>
    </p>
   </div>
   <div class='ocr_carea' id='block_1_74' title="bbox 2055 2716 3632 2789">
    <p class='ocr_par' dir='ltr' id='par_1_74' title="bbox 2055 2716 3632 2789">
     <span class='ocr_line' id='line_1_74' title="bbox 2055 2716 3632 2789; baseline 0.003 -21"><span class='ocrx_word' id='word_1_625' title='bbox 2055 2723 2211 2770; x_wconf 88' lang='lat' dir='ltr'><strong>catur</strong></span> <span class='ocrx_word' id='word_1_626' title='bbox 2236 2716 2327 2749; x_wconf 74' lang='grc'><strong><em>⁸⁵⁸⁸</em></strong></span> <span class='ocrx_word' id='word_1_627' title='bbox 2357 2731 2477 2772; x_wconf 86' lang='lat' dir='ltr'><strong>esse</strong></span> <span class='ocrx_word' id='word_1_628' title='bbox 2492 2717 2613 2772; x_wconf 86' lang='lat' dir='ltr'><strong>Filii</strong></span> <span class='ocrx_word' id='word_1_629' title='bbox 2654 2735 2669 2772; x_wconf 93' lang='lat'><strong>:</strong></span> <span class='ocrx_word' id='word_1_630' title='bbox 2703 2717 3033 2774; x_wconf 84' lang='lat' dir='ltr'><strong>sicutFilius</strong></span> <span class='ocrx_word' id='word_1_631' title='bbox 3056 2731 3160 2772; x_wconf 86' lang='lat' dir='ltr'><strong>non</strong></span> <span class='ocrx_word' id='word_1_632' title='bbox 3187 2718 3349 2773; x_wconf 88' lang='lat' dir='ltr'><strong>datur</strong></span> <span class='ocrx_word' id='word_1_633' title='bbox 3378 2718 3632 2789; x_wconf 87' lang='lat' dir='ltr'><strong>aSpiritu</strong></span> 
     </span>
    </p>
   </div>
   <div class='ocr_carea' id='block_1_75' title="bbox 2056 2808 3635 2879">
    <p class='ocr_par' dir='ltr' id='par_1_75' title="bbox 2056 2808 3635 2879">
     <span class='ocr_line' id='line_1_75' title="bbox 2056 2808 3635 2879; baseline 0.001 -19"><span class='ocrx_word' id='word_1_634' title='bbox 2056 2815 2267 2875; x_wconf 84' lang='lat' dir='ltr'><strong>saneto,</strong></span> <span class='ocrx_word' id='word_1_635' title='bbox 2291 2822 2389 2862; x_wconf 88' lang='lat' dir='ltr'><strong>nec</strong></span> <span class='ocrx_word' id='word_1_636' title='bbox 2405 2808 2738 2864; x_wconf 89' lang='lat' dir='ltr'><strong>dicituresse</strong></span> <span class='ocrx_word' id='word_1_637' title='bbox 2764 2808 3002 2878; x_wconf 85' lang='lat' dir='ltr'><strong>Spiritus</strong></span> <span class='ocrx_word' id='word_1_638' title='bbox 3039 2808 3235 2873; x_wconf 86' lang='lat' dir='ltr'><strong>sancti;</strong></span> <span class='ocrx_word' id='word_1_639' title='bbox 3252 2809 3508 2879; x_wconf 83' lang='lat' dir='ltr'><strong>quoniam</strong></span> <span class='ocrx_word' id='word_1_640' title='bbox 3524 2823 3635 2862; x_wconf 88' lang='lat' dir='ltr'><strong>non</strong></span> 
     </span>
    </p>
   </div>
   <div class='ocr_carea' id='block_1_76' title="bbox 2056 2897 3639 2969">
    <p class='ocr_par' dir='ltr' id='par_1_76' title="bbox 2056 2897 3639 2969">
     <span class='ocr_line' id='line_1_76' title="bbox 2056 2897 3639 2969; baseline 0 -17"><span class='ocrx_word' id='word_1_641' title='bbox 2056 2907 2139 2953; x_wconf 91' lang='lat' dir='ltr'><strong>cst</strong></span> <span class='ocrx_word' id='word_1_642' title='bbox 2163 2900 2228 2952; x_wconf 89' lang='lat' dir='ltr'><strong>de</strong></span> <span class='ocrx_word' id='word_1_643' title='bbox 2250 2898 2451 2969; x_wconf 90' lang='lat' dir='ltr'><strong>Spiritu</strong></span> <span class='ocrx_word' id='word_1_644' title='bbox 2484 2909 2693 2953; x_wconf 87' lang='lat' dir='ltr'><strong>sancto.</strong></span> <span class='ocrx_word' id='word_1_645' title='bbox 2725 2898 2781 2953; x_wconf 88' lang='lat' dir='ltr'><strong>Si</strong></span> <span class='ocrx_word' id='word_1_646' title='bbox 2816 2908 2996 2953; x_wconf 84' lang='lat' dir='ltr'><strong>autem</strong></span> <span class='ocrx_word' id='word_1_647' title='bbox 3028 2898 3218 2954; x_wconf 86' lang='lat' dir='ltr'><strong>dicunt</strong></span> <span class='ocrx_word' id='word_1_648' title='bbox 3240 2899 3364 2968; x_wconf 85' lang='lat' dir='ltr'><strong>quia</strong></span> <span class='ocrx_word' id='word_1_649' title='bbox 3394 2897 3639 2968; x_wconf 81' lang='lat' dir='ltr'><strong>Spiritus</strong></span> 
     </span>
    </p>
   </div>
   <div class='ocr_carea' id='block_1_77' title="bbox 2059 2987 3640 3059">
    <p class='ocr_par' dir='ltr' id='par_1_77' title="bbox 2059 2987 3640 3059">
     <span class='ocr_line' id='line_1_77' title="bbox 2059 2987 3640 3059; baseline 0.001 -18"><span class='ocrx_word' id='word_1_650' title='bbox 2059 2996 2283 3042; x_wconf 89' lang='lat' dir='ltr'><strong>sanctus</strong></span> <span class='ocrx_word' id='word_1_651' title='bbox 2314 2989 2479 3043; x_wconf 90' lang='lat' dir='ltr'><strong>mittit</strong></span> <span class='ocrx_word' id='word_1_652' title='bbox 2517 2990 2683 3043; x_wconf 89' lang='lat' dir='ltr'><strong>etiam</strong></span> <span class='ocrx_word' id='word_1_653' title='bbox 2737 2989 2959 3053; x_wconf 78' lang='lat' dir='ltr'><strong>Filium,</strong></span> <span class='ocrx_word' id='word_1_654' title='bbox 3009 2990 3150 3044; x_wconf 87' lang='lat' dir='ltr'><strong>sicut</strong></span> <span class='ocrx_word' id='word_1_655' title='bbox 3173 2990 3312 3044; x_wconf 88' lang='lat' dir='ltr'><strong>idem</strong></span> <span class='ocrx_word' id='word_1_656' title='bbox 3345 2989 3459 3059; x_wconf 89' lang='lat' dir='ltr'><strong>ipse</strong></span> <span class='ocrx_word' id='word_1_657' title='bbox 3504 2987 3640 3044; x_wconf 88' lang='lat' dir='ltr'><strong>dicit</strong></span> 
     </span>
    </p>
   </div>
   <div class='ocr_carea' id='block_1_78' title="bbox 2054 3079 3637 3149">
    <p class='ocr_par' dir='ltr' id='par_1_78' title="bbox 2054 3079 3637 3149">
     <span class='ocr_line' id='line_1_78' title="bbox 2054 3079 3637 3149; baseline 0.001 -16"><span class='ocrx_word' id='word_1_658' title='bbox 2054 3094 2151 3147; x_wconf 90' lang='lat' dir='ltr'><strong>per</strong></span> <span class='ocrx_word' id='word_1_659' title='bbox 2179 3080 2494 3149; x_wconf 84' lang='lat' dir='ltr'><strong>prophetam</strong></span> <span class='ocrx_word' id='word_1_660' title='bbox 2524 3095 2538 3133; x_wconf 93' lang='lat'><strong>:</strong></span> <span class='ocrx_word' id='word_1_661' title='bbox 2570 3079 2636 3132; x_wconf 84' lang='lat' dir='ltr'><strong>Et</strong></span> <span class='ocrx_word' id='word_1_662' title='bbox 2666 3096 2804 3135; x_wconf 85' lang='lat' dir='ltr'><strong>nunc</strong></span> <span class='ocrx_word' id='word_1_663' title='bbox 2863 3081 3119 3136; x_wconf 83' lang='lat' dir='ltr'><strong>Dominus</strong></span> <span class='ocrx_word' id='word_1_664' title='bbox 3166 3080 3309 3135; x_wconf 87' lang='lat' dir='ltr'><strong>Deus</strong></span> <span class='ocrx_word' id='word_1_665' title='bbox 3347 3081 3488 3135; x_wconf 79' lang='lat' dir='ltr'><strong>misit</strong></span> <span class='ocrx_word' id='word_1_666' title='bbox 3535 3097 3637 3143; x_wconf 89' lang='lat' dir='ltr'><strong>me,</strong></span> 
     </span>
    </p>
   </div>
   <div class='ocr_carea' id='block_1_79' title="bbox 2053 3167 3636 3238">
    <p class='ocr_par' dir='ltr' id='par_1_79' title="bbox 2053 3167 3636 3238">
     <span class='ocr_line' id='line_1_79' title="bbox 2053 3167 3636 3238; baseline 0.002 -18"><span class='ocrx_word' id='word_1_667' title='bbox 2053 3177 2100 3220; x_wconf 89' lang='lat' dir='ltr'><strong>et</strong></span> <span class='ocrx_word' id='word_1_668' title='bbox 2129 3167 2359 3237; x_wconf 82' lang='lat' dir='ltr'><strong>Spiritus</strong></span> <span class='ocrx_word' id='word_1_669' title='bbox 2381 3169 2494 3238; x_wconf 84' lang='lat' dir='ltr'><strong>ejus</strong></span> <span class='ocrx_word' id='word_1_670' title='bbox 2525 3169 2686 3238; x_wconf 86' lang='lat' dir='ltr'><strong>(Isui.</strong></span> <span class='ocrx_word' id='word_1_671' title='bbox 2716 3185 2910 3232; x_wconf 72' lang='lat' dir='ltr'><strong>xum,</strong></span> <span class='ocrx_word' id='word_1_672' title='bbox 2932 3171 3052 3238; x_wconf 83' lang='lat' dir='ltr'><strong>l6),</strong></span> <span class='ocrx_word' id='word_1_673' title='bbox 3088 3171 3192 3225; x_wconf 85' lang='lat' dir='ltr'><strong>ltoc</strong></span> <span class='ocrx_word' id='word_1_674' title='bbox 3211 3169 3506 3225; x_wconf 72' lang='lat' dir='ltr'><strong>secandum</strong></span> <span class='ocrx_word' id='word_1_675' title='bbox 3536 3170 3636 3224; x_wconf 83' lang='lat' dir='ltr'><strong>lto-</strong></span> 
     </span>
    </p>
   </div>
   <div class='ocr_carea' id='block_1_80' title="bbox 2055 3259 3638 3332">
    <p class='ocr_par' dir='ltr' id='par_1_80' title="bbox 2055 3259 3638 3332">
     <span class='ocr_line' id='line_1_80' title="bbox 2055 3259 3638 3332; baseline 0.002 -21"><span class='ocrx_word' id='word_1_676' title='bbox 2055 3259 2279 3325; x_wconf 83' lang='lat' dir='ltr'><strong>minem,</strong></span> <span class='ocrx_word' id='word_1_677' title='bbox 2313 3273 2474 3328; x_wconf 89' lang='lat' dir='ltr'><strong>quem</strong></span> <span class='ocrx_word' id='word_1_678' title='bbox 2496 3262 2738 3331; x_wconf 87' lang='lat' dir='ltr'><strong>gerebat,</strong></span> <span class='ocrx_word' id='word_1_679' title='bbox 2762 3262 3171 3331; x_wconf 85' lang='lat' dir='ltr'><strong>intelligendum</strong></span> <span class='ocrx_word' id='word_1_680' title='bbox 3203 3270 3307 3328; x_wconf 87' lang='lat' dir='ltr'><strong>est,</strong></span> <span class='ocrx_word' id='word_1_681' title='bbox 3337 3260 3429 3332; x_wconf 91' lang='lat' dir='ltr'><strong>qui</strong></span> <span class='ocrx_word' id='word_1_682' title='bbox 3456 3259 3638 3314; x_wconf 86' lang='lat' dir='ltr'><strong>Patris</strong></span> 
     </span>
    </p>
   </div>
   <div class='ocr_carea' id='block_1_81' title="bbox 2054 3348 3639 3420">
    <p class='ocr_par' dir='ltr' id='par_1_81' title="bbox 2054 3348 3639 3420">
     <span class='ocr_line' id='line_1_81' title="bbox 2054 3348 3639 3420; baseline -0.001 -17"><span class='ocrx_word' id='word_1_683' title='bbox 2054 3355 2109 3403; x_wconf 88' lang='lat' dir='ltr'><strong>et</strong></span> <span class='ocrx_word' id='word_1_684' title='bbox 2137 3348 2371 3418; x_wconf 89' lang='lat' dir='ltr'><strong>Spiritus</strong></span> <span class='ocrx_word' id='word_1_685' title='bbox 2397 3351 2572 3405; x_wconf 83' lang='lat' dir='ltr'><strong>sancti</strong></span> <span class='ocrx_word' id='word_1_686' title='bbox 2601 3366 2706 3405; x_wconf 91' lang='lat' dir='ltr'><strong>una</strong></span> <span class='ocrx_word' id='word_1_687' title='bbox 2730 3350 3009 3405; x_wconf 82' lang='lat' dir='ltr'><strong>voluntate</strong></span> <span class='ocrx_word' id='word_1_688' title='bbox 3033 3359 3086 3406; x_wconf 88' lang='lat' dir='ltr'><strong>et</strong></span> <span class='ocrx_word' id='word_1_689' title='bbox 3097 3349 3449 3420; x_wconf 89' lang='lat' dir='ltr'><strong>dispositione</strong></span> <span class='ocrx_word' id='word_1_690' title='bbox 3477 3363 3639 3402; x_wconf 76' lang='lat' dir='ltr'><strong>mun-</strong></span> 
     </span>
    </p>
   </div>
   <div class='ocr_carea' id='block_1_82' title="bbox 2055 3440 3202 3512">
    <p class='ocr_par' dir='ltr' id='par_1_82' title="bbox 2055 3440 3202 3512">
     <span class='ocr_line' id='line_1_82' title="bbox 2055 3440 3202 3512; baseline 0.001 -18"><span class='ocrx_word' id='word_1_691' title='bbox 2055 3440 2180 3494; x_wconf 89' lang='lat' dir='ltr'><strong>dum</strong></span> <span class='ocrx_word' id='word_1_692' title='bbox 2212 3442 2590 3511; x_wconf 80' lang='lat' dir='ltr'><strong>redempturus</strong></span> <span class='ocrx_word' id='word_1_693' title='bbox 2616 3443 2668 3496; x_wconf 93' lang='lat' dir='ltr'><strong>iu</strong></span> <span class='ocrx_word' id='word_1_694' title='bbox 2701 3443 2901 3497; x_wconf 88' lang='lat' dir='ltr'><strong>nmudo</strong></span> <span class='ocrx_word' id='word_1_695' title='bbox 2931 3443 3202 3512; x_wconf 86' lang='lat' dir='ltr'><strong>apparuit.</strong></span> 
     </span>
    </p>
   </div>
   <div class='ocr_carea' id='block_1_83' title="bbox 2127 3532 3638 3604">
    <p class='ocr_par' dir='ltr' id='par_1_83' title="bbox 2127 3532 3638 3604">
     <span class='ocr_line' id='line_1_83' title="bbox 2127 3532 3638 3604; baseline 0 -20"><span class='ocrx_word' id='word_1_696' title='bbox 2127 3532 2323 3599; x_wconf 67' lang='lat' dir='ltr'><strong>Quatro</strong></span> <span class='ocrx_word' id='word_1_697' title='bbox 2366 3542 2543 3586; x_wconf 84' lang='lat' dir='ltr'><strong>tamen</strong></span> <span class='ocrx_word' id='word_1_698' title='bbox 2595 3533 2777 3588; x_wconf 81' lang='lat' dir='ltr'><strong>abhis</strong></span> <span class='ocrx_word' id='word_1_699' title='bbox 2806 3533 2896 3602; x_wconf 89' lang='lat' dir='ltr'><strong>qui</strong></span> <span class='ocrx_word' id='word_1_700' title='bbox 2950 3544 3147 3604; x_wconf 83' lang='lat' dir='ltr'><strong>negant</strong></span> <span class='ocrx_word' id='word_1_701' title='bbox 3199 3533 3460 3603; x_wconf 79' lang='lat' dir='ltr'><strong>Spiritum</strong></span> <span class='ocrx_word' id='word_1_702' title='bbox 3511 3545 3638 3585; x_wconf 87' lang='lat' dir='ltr'><strong>san-</strong></span> 
     </span>
    </p>
   </div>
   <div class='ocr_carea' id='block_1_84' title="bbox 2055 3620 3639 3694">
    <p class='ocr_par' dir='ltr' id='par_1_84' title="bbox 2055 3620 3639 3694">
     <span class='ocr_line' id='line_1_84' title="bbox 2055 3620 3639 3694; baseline -0.002 -17"><span class='ocrx_word' id='word_1_703' title='bbox 2055 3632 2200 3678; x_wconf 91' lang='lat' dir='ltr'><strong>ctum</strong></span> <span class='ocrx_word' id='word_1_704' title='bbox 2231 3638 2352 3678; x_wconf 87' lang='lat' dir='ltr'><strong>esse</strong></span> <span class='ocrx_word' id='word_1_705' title='bbox 2387 3632 2441 3677; x_wconf 88' lang='lat' dir='ltr'><strong>et</strong></span> <span class='ocrx_word' id='word_1_706' title='bbox 2470 3625 2766 3693; x_wconf 85' lang='lat' dir='ltr'><strong>procedere</strong></span> <span class='ocrx_word' id='word_1_707' title='bbox 2820 3623 2886 3677; x_wconf 83' lang='lat' dir='ltr'><strong>de</strong></span> <span class='ocrx_word' id='word_1_708' title='bbox 2917 3624 3079 3688; x_wconf 78' lang='lat' dir='ltr'><strong>Filio,</strong></span> <span class='ocrx_word' id='word_1_709' title='bbox 3118 3623 3390 3694; x_wconf 83' lang='lat' dir='ltr'><strong>quomodo</strong></span> <span class='ocrx_word' id='word_1_710' title='bbox 3444 3620 3639 3675; x_wconf 80' lang='lat' dir='ltr'><strong>intelli-</strong></span> 
     </span>
    </p>
   </div>
   <div class='ocr_carea' id='block_1_85' title="bbox 2055 3710 3640 3784">
    <p class='ocr_par' dir='ltr' id='par_1_85' title="bbox 2055 3710 3640 3784">
     <span class='ocr_line' id='line_1_85' title="bbox 2055 3710 3640 3784; baseline 0.001 -20"><span class='ocrx_word' id='word_1_711' title='bbox 2055 3721 2185 3781; x_wconf 87' lang='lat' dir='ltr'><strong>gant</strong></span> <span class='ocrx_word' id='word_1_712' title='bbox 2218 3711 2307 3743; x_wconf 73' lang='grc'><strong>¹⁸⁹⁰</strong></span> <span class='ocrx_word' id='word_1_713' title='bbox 2367 3727 2491 3765; x_wconf 91' lang='lat' dir='ltr'><strong>eum</strong></span> <span class='ocrx_word' id='word_1_714' title='bbox 2537 3713 2615 3768; x_wconf 88' lang='lat' dir='ltr'><strong>sic</strong></span> <span class='ocrx_word' id='word_1_715' title='bbox 2666 3728 2787 3769; x_wconf 87' lang='lat' dir='ltr'><strong>esse</strong></span> <span class='ocrx_word' id='word_1_716' title='bbox 2838 3712 3099 3784; x_wconf 89' lang='lat' dir='ltr'><strong>Spiritum</strong></span> <span class='ocrx_word' id='word_1_717' title='bbox 3160 3713 3299 3775; x_wconf 84' lang='lat' dir='ltr'><strong>Filii,</strong></span> <span class='ocrx_word' id='word_1_718' title='bbox 3358 3722 3417 3766; x_wconf 90' lang='lat' dir='ltr'><strong>ut</strong></span> <span class='ocrx_word' id='word_1_719' title='bbox 3469 3710 3640 3766; x_wconf 79' lang='lat' dir='ltr'><strong>Filius</strong></span> 
     </span>
    </p>
   </div>
   <div class='ocr_carea' id='block_1_86' title="bbox 2059 3804 3640 3875">
    <p class='ocr_par' dir='ltr' id='par_1_86' title="bbox 2059 3804 3640 3875">
     <span class='ocr_line' id='line_1_86' title="bbox 2059 3804 3640 3875; baseline 0.001 -18"><span class='ocrx_word' id='word_1_720' title='bbox 2059 3812 2313 3874; x_wconf 89' lang='lat' dir='ltr'><strong>tanquam</strong></span> <span class='ocrx_word' id='word_1_721' title='bbox 2359 3819 2515 3858; x_wconf 89' lang='lat' dir='ltr'><strong>suum</strong></span> <span class='ocrx_word' id='word_1_722' title='bbox 2546 3808 2549 3813; x_wconf 83' lang='grc'><em>’</em></span> <span class='ocrx_word' id='word_1_723' title='bbox 2577 3804 2841 3875; x_wconf 89' lang='lat' dir='ltr'><strong>Spiritum</strong></span> <span class='ocrx_word' id='word_1_724' title='bbox 2875 3805 3023 3860; x_wconf 91' lang='lat' dir='ltr'><strong>illum</strong></span> <span class='ocrx_word' id='word_1_725' title='bbox 3078 3806 3289 3860; x_wconf 78' lang='lat' dir='ltr'><strong>mittat?</strong></span> <span class='ocrx_word' id='word_1_726' title='bbox 3334 3805 3414 3859; x_wconf 81' lang='lat' dir='ltr'><strong>An</strong></span> <span class='ocrx_word' id='word_1_727' title='bbox 3443 3812 3640 3874; x_wconf 84' lang='lat' dir='ltr'><strong>putant</strong></span> 
     </span>
    </p>
   </div>
   <div class='ocr_carea' id='block_1_87' title="bbox 2055 3894 3641 3964">
    <p class='ocr_par' dir='ltr' id='par_1_87' title="bbox 2055 3894 3641 3964">
     <span class='ocr_line' id='line_1_87' title="bbox 2055 3894 3641 3964; baseline 0 -17"><span class='ocrx_word' id='word_1_728' title='bbox 2055 3895 2180 3963; x_wconf 89' lang='lat' dir='ltr'><strong>quia</strong></span> <span class='ocrx_word' id='word_1_729' title='bbox 2219 3894 2383 3949; x_wconf 66' lang='lat' dir='ltr'><strong>Pater</strong></span> <span class='ocrx_word' id='word_1_730' title='bbox 2413 3895 2561 3950; x_wconf 88' lang='lat' dir='ltr'><strong>dedit</strong></span> <span class='ocrx_word' id='word_1_731' title='bbox 2593 3896 2729 3949; x_wconf 82' lang='lat' dir='ltr'><strong>Filio</strong></span> <span class='ocrx_word' id='word_1_732' title='bbox 2757 3896 3020 3964; x_wconf 90' lang='lat' dir='ltr'><strong>Spiritum</strong></span> <span class='ocrx_word' id='word_1_733' title='bbox 3054 3907 3303 3951; x_wconf 89' lang='lat' dir='ltr'><strong>sanctum</strong></span> <span class='ocrx_word' id='word_1_734' title='bbox 3337 3896 3427 3927; x_wconf 69' lang='lat'><strong>&quot;9‘</strong></span> <span class='ocrx_word' id='word_1_735' title='bbox 3476 3909 3641 3949; x_wconf 88' lang='lat' dir='ltr'><strong>suum</strong></span> 
     </span>
    </p>
   </div>
   <div class='ocr_carea' id='block_1_88' title="bbox 2056 3987 3642 4057">
    <p class='ocr_par' dir='ltr' id='par_1_88' title="bbox 2056 3987 3642 4057">
     <span class='ocr_line' id='line_1_88' title="bbox 2056 3987 3642 4057; baseline -0.001 -16"><span class='ocrx_word' id='word_1_736' title='bbox 2056 3996 2312 4057; x_wconf 79' lang='lat' dir='ltr'><strong>tanquam</strong></span> <span class='ocrx_word' id='word_1_737' title='bbox 2350 4003 2379 4040; x_wconf 90' lang='lat' dir='ltr'><strong>a</strong></span> <span class='ocrx_word' id='word_1_738' title='bbox 2407 4001 2465 4042; x_wconf 89' lang='lat' dir='ltr'><strong>se</strong></span> <span class='ocrx_word' id='word_1_739' title='bbox 2495 4003 2600 4040; x_wconf 93' lang='lat' dir='ltr'><strong>non</strong></span> <span class='ocrx_word' id='word_1_740' title='bbox 2619 3987 2870 4042; x_wconf 84' lang='lat' dir='ltr'><strong>babenti?</strong></span> <span class='ocrx_word' id='word_1_741' title='bbox 2900 3989 3005 4042; x_wconf 84' lang='lat' dir='ltr'><strong>Aut</strong></span> <span class='ocrx_word' id='word_1_742' title='bbox 3036 3989 3181 4044; x_wconf 89' lang='lat' dir='ltr'><strong>enim</strong></span> <span class='ocrx_word' id='word_1_743' title='bbox 3211 3988 3371 4042; x_wconf 83' lang='lat' dir='ltr'><strong>habet</strong></span> <span class='ocrx_word' id='word_1_744' title='bbox 3396 4002 3427 4040; x_wconf 84' lang='lat' dir='ltr'><strong>a</strong></span> <span class='ocrx_word' id='word_1_745' title='bbox 3460 4001 3520 4041; x_wconf 90' lang='lat' dir='ltr'><strong>se</strong></span> <span class='ocrx_word' id='word_1_746' title='bbox 3545 3995 3642 4040; x_wconf 91' lang='lat' dir='ltr'><strong>aut</strong></span> 
     </span>
    </p>
   </div>
   <div class='ocr_carea' id='block_1_89' title="bbox 2056 4076 3636 4147">
    <p class='ocr_par' dir='ltr' id='par_1_89' title="bbox 2056 4076 3636 4147">
     <span class='ocr_line' id='line_1_89' title="bbox 2056 4076 3636 4147; baseline -0.002 -14"><span class='ocrx_word' id='word_1_747' title='bbox 2056 4080 2125 4133; x_wconf 86' lang='lat' dir='ltr'><strong>ab</strong></span> <span class='ocrx_word' id='word_1_748' title='bbox 2152 4079 2273 4132; x_wconf 84' lang='lat' dir='ltr'><strong>alio.</strong></span> <span class='ocrx_word' id='word_1_749' title='bbox 2307 4077 2411 4133; x_wconf 83' lang='lat' dir='ltr'><strong>Sed</strong></span> <span class='ocrx_word' id='word_1_750' title='bbox 2436 4078 2504 4133; x_wconf 88' lang='lat' dir='ltr'><strong>ab</strong></span> <span class='ocrx_word' id='word_1_751' title='bbox 2533 4078 2640 4132; x_wconf 88' lang='lat' dir='ltr'><strong>alio</strong></span> <span class='ocrx_word' id='word_1_752' title='bbox 2671 4093 2776 4132; x_wconf 92' lang='lat' dir='ltr'><strong>non</strong></span> <span class='ocrx_word' id='word_1_753' title='bbox 2803 4087 2982 4147; x_wconf 89' lang='lat' dir='ltr'><strong>potest</strong></span> <span class='ocrx_word' id='word_1_754' title='bbox 3010 4080 3231 4143; x_wconf 87' lang='lat' dir='ltr'><strong>habere,</strong></span> <span class='ocrx_word' id='word_1_755' title='bbox 3265 4078 3368 4132; x_wconf 88' lang='lat' dir='ltr'><strong>nisi</strong></span> <span class='ocrx_word' id='word_1_756' title='bbox 3391 4091 3421 4131; x_wconf 91' lang='lat' dir='ltr'><strong>a</strong></span> <span class='ocrx_word' id='word_1_757' title='bbox 3453 4076 3636 4131; x_wconf 84' lang='lat' dir='ltr'><strong>Patre.</strong></span> 
     </span>
    </p>
   </div>
   <div class='ocr_carea' id='block_1_90' title="bbox 2055 4170 3642 4242">
    <p class='ocr_par' dir='ltr' id='par_1_90' title="bbox 2055 4170 3642 4242">
     <span class='ocr_line' id='line_1_90' title="bbox 2055 4170 3642 4242; baseline -0.001 -17"><span class='ocrx_word' id='word_1_758' title='bbox 2055 4170 2275 4240; x_wconf 87' lang='lat' dir='ltr'><strong>Accepit</strong></span> <span class='ocrx_word' id='word_1_759' title='bbox 2306 4171 2468 4239; x_wconf 80' lang='lat' dir='ltr'><strong>igitur</strong></span> <span class='ocrx_word' id='word_1_760' title='bbox 2496 4187 2526 4225; x_wconf 90' lang='lat' dir='ltr'><strong>a</strong></span> <span class='ocrx_word' id='word_1_761' title='bbox 2552 4171 2731 4240; x_wconf 83' lang='lat' dir='ltr'><strong>Patre,</strong></span> <span class='ocrx_word' id='word_1_762' title='bbox 2761 4187 2790 4225; x_wconf 89' lang='lat' dir='ltr'><strong>a</strong></span> <span class='ocrx_word' id='word_1_763' title='bbox 2817 4187 2926 4242; x_wconf 90' lang='lat' dir='ltr'><strong>quo</strong></span> <span class='ocrx_word' id='word_1_764' title='bbox 2949 4173 3139 4237; x_wconf 80' lang='lat' dir='ltr'><strong>habet;</strong></span> <span class='ocrx_word' id='word_1_765' title='bbox 3175 4182 3230 4228; x_wconf 88' lang='lat' dir='ltr'><strong>et</strong></span> <span class='ocrx_word' id='word_1_766' title='bbox 3255 4172 3463 4228; x_wconf 89' lang='lat' dir='ltr'><strong>deditei</strong></span> <span class='ocrx_word' id='word_1_767' title='bbox 3480 4170 3642 4225; x_wconf 83' lang='lat' dir='ltr'><strong>Pater</strong></span> 
     </span>
    </p>
   </div>
   <div class='ocr_carea' id='block_1_91' title="bbox 2057 4261 3638 4331">
    <p class='ocr_par' dir='ltr' id='par_1_91' title="bbox 2057 4261 3638 4331">
     <span class='ocr_line' id='line_1_91' title="bbox 2057 4261 3638 4331; baseline -0.003 -15"><span class='ocrx_word' id='word_1_768' title='bbox 2057 4261 2320 4331; x_wconf 88' lang='lat' dir='ltr'><strong>Spiritum</strong></span> <span class='ocrx_word' id='word_1_769' title='bbox 2360 4272 2628 4328; x_wconf 85' lang='lat' dir='ltr'><strong>sanctum,</strong></span> <span class='ocrx_word' id='word_1_770' title='bbox 2678 4271 2791 4317; x_wconf 90' lang='lat' dir='ltr'><strong>uta</strong></span> <span class='ocrx_word' id='word_1_771' title='bbox 2824 4277 2884 4318; x_wconf 89' lang='lat' dir='ltr'><strong>se</strong></span> <span class='ocrx_word' id='word_1_772' title='bbox 2909 4278 3015 4317; x_wconf 90' lang='lat' dir='ltr'><strong>non</strong></span> <span class='ocrx_word' id='word_1_773' title='bbox 3054 4263 3294 4318; x_wconf 87' lang='lat' dir='ltr'><strong>habenti.</strong></span> <span class='ocrx_word' id='word_1_774' title='bbox 3325 4262 3421 4317; x_wconf 83' lang='lat' dir='ltr'><strong>llic</strong></span> <span class='ocrx_word' id='word_1_775' title='bbox 3448 4270 3638 4316; x_wconf 59' lang='lat' dir='ltr'><strong>osten.</strong></span> 
     </span>
    </p>
   </div>
   <div class='ocr_carea' id='block_1_92' title="bbox 2055 4353 3641 4423">
    <p class='ocr_par' dir='ltr' id='par_1_92' title="bbox 2055 4353 3641 4423">
     <span class='ocr_line' id='line_1_92' title="bbox 2055 4353 3641 4423; baseline -0.003 -13"><span class='ocrx_word' id='word_1_776' title='bbox 2055 4356 2206 4416; x_wconf 83' lang='lat' dir='ltr'><strong>dant.</strong></span> <span class='ocrx_word' id='word_1_777' title='bbox 2238 4370 2364 4409; x_wconf 90' lang='lat' dir='ltr'><strong>cum</strong></span> <span class='ocrx_word' id='word_1_778' title='bbox 2415 4355 2653 4422; x_wconf 50' lang='lat' dir='ltr'><strong>aaq&#39;:ales</strong></span> <span class='ocrx_word' id='word_1_779' title='bbox 2677 4356 2788 4411; x_wconf 90' lang='lat' dir='ltr'><strong>sint</strong></span> <span class='ocrx_word' id='word_1_780' title='bbox 2841 4355 3006 4410; x_wconf 87' lang='lat' dir='ltr'><strong>Pater</strong></span> <span class='ocrx_word' id='word_1_781' title='bbox 3034 4364 3090 4409; x_wconf 90' lang='lat' dir='ltr'><strong>et</strong></span> <span class='ocrx_word' id='word_1_782' title='bbox 3118 4354 3290 4410; x_wconf 83' lang='lat' dir='ltr'><strong>Filius</strong></span> <span class='ocrx_word' id='word_1_783' title='bbox 3317 4363 3370 4409; x_wconf 93' lang='lat' dir='ltr'><strong>et</strong></span> <span class='ocrx_word' id='word_1_784' title='bbox 3402 4353 3641 4423; x_wconf 88' lang='lat' dir='ltr'><strong>Spiritus</strong></span> 
     </span>
    </p>
   </div>
   <div class='ocr_carea' id='block_1_93' title="bbox 2061 4444 3642 4514">
    <p class='ocr_par' dir='ltr' id='par_1_93' title="bbox 2061 4444 3642 4514">
     <span class='ocr_line' id='line_1_93' title="bbox 2061 4444 3642 4514; baseline -0.002 -15"><span class='ocrx_word' id='word_1_785' title='bbox 2061 4456 2301 4511; x_wconf 86' lang='lat' dir='ltr'><strong>sanctus,</strong></span> <span class='ocrx_word' id='word_1_786' title='bbox 2335 4454 2390 4499; x_wconf 87' lang='lat' dir='ltr'><strong>et</strong></span> <span class='ocrx_word' id='word_1_787' title='bbox 2418 4445 2786 4514; x_wconf 85' lang='lat' dir='ltr'><strong>unusquisque</strong></span> <span class='ocrx_word' id='word_1_788' title='bbox 2816 4445 2917 4501; x_wconf 88' lang='lat' dir='ltr'><strong>sibi</strong></span> <span class='ocrx_word' id='word_1_789' title='bbox 2947 4446 3021 4500; x_wconf 91' lang='lat' dir='ltr'><strong>sit</strong></span> <span class='ocrx_word' id='word_1_790' title='bbox 3056 4445 3334 4501; x_wconf 72' lang='lat' dir='ltr'><strong>sufﬁciens</strong></span> <span class='ocrx_word' id='word_1_791' title='bbox 3368 4444 3496 4512; x_wconf 75' lang='grc'>⁸⁸⁸³,</span> <span class='ocrx_word' id='word_1_792' title='bbox 3518 4454 3642 4512; x_wconf 77' lang='lat' dir='ltr'><strong>qua:</strong></span> 
     </span>
    </p>
   </div>
   <div class='ocr_carea' id='block_1_94' title="bbox 1665 4579 2322 4642">
    <p class='ocr_par' dir='ltr' id='par_1_94' title="bbox 1665 4579 2322 4642">
     <span class='ocr_line' id='line_1_94' title="bbox 1665 4579 2322 4642; baseline 0.011 -10"><span class='ocrx_word' id='word_1_793' title='bbox 1665 4579 1884 4638; x_wconf 55' lang='lat' dir='ltr'><strong>VARIIE</strong></span> <span class='ocrx_word' id='word_1_794' title='bbox 1923 4584 2322 4642; x_wconf 73' lang='lat' dir='ltr'><strong>LECTIONES.</strong></span> 
     </span>
    </p>
   </div>
   <div class='ocr_carea' id='block_1_95' title="bbox 442 4704 3640 4788">
    <p class='ocr_par' dir='ltr' id='par_1_95' title="bbox 442 4704 3640 4788">
     <span class='ocr_line' id='line_1_95' title="bbox 442 4704 3640 4788; baseline 0.007 -32"><span class='ocrx_word' id='word_1_795' title='bbox 442 4705 534 4788; x_wconf 51' lang='lat' dir='ltr'><strong>&quot;ff</strong></span> <span class='ocrx_word' id='word_1_796' title='bbox 570 4704 645 4759; x_wconf 85' lang='lat' dir='ltr'><strong>lta</strong></span> <span class='ocrx_word' id='word_1_797' title='bbox 695 4719 817 4788; x_wconf 78' lang='lat' dir='ltr'><strong>cum</strong></span> <span class='ocrx_word' id='word_1_798' title='bbox 880 4707 1011 4788; x_wconf 76' lang='lat' dir='ltr'><strong>dicit</strong></span> <span class='ocrx_word' id='word_1_799' title='bbox 1061 4723 1185 4788; x_wconf 60' lang='lat' dir='ltr'><strong>eum</strong></span> <span class='ocrx_word' id='word_1_800' title='bbox 1223 4710 1304 4788; x_wconf 85' lang='lat' dir='ltr'><strong>de</strong></span> <span class='ocrx_word' id='word_1_801' title='bbox 1356 4709 1516 4788; x_wconf 74' lang='lat' dir='ltr'><strong>Patre</strong></span> <span class='ocrx_word' id='word_1_802' title='bbox 1574 4714 1882 4788; x_wconf 67' lang='lat' dir='ltr'><strong>procedere</strong></span> <span class='ocrx_word' id='word_1_803' title='bbox 1943 4733 2043 4773; x_wconf 89' lang='lat' dir='ltr'><strong>ms.</strong></span> <span class='ocrx_word' id='word_1_804' title='bbox 2094 4717 2255 4774; x_wconf 70' lang='grc' dir='ltr'>συιδ.</span> <span class='ocrx_word' id='word_1_805' title='bbox 2315 4724 2387 4771; x_wconf 85' lang='lat' dir='ltr'><strong>tta</strong></span> <span class='ocrx_word' id='word_1_806' title='bbox 2443 4732 2563 4772; x_wconf 91' lang='lat' dir='ltr'><strong>cum</strong></span> <span class='ocrx_word' id='word_1_807' title='bbox 2618 4718 2827 4773; x_wconf 87' lang='lat' dir='ltr'><strong>diceret</strong></span> <span class='ocrx_word' id='word_1_808' title='bbox 2878 4719 3125 4773; x_wconf 89' lang='lat' dir='ltr'><strong>eumdem</strong></span> <span class='ocrx_word' id='word_1_809' title='bbox 3179 4718 3473 4788; x_wconf 81' lang='lat' dir='ltr'><strong>procedere</strong></span> <span class='ocrx_word' id='word_1_810' title='bbox 3545 4721 3640 4755; x_wconf 74' lang='grc'><strong><em>³⁸⁷⁸</em></strong></span> 
     </span>
    </p>
   </div>
   <div class='ocr_carea' id='block_1_96' title="bbox 376 4774 3637 4858">
    <p class='ocr_par' dir='ltr' id='par_1_96' title="bbox 376 4774 3637 4858">
     <span class='ocr_line' id='line_1_96' title="bbox 376 4774 3637 4858; baseline 0.006 -31"><span class='ocrx_word' id='word_1_811' title='bbox 376 4774 558 4858; x_wconf 71' lang='lat' dir='ltr'><strong>Dubio</strong></span> <span class='ocrx_word' id='word_1_812' title='bbox 587 4791 709 4858; x_wconf 73' lang='lat' dir='ltr'><strong>eum</strong></span> <span class='ocrx_word' id='word_1_813' title='bbox 747 4777 813 4830; x_wconf 90' lang='lat' dir='ltr'><strong>de</strong></span> <span class='ocrx_word' id='word_1_814' title='bbox 844 4789 913 4858; x_wconf 44' lang='lat' dir='ltr'><strong>.se</strong></span> <span class='ocrx_word' id='word_1_815' title='bbox 966 4778 1243 4858; x_wconf 72' lang='lat' dir='ltr'><strong>significat</strong></span> <span class='ocrx_word' id='word_1_816' title='bbox 1290 4774 1590 4858; x_wconf 69' lang='lat' dir='ltr'><strong>procedere</strong></span> <span class='ocrx_word' id='word_1_817' title='bbox 1634 4783 1958 4858; x_wconf 43' lang='lat' dir='ltr'><strong>mss_.WVi_ct.</strong></span> <span class='ocrx_word' id='word_1_818' title='bbox 2014 4788 2179 4858; x_wconf 85' lang='lat' dir='ltr'><strong>dubio</strong></span> <span class='ocrx_word' id='word_1_819' title='bbox 2235 4802 2357 4843; x_wconf 88' lang='lat' dir='ltr'><strong>eum</strong></span> <span class='ocrx_word' id='word_1_820' title='bbox 2411 4788 2681 4858; x_wconf 59' lang='lat' dir='ltr'><strong>significat</strong></span> <span class='ocrx_word' id='word_1_821' title='bbox 2738 4790 2804 4842; x_wconf 90' lang='lat' dir='ltr'><strong>de</strong></span> <span class='ocrx_word' id='word_1_822' title='bbox 2862 4802 2922 4843; x_wconf 89' lang='lat' dir='ltr'><strong>sc</strong></span> <span class='ocrx_word' id='word_1_823' title='bbox 2968 4774 3259 4858; x_wconf 78' lang='lat' dir='ltr'><strong>procedere</strong></span> <span class='ocrx_word' id='word_1_824' title='bbox 3315 4774 3414 4843; x_wconf 85' lang='lat' dir='ltr'><strong>ms.</strong></span> <span class='ocrx_word' id='word_1_825' title='bbox 3452 4774 3637 4847; x_wconf 20' lang='grc' dir='ltr'><strong>ίϐοι-ι.</strong></span> 
     </span>
    </p>
   </div>
   <div class='ocr_carea' id='block_1_97' title="bbox 371 4845 3641 4927">
    <p class='ocr_par' dir='ltr' id='par_1_97' title="bbox 371 4845 3641 4927">
     <span class='ocr_line' id='line_1_97' title="bbox 371 4845 3641 4927; baseline 0.006 -30"><span class='ocrx_word' id='word_1_826' title='bbox 371 4846 537 4927; x_wconf 64' lang='lat' dir='ltr'><strong>dubio</strong></span> <span class='ocrx_word' id='word_1_827' title='bbox 598 4854 772 4900; x_wconf 90' lang='lat' dir='ltr'><strong>tamen</strong></span> <span class='ocrx_word' id='word_1_828' title='bbox 799 4845 892 4927; x_wconf 44' lang='lat' dir='ltr'><strong>“de</strong></span> <span class='ocrx_word' id='word_1_829' title='bbox 938 4845 1825 4927; x_wconf 14' lang='lat' dir='ltr'><strong>se&#39;procedere_signiﬁcatmgf’f’</strong></span> <span class='ocrx_word' id='word_1_830' title='bbox 1854 4856 1985 4911; x_wconf 69' lang='lat' dir='ltr'><strong>Car.</strong></span> <span class='ocrx_word' id='word_1_831' title='bbox 2025 4856 2080 4913; x_wconf 87' lang='lat'><strong>9.</strong></span> <span class='ocrx_word' id='word_1_832' title='bbox 2138 4857 2236 4911; x_wconf 83' lang='lat' dir='ltr'><strong>Est</strong></span> <span class='ocrx_word' id='word_1_833' title='bbox 2284 4859 2341 4913; x_wconf 90' lang='lat' dir='ltr'><strong>in</strong></span> <span class='ocrx_word' id='word_1_834' title='bbox 2388 4845 2491 4911; x_wconf 64' lang='grc' dir='ltr'>ιιιδῖ</span> <span class='ocrx_word' id='word_1_835' title='bbox 2542 4856 2674 4912; x_wconf 87' lang='lat' dir='ltr'><strong>Vict.</strong></span> <span class='ocrx_word' id='word_1_836' title='bbox 2713 4860 2801 4914; x_wconf 74' lang='lat'><strong>1&#39;5.</strong></span> <span class='ocrx_word' id='word_1_837' title='bbox 2846 4845 3002 4927; x_wconf 68' lang='lat' dir='ltr'><strong>capsit</strong></span> <span class='ocrx_word' id='word_1_838' title='bbox 3062 4859 3131 4913; x_wconf 72' lang='lat'><strong>10</strong></span> <span class='ocrx_word' id='word_1_839' title='bbox 3205 4859 3300 4891; x_wconf 81' lang='lat'><strong>“&quot;</strong></span> <span class='ocrx_word' id='word_1_840' title='bbox 3325 4845 3641 4916; x_wconf 78' lang='lat' dir='ltr'><strong>Paraclelus</strong></span> 
     </span>
    </p>
   </div>
   <div class='ocr_carea' id='block_1_98' title="bbox 372 4915 3630 4992">
    <p class='ocr_par' dir='ltr' id='par_1_98' title="bbox 372 4915 3630 4992">
     <span class='ocr_line' id='line_1_98' title="bbox 372 4915 3630 4992; baseline 0.005 -23"><span class='ocrx_word' id='word_1_841' title='bbox 372 4916 611 4992; x_wconf 64' lang='lat' dir='ltr'><strong>Spiritus</strong></span> <span class='ocrx_word' id='word_1_842' title='bbox 634 4931 759 4970; x_wconf 85' lang='lat' dir='ltr'><strong>mss.</strong></span> <span class='ocrx_word' id='word_1_843' title='bbox 799 4915 1113 4972; x_wconf 84' lang='lat' dir='ltr'><strong>Paraclctus</strong></span> <span class='ocrx_word' id='word_1_844' title='bbox 1142 4926 1319 4992; x_wconf 65' lang='lat' dir='ltr'><strong>autem</strong></span> <span class='ocrx_word' id='word_1_845' title='bbox 1345 4915 1580 4992; x_wconf 70' lang='lat' dir='ltr'><strong>Spiritus</strong></span> <span class='ocrx_word' id='word_1_846' title='bbox 1658 4923 1751 4957; x_wconf 73' lang='grc'><strong><em>³⁵⁷⁵</em></strong></span> <span class='ocrx_word' id='word_1_847' title='bbox 1775 4925 1862 4992; x_wconf 86' lang='lat' dir='ltr'><strong>Et,</strong></span> <span class='ocrx_word' id='word_1_848' title='bbox 1889 4942 2010 4982; x_wconf 88' lang='lat' dir='ltr'><strong>cum</strong></span> <span class='ocrx_word' id='word_1_849' title='bbox 2041 4936 2222 4983; x_wconf 85' lang='lat' dir='ltr'><strong>autem</strong></span> <span class='ocrx_word' id='word_1_850' title='bbox 2254 4945 2379 4983; x_wconf 86' lang='lat' dir='ltr'><strong>mss.</strong></span> <span class='ocrx_word' id='word_1_851' title='bbox 2426 4927 2557 4982; x_wconf 84' lang='lat' dir='ltr'><strong>Vict.</strong></span> <span class='ocrx_word' id='word_1_852' title='bbox 2586 4928 2656 4982; x_wconf 83' lang='lat' dir='ltr'><strong>Et</strong></span> <span class='ocrx_word' id='word_1_853' title='bbox 2693 4915 2956 4983; x_wconf 59' lang='lat' dir='ltr'><strong>rursum&#39;:</strong></span> <span class='ocrx_word' id='word_1_854' title='bbox 2985 4944 3107 4983; x_wconf 88' lang='lat' dir='ltr'><strong>cum</strong></span> <span class='ocrx_word' id='word_1_855' title='bbox 3136 4940 3317 4983; x_wconf 88' lang='lat' dir='ltr'><strong>autem</strong></span> <span class='ocrx_word' id='word_1_856' title='bbox 3344 4946 3444 4984; x_wconf 87' lang='lat' dir='ltr'><strong>ms.</strong></span> <span class='ocrx_word' id='word_1_857' title='bbox 3478 4915 3630 4987; x_wconf 72' lang='lat' dir='ltr'><strong>corb.</strong></span> 
     </span>
    </p>
   </div>
   <div class='ocr_carea' id='block_1_99' title="bbox 372 4985 3289 5055">
    <p class='ocr_par' dir='ltr' id='par_1_99' title="bbox 372 4985 3289 5055">
     <span class='ocr_line' id='line_1_99' title="bbox 372 4985 3289 5055; baseline 0.005 -15"><span class='ocrx_word' id='word_1_858' title='bbox 372 4985 437 5040; x_wconf 73' lang='lat' dir='ltr'><strong>Et</strong></span> <span class='ocrx_word' id='word_1_859' title='bbox 464 4987 697 5040; x_wconf 89' lang='lat' dir='ltr'><strong>iterum:</strong></span> <span class='ocrx_word' id='word_1_860' title='bbox 730 4996 1070 5055; x_wconf 81' lang='lat' dir='ltr'><strong>comantem</strong></span> <span class='ocrx_word' id='word_1_861' title='bbox 1148 4988 1244 5020; x_wconf 80' lang='grc'>¹⁸⁸⁰</span> <span class='ocrx_word' id='word_1_862' title='bbox 1278 4990 1340 5042; x_wconf 81' lang='lat' dir='ltr'><strong>Et</strong></span> <span class='ocrx_word' id='word_1_863' title='bbox 1384 4985 1506 5045; x_wconf 77' lang='lat' dir='ltr'><strong>cum</strong></span> <span class='ocrx_word' id='word_1_864' title='bbox 1543 4992 1719 5048; x_wconf 89' lang='lat' dir='ltr'><strong>mittet</strong></span> <span class='ocrx_word' id='word_1_865' title='bbox 1748 4985 1870 5050; x_wconf 72' lang='lat' dir='ltr'><strong>mss.</strong></span> <span class='ocrx_word' id='word_1_866' title='bbox 1911 4996 1978 5052; x_wconf 87' lang='lat' dir='ltr'><strong>Ut</strong></span> <span class='ocrx_word' id='word_1_867' title='bbox 2005 5013 2129 5052; x_wconf 91' lang='lat' dir='ltr'><strong>cum</strong></span> <span class='ocrx_word' id='word_1_868' title='bbox 2178 4998 2359 5052; x_wconf 87' lang='lat' dir='ltr'><strong>mittet</strong></span> <span class='ocrx_word' id='word_1_869' title='bbox 2401 5014 2503 5053; x_wconf 88' lang='lat' dir='ltr'><strong>ms.</strong></span> <span class='ocrx_word' id='word_1_870' title='bbox 2532 4998 2689 5053; x_wconf 88' lang='lat' dir='ltr'><strong>Corb.</strong></span> <span class='ocrx_word' id='word_1_871' title='bbox 2722 5011 2923 5054; x_wconf 91' lang='lat' dir='ltr'><strong>utcnm</strong></span> <span class='ocrx_word' id='word_1_872' title='bbox 2956 5000 3124 5055; x_wconf 90' lang='lat' dir='ltr'><strong>tnittit</strong></span> <span class='ocrx_word' id='word_1_873' title='bbox 3199 5000 3289 5032; x_wconf 74' lang='grc' dir='ltr'><strong>ί⁸⁸¹</strong></span> 
     </span>
    </p>
   </div>
   <div class='ocr_carea' id='block_1_100' title="bbox 374 5054 3310 5135">
    <p class='ocr_par' dir='ltr' id='par_1_100' title="bbox 374 5054 3310 5135">
     <span class='ocr_line' id='line_1_100' title="bbox 374 5054 3310 5135; baseline 0.006 -27"><span class='ocrx_word' id='word_1_874' title='bbox 374 5055 765 5135; x_wconf 60' lang='lat' dir='ltr'><strong>mittatuvobis</strong></span> <span class='ocrx_word' id='word_1_875' title='bbox 796 5071 825 5110; x_wconf 91' lang='lat' dir='ltr'><strong>a</strong></span> <span class='ocrx_word' id='word_1_876' title='bbox 854 5054 1022 5135; x_wconf 65' lang='lat' dir='ltr'><strong>Patre</strong></span> <span class='ocrx_word' id='word_1_877' title='bbox 1046 5055 1340 5135; x_wconf 36' lang='lat' dir='ltr'><strong>mss.‘_Vict.</strong></span> <span class='ocrx_word' id='word_1_878' title='bbox 1365 5061 1520 5135; x_wconf 53' lang='lat' dir='ltr'><strong>Cori).</strong></span> <span class='ocrx_word' id='word_1_879' title='bbox 1552 5063 1724 5118; x_wconf 87' lang='lat' dir='ltr'><strong>omitt.</strong></span> <span class='ocrx_word' id='word_1_880' title='bbox 1759 5066 1911 5121; x_wconf 85' lang='lat' dir='ltr'><strong>vobis</strong></span> <span class='ocrx_word' id='word_1_881' title='bbox 1991 5067 2088 5106; x_wconf 63' lang='lat'><strong>&quot;0&#39;</strong></span> <span class='ocrx_word' id='word_1_882' title='bbox 2123 5067 2286 5122; x_wconf 83' lang='lat' dir='ltr'><strong>Mittit</strong></span> <span class='ocrx_word' id='word_1_883' title='bbox 2310 5067 2471 5133; x_wconf 83' lang='lat' dir='ltr'><strong>ﬁlius,</strong></span> <span class='ocrx_word' id='word_1_884' title='bbox 2507 5083 2682 5135; x_wconf 88' lang='lat' dir='ltr'><strong>neque</strong></span> <span class='ocrx_word' id='word_1_885' title='bbox 2706 5086 2835 5124; x_wconf 86' lang='lat' dir='ltr'><strong>mss.</strong></span> <span class='ocrx_word' id='word_1_886' title='bbox 2865 5070 3030 5125; x_wconf 91' lang='lat' dir='ltr'><strong>mittit</strong></span> <span class='ocrx_word' id='word_1_887' title='bbox 3066 5054 3132 5127; x_wconf 83' lang='lat' dir='ltr'><strong>et</strong></span> <span class='ocrx_word' id='word_1_888' title='bbox 3170 5069 3310 5126; x_wconf 88' lang='lat' dir='ltr'><strong>lilius</strong></span> 
     </span>
    </p>
   </div>
   <div class='ocr_carea' id='block_1_101' title="bbox 3322 5000 3641 5105">
    <p class='ocr_par' dir='ltr' id='par_1_101' title="bbox 3322 5000 3641 5105">
     <span class='ocr_line' id='line_1_101' title="bbox 3322 5000 3641 5105; baseline 0 0"><span class='ocrx_word' id='word_1_889' title='bbox 3322 5000 3490 5105; x_wconf 56' lang='lat'><strong>9???</strong></span> <span class='ocrx_word' id='word_1_890' title='bbox 3537 5016 3641 5105; x_wconf 68' lang='grc' dir='ltr'><strong>ιιι</strong></span> 
     </span>
    </p>
   </div>
   <div class='ocr_carea' id='block_1_102' title="bbox 3358 5071 3638 5127">
    <p class='ocr_par' dir='ltr' id='par_1_102' title="bbox 3358 5071 3638 5127">
     <span class='ocr_line' id='line_1_102' title="bbox 3358 5071 3638 5127; baseline 0.011 -2"><span class='ocrx_word' id='word_1_891' title='bbox 3358 5083 3461 5127; x_wconf 85' lang='lat' dir='ltr'><strong>nec</strong></span> <span class='ocrx_word' id='word_1_892' title='bbox 3541 5071 3638 5106; x_wconf 66' lang='grc'><strong><em>⁸⁸⁸³</em></strong></span> 
     </span>
    </p>
   </div>
   <div class='ocr_carea' id='block_1_103' title="bbox 370 5126 3632 5261">
    <p class='ocr_par' dir='ltr' id='par_1_103' title="bbox 370 5126 3632 5261">
     <span class='ocr_line' id='line_1_103' title="bbox 370 5126 3632 5201; baseline 0.007 -24"><span class='ocrx_word' id='word_1_893' title='bbox 370 5127 503 5180; x_wconf 71' lang='lat' dir='ltr'><strong>tium</strong></span> <span class='ocrx_word' id='word_1_894' title='bbox 531 5127 714 5197; x_wconf 80' lang='lat' dir='ltr'><strong>utique</strong></span> <span class='ocrx_word' id='word_1_895' title='bbox 744 5142 866 5180; x_wconf 86' lang='lat' dir='ltr'><strong>mss.</strong></span> <span class='ocrx_word' id='word_1_896' title='bbox 900 5136 949 5180; x_wconf 89' lang='lat' dir='ltr'><strong>et</strong></span> <span class='ocrx_word' id='word_1_897' title='bbox 976 5126 1119 5181; x_wconf 76' lang='lat' dir='ltr'><strong>Edit.</strong></span> <span class='ocrx_word' id='word_1_898' title='bbox 1159 5126 1315 5184; x_wconf 56' lang='lat' dir='ltr'><strong>Cotti.</strong></span> <span class='ocrx_word' id='word_1_899' title='bbox 1348 5147 1470 5185; x_wconf 91' lang='lat' dir='ltr'><strong>cum</strong></span> <span class='ocrx_word' id='word_1_900' title='bbox 1497 5132 1677 5201; x_wconf 84' lang='lat' dir='ltr'><strong>itaque</strong></span> <span class='ocrx_word' id='word_1_901' title='bbox 1710 5152 1806 5188; x_wconf 87' lang='lat' dir='ltr'><strong>ms.</strong></span> <span class='ocrx_word' id='word_1_902' title='bbox 1838 5135 1995 5191; x_wconf 85' lang='lat' dir='ltr'><strong>Corb.</strong></span> <span class='ocrx_word' id='word_1_903' title='bbox 2031 5152 2154 5193; x_wconf 89' lang='lat' dir='ltr'><strong>cum</strong></span> <span class='ocrx_word' id='word_1_904' title='bbox 2187 5139 2265 5193; x_wconf 89' lang='lat' dir='ltr'><strong>sic</strong></span> <span class='ocrx_word' id='word_1_905' title='bbox 2295 5139 2365 5192; x_wconf 90' lang='lat' dir='ltr'><strong>ita</strong></span> <span class='ocrx_word' id='word_1_906' title='bbox 2411 5126 2479 5192; x_wconf 80' lang='lat' dir='ltr'><strong>ne</strong></span> <span class='ocrx_word' id='word_1_907' title='bbox 2552 5126 2647 5171; x_wconf 58' lang='grc' dir='ltr'><strong>ηδ*</strong></span> <span class='ocrx_word' id='word_1_908' title='bbox 2676 5140 2788 5195; x_wconf 86' lang='lat' dir='ltr'><strong>Nec</strong></span> <span class='ocrx_word' id='word_1_909' title='bbox 2821 5140 2963 5195; x_wconf 87' lang='lat' dir='ltr'><strong>lilius</strong></span> <span class='ocrx_word' id='word_1_910' title='bbox 2995 5141 3173 5196; x_wconf 84' lang='lat' dir='ltr'><strong>mittat</strong></span> <span class='ocrx_word' id='word_1_911' title='bbox 3199 5143 3299 5197; x_wconf 90' lang='lat' dir='ltr'><strong>nisi</strong></span> <span class='ocrx_word' id='word_1_912' title='bbox 3323 5156 3450 5196; x_wconf 75' lang='lat' dir='ltr'><strong>mss.</strong></span> <span class='ocrx_word' id='word_1_913' title='bbox 3495 5138 3632 5196; x_wconf 76' lang='lat' dir='ltr'><strong>Vict.</strong></span> 
     </span>
     <span class='ocr_line' id='line_1_104' title="bbox 372 5155 3632 5261; baseline 0.004 -12"><span class='ocrx_word' id='word_1_914' title='bbox 372 5195 528 5250; x_wconf 71' lang='lat' dir='ltr'><strong>(Iorb.</strong></span> <span class='ocrx_word' id='word_1_915' title='bbox 555 5198 741 5253; x_wconf 69' lang='lat' dir='ltr'><strong>Crater.</strong></span> <span class='ocrx_word' id='word_1_916' title='bbox 777 5198 944 5250; x_wconf 88' lang='lat' dir='ltr'><strong>omitt.</strong></span> <span class='ocrx_word' id='word_1_917' title='bbox 973 5198 1153 5253; x_wconf 85' lang='lat' dir='ltr'><strong>mittat</strong></span> <span class='ocrx_word' id='word_1_918' title='bbox 1232 5200 1322 5231; x_wconf 79' lang='grc'><strong>’⁵⁸⁵</strong></span> <span class='ocrx_word' id='word_1_919' title='bbox 1348 5202 1485 5261; x_wconf 82' lang='lat' dir='ltr'><strong>Quid</strong></span> <span class='ocrx_word' id='word_1_920' title='bbox 1538 5204 1653 5256; x_wconf 86' lang='lat' dir='ltr'><strong>vult</strong></span> <span class='ocrx_word' id='word_1_921' title='bbox 1683 5205 1976 5261; x_wconf 71' lang='lat' dir='ltr'><strong>significari</strong></span> <span class='ocrx_word' id='word_1_922' title='bbox 2022 5224 2147 5261; x_wconf 81' lang='lat' dir='ltr'><strong>mss.</strong></span> <span class='ocrx_word' id='word_1_923' title='bbox 2195 5206 2326 5261; x_wconf 82' lang='lat' dir='ltr'><strong>Vict.</strong></span> <span class='ocrx_word' id='word_1_924' title='bbox 2360 5155 2520 5261; x_wconf 61' lang='lat' dir='ltr'><strong>garb.</strong></span> <span class='ocrx_word' id='word_1_925' title='bbox 2547 5211 2676 5261; x_wconf 79' lang='lat' dir='ltr'><strong>quid</strong></span> <span class='ocrx_word' id='word_1_926' title='bbox 2723 5211 2838 5261; x_wconf 87' lang='lat' dir='ltr'><strong>vult</strong></span> <span class='ocrx_word' id='word_1_927' title='bbox 2863 5210 3174 5261; x_wconf 70' lang='lat' dir='ltr'><strong>signiﬁcare</strong></span> <span class='ocrx_word' id='word_1_928' title='bbox 3250 5211 3345 5245; x_wconf 72' lang='lat' dir='ltr'><strong>W“</strong></span> <span class='ocrx_word' id='word_1_929' title='bbox 3374 5213 3483 5261; x_wconf 80' lang='lat' dir='ltr'><strong>Ant</strong></span> <span class='ocrx_word' id='word_1_930' title='bbox 3501 5212 3632 5261; x_wconf 87' lang='lat' dir='ltr'><strong>onid</strong></span> 
     </span>
    </p>
   </div>
   <div class='ocr_carea' id='block_1_104' title="bbox 372 5195 2326 5275">
    <p class='ocr_par' dir='ltr' id='par_1_104' title="bbox 372 5195 2326 5275">
     <span class='ocr_line' id='line_1_105' title="bbox 372 5195 2326 5275; baseline 0.006 -26"><span class='ocrx_word' id='word_1_931' title='bbox 372 5195 534 5275; x_wconf 60' lang='grc' dir='ltr'><strong>ϐοιύἶ</strong></span> <span class='ocrx_word' id='word_1_932' title='bbox 555 5195 742 5275; x_wconf 52' lang='lat' dir='ltr'><strong>(Stater.</strong></span> <span class='ocrx_word' id='word_1_933' title='bbox 777 5198 1153 5275; x_wconf 52' lang='lat' dir='ltr'><strong>0tttt&#39;tl._.tttillanl.</strong></span> <span class='ocrx_word' id='word_1_934' title='bbox 1217 5200 1322 5275; x_wconf 76' lang='lat'><strong>_&quot;&quot;</strong></span> <span class='ocrx_word' id='word_1_935' title='bbox 1348 5202 1485 5275; x_wconf 83' lang='lat' dir='ltr'><strong>Quid</strong></span> <span class='ocrx_word' id='word_1_936' title='bbox 1538 5195 1653 5275; x_wconf 75' lang='lat' dir='ltr'><strong>vult</strong></span> <span class='ocrx_word' id='word_1_937' title='bbox 1683 5205 1976 5275; x_wconf 75' lang='lat' dir='ltr'><strong>signiﬁcari</strong></span> <span class='ocrx_word' id='word_1_938' title='bbox 2022 5224 2147 5261; x_wconf 82' lang='lat' dir='ltr'><strong>mss.</strong></span> <span class='ocrx_word' id='word_1_939' title='bbox 2195 5206 2326 5261; x_wconf 88' lang='lat' dir='ltr'><strong>Vict.</strong></span> 
     </span>
    </p>
   </div>
   <div class='ocr_carea' id='block_1_105' title="bbox 2406 5208 3637 5281">
    <p class='ocr_par' dir='ltr' id='par_1_105' title="bbox 2406 5208 3637 5281">
     <span class='ocr_line' id='line_1_106' title="bbox 2406 5208 3637 5281; baseline 0.006 -20"><span class='ocrx_word' id='word_1_940' title='bbox 2406 5208 2520 5264; x_wconf 81' lang='lat' dir='ltr'><strong>orb.</strong></span> <span class='ocrx_word' id='word_1_941' title='bbox 2547 5211 2676 5281; x_wconf 81' lang='lat' dir='ltr'><strong>quid</strong></span> <span class='ocrx_word' id='word_1_942' title='bbox 2723 5211 2838 5264; x_wconf 84' lang='lat' dir='ltr'><strong>vult</strong></span> <span class='ocrx_word' id='word_1_943' title='bbox 2863 5210 3174 5281; x_wconf 80' lang='lat' dir='ltr'><strong>signiﬁcare</strong></span> <span class='ocrx_word' id='word_1_944' title='bbox 3250 5211 3345 5245; x_wconf 73' lang='grc'>⁸⁸⁸⁸</span> <span class='ocrx_word' id='word_1_945' title='bbox 3374 5213 3483 5265; x_wconf 80' lang='lat' dir='ltr'><strong>Aut</strong></span> <span class='ocrx_word' id='word_1_946' title='bbox 3501 5212 3637 5281; x_wconf 84' lang='lat' dir='ltr'><strong>quid</strong></span> 
     </span>
    </p>
   </div>
   <div class='ocr_carea' id='block_1_106' title="bbox 378 5265 3634 5342">
    <p class='ocr_par' dir='ltr' id='par_1_106' title="bbox 378 5265 3634 5342">
     <span class='ocr_line' id='line_1_107' title="bbox 378 5265 3634 5342; baseline 0.005 -24"><span class='ocrx_word' id='word_1_947' title='bbox 378 5268 493 5342; x_wconf 48' lang='lat' dir='ltr'><strong>\ﬂ&#39;ult</strong></span> <span class='ocrx_word' id='word_1_948' title='bbox 522 5266 743 5342; x_wconf 74' lang='lat' dir='ltr'><strong>intelligi</strong></span> <span class='ocrx_word' id='word_1_949' title='bbox 778 5282 905 5342; x_wconf 81' lang='lat' dir='ltr'><strong>mss.</strong></span> <span class='ocrx_word' id='word_1_950' title='bbox 940 5265 1260 5342; x_wconf 30' lang='lat' dir='ltr'><strong>Victagorb.</strong></span> <span class='ocrx_word' id='word_1_951' title='bbox 1294 5265 1461 5342; x_wconf 72' lang='lat' dir='ltr'><strong>omitt.</strong></span> <span class='ocrx_word' id='word_1_952' title='bbox 1493 5274 1620 5342; x_wconf 89' lang='lat' dir='ltr'><strong>quid</strong></span> <span class='ocrx_word' id='word_1_953' title='bbox 1651 5265 1765 5329; x_wconf 69' lang='lat' dir='ltr'><strong>ruﬁ</strong></span> <span class='ocrx_word' id='word_1_954' title='bbox 1843 5276 1932 5308; x_wconf 79' lang='grc'><strong>⁸⁸⁸⁷</strong></span> <span class='ocrx_word' id='word_1_955' title='bbox 1980 5277 2129 5332; x_wconf 85' lang='lat' dir='ltr'><strong>Unde</strong></span> <span class='ocrx_word' id='word_1_956' title='bbox 2169 5278 2312 5331; x_wconf 85' lang='lat' dir='ltr'><strong>enim</strong></span> <span class='ocrx_word' id='word_1_957' title='bbox 2336 5277 2447 5333; x_wconf 83' lang='lat' dir='ltr'><strong>lilio</strong></span> <span class='ocrx_word' id='word_1_958' title='bbox 2478 5265 2599 5335; x_wconf 78' lang='lat' dir='ltr'><strong>cum</strong></span> <span class='ocrx_word' id='word_1_959' title='bbox 2625 5280 2787 5335; x_wconf 85' lang='lat' dir='ltr'><strong>Pater</strong></span> <span class='ocrx_word' id='word_1_960' title='bbox 2807 5265 2943 5335; x_wconf 62' lang='lat' dir='ltr'><strong>dare</strong></span> <span class='ocrx_word' id='word_1_961' title='bbox 2967 5265 3126 5335; x_wconf 83' lang='lat' dir='ltr'><strong>simul</strong></span> <span class='ocrx_word' id='word_1_962' title='bbox 3154 5265 3239 5335; x_wconf 62' lang='lat' dir='ltr'><strong>rel</strong></span> <span class='ocrx_word' id='word_1_963' title='bbox 3263 5298 3389 5334; x_wconf 86' lang='lat' dir='ltr'><strong>mss.</strong></span> <span class='ocrx_word' id='word_1_964' title='bbox 3437 5290 3486 5334; x_wconf 90' lang='lat' dir='ltr'><strong>et</strong></span> <span class='ocrx_word' id='word_1_965' title='bbox 3520 5265 3634 5334; x_wconf 58' lang='grc' dir='ltr'><strong>Ἐήξ</strong></span> 
     </span>
    </p>
   </div>
   <div class='ocr_carea' id='block_1_107' title="bbox 372 5329 2028 5403">
    <p class='ocr_par' dir='ltr' id='par_1_107' title="bbox 372 5329 2028 5403">
     <span class='ocr_line' id='line_1_108' title="bbox 372 5329 2028 5403; baseline 0.009 -18"><span class='ocrx_word' id='word_1_966' title='bbox 372 5336 528 5388; x_wconf 73' lang='grc' dir='ltr'><strong>(ῖοιΙι.</strong></span> <span class='ocrx_word' id='word_1_967' title='bbox 561 5329 875 5392; x_wconf 65' lang='grc' dir='ltr'>υιιιιέριιὴιι</span> <span class='ocrx_word' id='word_1_968' title='bbox 934 5347 1019 5391; x_wconf 90' lang='lat' dir='ltr'><strong>est</strong></span> <span class='ocrx_word' id='word_1_969' title='bbox 1069 5336 1180 5392; x_wconf 78' lang='lat' dir='ltr'><strong>lilio</strong></span> <span class='ocrx_word' id='word_1_970' title='bbox 1217 5340 1375 5394; x_wconf 85' lang='lat' dir='ltr'><strong>simul</strong></span> <span class='ocrx_word' id='word_1_971' title='bbox 1405 5329 1527 5396; x_wconf 73' lang='lat' dir='ltr'><strong>cuin</strong></span> <span class='ocrx_word' id='word_1_972' title='bbox 1579 5342 1740 5398; x_wconf 90' lang='lat' dir='ltr'><strong>Patre</strong></span> <span class='ocrx_word' id='word_1_973' title='bbox 1790 5345 1922 5401; x_wconf 88' lang='lat' dir='ltr'><strong>dare</strong></span> <span class='ocrx_word' id='word_1_974' title='bbox 1946 5329 2028 5403; x_wconf 79' lang='lat' dir='ltr'><strong>vel</strong></span> 
     </span>
    </p>
   </div>
   <div class='ocr_carea' id='block_1_108' title="bbox 2105 5347 3641 5420">
    <p class='ocr_par' dir='ltr' id='par_1_108' title="bbox 2105 5347 3641 5420">
     <span class='ocr_line' id='line_1_109' title="bbox 2105 5347 3641 5420; baseline 0.002 -18"><span class='ocrx_word' id='word_1_975' title='bbox 2105 5347 2199 5379; x_wconf 80' lang='grc'><strong>⁸⁸⁸⁸</strong></span> <span class='ocrx_word' id='word_1_976' title='bbox 2234 5349 2308 5403; x_wconf 89' lang='lat' dir='ltr'><strong>De</strong></span> <span class='ocrx_word' id='word_1_977' title='bbox 2334 5358 2490 5420; x_wconf 83' lang='lat' dir='ltr'><strong>patre</strong></span> <span class='ocrx_word' id='word_1_978' title='bbox 2552 5351 2711 5420; x_wconf 88' lang='lat' dir='ltr'><strong>simul</strong></span> <span class='ocrx_word' id='word_1_979' title='bbox 2737 5353 2803 5407; x_wconf 90' lang='lat' dir='ltr'><strong>de</strong></span> <span class='ocrx_word' id='word_1_980' title='bbox 2824 5368 2948 5406; x_wconf 88' lang='lat' dir='ltr'><strong>mss.</strong></span> <span class='ocrx_word' id='word_1_981' title='bbox 2992 5351 3123 5406; x_wconf 87' lang='lat' dir='ltr'><strong>Vict.</strong></span> <span class='ocrx_word' id='word_1_982' title='bbox 3154 5352 3312 5406; x_wconf 80' lang='lat' dir='ltr'><strong>Corb.</strong></span> <span class='ocrx_word' id='word_1_983' title='bbox 3356 5350 3544 5405; x_wconf 80' lang='lat' dir='ltr'><strong>Cister.</strong></span> <span class='ocrx_word' id='word_1_984' title='bbox 3571 5351 3641 5405; x_wconf 81' lang='lat' dir='ltr'><strong>de</strong></span> 
     </span>
    </p>
   </div>
   <div class='ocr_carea' id='block_1_109' title="bbox 373 5403 3635 5487">
    <p class='ocr_par' dir='ltr' id='par_1_109' title="bbox 373 5403 3635 5487">
     <span class='ocr_line' id='line_1_110' title="bbox 373 5403 3635 5487; baseline 0.005 -29"><span class='ocrx_word' id='word_1_985' title='bbox 373 5403 532 5487; x_wconf 54' lang='lat' dir='ltr'><strong>Patre</strong></span> <span class='ocrx_word' id='word_1_986' title='bbox 554 5416 602 5460; x_wconf 88' lang='lat' dir='ltr'><strong>et</strong></span> <span class='ocrx_word' id='word_1_987' title='bbox 634 5407 728 5487; x_wconf 51' lang='lat' dir='ltr'><strong>de&quot;</strong></span> <span class='ocrx_word' id='word_1_988' title='bbox 775 5407 870 5487; x_wconf 48' lang='lat' dir='ltr'><strong>&quot;ff</strong></span> <span class='ocrx_word' id='word_1_989' title='bbox 906 5406 1134 5487; x_wconf 26' lang='lat' dir='ltr'><strong>Notule‘</strong></span> <span class='ocrx_word' id='word_1_990' title='bbox 1163 5407 1456 5487; x_wconf 80' lang='lat' dir='ltr'><strong>Filio,_no_n</strong></span> <span class='ocrx_word' id='word_1_991' title='bbox 1486 5413 1664 5487; x_wconf 76' lang='lat' dir='ltr'><strong>datur,</strong></span> <span class='ocrx_word' id='word_1_992' title='bbox 1715 5430 1814 5471; x_wconf 89' lang='lat' dir='ltr'><strong>nec</strong></span> <span class='ocrx_word' id='word_1_993' title='bbox 1865 5417 2067 5487; x_wconf 76' lang='lat' dir='ltr'><strong>dicitur</strong></span> <span class='ocrx_word' id='word_1_994' title='bbox 2090 5435 2220 5472; x_wconf 87' lang='lat' dir='ltr'><strong>mss.</strong></span> <span class='ocrx_word' id='word_1_995' title='bbox 2251 5429 2299 5472; x_wconf 89' lang='lat' dir='ltr'><strong>et</strong></span> <span class='ocrx_word' id='word_1_996' title='bbox 2337 5403 2494 5474; x_wconf 66' lang='lat' dir='ltr'><strong>&#39;Edit.</strong></span> <span class='ocrx_word' id='word_1_997' title='bbox 2538 5403 2949 5478; x_wconf 59' lang='grc' dir='ltr'><strong>ςόιιέζιῖὁιίὲἐι</strong></span> <span class='ocrx_word' id='word_1_998' title='bbox 2991 5403 3635 5487; x_wconf 55' lang='grc' dir='ltr'><strong>δέἰέίιῖυξιιοέιὶιειιπᾟ</strong></span> 
     </span>
    </p>
   </div>
   <div class='ocr_carea' id='block_1_110' title="bbox 374 5529 441 5572">
    <p class='ocr_par' dir='ltr' id='par_1_110' title="bbox 374 5529 441 5572">
     <span class='ocr_line' id='line_1_111' title="bbox 374 5529 441 5572; baseline -0.03 0"><span class='ocrx_word' id='word_1_999' title='bbox 374 5529 441 5572; x_wconf 68' lang='lat' dir='ltr'><strong>tsi</strong></span> 
     </span>
    </p>
   </div>
   <div class='ocr_carea' id='block_1_111' title="bbox 375 5610 1234 5676">
    <p class='ocr_par' dir='ltr' id='par_1_111' title="bbox 375 5610 1234 5676">
     <span class='ocr_line' id='line_1_112' title="bbox 375 5610 1234 5676; baseline 0.01 -9"><span class='ocrx_word' id='word_1_1000' title='bbox 375 5611 520 5667; x_wconf 82' lang='lat' dir='ltr'><strong>Edit.</strong></span> <span class='ocrx_word' id='word_1_1001' title='bbox 550 5610 835 5671; x_wconf 51' lang='lat' dir='ltr'><strong>Gotltfsibi</strong></span> <span class='ocrx_word' id='word_1_1002' title='bbox 865 5616 929 5672; x_wconf 88' lang='lat' dir='ltr'><strong>sit</strong></span> <span class='ocrx_word' id='word_1_1003' title='bbox 962 5616 1234 5676; x_wconf 82' lang='lat' dir='ltr'><strong>sulliciens</strong></span> 
     </span>
    </p>
   </div>
   <div class='ocr_carea' id='block_1_112' title="bbox 372 5472 3642 5561">
    <p class='ocr_par' dir='ltr' id='par_1_112' title="bbox 372 5472 3642 5561">
     <span class='ocr_line' id='line_1_113' title="bbox 372 5472 3642 5561; baseline 0.01 -50"><span class='ocrx_word' id='word_1_1004' title='bbox 372 5472 893 5561; x_wconf 38' lang='lat' dir='ltr'><strong>Eil‘ioéﬂgcgiqalur</strong></span> <span class='ocrx_word' id='word_1_1005' title='bbox 968 5476 1061 5509; x_wconf 72' lang='grc' dir='ltr'><strong>ισοο</strong></span> <span class='ocrx_word' id='word_1_1006' title='bbox 1095 5472 1731 5561; x_wconf 48' lang='lat' dir='ltr'><strong>Quomo&#39;ttq&#39;intelligunt</strong></span> <span class='ocrx_word' id='word_1_1007' title='bbox 1768 5503 1893 5561; x_wconf 80' lang='lat' dir='ltr'><strong>mss.</strong></span> <span class='ocrx_word' id='word_1_1008' title='bbox 1931 5485 2071 5541; x_wconf 85' lang='lat' dir='ltr'><strong>Vict.</strong></span> <span class='ocrx_word' id='word_1_1009' title='bbox 2110 5487 2247 5543; x_wconf 83' lang='lat' dir='ltr'><strong>Tltu.</strong></span> <span class='ocrx_word' id='word_1_1010' title='bbox 2285 5472 3642 5561; x_wconf 14' lang='lat' dir='ltr'><strong>GeutaBevc.Vidin—idolii.vqtiotnodo7intelligant</strong></span> 
     </span>
    </p>
   </div>
   <div class='ocr_carea' id='block_1_113' title="bbox 448 5542 3638 5627">
    <p class='ocr_par' dir='ltr' id='par_1_113' title="bbox 448 5542 3638 5627">
     <span class='ocr_line' id='line_1_114' title="bbox 448 5542 3638 5627; baseline 0.005 -29"><span class='ocrx_word' id='word_1_1011' title='bbox 448 5542 927 5627; x_wconf 25' lang='lat' dir='ltr'><strong>.‘I‘F&#39;ilitoJSpirit-um</strong></span> <span class='ocrx_word' id='word_1_1012' title='bbox 973 5542 1132 5627; x_wconf 44' lang='lat' dir='ltr'><strong>suam:</strong></span> <span class='ocrx_word' id='word_1_1013' title='bbox 1174 5565 1299 5605; x_wconf 85' lang='lat' dir='ltr'><strong>mss.</strong></span> <span class='ocrx_word' id='word_1_1014' title='bbox 1361 5549 1497 5606; x_wconf 87' lang='lat' dir='ltr'><strong>Vict.</strong></span> <span class='ocrx_word' id='word_1_1015' title='bbox 1532 5542 1642 5610; x_wconf 48' lang='lat' dir='ltr'><strong>illivo</strong></span> <span class='ocrx_word' id='word_1_1016' title='bbox 1698 5554 1962 5627; x_wconf 88' lang='lat' dir='ltr'><strong>Spiritum</strong></span> <span class='ocrx_word' id='word_1_1017' title='bbox 1986 5542 2241 5614; x_wconf 87' lang='lat' dir='ltr'><strong>sanctum</strong></span> <span class='ocrx_word' id='word_1_1018' title='bbox 2264 5542 2431 5616; x_wconf 80' lang='lat' dir='ltr'><strong>suum</strong></span> <span class='ocrx_word' id='word_1_1019' title='bbox 2482 5542 3638 5620; x_wconf 27' lang='lat' dir='ltr'><strong>7&quot;“Silii—suﬁciens‘mss.‘Vict.cori).et</strong></span> 
     </span>
    </p>
   </div>
  </div>
