3926 6054
371 243 486 298 305

1445 243 1534 296 DE
1571 239 2043 298 PROCESSIONE
2087 245 2146 296 S.
2191 242 2522 302 SPlRlTUS.
2559 299 2566 304 .

3517 245 3630 302 506-

367 354 714 407 conabuntur
741 354 1038 424 intelligere
1083 367 1242 420 quam
1290 368 1390 422 ego
1427 354 1788 424 exposuerim.
1845 354 1950 408 Sed
1981 353 2252 416 Adicere.
2280 354 2412 424 Qua:
2452 363 2678 424 utraque
2703 363 3016 414 exsecratur
3052 367 3178 418 vera
3209 354 3494 412 confessio.
3533 323 3624 414 Si;

367 443 498 514 quid
531 443 740 512 dicent,
765 445 850 498 ubi
876 445 950 498 ait
983 463 1002 500 :
1029 441 1196 498 Nemo
1227 445 1360 496 novit
1391 441 1586 500 Filium
1621 445 1718 498 nisi
1749 443 1950 508 Pater;

372 551 535 603 neque
571 533 786 588 Patrem
822 537 938 604 quis
971 535 1130 596 novit,
1177 535 1277 589 nisi
1318 533 1512 602 Filius,
1535 545 1626 589 aut
1649 537 1734 588 cui
1768 535 1944 589 volue-

329 617 340 653 ⁵
371 627 435 677 rit
464 623 640 677 Filius
669 624 893 682 revelare
917 625 942 677 ?
973 624 1185 692 (Matth.
1250 641 1324 688 .vt,
1369 626 1485 694 Ἦ.)
1537 625 1800 686 Audimus
1826 626 1950 696 quia

367 717 464 748 “3‘
487 731 648 770 nemo
676 715 822 768 novit
845 715 1056 768 Patrem
1083 755 1098 777 ,
1127 724 1218 768 aut
1259 715 1476 782 Filium,
1501 716 1604 772 nisi
1651 715 1830 779 Pater,
1861 723 1953 770 aut

367 805 560 872 Filius,
588 813 644 860 et
673 805 758 860 cui
791 804 881 835 ³⁵³³
925 805 1126 860 revelat
1173 803 1359 868 Filius.
1419 805 1534 860 Non
1581 805 1710 860 dicit
1749 815 1950 870 autem,

364 912 526 950 nemo
547 895 902 968 qttasinullus
931 897 1118 962 lt07uo,
1171 897 1262 950 sed
1321 910 1384 956 ac
1415 897 1460 962 si
1501 897 1724 958 diceret,
1773 896 1951 952 nullus

358 988 609 1042 omnino.
643 985 850 1056 Quippe
888 987 932 1040 si
968 987 1069 1041 hoc
1093 987 1436 1057 iute'ligeret,
1465 1002 1570 1050 non
1603 989 1826 1044 adderet
1851 989 1951 1046 nisi

359 1075 568 1142 Pater;
591 1077 716 1152 qtua
753 1075 910 1132 Patrr
942 1092 1046 1130 non
1085 1085 1167 1130 est
1199 1078 1376 1132 homo.
1405 1079 1468 1132 Et
1498 1092 1620 1140 cum
1635 1079 1706 1136 ait
1733 1079 1951 1151 :Neqne

363 1167 580 1220 Patrem
615 1169 732 1240 quis
762 1168 900 1221 navit
931 1167 986 1222 in
1041 1169 1144 1226 hac
1188 1169 1550 1240 monosyllaba
1609 1172 1844 1228 dictione
1869 1174 1950 1228 νὶ-

357 1259 582 1322 delicet,
605 1259 740 1326 quis,
793 1273 897 1312 non
945 1259 1115 1330 magis
1141 1259 1460 1330 intelligitur
1500 1262 1754 1322 ltuutana.
1787 1277 1950 1332 quam

355 1351 618 1417 qtnelihet
647 1365 900 1420 persona.
927 1347 1158 1406 Omnino
1184 1351 1348 1422 igitur
1387 1352 1563 1408 nullus
1611 1354 1772 1416 habet
1811 1356 1950 1412 hanc

359 1457 398 1494 ιι
425 1441 636 1502 .t'tiam,
663 1441 768 1494 nisi
793 1441 955 1496 Pater
979 1451 1032 1495 et
1056 1440 1246 1506 Filius,
1291 1450 1345 1496 et
1374 1443 1458 1498 cui
1491 1443 1660 1498 Filius
1693 1444 1833 1500 idem
1859 1460 1948 1502 re-

359 1533 528 1585 veiat.
559 1530 664 1583 Aut
690 1531 873 1602 itaque
903 1529 1140 1602 Spiritus
1169 1538 1390 1585 sanctus
1423 1546 1526 1600 non
1546 1532 1824 1604 cognoscit
1848 1531 1948 1594 Pa.

363 1633 502 1676 trem
525 1631 580 1675 et
611 1621 688 1676 Fil
714 1638 826 1686 nm,
851 1623 994 1692 quod
1027 1623 1250 1692 impium
1277 1631 1363 1678 cst
1385 1623 1595 1692 opinari
1623 1641 1638 1690 ;
1669 1633 1758 1680 aut
1781 1623 1947 1686 Filius

2051 447 2193 500 cnim
2216 447 2292 502 ait
2324 449 2530 502 Veritas
2559 447 2649 478 “"7
2677 462 2692 502 :
2725 447 2892 502 Nemo
2915 448 3050 502 norit
3070 445 3269 502 Filium
3299 451 3399 503 nisi
3434 449 3624 516 Pater,-

2054 553 2213 604 neque
2251 537 2459 590 Patrem
2483 539 2598 608 quis
2626 538 2763 591 novit
2809 537 2908 591 nisi
2939 536 3132 604 Filius,
3175 549 3222 591 et
3271 541 3355 592 cui
3413 539 3626 594 voluerit

2055 624 2226 680 Filius
2272 627 2496 682 revelare
2525 627 2782 702 ?(Matth.
2827 643 2900 692 XI,
2953 627 3068 694 27.)
3121 627 3397 700 Siquidem
3425 629 3626 698 eligunt

2054 715 2312 784 Spiritum
2337 727 2581 772 sanctum
2611 731 2769 771 nosse
2801 715 3014 771 Patrem
3045 727 3099 772 et
3123 718 3316 772 Filium
3351 735 3448 788 per
3473 735 3627 778 reve-

2052 804 2303 866 lationem
2331 806 2483 871 Filii;
2541 805 2924 862 habetaFilio
2979 821 3160 872 mese,
3223 809 3364 880 quod
3411 817 3626 872 nonest

2051 895 2194 960 aliud
2229 897 2300 952 illi
2328 913 2484 967 quam
2539 913 2678 956 esse.
2719 897 2810 952 Est
2853 898 3015 970 igitur
3047 907 3096 962 et
3135 900 3378 966 procedit
3404 899 3623 964 aFilio;

2049 991 2304 1072 quoniam
2336 989 2403 1042 ab
2432 989 2521 1044 illo
2551 988 2836 1058 proccdita
2866 1001 2970 1058 quo
2990 997 3094 1048 est.
3127 989 3182 1042 Si
3208 997 3388 1048 autem
3417 989 3622 1056 dicunt,

2049 1099 2172 1138 cum
2203 1081 2363 1140 Pater
2390 1088 2444 1136 et
2469 1079 2637 1134 Filius
2668 1077 3090 1138 dicunturnosse
3111 1094 3190 1142 se,
3215 1083 3342 1152 quia
3367 1080 3626 1144 essentia,

2049 1191 2144 1246 per
2173 1189 2333 1244 quam
2387 1187 2446 1226 se
2473 1180 2722 1244 noscunt,
2775 1157 2964 1226 eadem
3009 1181 3087 1226 est
3137 1171 3363 1240 Spiritui
3413 1183 3623 1236 sancto,

2049 1263 2304 1333 consequi
2337 1260 2596 1332 Spiritum
2625 1274 2870 1316 sanctum
2906 1259 3148 1326 ejusdem
3169 1274 3292 1316 esse
3317 1272 3626 1320 consortem

2049 1352 2251 1410 notitiae
2285 1370 2298 1406 :
2337 1366 2458 1410 cum
2507 1351 2688 1420 legunt
2732 1350 2823 1382 ¹⁶⁵⁸
2853 1349 3002 1408 illum
3035 1365 3066 1406 a
3097 1351 3252 1412 Patre
3310 1353 3626 1422 procedere,

2049 1445 2114 1510 de
2131 1459 2239 1516 quo
2263 1445 2340 1504 ait
2361 1443 2566 1504 Filius:
2621 1439 2734 1512 Ego
2773 1451 2820 1494 et
2857 1439 3013 1496 Pater
3043 1457 3201 1498 unum
3233 1457 3430 1506 sumus,
3456 1441 3624 1496 conh-

2049 1545 2265 1600 teautur
2294 1535 2594 1594 nobiscum.
2628 1542 2848 1602 propter
2893 1531 3236 1590 essentialem
3290 1531 3626 1590 identitatem

2047 1627 2224 1682 Patris
2255 1635 2306 1682 et
2356 1624 2496 1688 Filii,
2549 1622 2697 1682 illum
2761 1637 2791 1676 a
2842 1621 2978 1676 Filio
3022 1633 3237 1690 quoque
3274 1617 3627 1689 proculdubio

361 1711 574 1764 revelat
595 1711 644 1766 ei
676 1713 758 1766 sui
784 1712 1034 1768 etPatris
1062 1713 1365 1778 scientiam,
1400 1731 1519 1784 qua:
1563 1731 1666 1770 non
1698 1716 1944 1776 estaliud
1979 1711 2022 1772 Β
2051 1717 2142 1748 ¹⁶δ⁹
2177 1716 2491 1786 procedere.

359 1815 527 1867 quam
558 1800 800 1870 ejusdem
862 1801 1096 1872 Spiritus
1131 1807 1306 1860 sancti
1322 1807 1576 1862 essentia.
1620 1807 1770 1872 Quod
1793 1807 1836 1868 si
1863 1808 1945 1862 dia.

359 1899 496 1943 cunt
522 1891 648 1958 quia
679 1892 804 1946 licet
833 1891 1032 1956 Filius,
1066 1903 1326 1962 quantum
1359 1897 1424 1949 ad
1451 1895 1942 1964 pronuntiationem

359 1980 582 2046 attinet,
610 1979 812 2034 nullum
847 1983 912 2040 ad
945 1983 1082 2037 hanc
1127 1984 1377 2038 admittat
1429 1985 1674 2039 notitiam
1700 1985 1812 2050 “",
1841 1985 1944 2040 nisi

361 2085 424 2126 se
453 2079 509 2124 et
531 2069 766 2136 Patrem,
791 2081 844 2125 et
871 2073 956 2127 cui
983 2073 1094 2143 ipse
1125 2073 1360 2138 revelat;
1411 2091 1516 2130 non
1562 2085 1741 2136 tamen
1773 2076 1948 2146 Spiri-

363 2169 480 2212 tum
513 2167 759 2222 sanctum
803 2171 890 2214 aut
919 2161 986 2214 ah
1019 2162 1106 2215 illa
1145 2173 1479 2234 separatum,
1512 2173 1602 2218 aut
1629 2165 1774 2220 illam
1800 2181 1830 2220 a
1859 2165 1946 2219 Fi-

357 2251 439 2306 lio
467 2253 556 2283 “3"
611 2255 858 2323 accipere
904 2252 1177 2308 fatettdum
1229 2265 1344 2322 est;
1384 2257 1640 2326 quoniam
1690 2257 1852 2320 Pater
1891 2267 1948 2312 ct

361 2341 535 2398 Fiiius
555 2359 661 2398 non
693 2361 750 2402 sc
779 2357 1128 2416 cognoscunt,
1187 2347 1294 2404 nisi
1323 2363 1418 2418 per
1441 2349 1544 2406 hoc
1581 2349 1724 2418 quod
1781 2365 1944 2404 unum

363 2443 494 2490 sunt
518 2451 636 2488 rum
660 2435 862 2504 Spiritu
888 2446 1096 2491 sancto.
1133 2437 1198 2492 Et
1252 2439 1392 2502 ideo,
1453 2455 1574 2502 (uin
1605 2440 1680 2496 ait
1727 2439 1944 2500 Patrem

363 2534 421 2580 ct
451 2525 644 2580 Filium
668 2525 897 2586 invicem
949 2541 1011 2580 se
1052 2544 1231 2596 nosse,
1273 2529 1650 2600 intelligendus
1680 2541 1762 2588 est
1785 2532 1944 2592 simul

363 2623 606 2692 Spiritus
627 2629 841 2684 sanctus
869 2640 883 2690 ;
916 2632 1108 2680 etcum
1140 2627 1342 2680 revelat
1369 2625 1556 2692 Filius,
1584 2641 1686 2682 ι.οη
1717 2627 1946 2698 Spiritui

363 2723 576 2780 sancto,
604 2715 696 2767 sed
725 2726 988 2769 creatura:
1043 2715 1263 2772 revelat.
1308 2717 1364 2772 Si
1415 2719 1632 2787 inquam
1657 2759 1672 2783 ,
1723 2721 1826 2776 hoc
1863 2721 1946 2776 di-

361 2814 514 2869 cunt,
540 2823 636 2863 nos
659 2810 838 2863 statim
860 2818 1175 2872 constanter
1201 2809 1478 2866 inferimus
1502 2811 1612 2864 ³⁸³⁸.
1629 2811 1770 2882 Ergo
1791 2813 1837 2868 si
1856 2813 1944 2870 ubi

363 2910 554 2970 aperte
579 2903 804 2968 veritas,
829 2901 1122 2956 secundum
1166 2902 1307 2970 quod
1333 2903 1498 2956 verba
1527 2903 1638 2958 oris
1665 2902 1781 2972 ejus
1819 2919 1946 2974 pro~

363 2992 636 3056 nuntiant,
665 3004 822 3062 negat
851 2993 1109 3062 Spiritum
1134 2993 1226 3024 ⁸⁸³⁸
1253 3002 1500 3050 sanctum
1529 3009 1691 3050 nosse
1730 2995 1831 3049 nisi
1857 3011 1944 3048 re-

363 3083 579 3138 velante
617 3084 752 3138 Filio
781 3083 998 3140 Patrem
1047 3094 1104 3140 et
1153 3085 1344 3140 Filium
1376 3103 1388 3140 :
1420 3089 1604 3140 dicunt
1627 3089 1790 3142 etiam
1837 3104 1942 3144 non

365 3183 575 3236 tantum
612 3189 706 3236 nos
759 3175 848 3206 ¹⁶⁵⁰
881 3176 1044 3240 verba
1095 3177 1374 3232 attendere
1418 3179 1500 3232 del
1521 3193 1636 3241 ere,
1683 3190 1944 3246 quantum

363 3265 627 3318 unitatem
660 3265 928 3330 cssenthe,
953 3281 1072 3335 quae
1102 3282 1208 3320 una
1243 3267 1415 3322 trihus
1456 3278 1510 3322 et
1561 3269 1946 3340 ineparahalis

361 3367 482 3416 est;
515 3357 621 3408 mut
651 3371 684 3410 ο
723 3357 896 3425 magis
939 3356 1198 3412 debemus
1255 3359 1415 3428 huius
1461 3360 1682 3418 unitatis
1727 3376 1947 3420 servare

359 3449 828 3515 co:isrqnentiani,
855 3449 920 3503 de
949 3463 1054 3524 qua
1077 3463 1238 3518 supra
1267 3451 1476 3508 locutus
1507 3468 1650 3518 sum,
1674 3468 1796 3508 cum
1827 3469 1944 3510 cam

363 3553 414 3590 nt
439 3536 511 3590 lla
544 3536 562 3566 ¹
591 3535 634 3567 ἰί
672 3547 760 3596 aut
787 3539 1012 3608 sgripto.
1059 3549 1152 3592 aut
1190 3555 1350 3592 sensu
1395 3550 1556 3610 negat
1613 3543 1944 3610 auctoritas;

363 3643 466 3679 nec
495 3641 572 3698 pri
597 3626 645 3679 f2
681 3637 704 3681 ι
733 3627 956 3696 aliquid,
989 3629 1130 3696 quod
1156 3629 1486 3682 centrarium
1511 3631 1604 3694 sit,
1648 3641 1740 3685 aut
1769 3632 1949 3702 aliquo

361 3717 532 3772 modo
585 3727 867 3786 repugnet.
933 3717 988 3772 El
1014 3729 1140 3788 gant
1202 3718 1384 3788 itaque
1450 3719 1620 3774 Graeci
1665 3735 1830 3774 unum
1883 3721 1950 3776 de

365 3807 614 3872 duolms,
668 3807 714 3862 .~i
757 3817 942 3878 aperte
989 3809 1176 3862 volunt
1224 3809 1440 3862 veritati
1497 3809 1749 3866 resistere
1787 3829 1800 3864 :
1835 3821 1948 3877 aut,

365 3896 467 3950 scil
493 3907 578 3951 cat
604 3897 864 3966 Spiritum
896 3905 1138 3952 sanctum
1193 3913 1300 3952 non
1325 3913 1484 3952 nosse
1533 3898 1747 3956 Patrem
1778 3911 1832 3956 et
1863 3903 1952 3957 lii-
1975 3935 1996 3950 ι

365 3988 522 4052 lium,
551 3989 654 4044 nisi
672 3988 761 4019 ‘5'“
785 4001 892 4042 rem
911 3987 1054 4042 laute
1093 3987 1226 4042 Filio
1251 4006 1266 4052 ;
1317 4000 1412 4046 ant
1442 3998 1722 4060 pr0pterca
1751 3993 1874 4062 quia
1893 3995 1948 4060 in

367 4081 474 4132 hoc
513 4095 612 4148 per
668 4082 808 4148 quod
838 4097 895 4136 se
922 4092 1250 4150 cognoscunt
1300 4082 1391 4114 “"
1439 4083 1601 4140 Pater
1651 4093 1706 4140 et
1760 4083 1950 4148 Filius.

365 4185 534 4224 unum
561 4185 602 4224 s-
629 4182 686 4224 nt
716 4189 836 4226 cum
884 4173 1084 4244 Spitittt
1128 4185 1338 4240 sancto,
1373 4177 1586 4244 quando
1617 4176 1716 4244 ipsi
1752 4176 1844 4208 ‘6“
1873 4178 1952 4232 di-

363 4271 566 4317 entttur
592 4279 652 4318 se
693 4279 770 4316 no.
790 4279 849 4320 se
877 4267 1133 4334 consequi
1161 4281 1227 4320 ex
1254 4269 1576 4344 necessitate
1607 4279 1664 4322 ut
1685 4267 1737 4321 iu
1761 4268 1950 4323 eadem

2572 1825 2800 1888 CAPUT
2833 1825 2944 1882 Xlll
2983 1826 3092 1880 '5”.

2049 1917 2278 1990 Spiritus
2299 1925 2510 1976 satietas
2531 1918 2810 1986 procedens
2834 1935 2873 1996 a_
2899 1915 3038 1974 Filio
3065 1932 3166 1974 non
3195 1924 3271 1970 est
3295 1931 3356 1972 eo
3375 1915 3628 1985 posterior

2683 1997 2772 2046 aut
2803 2002 2991 2044 mmor.

2121 2075 2176 2130 Si
2203 2074 2732 2150 veroobjicitur'm,
2784 2092 2906 2130 cum
2949 2075 3178 2132 dicimus
3225 2077 3316 2118 “‘l
3369 2076 3565 2136 Filium
3595 2093 3627 2132 a

2047 2168 2207 2224 Patre
2236 2165 2403 2230 nasci,
2443 2173 2498 2220 et
2551 2165 2809 2235 Spiritum
2855 2175 3104 2230 sanctum
3150 2181 3178 2220 a
3221 2165 3381 2226 Patre
3408 2175 3463 2220 et
3489 2165 3628 2222 Filio

2047 2259 2367 2330 procedere,
2427 2257 2552 2328 quia
2597 2257 2855 2328 quosdam
2891 2259 3088 2328 gradus
3113 2269 3166 2314 ct
3194 2261 3438 2328 qtnetlam
3463 2259 3629 2316 inter-

2047 2351 2185 2410 valla
2215 2349 2596 2405 constituimus
2625 2351 2778 2420 quasi
2811 2347 3047 2419 Spiritus
3095 2359 3314 2406 sanctus
3365 2365 3488 2408 esse
3520 2366 3624 2410 non

2049 2439 2239 2508 possit,
2270 2438 2372 2494 nisi
2395 2439 2563 2494 Filius
2590 2442 2738 2509 prius
2777 2451 3030 2496 nascatur
3055 2456 3084 2494 a
3128 2439 3308 2506 Patre,
3339 2449 3396 2494 ut
3442 2449 3624 2512 poste-

2049 2531 2161 2586 rior
2191 2530 2328 2586 Filio
2355 2532 2427 2586 sit
2465 2531 2699 2600 Spiritus
2729 2542 2948 2586 sanctus
2983 2549 2996 2586 :
3036 2539 3089 2586 et
3119 2531 3239 2585 ideo
3292 2531 3492 2600 rectius
3521 2533 3625 2586 die:

2047 2635 2079 2689 q
2108 2620 2190 2674 'od
2218 2587 2538 2690 paritersint
2557 2636 2584 2674 a
2603 2619 2782 2686 Patre,
2803 2619 2968 2674 Filius
2999 2619 3366 2684 nascendo,et
3394 2587 3628 2689 Spiritus

2048 2721 2267 2768 sanctus
2293 2711 2654 2784 procedendo,
2681 2711 2752 2764 ita
2783 2719 2844 2764 nt
2873 2726 2970 2766 nec
2999 2709 3168 2768 Filius
3190 2726 3220 2763 a
3267 2711 3471 2780 Spiritu
3495 2725 3621 2766 san-

2047 2815 2136 2858 cto
2161 2804 2255 2870 sit,
2281 2818 2380 2858 nec
2403 2803 2639 2874 Spiritus
2692 2813 2912 2858 sanctus
2941 2817 2970 2854 a
3005 2801 3162 2863 Filio.
3193 2800 3334 2856 sicut
3371 2799 3628 2868 splendor

2047 2905 2102 2949 et
2122 2894 2270 2949 calor
2304 2894 2506 2963 pariter
2545 2899 2669 2948 sunt
2713 2892 2778 2946 de
2811 2907 2916 2944 uno
2963 2891 3096 2952 sole,
3148 2906 3248 2944 nec
3280 2889 3533 2962 Splendor
3595 2903 3625 2942 a

2049 2987 2228 3042 calore
2255 2995 2358 3050 est,
2407 3001 2507 3040 nec
2538 2983 2682 3039 calor
2709 2999 2737 3036 a
2761 2981 3074 3054 splendore;
3125 2985 3190 3044 si,
3225 2983 3468 3049 inquam,
3525 2981 3626 3033 hoc

2047 3077 2243 3146 aliquis
2268 3085 2466 3130 nostra:
2487 3072 2672 3142 objicit
2709 3073 3018 3140 assertioni,
3053 3075 3440 3142 respondemus
3473 3089 3487 3124 :
3521 3071 3630 3125 Nos

2049 3182 2150 3220 nec
2176 3165 2376 3236 gradus
2399 3163 2677 3232 dignitatis
2706 3164 2954 3234 ponimus
2985 3164 3036 3216 in
3068 3161 3194 3228 Deo,
3214 3162 3305 3232 qui
3337 3177 3478 3214 nntts
3507 3170 3626 3226 est;

2049 3274 2150 3314 nec
2171 3260 2223 3312 in
2245 3256 2526 3313 existendo
2555 3255 2746 3310 Filium
2771 3255 2837 3310 de
2868 3255 3046 3319 Patre,
3079 3264 3176 3308 aut
3203 3252 3468 3320 Spiritum
3493 3268 3628 3306 sau-

2049 3361 2196 3410 ctnm
2250 3349 2544 3420 procedere
2599 3348 2666 3402 de
2709 3347 2872 3402 Patre
2905 3357 2959 3401 et
3033 3345 3188 3408 Filio,
3223 3343 3511 3399 intervalla
3573 3345 3628 3398 in

2049 3440 2375 3506 mternitate,
2405 3456 2526 3510 qua:
2563 3446 2648 3494 est
2673 3447 2826 3492 extra
2853 3453 3012 3492 omne
3041 3447 3273 3510 tempus,
3315 3437 3625 3491 statuimus.

2051 3534 2312 3590 Similiter
2337 3533 2480 3586 enim
2533 3545 2721 3594 omnes
2762 3529 3126 3584 Christianam
3180 3528 3338 3584 fidem
3384 3532 3629 3580 tenentes

2051 3624 2372 3680 conﬁtemur
2398 3638 2498 3678 nec
2539 3623 2822 3686 minorem,
2879 3635 2977 3674 nec
3021 3619 3376 3690 posteriorem
3433 3614 3628 3669 Filium

2052 3731 2172 3772 esse
2217 3715 2407 3778 Patre;
2461 3714 2708 3783 quamvis
2749 3711 2960 3766 nonnisi
3023 3713 3089 3765 de
3137 3711 3229 3764 illo
3267 3709 3374 3779 56
3411 3707 3503 3763 sit.
3550 3707 3626 3760 Ita

2051 3821 2266 3875 quoque
2289 3819 2386 3857 nos
2407 3804 2498 3872 qui
2543 3803 2774 3857 dicimus
2813 3801 3072 3870 Spiritum
3112 3810 3356 3854 sanctum
3387 3799 3452 3851 de
3491 3796 3630 3850 Filio

2051 3913 2170 3952 esse
2200 3897 2314 3950 sive
2335 3895 2627 3962 procedere
2649 3907 2744 3946 nec
2791 3893 3054 3946 minorem
3110 3906 3209 3944 nec
3277 3888 3626 3958 posteriorem

2052 4005 2174 4046 eum
2205 3986 2339 4040 Filio
2370 3985 2462 4018 ¹⁶⁵³
2493 3985 2746 4038 fatemur.
2791 3982 2992 4052 Nempe
3019 3981 3266 4050 quamvis
3303 3977 3558 4048 splendor
3577 3988 3632 4031 et

2054 4081 2200 4135 calor
2235 4079 2300 4134 de
2337 4079 2448 4134 sole
2468 4077 2798 4148 procedant,
2858 4091 2958 4128 nec
3005 4075 3212 4144 possint
3259 4087 3380 4126 esse
3411 4071 3514 4128 nisi
3559 4071 3631 4124 sit

2051 4171 2144 4232 ille
2171 4172 2237 4226 de
2263 4186 2370 4242 quo
2399 4179 2526 4226 sunt
2550 4186 2564 4234 ;
2599 4167 2728 4224 nihil
2757 4177 2932 4221 tamen
2961 4165 3108 4234 prius
3159 4172 3250 4218 aut
3289 4162 3556 4236 posterius
3579 4161 3630 4214 in

2051 4264 2245 4330 tribus,
2279 4265 2332 4322 in
2359 4263 2472 4328 sole
2501 4261 2734 4330 scilicet,
2773 4269 2827 4314 et
2873 4259 2965 4292 ¹⁶⁵δ
2988 4257 3292 4327 Splendorc,
3341 4263 3394 4308 et
3453 4252 3634 4306 calore

364 4353 560 4407 notitia
591 4353 718 4408 inici
744 4354 920 4424 igitur
938 4355 1171 4426 Spiritus
1193 4363 1450 4411 sanctus:
1491 4373 1682 4426 nempe
1705 4359 1838 4416 nihil
1861 4369 1944 4414 est
1981 4367 2022 4421 ο
2050 4353 2398 4426 intelligimus
2434 4371 2448 4408 :
2481 4353 2648 4409 multo
2699 4353 2880 4422 itaque
2935 4351 3128 4410 minus,
3163 4363 3284 4402 cum
3319 4345 3434 4400 haec
3465 4345 3518 4400 in
3549 4359 3636 4398 re-

367 4458 460 4497 me
483 4443 607 4498 tium
633 4446 676 4499 si
705 4446 893 4500 nolunt
931 4447 1069 4501 hanc
1121 4447 1213 4478 ¹⁶δ¹⁵
1261 4447 1509 4502 notitiam
1537 4463 1565 4500 a
1599 4447 1802 4518 Spiritu
1831 4464 1953 4504 san-

366 4543 483 4598 cto,
516 4545 610 4590 aut
637 4537 916 4592 veritatem
945 4553 974 4591 a
1008 4537 1188 4592 verbis
1215 4537 1462 4592 veritatis
1485 4539 1704 4609 penitus
1733 4537 1824 4572 '“‘
1851 4540 1952 4596 ab-

2057 4448 2160 4502 bus
2193 4445 2576 4518 temporalibus
2627 4444 2698 4498 ita
2723 4443 2852 4506 sint,
2899 4442 2950 4494 in
2999 4442 3324 4504 aeternitate,
3354 4453 3474 4507 qua:
3503 4446 3636 4488 tem-

2059 4551 2192 4607 pore
2225 4551 2333 4592 non
2358 4533 2646 4598 clauditur,
2695 4529 2966 4604 praedicta!
3013 4538 3125 4584 tres
3159 4542 3410 4599 persona:
3433 4526 3485 4580 in
3523 4524 3636 4579 exi-

1613 4667 1848 4728 Ἧιῐῖιῶ
1875 4665 2280 4724 LECTIONES.

443 4784 548 4856 "1“
558 4783 883 4856 audivimus
902 4779 1027 4852 quia
1055 4799 1182 4856 mss.
1213 4781 1360 4856 Gem.
1389 4783 1509 4856 lico.
1537 4781 1694 4856 Ἱνῃιζ
1707 4781 1842 4837 Vict.
1867 4782 1923 4838 5.
1955 4781 2203 4856 audimus
2233 4778 2528 4856 quia___‘_°“
2559 4775 2973 4856 NovitPatr-em
2997 4773 3312 4856 atttklf‘ilinm
3338 4772 3446 4856 nisi
3476 4769 3638 4826 Pater

361 4864 461 4909 aut
489 4852 660 4908 Filius
682 4863 774 4908 aut
801 4853 886 4923 cui
918 4845 1044 4923 mss.
1073 4851 1209 4908 Vict.
1241 4855 1295 4908 5.
1330 4863 1378 4909 et
1402 4853 1458 4909 9.
1489 4853 1638 4908 n0vit
1663 4853 1906 4918 Patrem,
1937 4861 2031 4908 aut
2053 4851 2212 4923 Pater
2236 4845 2327 4904 aut
2353 4849 2633 4923 Filitts,_et
2663 4847 2920 4923 cui____'_m
2947 4845 3194 4923 ᾼΨξιῖΙ-ιίι
3243 4845 3484 4923 notitiam
3502 4857 3634 4923 p338-

375 4924 514 4977 Vict.
547 4925 602 4977 5.
629 4933 680 4977 et
699 4927 754 4977 9.
782 4921 940 4978 Corb.
969 4922 1219 4976 admittat
1245 4924 1489 4986 notitiam
1567 4923 1657 4954 "'7
1689 4923 1796 4976 Ant
1819 4909 1968 4977 ilium
2003 4937 2030 4976 a
2063 4922 2348 4992 Filiomss.
2375 4928 2471 4992 aut
2509 4909 2660 4992 illam
2693 4931 2722 4971 a
2757 4915 2902 4992 Filio
2947 4915 3062 4992 ff”
3091 4913 3470 4992 lloc_flit:ititr..
3499 4909 3637 4992 inle—

365 5010 554 5048 remus
583 5011 708 5050 mss.
735 4995 838 5048 hoc
862 4993 1047 5047 dicunt
1075 4992 1354 5048 inferimus
1429 4981 1520 5024 “5'
1549 4991 1718 5060 Negat
1750 4992 2010 5062 Spiritum
2036 5008 2160 5046 mss.
2197 4990 2336 5044 Vict.
2365 4988 2608 5062 9.91135.
2635 4995 2833 5056 negant
2867 4984 3128 5062 Spiritum
3203 4982 3296 5062 "‘l’
3321 4981 3514 5035 Dicunt
3539 4993 3638 5062 nos

367 5047 478 5118 non
512 5047 720 5118 tantum
765 5047 890 5120 mss.
937 5061 1072 5116 Vict.
1117 5047 1172 5114 9.
1222 5073 1276 5116 ct
1324 5065 1410 5117 15.
1457 5047 1843 5118 ἀίοιιιιίέῑίειὶη
1875 5078 1978 5118 non
2010 5071 2218 5114 tantum
2249 5075 2346 5113 nos
2421 5059 2509 5091 ¹⁶⁶¹
2539 5058 2672 5114 Cum
2703 5047 2820 5109 nam
2849 5047 2994 5109 nullo
3033 5069 3157 5106 mss.
3193 5059 3314 5106 cuin
3349 5066 3467 5105 eam
3491 5047 3634 5100 nulla

365 5151 470 5187 ms.
499 5133 658 5188 Coro.
691 5149 813 5188 cum
843 5133 1100 5204 eainnllai
1160 5133 1384 5204 ηδξᾼυι
1410 5133 1602 5204 [ilium
1637 5133 1737 5186 nisi
1785 5148 1910 5186 mss.
1969 5129 2100 5184 Vict.
2148 5129 2305 5184 Corb.
2355 5128 2540 5204 Cister.
2583 5123 3013 5204 et.Ftlit_un‘nisi
3093 5122 3384 5204 'f'f'iqnod
3433 5131 3638 5204 pense

365 5187 708 5274 cognoscunt
729 5187 1033 5258 mssJGVem.
1067 5203 1192 5274 Bac.
1212 5187 1383 5274 kVict.’
1410 5187 1553 5274 'Tlut.
1584 5216 1679 5270 per
1709 5205 1850 5270 quod
1874 5215 1930 5274 se
1953 5209 2286 5274 eugnoscnnt
2361 5199 2452 5231 ““
2487 5197 2752 5274 Quoniam
2793 5195 2894 5274 ipsi
2936 5211 3076 5274 mss.‘
3099 5191 3233 5246 Vict.
3258 5187 3417 5274 (garb:
3436 5187 3631 5274 ’Cister.

363 5258 588 5348 quando
621 5274 719 5343 ipsi
752 5275 1008 5348 dicuntur
1081 5273 1180 5348 “'1
1204 5272 1280 5348 Si_
1304 5273 1489 5348 volunt
1523 5258 1812 5348 ha'ncpiss.
1863 5271 1910 5326 si
1957 5258 2148 5348 nolunt
2189 5271 2326 5348 hanc
2365 5285 2464 5325 ms.
2493 5258 2646 5348 Cora:
2675 5267 2720 5321 si
2755 5258 3038 5348 noluerunt
3063 5263 3204 5348 hanc
3259 5258 3636 5348 ῥῖψ’ξῴ

366 5327 587 5414 pellitus
638 5327 761 5397 im.
789 5327 1033 5414 avernis
1071 5343 1313 5414 veritatis
1334 5327 1544 5414 penitus
1572 5413 1582 5414 ί
1623 5341 1712 5374 ¹⁸⁵⁷
1744 5341 2177 5414 Sicuteniutait
2211 5339 2412 5414 veritas
2445 5357 2570 5414 mss.
2599 5337 2677 5393 sic
2705 5337 2957 5414 enim_a_i_t
2987 5333 3182 5386 veritas
3259 5330 3349 5362 “"
3377 5329 3510 5414 Cum
3541 5327 3634 5414 ,Ιςξ

364 5397 525 5484 igitur
546 5397 672 5466 mss.
721 5429 844 5468 cum
875 5397 1056 5482 legunt
1094 5397 1372 5484 nisfcorli.
1402 5397 1526 5468 eum
1571 5413 1750 5484 legant
1773 5411 1938 5484 d1“:
1964 5411 2006 5464 A
2047 5411 2187 5484 Filio
2213 5409 2399 5484 procul
2430 5409 2591 5484 dubio
2621 5425 2757 5484 m_s_s._
2791 5405 2985 5484 amFilio
3011 5417 3225 5484 quoque
3255 5397 3632 5484 proculdubio

369 5471 468 5514 ί⁶⁵⁰
495 5482 624 5538 Car.
657 5485 744 5537 15.
789 5484 882 5536 Est
923 5471 975 5536 in
1001 5501 1099 5536 ms.
1137 5481 1272 5535 Vict.
1309 5485 1393 5537 15.
1428 5493 1580 5552 caput
1623 5471 1692 5535 ii
1770 5479 1949 5552 misi
1981 5495 2108 5536 vero
2139 5471 2394 5552 ohj'icitnr
2419 5497 2515 5533 ms.
2549 5479 2608 5532 S.
2631 5475 2861 5552 tl!i_c_l_t_._Si
2885 5471 3304 5552 vcro'pltjieinut
3379 5471 3470 5502 ⁸⁵⁸⁸
3493 5471 3633 5552 gum

369 5537 572 5607 dicitur
595 5570 722 5606 mss.
753 5569 874 5606 cum
899 5555 1126 5607 dicimus
1203 5553 1294 5584 ¹⁶⁵³
1319 5537 1678 5610 Posteriorcm
1703 5567 1824 5608 cunt
1855 5549 1990 5606 Filio
2018 5567 2142 5605 mss.
2175 5537 2527 5620 posteriorem
2557 5563 2677 5602 cum
2705 5547 2839 5601 Filio
2917 5542 3006 5618 ’f”
3037 5543 3092 5598 ιιι
3108 5537 3227 5602 sole
3252 5553 3308 5598 et
3335 5557 3456 5597 mss.
3493 5537 3631 5594 Vict.

369 5623 528 5676 σοιύ.
551 5623 738 5677 Cistcr.
767 5625 817 5678 in
841 5624 950 5678 Sole
973 5624 1175 5678 scilicet
1204 5633 1260 5678 ct
