3926 6054
265 251 374 308 309

1315 241 1412 306 DE,
1445 237 1916 294 PROCESSIONE
1959 238 2016 294 S.
2067 237 2402 296 SPIRITUS.

3435 239 3540 296 510

266 381 390 422 tuen
445 361 626 418 estde
674 352 870 428 seipso'.
903 359 997 412 sed
1055 357 1428 412 tantummodo
1479 356 1544 408 de
1601 354 1760 406 Patre
1803 361 1858 408 et
1890 361 1932 416 Α
1961 366 2080 411 ctus
2111 365 2190 410 est
2237 357 2426 412 Adam.
2461 355 2530 409 At
2567 354 2800 410 inferent
2829 355 2920 386 ³⁸⁸⁸
2955 369 2967 407 :
3001 353 3144 406 Bene
3159 351 3386 406 dicinms
3415 350 3538 421 Spi-

271 457 426 512 Fili".

401 601 404 604 .
734 541 959 598 CAPUT
991 540 1102 594 xw
1133 539 1226 610 [ιιι.
1263 539 1400 610 xvi.

271 639 422 704 Quod
485 636 714 704 Spiritus
756 645 970 688 sanctus
1025 651 1128 688 non
1172 635 1416 700 procedat
1469 653 1503 704 ft
1556 632 1717 704 Patre
1775 649 1864 700 per

335 702 582 772 Filium;
645 717 776 759 su'ut
816 706 992 758 omnia
1033 721 1064 756 a
1107 704 1264 757 Putre
1314 721 1404 774 per
1468 702 1687 758 Verbum
1743 714 1863 758 sunt

335 797 497 866 facta.

343 907 844 965 Dicent:Curnon
893 905 1146 961 similiter
1206 906 1294 938 “5"
1347 905 1532 962 dicere
1581 919 1866 975 possumus

272 1001 540 1069 Spiritum
596 1008 846 1054 sanctum
895 999 960 1052 de
1003 997 1163 1052 Patre
1194 1011 1290 1067 per
1315 997 1514 1052 Filium
1549 997 1863 1066 procedere,

271 1093 414 1148 sicut
443 1091 678 1144 dicinms
715 1105 744 1143 a
775 1089 936 1144 Patre
965 1089 1146 1143 omnia
1180 1088 1318 1144 facta
1345 1104 1438 1158 per
1462 1087 1692 1144 Verbum
1725 1087 1867 1156 quod

275 1193 364 1236 est
397 1183 490 1213 ³⁸⁷³
519 1181 732 1236 Filius?
765 1181 920 1236 Sicut
945 1182 1088 1235 enim
1121 1195 1242 1234 eum
1277 1181 1442 1234 Pater
1473 1179 1604 1234 facit
1629 1195 1726 1248 per
1745 1180 1869 1234 Ver-

274 1273 406 1326 bum
444 1287 626 1336 suum,
678 1286 782 1324 non
819 1270 950 1326 facit
979 1286 1075 1339 per
1101 1269 1246 1324 aliud
1268 1283 1430 1338 quam
1467 1281 1562 1337 per
1587 1269 1690 1322 hoc
1724 1268 1868 1338 quod

275 1363 392 1429 ipse
421 1371 528 1424 est,
579 1362 680 1414 hoc
707 1371 790 1415 est
819 1375 916 1429 per
963 1359 1311 1414 essentialem
1363 1367 1702 1427 potestatem,
1751 1373 1870 1427 quae

273 1464 354 1506 est
382 1455 574 1506 eadem
603 1453 761 1506 Verbi
789 1469 802 1516 ;
831 1463 888 1506 et
919 1440 1096 1506 tamen
1138 1451 1335 1506 dicitur
1390 1450 1572 1506 facere
1619 1466 1715 1520 per
1741 1450 1870 1506 Ver-

275 1545 404 1598 bum
437 1543 532 1578 ¹⁶⁷⁸
563 1561 576 1595 :
607 1559 704 1596 cur
753 1559 858 1596 non
887 1543 1136 1596 similiter
1176 1543 1407 1596 dicimus
1439 1541 1700 1610 Spiritum
1746 1555 1872 1596 san-

276 1643 422 1688 ctum
453 1652 482 1686 a
519 1632 677 1687 Patre
696 1634 990 1702 procedere
1026 1648 1120 1702 per
1147 1631 1378 1686 Verbum
1420 1647 1544 1686 cum
1595 1646 1699 1685 non
1725 1647 1872 1702 _pro-

1967 449 2126 503 ritum
2155 459 2405 504 sanctum
2439 463 2544 502 non
2579 448 2876 516 procedere
2907 447 2974 501 de
2998 445 3150 508 Filio,
3179 444 3270 498 sed
3297 443 3362 496 de
3385 442 3544 496 Patre

1902 518 1919 539 Α
1967 557 2060 610 per
2104 539 2319 608 Filium,
2345 540 2594 610 quamvis
2639 540 2708 594 sit
2737 540 2802 594 de
2835 539 2994 593 Patre
3023 547 3078 592 et
3121 537 3186 592 de
3215 534 3374 597 Filio,
3405 535 3548 596 sicut

1966 634 2102 688 dicis
2131 633 2304 688 lacum
2335 649 2455 688 esse
2479 633 2546 688 de
2571 631 2720 686 fonte
2746 641 2802 686 et
2827 631 2894 685 de
2919 631 3053 684 rivo.
3089 630 3160 683 De
3185 627 3548 696 processimus

1969 741 2200 797 namque
2228 728 2392 782 verbo
2415 730 2644 797 quiestio
2673 737 2758 782 est
2788 725 2929 778 inter
2956 735 3252 788 uos,quam
3278 734 3374 774 vos
3399 731 3550 771 asse-

1967 817 2088 870 ritis
2115 831 2236 872 esse
2275 817 2342 872 de
2377 816 2534 884 Filio,
2574 795 2635 871 et.
2667 832 2765 871 nos
2789 827 3048 884 negamus
3073 810 3163 842 ¹⁶⁸¹
3199 827 3213 862 :
3243 823 3372 864 ecce
3405 808 3548 862 enim

1969 907 2162 962 videtis
2195 908 2370 962 rivum
2402 909 2470 962 de
2497 907 2646 963 fonte
2676 905 2988 977 procedere,
3021 901 3176 971 quasi
3210 901 3278 955 de
3299 898 3550 970 originali

1969 999 2270 1069 principio;
2305 999 2454 1055 lacus
2493 1006 2676 1054 autem
2718 1012 2825 1051 non
2857 993 3120 1064 procedit,
3151 990 3244 1046 sed
3281 989 3552 1060 colligitur

1969 1089 2036 1144 de
2088 1089 2226 1155 rivo,
2271 1088 2518 1158 quamvis
2545 1088 2742 1143 habeat
2763 1101 2882 1142 esse
2907 1086 2970 1140 de
3003 1083 3114 1138 illo.
3152 1082 3228 1136 Ita
3261 1081 3424 1152 igitur
3449 1079 3552 1134 etsi

1973 1179 2208 1248 Spiritus
2243 1191 2464 1236 sanctus
2507 1181 2706 1235 habeat
2735 1193 2858 1234 esse
2904 1177 2972 1231 de
3021 1174 3193 1240 Filio,
3228 1188 3335 1229 non
3373 1180 3552 1226 tamen

1971 1273 2262 1340 procedere
2299 1272 2518 1341 proprie
2548 1271 2751 1326 dicitur
2797 1270 2864 1324 de
2915 1267 3078 1332 Filio,
3141 1266 3234 1322 sed
3279 1266 3346 1318 de
3393 1263 3554 1318 Patre

1971 1362 2124 1430 quasi
2157 1363 2224 1417 de
2261 1363 2547 1432 principio.
2591 1362 2704 1418 Hoc
2732 1360 2960 1416 forsitan
2993 1359 3272 1414 diceretur
3299 1365 3466 1419 recte,
3509 1355 3552 1410 si

1943 1449 2142 1510 ‘Filius
2168 1469 2398 1510 nascens
2427 1456 2492 1510 de
2520 1455 2678 1511 Patre
2705 1453 3024 1524 procederet
3047 1461 3200 1505 extra
3238 1447 3476 1509 Patrem,
3503 1457 3558 1500 et

1973 1545 2150 1599 medio
2179 1545 2412 1614 quodam
2443 1545 2619 1616 spatio
2661 1544 3071 1606 interveniente,
3115 1541 3266 1609 prius
3295 1540 3556 1609 intellige—

1975 1643 2124 1690 retur
2147 1649 2268 1690 esse
2293 1633 2530 1705 Spiritus
2561 1644 2780 1689 sanctus
2807 1633 2873 1686 de
2901 1631 3064 1684 Patre
3093 1643 3260 1699 quam
3291 1629 3356 1683 de
3387 1628 3556 1693 Filio;

261 1719 438 1776 cedat
462 1739 490 1775 a
523 1723 702 1785 Patre,
735 1724 838 1777 nisi
853 1723 918 1776 de
949 1723 1052 1777 hoc
1077 1733 1132 1776 et
1156 1737 1249 1791 per
1275 1721 1378 1776 boc
1408 1721 1552 1790 quod
1606 1721 1746 1775 idem
1787 1730 1872 1776 est
1904 1718 1946 1772 Β
1975 1727 2113 1782 sicut
2143 1727 2290 1782 rivus
2319 1727 2386 1781 de
2423 1727 2569 1782 fonte
2597 1727 2770 1780 lluens
2799 1733 2950 1780 extra
2983 1721 3186 1778 fontem
3217 1722 3478 1791 procedit,
3503 1734 3558 1774 et

279 1814 474 1867 ""illi
502 1829 626 1868 cum
661 1813 1070 1884 Filio,quamvis
1114 1829 1220 1868 non
1269 1825 1328 1867 ιιι
1381 1823 1652 1877 creatura,
1698 1813 1790 1867 sed
1818 1819 1876 1866 ut

277 1903 518 1971 izlipsunt
547 1902 614 1956 de
637 1904 827 1956 eodem
887 1903 1038 1971 ipso?
1095 1903 1386 1958 Videamus
1421 1903 1549 1972 quid
1591 1912 1871 1972 sequatur,

279 1995 328 2047 si
369 1995 474 2048 hoc
507 1993 766 2060 dicimus;
795 2003 848 2048 et
889 2008 990 2062 pax
1045 1994 1116 2048 sit
1167 1995 1308 2050 inter
1335 2009 1452 2050 nos.
1499 1985 1705 2064 Nempe
1755 2009 1876 2064 qua:

281 2082 426 2136 facta
453 2091 582 2136 sunt
607 2098 638 2135 a
663 2081 824 2136 Patre
869 2097 966 2150 per
997 2082 1251 2146 Verbum,
1294 2083 1432 2138 facta
1479 2093 1610 2138 sunt
1651 2082 1722 2138 ab
1760 2083 1875 2153 ipso

281 2171 502 2228 Verbo:
535 2173 708 2241 ipsum
761 2189 994 2242 namque
1045 2174 1278 2228 Verbum
1329 2175 1460 2228 dicit
1491 2189 1504 2227 :
1541 2173 1875 2244 Quaecunque

280 2266 426 2316 enim
455 2261 620 2316 Pater
660 2265 750 2294 “"3
777 2265 988 2332 fecerit,
1031 2265 1142 2318 [nec
1181 2275 1226 2318 et
1271 2262 1444 2318 Filius
1480 2263 1721 2318 similiter
1746 2263 1874 2331 facit

283 2353 472 2420 (Joan.
509 2369 564 2417 v,
600 2353 709 2422 19).
743 2355 998 2410 Dicamus
1019 2355 1186 2423 igitur
1215 2355 1340 2424 quia
1364 2353 1602 2424 Spiritus
1629 2366 1873 2424 sanctus,

283 2461 408 2498 eum
437 2446 681 2514 procedit
707 2460 736 2498 a
767 2446 929 2502 Patre
959 2445 1260 2516 pet-Filium
1285 2486 1298 2510 ,
1331 2447 1580 2516 procedit
1603 2458 1656 2504 et
1687 2464 1716 2502 a
1741 2449 1876 2506 Filio

287 2535 580 2600 similiter;
615 2537 758 2591 sicut
784 2553 904 2604 qua:
933 2537 1071 2600 facta
1097 2547 1224 2592 sunt
1253 2552 1282 2590 a
1301 2535 1463 2592 Patre
1494 2551 1590 2606 per
1619 2537 1876 2605 Verbum,

289 2628 432 2680 facta
462 2637 590 2681 sunt
613 2627 863 2682 similiter
890 2629 958 2683 ab
1003 2631 1120 2698 ipso
1163 2629 1362 2693 Verbo,
1391 2631 1494 2685 nisi
1521 2630 1658 2686 forte
1681 2632 1878 2690 intelli-

289 2727 424 2788 gunt
441 2717 704 2788 Spiritum
752 2731 1002 2776 sanctum
1029 2723 1324 2790 procedere
1373 2723 1438 2778 de
1490 2723 1649 2778 Patre
1673 2740 1769 2794 per
1787 2723 1878 2778 Fi-

291 2809 422 2861 lium
449 2811 902 2876 quemadmodum
958 2827 1079 2866 cum
1147 2812 1266 2868 fons
1327 2813 1524 2869 ﬂuitin
1573 2815 1770 2880 rivum,
1827 2824 1882 2870 et

291 2899 448 2954 rivus
475 2897 747 2969 colligitur
774 2901 824 2954 in
855 2900 1048 2965 lacum,
1077 2903 1274 2958 dicitur
1305 2904 1453 2960 lacus
1485 2919 1608 2960 esse
1634 2904 1700 2959 de
1734 2905 1882 2962 fonte

291 3000 391 3054 per
419 2987 612 3042 rivum.
642 2989 748 3044 Sed
773 2991 842 3045 ibi
868 3008 972 3046 non
1001 3005 1080 3046 est
1114 2994 1260 3049 rivus
1291 2995 1342 3048 in
1397 2995 1571 3058 fonte,
1601 2997 1694 3050 sed
1725 3008 1877 3050 extra

293 3077 500 3132 fontem
527 3081 662 3134 sicut
707 3091 790 3136 est
819 3082 983 3137 Filius
1017 3085 1064 3136 in
1099 3083 1278 3148 Patre,
1331 3095 1385 3156 et
1415 3101 1520 3140 non
1569 3095 1720 3139 extra
1777 3086 1881 3140 Pa-
1911 3073 1958 3139 C

294 3179 459 3222 trem.
488 3171 666 3236 Quare
689 3189 794 3228 non
845 3175 924 3229 sic
964 3187 1047 3232 est
1103 3178 1193 3209 ³⁸⁷7
1253 3179 1490 3248 Spiritus
1542 3191 1762 3238 sanctus
1816 3182 1884 3238 de

295 3261 460 3316 l'atre
490 3263 818 3332 perFilinm,
844 3269 983 3323 sicut
1005 3281 1086 3324 cst
1119 3271 1264 3326 lacus
1289 3273 1356 3327 de
1389 3271 1539 3328 fonte
1555 3289 1650 3342 per
1683 3276 1879 3330 rivum.

295 3354 356 3406 Si
398 3363 576 3408 tamen
607 3358 685 3410 sic
711 3367 812 3424 est,
847 3363 1029 3430 negari
1066 3363 1249 3433 nequit
1274 3377 1392 3418 esse
1423 3365 1490 3420 de
1527 3366 1664 3422 Filio
1693 3383 1886 3437 qnam-

296 3446 382 3498 vis
409 3447 480 3499 sit
510 3447 576 3500 de
597 3445 758 3504 Patre
783 3465 880 3518 per
915 3451 1144 3516 Filium;
1179 3454 1322 3508 sicut
1343 3455 1621 3510 fatendum
1670 3467 1755 3512 est
1809 3457 1886 3511 la-

293 3551 422 3590 eum
467 3551 588 3592 esse
646 3539 712 3594 de
765 3543 878 3596 rivo
913 3545 1164 3612 quamvis
1201 3545 1356 3600 sitde
1387 3546 1534 3600 fonte
1561 3562 1659 3616 per
1687 3549 1882 3604 rivum.

295 3629 402 3694 Qui
445 3631 588 3684 enim
619 3643 778 3704 negat
813 3634 988 3690 laeum
1045 3652 1168 3692 esse
1219 3639 1288 3694 de
1333 3639 1447 3694 rivo
1505 3639 1597 3672 ¹⁶⁷⁸
1628 3642 1884 3710 quoniam

295 3721 454 3789 prius
481 3732 562 3777 est
592 3724 656 3779 de
684 3725 828 3781 fonte
889 3728 1036 3784 rivus
1060 3744 1074 3780 :
1106 3730 1248 3784 dicat
1271 3746 1330 3786 se
1351 3748 1458 3788 non
1487 3746 1607 3788 esse
1637 3733 1700 3788 de
1727 3734 1886 3790 Patre

297 3811 428 3876 suo,
445 3817 536 3869 sed
579 3819 643 3872 de
668 3819 859 3885 Adam,
885 3823 1138 3892 quoniam
1167 3840 1266 3894 per
1293 3826 1510 3884 Patrem
1535 3844 1690 3883 suum
1715 3831 1887 3884 estde

297 3904 494 3957 Adam.
551 3907 703 3960 Dicat
727 3911 888 3964 etiam
941 3911 1136 3966 Filium
1193 3915 1421 3985 virginis
1474 3932 1579 3970 non
1635 3933 1760 3972 esse
1821 3919 1887 3972 de

301 3992 494 4057 Maria,
521 4010 620 4049 nec
641 3997 707 4052 de
731 3999 920 4065 David,
963 4017 1062 4057 nec
1092 4001 1482 4072 deAbrabam;
1508 4008 1764 4076 quoniam
1797 4008 1886 4063 isti

299 4085 454 4150 prius
505 4085 720 4142 fuerunt
747 4091 814 4146 de
841 4093 1009 4146 Adam
1041 4109 1056 4148 :
1097 4105 1150 4148 et
1173 4095 1315 4150 dicat
1363 4097 1558 4154 falsum
1586 4113 1708 4155 esse
1745 4101 1886 4169 quod

297 4177 504 4231 dictum
516 4189 596 4232 est
621 4181 852 4236 Abrabzn
881 4203 893 4236 :
919 4183 984 4236 In
1002 4187 1196 4240 semine
1216 4197 1305 4241 tuo
1323 4189 1689 4246 benedicentur
1710 4209 1886 4247 omnes

296 4277 480 4334 gentes
504 4267 653 4336 (Gen.
685 4287 818 4336 χχιι,
857 4271 966 4343 18).
995 4275 1060 4328 Et
1081 4277 1146 4328 ad
1167 4275 1331 4330 David
1363 4295 1376 4330 :
1409 4277 1480 4332 De
1507 4280 1680 4348 fructu
1695 4283 1885 4337 ventris

299 4362 590 4424 tuipouom
615 4379 770 4426 super
795 4367 974 4420 sedem
1001 4377 1144 4420 luant
1175 4367 1350 4438 (Psnl.
1369 4384 1552 4433 cum,
1589 4371 1698 4436 II).
1725 4372 1787 4425 Et
1820 4373 1884 4426 ad

301 4452 530 4506 Mariam
558 4473 572 4507 :
605 4454 912 4510 Benedictus
966 4459 1166 4526 fructus
1211 4461 1402 4514 ventris
1427 4461 1500 4513 tui
1524 4461 1672 4532 (Luc.
1701 4480 1738 4528 t,
1767 4463 1882 4530 4‘2).

301 4545 566 4612 Dieotque
591 4547 864 4601 Christum
893 4565 998 4602 non
1022 4563 1142 4603 esse
1169 4565 1354 4605 semen
1404 4552 1626 4617 borum,
1660 4553 1738 4606 vel
1775 4553 1886 4606 εἰπε-

305 4644 458 4686 etum
489 4633 594 4704 57
631 4637 726 4691 sed
765 4637 922 4702 Athe;
970 4640 1222 4706 quoniam
1259 4641 1344 4694 isti
1375 4643 1443 4694 ab
1475 4642 1567 4695 illo
1595 4645 1886 4696 descende-

301 4735 432 4778 runt
459 4727 570 4782 "’7".
622 4731 724 4783 Sed
765 4745 935 4798 nequc
972 4731 1036 4784 de
1089 4733 1256 4785 Adam
1285 4742 1366 4786 est
1419 4733 1585 4788 Filius
1629 4731 1884 4806 Virginis,

299 4821 602 4875 secundum
645 4824 785 4877 hunc
833 4840 1092 4892 sensum;
1129 4826 1220 4880 sed
1251 4829 1316 4880 de
1349 4827 1499 4893 limo,
1542 4827 1608 4882 de
1658 4842 1764 4896 quo
1808 4828 1886 4881 l'a-

1977 1819 2209 1886 quodam
2261 1817 2547 1874 intervallo
2587 1818 2640 1871 in
2688 1817 2862 1872 lacum
2897 1815 3192 1885 colligitur,
3225 1821 3280 1868 et
3309 1813 3459 1883 prius
3479 1823 3560 1868 est

1979 1905 2130 1962 lacus
2163 1907 2228 1962 de
2275 1905 2422 1962 fonte
2476 1923 2638 1977 quam
2667 1908 2732 1962 de
2773 1907 2924 1962 rivo:
2959 1915 3014 1960 et
3061 1895 3184 1959 ideo
3207 1912 3290 1956 est
3315 1903 3382 1956 de
3414 1901 3561 1958 fonte

1977 2010 2074 2065 per
2115 1997 2318 2062 rivum,
2365 2013 2470 2053 non
2524 1998 2592 2052 de
2639 1997 2756 2052 rivo
2800 2013 2898 2067 per
2940 1996 3164 2052 fontem.
3199 1992 3398 2048 Verum
3441 2012 3560 2052 cum

1977 2087 2148 2144 Filius
2187 2103 2418 2144 nascens
2445 2089 2514 2144 de
2555 2089 2715 2144 Patre
2761 2105 2866 2144 non
2915 2100 3072 2144 exeat
3119 2102 3270 2148 extra
3312 2092 3558 2150 Patrem;

1977 2179 2074 2234 sed
2108 2177 2161 2233 in
2193 2178 2312 2248 ipso
2337 2193 2585 2242 manens,
2625 2194 2724 2232 nec
2753 2179 2892 2244 loco,
2925 2194 3024 2233 nec
3055 2189 3320 2249 tempore,
3351 2195 3452 2234 nec
3473 2193 3558 2234 es-

1979 2272 2152 2328 sentia
2175 2271 2384 2328 divisus
2409 2273 2482 2327 sit
2504 2272 2594 2304 “9‘
2616 2288 2646 2326 a
2669 2271 2859 2338 Patre;
2887 2281 2940 2326 et
2965 2289 3088 2328 cum
3113 2289 3278 2328 unum
3309 2273 3380 2327 sit
3401 2273 3566 2326 idem-

1979 2377 2086 2432 que
2116 2361 2260 2417 Patri
2287 2373 2340 2416 et
2372 2361 2506 2416 Filio
2527 2361 2580 2416 id
2611 2362 2752 2416 unde
2783 2362 3026 2430 procedit
3055 2361 3294 2430 Spiritus
3317 2369 3560 2424 sanctus,

1981 2469 2084 2510 nec
2139 2454 2362 2524 intelligi
2397 2462 2592 2524 potest,
2645 2467 2744 2508 nec
2789 2453 2896 2508 dici
2937 2453 3098 2508 debet
3132 2453 3394 2522 Spiritum
3438 2467 3560 2504 san-

1983 2553 2126 2628 ctum
2156 2543 2452 2614 procedere
2473 2545 2539 2598 de
2561 2543 2744 2606 Patre,
2779 2554 2836 2597 et
2863 2557 2968 2597 non
2997 2545 3062 2596 de
3085 2543 3246 2597 Filio.
3279 2541 3393 2596 Non
3431 2557 3562 2612 ergo

1983 2638 2197 2694 videtur
2239 2651 2346 2706 qua
2396 2635 2604 2690 ratione
2653 2635 2868 2690 dicatur
2915 2633 3151 2703 Spiritus
3193 2641 3415 2688 sanctus
3459 2647 3563 2686 non

1985 2727 2278 2799 procedere
2325 2729 2392 2782 de
2423 2725 2582 2791 Filio,
2623 2727 2716 2780 sed
2767 2726 2834 2779 de
2883 2725 3042 2778 l’atre
3071 2739 3170 2793 per
3197 2721 3410 2783 Filium.
3444 2733 3567 2776 cum

1985 2819 2196 2874 etiamsi
2225 2833 2320 2888 per
2337 2816 2534 2872 Filium
2557 2825 2814 2884 nequeat,
2841 2829 2946 2868 non
2979 2815 3046 2868 de
3070 2813 3225 2868 Filio.
3249 2812 3308 2868 Si
3339 2813 3462 2882 quis
3491 2821 3574 2866 ta-

1987 2925 2112 2964 men
2165 2909 2278 2963 vuit
2317 2909 2500 2964 dicere
2531 2907 2722 2962 Filium
2768 2908 2834 2962 de
2877 2907 3038 2961 Patre
3071 2906 3365 2975 procedere
3397 2907 3570 2974 magis

1987 3003 2206 3074 proprie
2245 3017 2408 3071 quam
2460 2999 2718 3071 Spiritum
2753 3008 2998 3054 sanctum
3030 2998 3098 3052 de
3125 2997 3286 3062 Filio,
3319 2995 3568 3066 quamvis

1990 3096 2224 3166 Spiritus
2255 3103 2474 3150 sanctus
2505 3095 2570 3148 de
2601 3093 2720 3158 illo;
2763 3093 2904 3146 sicut
2935 3091 3082 3145 rivus
3113 3090 3284 3159 magis
3315 3087 3392 3142 illi
3423 3088 3570 3141 vide-

1987 3199 2076 3243 tur
2104 3187 2398 3256 procedere
2429 3186 2496 3240 de
2523 3185 2670 3240 fonte
2692 3199 2852 3254 quam
2880 3183 3030 3236 lacus
3051 3181 3118 3234 de
3141 3181 3258 3235 rivo
3283 3197 3298 3234 :
3341 3195 3408 3235 ne
3433 3195 3534 3234 con
3553 3209 3568 3220 -

1987 3279 2144 3333 cedat
2183 3277 2444 3347 Spiritum
2473 3273 2834 3330 sanctum‘m
2859 3273 3156 3342 procedere
3191 3271 3260 3326 de
3304 3270 3462 3334 Filio,
3503 3273 3570 3325 de

1989 3384 2096 3440 quo
2146 3369 2306 3423 habet
2340 3381 2480 3433 esse,
2509 3367 2650 3422 sicut
2689 3366 2838 3422 lacus
2863 3367 2930 3420 de
2963 3367 3100 3430 rivo,
3143 3379 3246 3420 nos
3271 3379 3378 3420 non
3405 3379 3570 3435 nega-

1987 3477 2109 3516 mus
2155 3470 2468 3518 nascentem
2505 3459 2687 3527 aliquo
2723 3459 2882 3513 tundo
2909 3455 3205 3529 procedere
3243 3457 3310 3512 de
3353 3457 3464 3520 illo,
3498 3457 3568 3510 de

1989 3567 2098 3622 quo
2149 3551 2424 3617 nascitur;
2477 3559 2534 3604 et
2567 3549 2830 3620 Spiritum
2868 3559 3114 3604 sanetum
3145 3547 3441 3604 asserimus
3471 3563 3574 3602 suo

1989 3644 2170 3706 modo.
2196 3659 2303 3699 non
2326 3643 2480 3713 quasi
2507 3643 2574 3698 de
2599 3643 2814 3698 duobus
2835 3641 3094 3706 fontibus,
3125 3642 3218 3696 sed
3243 3655 3372 3694 vere
3383 3641 3450 3696 de
3463 3655 3574 3693 uno

1991 3737 2138 3794 fonte
2163 3735 2488 3804 procedere;
2519 3733 2589 3788 ita
2623 3743 2800 3789 tamen
2833 3741 2892 3787 ut
2921 3748 3118 3786 nomen
3149 3733 3445 3786 nativitatis
3469 3745 3572 3786 nec

1989 3825 2264 3898 processio
2284 3809 2404 3880 Filii
2435 3823 2670 3890 amittat,
2715 3840 2815 3879 nec
2837 3823 3072 3892 Spiritus
3093 3823 3264 3876 sancti
3293 3823 3568 3892 processio

1989 3917 2232 3988 recipiat.
2281 3915 2397 3970 Non
2429 3914 2692 3984 estigitur
2718 3930 2816 3968 cur
2841 3915 3012 3983 magis
3049 3913 3152 3968 dici
3177 3913 3371 3966 debeat
3399 3911 3566 3964 Filius

1991 4009 2280 4080 procedere
2305 4007 2372 4061 de
2397 4005 2556 4060 Patre
2601 4019 2762 4074 quam
2792 4005 3025 4073 Spiritus
3055 4014 3276 4058 sanctus
3313 4005 3378 4057 de
3410 4002 3566 4056 Filio.

2350 4097 2582 4155 CAPUT
2623 4097 2758 4152 XVII
2801 4097 2898 4169 [ιιι.
2937 4095 3100 4167 XVII]
3133 4095 3246 4148 “3‘.

1991 4194 2146 4262 Quod
2169 4195 2303 4249 sicut
2325 4193 2472 4247 locus
2497 4201 2572 4246 est
2599 4191 2664 4245 de
2695 4191 2803 4246 rivo
2822 4201 2868 4262 et
2901 4189 3064 4259 futue,
3085 4190 3172 4262 ita
3187 4187 3414 4262 Spiritus
3443 4203 3568 4242 san—

2309 4274 2421 4318 ctus
2449 4262 2697 4332 procedat
2723 4262 2787 4316 de
2813 4259 2975 4316 Putre
3005 4271 3052 4314 et
3084 4259 3246 4314 Filio.

2063 4358 2383 4430 Diligentius
2435 4355 2842 4412 consideremus
2883 4353 3152 4424 quomodo
3197 4351 3346 4406 lacus
3393 4354 3464 4407 sit
3503 4352 3568 4406 de

1989 4454 2155 4514 fonte,
2197 4451 2400 4520 pariter
2419 4456 2474 4504 et
2509 4449 2576 4503 de
2603 4448 2720 4502 rivo
2753 4456 2848 4500 :ut
2875 4461 2972 4514 per
2997 4447 3120 4506 hoc,
3143 4444 3280 4498 sicut
3312 4459 3406 4512 per
3437 4453 3573 4497 tem-

1990 4549 2172 4619 porale
2201 4556 2254 4601 et
2307 4544 2476 4600 locale
2507 4541 2712 4610 aliquid
2755 4549 2932 4609 potest
2969 4537 3194 4606 intelligi
3221 4539 3368 4606 quod
3406 4547 3568 4590 teter-

1991 4655 2118 4694 num
2169 4647 2274 4700 est,
2309 4649 2700 4707 cognoscamus
2753 4631 3018 4700 Spiritum
3063 4637 3311 4684 sanctum
3352 4643 3474 4683 esse
3503 4628 3568 4680 de

1989 4735 2150 4790 Patre
2185 4741 2238 4786 et
2266 4731 2422 4786 Filio.
2449 4727 2610 4782 Multa
2639 4725 2784 4780 enim
2807 4727 2858 4778 iu
2891 4725 3082 4778 borum
3112 4721 3569 4784 consideratione,

1991 4827 2128 4880 sicut
2163 4825 2214 4877 in
2259 4820 2486 4893 epistola
2519 4818 2586 4872 ad
2615 4815 2941 4872 venerabilis
2972 4813 3244 4871 memoria:
3292 4811 3570 4868 Urbanum

1624 4919 1854 4974 VARIIE
1896 4915 2302 4974 LECTIONES.

377 5010 471 5041 ’θ’θ’
507 5009 713 5074 Dicent,
742 5013 851 5066 Cur
897 5011 1277 5064 nonsimilitcr
1337 5023 1434 5066 etc.
1495 5011 1558 5066 In
1613 5029 1707 5065 ms.
1767 5011 1924 5066 Corb.
1985 5011 2068 5064 hic
2126 5009 2281 5062 modo
2345 5007 2524 5074 incipit
2593 5004 2760 5070 Caput
2807 5002 2890 5058 I5.
2936 5001 3109 5074 Olinr
3160 5001 3560 5074 continuatione:

298 5083 476 5149 Caput
530 5071 824 5148 pm’retlcus
903 5081 994 5112 “‘73
1023 5081 1124 5135 I’er
1173 5084 1392 5135 verbum
1456 5083 1590 5136 facta
1640 5084 1781 5151 quod
1838 5092 1918 5136 est.
1950 5098 2073 5134 mss.
2101 5081 2255 5151 facta
2294 5094 2390 5147 per
2431 5071 2652 5151 verbum
2710 5073 3022 5151 qtt‘odn'm
3075 5072 3138 5126 Et
3197 5088 3328 5151 num
3372 5071 3568 5151 dicitur

301 5139 486 5206 tamen
530 5139 724 5204 'l'aeere
777 5152 877 5206 nisi
938 5167 1031 5221 per
1083 5155 1303 5206 verbum
1358 5169 1479 5205 mss.
1529 5163 1582 5221 et
1633 5139 1810 5206 tamen
1847 5151 2046 5206 dicitttr
2091 5149 2268 5221 facere
2295 5139 2395 5217 per
2439 5147 2694 5221 vm-bunt_
2731 5139 2840 5174 “‘7'
2875 5141 2988 5196 Non
3017 5141 3366 5221 procedatde
3391 5139 3566 5200 Patre,

299 5223 408 5277 nisi
448 5222 514 5274 de
541 5221 642 5274 boc
672 5224 814 5290 quod
849 5211 988 5276 idem
1018 5231 1100 5275 est
1136 5239 1259 5274 mss.
1289 5235 1334 5275 et
1367 5221 1512 5274 Edit.
1545 5219 1700 5276 Cat/1.
1732 5239 1836 5274 non
1883 5221 2138 5290 procedat
2170 5235 2198 5271 a
2233 5211 2414 5279 Patre,
2449 5217 2548 5270 nisi
2583 5217 2648 5270 de
2683 5215 2784 5268 ImC
2897 5211 3116 5290 perltqc
3143 5212 3293 5290 quod
3317 5211 3456 5264 idctn
3483 5219 3567 5262 est

301 5295 400 5324 ’ἀτη
426 5281 769 5358 Quaecunque
800 5294 958 5346 Pater
1009 5309 1134 5344 mss.
1185 5291 1530 5361 Qumrnnque
1589 5294 1731 5345 enim
1767 5281 1923 5344 Pater
1955 5291 2046 5320 ¹⁶⁷⁷
2080 5290 2258 5355 Quare
2285 5290 2362 5361 sic
2399 5305 2501 5340 non
2534 5295 2773 5361 est_tns_s.
2817 5282 3026 5361 Vict._9.
3060 5281 3214 5334 (ἔοι-ὑ.
3254 5281 3566 5361 Querella"

299 5366 380 5416 sic
415 5349 494 5415 est
525 5363 616 5392 “‘7”
653 5349 849 5416 L'aeum
875 5379 996 5416 esse
1025 5363 1138 5416 rivo
1167 5349 1288 5415 nisi.
1337 5349 1463 5414 l’ict'.
1490 5360 1644 5415 Corb.
1679 5363 1736 5414 S.
1771 5361 1930 5414 Miclt.
1963 5349 2136 5414 lacum
2163 5375 2282 5412 esse
2311 5360 2377 5410 de
2411 5361 2524 5410 rivo
2603 5355 2694 5386 ¹⁵⁷⁹
2725 5352 3126 5408 Deseendm'unt
3150 5369 3272 5404 mss.
3307 5351 3366 5404 S.
3400 5349 3564 5402 Mich.

298 5435 494 5488 (listcr.
531 5433 618 5484 illo
654 5435 989 5486 descendunt
1069 5433 1158 5462 ¹θ⁸⁰
1189 5433 1254 5484 At
1283 5432 1516 5484 inferunt
1541 5443 1637 5486 etc.
1687 5431 1748 5484 In
1781 5449 1875 5484 ms.
1911 5432 2073 5483 (Iorb.
2119 5430 2202 5482 hic
2245 5429 2398 5482 modo
2435 5427 2613 5494 incipit
2644 5425 2811 5494 Caput
2849 5425 2932 5476 lli.
2977 5421 3117 5475 Olim
3160 5419 3570 5494 contintmbutur

300 5507 476 5568 tjnput
516 5497 812 5570 prrci'edens
892 5503 978 5532 "5‘"
1024 5503 1096 5556 De
1128 5503 1282 5566 Filio,
1327 5519 1424 5556 nos
1482 5517 1740 5570 negamus
1767 5519 1889 5556 mss.
1921 5503 1988 5556 de
2027 5501 2180 5562 Filio,
2215 5509 2268 5552 et
2299 5514 2396 5552 nos
2437 5491 2730 5570 negamus
2775 5495 2866 5525 ³⁸⁵⁵³
2897 5495 3149 5570 Diversus
3181 5497 3249 5547 sit
3290 5509 3318 5543 ει
3347 5507 3470 5544 mss.
3499 5491 3566 5570 _.S.

303 5561 472 5626 Μὶὶ-Ιι.
506 5561 662 5624 Earl).
697 5573 898 5627 divisus
941 5583 1024 5626 est
1103 5573 1192 5604 "‘33
1225 5561 1338 5626 Non
1371 5561 1632 5626 concedat
1665 5571 1922 5638 Spiritum
1963 5587 2088 5623 mss.
2125 5585 2190 5624 ne
2229 5561 2792 5638 concedat“Spiritum
2845 5581 2942 5638 ms.
2993 5561 3148 5616 (ἴση).
3181 5580 3278 5619 nec
3308 5563 3568 5618 concedat

301 5643 570 5713 Suititunt
609 5643 698 5672 m"
731 5643 860 5698 Car.
903 5643 980 5696 16.
1024 5641 1116 5698 Est
1160 5645 1212 5696 in
1256 5659 1348 5696 ms.
1387 5641 1538 5696 (λοι-Ι).
1575 5633 1738 5710 Caput
1784 5641 1866 5695 I7.
1903 5641 2024 5694 olim
2071 5643 2122 5696 tn
2167 5641 2343 5694 eodem
2385 5657 2480 5692 ms.
2529 5633 2632 5691 erat
2673 5633 2838 5704 Caput
2881 5633 2942 5688 14
