3916 6054
363 232 459 290 5H

865 225 928 284 S.
972 225 1271 308 ANSELMI
1299 223 1647 282 CANTHAR.
1689 222 2009 280 ARCIIIEP.
2048 220 2200 278 OPP.
2241 219 2419 276 PARS
2457 220 2500 275 I.
2538 247 2608 259 —-—-
2641 219 3064 277 DOGMATICA.
3158 264 3161 269 .

3510 227 3629 284 349.

365 352 563 411 papam
586 337 656 394 de
674 334 769 372 ""
810 336 1183 394 incarnatione
1213 335 1371 392 Verbi
1405 336 1620 407 scripsi,
1657 336 1941 391 inveniua-
1970 334 2015 390 Α
2043 330 2275 401 Spiritus
2294 340 2517 388 sanctus
2553 332 2875 403 principium
2909 319 3301 391 sive'creator.
3344 337 3406 394 Si
3453 339 3628 412 igitur

300 481 309 486 -
367 441 461 487 tur
486 445 608 501 qua:
657 430 750 484 uni
790 429 900 484 Deo
927 437 982 482 et
1020 430 1191 485 tri-bus
1215 429 1466 499 personis
1519 443 1615 499 per
1648 427 1938 499 quamdam

370 519 779 575 similitudinem
844 528 1119 586 aptantur.
1204 517 1434 574 Constat
1500 519 1662 589 quini
1694 534 1804 573 una
1847 518 1941 552 ³⁸⁵⁸⁸

368 612 667 680 eademque
695 624 832 679 aqua
859 620 964 675 est,
987 625 1107 679 qua:
1137 619 1194 665 et
1223 610 1364 674 fons,
1400 619 1457 665 et
1488 611 1655 675 rivus,
1695 619 1753 666 et
1792 610 1942 666 locus

366 702 587 766 dicitur,
612 715 717 754 non
741 709 851 757 tres
882 716 1058 770 aquae,
1079 701 1328 770 quamvis
1344 710 1457 757 tres
1474 702 1605 766 sint,
1627 701 1768 767 lens,
1791 702 1942 757 rivus

365 803 426 847 et
453 794 622 847 lacus.
651 793 1033 851 Discernamus
1057 794 1240 863 itaque
1266 795 1405 849 inter
1427 793 1654 861 fometn,
1681 796 1858 849 rivum
1880 799 1944 850 et

364 882 577 946 laeum;
606 890 664 936 et
698 883 977 941 videamus
1005 884 1132 953 quid
1154 884 1363 954 singula
1391 885 1483 918 ¹⁶⁸⁷
1509 885 1646 950 hac,
1671 901 1798 942 eum
1835 885 1939 941 tria

367 976 500 1042 sint,
536 976 592 1031 in
649 992 755 1031 una
800 976 1166 1045 intelligantur
1203 993 1363 1047 aqua.
1414 979 1470 1033 In
1524 978 1676 1036 fonte
1715 980 1938 1049 quidem

369 1082 509 1136 aqua
555 1068 622 1123 de
655 1068 852 1137 abysso
878 1068 1176 1121 ascendens
1204 1068 1420 1135 ebullit;
1450 1069 1505 1122 in
1534 1070 1650 1124 rivo
1682 1070 1754 1126 de
1792 1070 1941 1126 fonte

364 1159 700 1214 descendens
747 1158 902 1222 ﬂuit;
943 1161 998 1213 in
1030 1160 1148 1214 lacu
1202 1161 1590 1231 eolligitur‘m
1636 1170 1694 1217 et
1734 1170 1939 1217 manet.

368 1246 472 1303 Per
496 1248 700 1304 fontem
745 1263 875 1319 ergo
916 1250 1236 1321 intelligitur
1263 1267 1403 1321 aqua
1454 1253 1521 1307 de
1562 1253 1759 1323 abysso
1789 1252 1941 1308 ebul.

366 1340 534 1407 licus;
563 1356 660 1411 per
688 1342 880 1403 rivmu,
910 1342 1036 1413 quia
1066 1344 1135 1395 de
1161 1343 1307 1398 l'nnte
1341 1343 1488 1409 ﬂuit;
1514 1360 1613 1415 per
1633 1344 1937 1408 laetitiam“,

362 1431 494 1501 quia
523 1431 684 1487 simul
714 1432 788 1485 ibi
825 1434 1177 1487 coadunatur.
1209 1432 1467 1488 Videmus
1495 1444 1675 1487 autem
1704 1433 1831 1503 quia
1864 1433 1940 1487 rio

362 1537 466 1576 vus
494 1535 599 1575 non
635 1529 720 1577 est
748 1522 817 1581 de
858 1523 959 1576 hoc
1004 1522 1144 1577 unde
1172 1537 1310 1591 aqua
1343 1522 1463 1577 fons
1488 1523 1713 1588 dicitur;
1745 1523 1838 1579 sed
1872 1522 1942 1579 de

364 1614 471 1667 hoc
498 1615 639 1683 quod
690 1622 794 1677 est,
825 1614 877 1668 id
900 1622 986 1668 est
1031 1614 1098 1669 de
1119 1628 1286 1682 aqua;
1318 1629 1418 1669 nec
1452 1614 1603 1669 lacus
1628 1623 1714 1669 est
1742 1614 1809 1668 de
1837 1614 1939 1670 hos

2043 423 2290 493 quamvis
2334 422 2497 477 Pater
2531 423 2601 477 sit
2635 424 2976 493 principium,
3006 436 3062 480 et
3105 426 3274 483 Filius
3319 431 3391 484 sit
3419 433 3625 500 princi-

2040 516 2208 585 pium,
2239 523 2295 569 et
2324 513 2558 584 Spiritus
2583 525 2808 573 sanctus
2834 518 2909 570 sit
2936 518 3292 588 principium,
3314 536 3420 576 non
3439 533 3622 579 tamen

2040 614 2168 662 sunt
2208 606 2309 661 tria
2358 607 2647 677 principia,
2701 609 2794 662 sed
2840 624 3006 664 unum
3041 628 3054 664 :
3089 612 3184 675 ita,
3225 629 3346 668 ctnn
3384 614 3628 685 Spiritus

2042 707 2261 753 sanctus
2290 697 2487 753 dicitur
2529 714 2650 755 esse
2675 701 2740 755 de
2768 699 2927 755 Patre
2953 709 3007 756 et
3039 702 3105 757 de
3125 703 3282 768 Filio,
3309 720 3414 758 non
3442 714 3526 761 est
3551 707 3623 761 de

2042 788 2254 843 duobus
2284 788 2588 858 principiis,
2636 790 2730 844 sed
2784 792 2851 845 de
2893 806 3020 858 uno,
3071 794 3214 857 quod
3255 803 3339 849 est
3368 795 3530 850 Pater
3564 805 3625 851 et

2040 878 2235 943 Filius,
2275 879 2416 933 sicut
2440 890 2523 934 est
2548 882 2614 935 de
2639 897 2747 935 uno
2777 881 2885 936 Deo
2914 882 3004 952 qui
3037 891 3121 937 est
3148 882 3310 939 Pater
3332 894 3389 939 et
3417 885 3620 950 Filius;

2041 972 2085 1029 si
2104 983 2282 1026 tamen
2313 972 2407 1004 ⁸⁸³⁸
2440 972 2547 1027 dici
2589 974 2749 1028 debet
2775 975 2915 1029 Deus
2945 977 3147 1030 habere
3175 978 3499 1047 principium
3526 989 3625 1035 aut

2043 1079 2285 1120 causam.
2307 1062 2636 1133 Principium
2659 1058 2893 1134 namque
2913 1065 3125 1121 videtur
3147 1069 3359 1122 nonnisi
3386 1069 3462 1123 rei
3489 1069 3627 1123 inci-

2042 1156 2240 1225 pientis
2265 1170 2385 1210 esse
2408 1155 2499 1193 “9’
2528 1165 2582 1210 et
2605 1170 2764 1211 causa
2797 1158 3010 1213 nonnisi
3037 1157 3261 1215 eﬂ‘ectus
3284 1159 3539 1227 alicuius;
3565 1170 3623 1217 et

2042 1248 2277 1318 Spiritus
2306 1257 2523 1303 sanctus
2544 1256 2816 1318 nunquam
2844 1248 3067 1318 inempit
3088 1264 3229 1314 esse,
3257 1265 3357 1306 nec
3376 1260 3462 1306 est
3492 1251 3624 1306 επε-

2041 1346 2162 1393 ctns
2201 1337 2428 1407 alicujus
2455 1338 2564 1392 ηπ.
2598 1337 2750 1405 Quod
2800 1339 2944 1392 enim
2980 1339 3186 1409 incipit
3222 1355 3364 1408 esse,
3405 1343 3624 1411 prolicit

2041 1430 2109 1485 de
2137 1444 2241 1485 non
2271 1444 2390 1485 esse
2412 1429 2479 1484 ad
2507 1445 2626 1485 esse
2651 1447 2665 1483 ε
2696 1441 2751 1484 et
2781 1445 2973 1485 nomen
3004 1430 3250 1495 eliectus,
3279 1435 3355 1488 rei
3387 1451 3509 1504 qua:
3559 1437 3625 1490 tit

2041 1522 2215 1592 aptari
2262 1523 2473 1577 videtur
2522 1523 2761 1592 proprie.
2788 1524 3053 1588 Quoniam
3088 1532 3269 1579 tamen
3301 1525 3397 1558 ¹⁶⁹⁸
3429 1541 3619 1580 verum

2041 1622 2126 1668 est
2159 1613 2354 1674 Filium
2398 1628 2520 1669 esse
2549 1613 2617 1667 de
2657 1612 2834 1676 Patre,
2879 1622 2934 1667 et
2982 1614 3243 1684 Spiritum
3278 1626 3522 1672 sanctum
3554 1617 3623 1670 de

366 1705 511 1759 unde
533 1719 671 1775 aqua
703 1703 901 1760 dicitur
938 1704 1059 1759 fons
1090 1713 1186 1759 aut
1223 1705 1390 1768 rivus,
1421 1704 1513 1759 sed
1540 1705 1608 1759 de
1636 1704 1749 1774 ipsa
1776 1719 1935 1775 aqua,
1967 1692 2015 1752 ⁸
2043 1703 2206 1758 Patre
2249 1712 2306 1757 et
2344 1702 2498 1764 Filio,
2545 1704 2589 1758 si
2624 1718 2727 1757 suo
2760 1702 3013 1758 inell'abili
3055 1707 3288 1773 quodam
3343 1707 3505 1761 modo
3528 1706 3623 1739 ¹⁶⁹⁹

369 1811 492 1865 qua:
511 1812 619 1853 una
643 1805 704 1852 et
724 1796 916 1852 eadem
937 1804 1021 1851 est
1054 1797 1108 1851 iu
1136 1796 1283 1852 l'onte
1309 1805 1363 1852 et
1392 1796 1527 1852 rivo.
1559 1795 1680 1851 Non
1705 1810 1840 1866 ergo
1866 1796 1942 1851 de

368 1885 492 1953 hoc,
523 1887 663 1941 unde
691 1885 942 1942 dill'erunt
971 1887 1091 1941 fons
1119 1896 1173 1941 et
1200 1888 1379 1953 rivus;
1407 1887 1503 1949 sed
1526 1887 1592 1941 de
1621 1885 1724 1941 hoc
1755 1887 1807 1940 in
1834 1874 1943 1956 quo
1982 1912 1983 1915 η

369 1993 534 2032 unum
560 1988 707 2040 sunt,
737 1976 886 2034 lacus
916 1978 1120 2039 existit.
1149 1976 1205 2033 Si
1228 1992 1359 2046 ergo
1386 1992 1495 2033 non
1522 1976 1695 2047 magis
1723 1976 1946 2036 fousest

367 2068 473 2123 hoc
501 2069 642 2123 unde
668 2069 819 2124 lacus
865 2078 950 2124 est
974 2083 1136 2138 quam
1170 2068 1350 2132 rivus,
1390 2066 1574 2136 nequit
1610 2066 1836 2137 intelligi
1867 2066 1946 2122 lar

364 2175 464 2214 cus
499 2161 672 2230 magis
699 2174 820 2215 esse
868 2161 934 2217 de
975 2160 1122 2216 fonte
1162 2174 1324 2230 quam
1353 2159 1422 2213 de
1457 2160 1594 2214 rivo.
1636 2158 1728 2214 Sic
1754 2159 1945 2229 itaque

314 2319 324 2325 η
362 2264 488 2306 eum
512 2252 607 2284 ⁸⁸⁸⁸
642 2251 841 2307 dicitur
864 2251 1004 2306 Deus
1030 2250 1212 2316 Pater,
1248 2260 1340 2305 aut
1365 2250 1553 2315 Filius,
1580 2259 1676 2305 aut
1709 2251 1945 2320 Spiritus

362 2350 618 2408 sanctus;
653 2358 758 2397 una
788 2344 841 2405 in
872 2344 1044 2399 tribus
1075 2341 1390 2413 intelligitur
1423 2342 1680 2406 essentia,
1710 2350 1772 2396 et
1806 2356 1945 2399 unus

368 2435 530 2497 Deus,
558 2436 698 2499 quod
748 2450 942 2491 nomen
976 2445 1060 2491 est
1094 2435 1266 2502 ipsius
1294 2431 1710 2502 signiﬁcattvum
1748 2448 1944 2489 essen-

369 2537 489 2593 tum;
519 2528 615 2584 sed
649 2527 702 2583 in
729 2527 890 2582 Patre
921 2527 1237 2597 intelligitur
1269 2532 1521 2600 gignens,
1548 2529 1602 2583 in
1633 2527 1769 2585 Filio
1794 2527 1945 2598 geni-

372 2629 478 2680 tus.
504 2627 561 2673 et
591 2619 643 2672 in
671 2619 875 2688 Spiritu
909 2630 1096 2673 sancto
1121 2618 1376 2687 singulari
1401 2619 1632 2687 quodam
1665 2626 1723 2673 et
1753 2617 1941 2673 inetia-

368 2708 461 2763 bili
502 2709 660 2763 modo
710 2708 1028 2777 procedens.
1082 2707 1542 2773 Quemadmodum
1585 2706 1755 2777 igitur
1793 2706 1944 2767 lacus

371 2812 476 2854 non
501 2805 587 2855 est
615 2797 679 2852 de
698 2797 821 2859 hoc,
846 2797 987 2852 unde
1014 2796 1215 2851 diversi
1239 2804 1366 2851 sunt
1386 2796 1455 2851 ab
1482 2795 1714 2857 invicem
1741 2793 1864 2850 fons
1883 2802 1943 2849 et

370 2890 546 2954 rivus;
577 2888 672 2944 sed
699 2888 767 2943 de
794 2903 932 2958 aqua
963 2888 1014 2941 in
1036 2902 1139 2955 qua
1165 2903 1329 2941 unum
1354 2894 1485 2942 sunt
1509 2886 1596 2920 ¹⁶⁹²
1615 2902 1631 2946 ;
1650 2885 1725 2940 ita
1767 2884 1944 2955 Spirit-

370 2989 458 3035 tus
486 2988 710 3035 sanctus
741 2992 847 3033 non
873 2987 954 3032 est
987 2975 1058 3033 de
1098 2980 1224 3043 hoc,
1255 2980 1401 3033 unde
1430 2977 1518 3031 alii
1544 2985 1671 3032 sunt
1706 2977 1776 3033 ab
1802 2976 1943 3031 invi—

369 3085 487 3126 eem
517 3068 676 3125 Pater
710 3078 766 3125 et
790 3068 988 3134 Filius;
1038 3068 1132 3124 sed
1163 3068 1230 3129 de
1253 3069 1432 3124 divina
1460 3066 1722 3133 essentia,
1754 3068 1806 3123 in
1834 3081 1938 3138 qua

368 3177 534 3216 tum
566 3168 715 3216 sunt.
760 3159 817 3216 Si
856 3175 989 3231 ergo
1021 3176 1128 3215 non
1167 3161 1339 3230 magis
1363 3172 1448 3217 est
1475 3161 1638 3217 Pater
1667 3161 1771 3216 hoc
1800 3161 1944 3223 unde

366 3252 607 3324 Spiritus
632 3262 851 3309 sanctus
870 3266 954 3308 est
978 3269 1136 3322 quam
1167 3253 1335 3309 Filius
1353 3294 1369 3318 ,
1395 3254 1618 3326 intelligi
1641 3255 1828 3324 nequit
1844 3268 1945 3309 cur

371 3344 544 3414 utagis
568 3346 643 3398 sit
675 3343 742 3398 de
766 3344 927 3399 Patre
945 3360 1111 3412 quam
1136 3345 1206 3399 de
1236 3343 1395 3399 Filio.

699 3432 926 3509 CAPUT
963 3433 1122 3489 xvut
1159 3434 1253 3507 [αι.
1288 3434 1452 3509 XVII]
1478 3434 1596 3489 που.

392 3522 554 3579 Pater
573 3530 624 3578 et
644 3522 691 3576 F
692 3513 816 3578 ilius
833 3534 953 3578 sunt
978 3541 1139 3579 unum
1168 3526 1479 3594 principium
1499 3525 1732 3595 Spiritus
1755 3524 1940 3587 sancti.

441 3614 595 3680 Quod
622 3615 666 3670 si
694 3614 879 3669 dicunt
902 3630 1010 3670 non
1030 3631 1152 3669 eam
1176 3629 1296 3671 esse
1312 3629 1471 3684 posse
1495 3615 1562 3670 de
1584 3614 1792 3670 duabus
1813 3628 1942 3669 catt,

2040 1796 2375 1866 intelligitur,
2408 1796 2660 1865 quoniam
2694 1796 2855 1851 aliter
2875 1796 3100 1866 proferri
3134 1801 3341 1869 nequit,
3371 1801 3475 1870 dici
3506 1816 3616 1855 non

2041 1888 2337 1959 incongrue
2394 1896 2575 1956 potest
2632 1888 2792 1943 Pater
2857 1874 3256 1958 quodammodo
3296 1892 3622 1960 principium

2038 1978 2185 2043 Filii,
2211 1988 2270 2034 et
2302 1978 2462 2032 Pater
2485 1987 2541 2031 et
2581 1977 2748 2033 Filius
2791 1979 3113 2049 principium
3146 1979 3382 2051 Spiritus
3423 1984 3619 2037 sancti.

2042 2067 2155 2124 Nec
2186 2077 2362 2124 tamen
2389 2069 2496 2123 duo
2515 2068 2837 2123 confitemur
2862 2070 3157 2140 principia;
3189 2087 3376 2137 unum,
3407 2069 3618 2125 Patrem

2042 2159 2113 2214 ad
2135 2158 2328 2213 Filium
2360 2159 2485 2226 ‘7”;
2516 2159 2766 2223 alterum,
2802 2159 3026 2214 Patrem‘
3051 2169 3106 2216 et
3139 2161 3329 2215 Filium
3356 2163 3421 2216 ad
3453 2161 3631 2232 Spiri-

2043 2258 2158 2305 tum
2180 2258 2444 2305 sanctum.
2480 2250 2630 2306 Sicut
2682 2267 2786 2305 non
2818 2253 3088 2307 credimus
3114 2253 3279 2306 alium
3309 2252 3488 2308 ’Deum
3522 2254 3626 2309 Pa~

2043 2348 2187 2396 trem
2230 2340 2298 2395 de
2347 2355 2456 2410 quo
2492 2351 2576 2395 est
2604 2340 2790 2401 Filius,
2829 2349 2884 2396 et
2923 2342 3086 2396 alium
3119 2343 3286 2397 Deum
3322 2343 3536 2398 Patrem
3568 2353 3625 2399 et

2041 2430 2238 2488 Filium
2259 2432 2327 2487 de
2344 2442 2548 2502 quaest
2561 2431 2794 2512 Spiritus
2808 2442 3048 2498 sanctus,
3065 2434 3313 2503 quamvis
3345 2436 3410 2489 de
3432 2435 3622 2489 eodem

2042 2524 2177 2589 Deo,
2202 2539 2317 2580 Slve
2344 2524 2413 2580 de
2439 2526 2626 2580 eodem
2654 2524 2920 2594 principio
2945 2541 3044 2579 suo
3069 2527 3299 2596 quisque
3324 2530 3481 2581 modo
3511 2527 3614 2594 sit,

2046 2618 2186 2673 alter
2222 2617 2430 2673 scilicet
2457 2619 2746 2682 nascendo,
2794 2618 2939 2670 alter
2989 2619 3359 2687 procedendo;
3407 2619 3451 2673 si
3488 2635 3626 2688 quo-

2045 2710 2169 2764 dam
2198 2709 2290 2741 ¹⁷⁰¹
2320 2709 2581 2778 singulari
2621 2718 2677 2763 et
2704 2707 2960 2764 ineﬂ'abili
2992 2710 3152 2765 modo
3178 2710 3270 2743 ¹⁶⁹⁹
3307 2710 3626 2783 intelligitur

2043 2801 2150 2856 ista
2178 2800 2476 2871 processio.
2508 2800 2791 2855 Processio
2839 2815 3077 2869 namque
3109 2801 3291 2855 multis
3338 2804 3511 2857 modis
3541 2804 3624 2857 di-

2042 2892 2207 2958 citur,
2236 2893 2303 2947 de
2330 2892 2526 2961 quibus
2558 2891 2661 2946 iste
2680 2892 2956 2946 solitarius
2988 2892 3328 2963 intelligitur,
3353 2894 3496 2947 sicut
3525 2911 3621 2947 ua-

2043 2984 2231 3039 tivitas
2273 2982 2393 3037 Filii
2438 2983 2728 3054 singularis
2753 2970 3116 3053 cognoscitur.
3150 2983 3383 3051 idipsum
3426 2983 3624 3038 intelli-

2046 3076 2190 3146 gitur
2211 3074 2327 3142 "”,
2361 3074 2404 3130 si
2436 3075 2663 3128 dicimus
2708 3073 2923 3128 Patrem
2952 3088 3074 3130 esse
3103 3088 3323 3128 causam
3353 3074 3447 3107 '7”
3474 3074 3617 3143 Filii,

2042 3177 2099 3224 et
2123 3167 2341 3222 Patrem
2387 3176 2442 3220 et
2495 3164 2690 3219 Filium
2738 3180 2955 3219 cmnsatn
3010 3163 3246 3235 Spiritus
3272 3166 3468 3221 sancti.
3501 3167 3618 3223 Non

2041 3261 2187 3317 enim
2215 3260 2350 3314 duas
2382 3272 2668 3327 possumus
2699 3256 2883 3311 dicere
2917 3272 3110 3312 causas
3130 3298 3146 3323 ,
3176 3257 3338 3312 aliam
3368 3260 3622 3315 videlicet

2040 3350 2185 3415 Filii,
2212 3350 2374 3404 aliam
2407 3348 2638 3419 Spiritus
2664 3350 2860 3416 sancti,
2890 3350 2983 3404 sed
3017 3366 3177 3405 unam
3214 3368 3229 3406 :
3262 3355 3619 3420 quemadmo-

2042 3444 2169 3499 dum
2201 3458 2306 3496 non
2338 3441 2444 3496 duo
2481 3440 2554 3495 dii
2587 3450 2732 3504 sunt,
2776 3442 2869 3496 sed
2916 3457 3056 3496 unus
3093 3441 3256 3511 Deus,
3296 3445 3361 3498 de
3389 3458 3497 3514 quo
3527 3453 3616 3499 est

2039 3533 2210 3589 Filius
2234 3543 2287 3589 et
2316 3532 2554 3602 Spiritus
2580 3541 2823 3587 sanctus.

2376 3643 2603 3701 CAPUT
2643 3645 2761 3700 XIX
2802 3645 2896 3719 [αι.
2929 3646 3110 3725 XVIII]
3142 3647 3255 3701 ‘7“.

372 3705 472 3768 sis,
498 3705 615 3761 sive
661 3719 728 3760 ea
758 3705 964 3760 duobus
1002 3704 1299 3774 principiis,
1336 3705 1725 3774 respondemus
1757 3721 1770 3758 :
1800 3702 1942 3769 (ὶείομ

2045 3731 2261 3807 lnfringi
2294 3752 2357 3789 ur
2386 3746 2744 3807 argumentum
2777 3738 2989 3790 ductum
3018 3702 3179 3792 echeo
3205 3738 3346 3806 quod
3374 3737 3615 3795 Christus

372 3794 518 3849 niam
541 3793 682 3851 sicut
720 3809 829 3849 non
858 3795 1129 3851 credimus
1157 3795 1417 3865 Spiritum
1450 3803 1696 3852 sanctum
1724 3809 1847 3850 esse
1874 3793 1941 3853 de

368 3886 471 3942 hoc
498 3886 641 3945 unde
665 3887 770 3944 duo
795 3898 920 3943 sunt
946 3887 1111 3944 Pater
1132 3897 1187 3943 et
1207 3887 1391 3955 Filius,
1407 3888 1501 3944 sed
1527 3888 1597 3944 de
1622 3888 1725 3944 hoc
1751 3888 1805 3943 in
1830 3901 1940 3957 quo

370 3993 533 4036 unum
560 3986 712 4045 sunt,
747 3978 817 4034 ita
851 3994 956 4034 non
990 3979 1220 4036 dicimus
1249 3981 1354 4035 duo
1383 3995 1503 4036 esse
1522 3979 1640 4051 ejus
1664 3979 1758 4013 ¹⁶⁹⁸
1786 3980 1938 4048 prin-

368 4067 532 4137 cipia,
575 4068 667 4124 sed
700 4084 868 4127 unum
910 4070 1258 4139 principium.
1296 4070 1504 4140 Quippe
1550 4083 1672 4125 eum
1709 4068 1940 4124 dicimus

376 4158 545 4215 Deum
591 4158 914 4228 principium
956 4168 1242 4224 creatum,
1269 4158 1618 4229 intelligimus
1645 4158 1860 4219 Patrem
1883 4169 1940 4215 et

368 4243 564 4300 Filium
591 4254 645 4300 et
679 4246 940 4315 Spiritum
988 4255 1233 4301 sanetum
1266 4260 1430 4300 unum
1457 4247 1797 4317 principium,
1830 4262 1934 4301 non

2109 3804 2417 3928 igpi‘esserit
2454 3806 2622 3860 satam
2664 3804 2894 3876 Spiritus
2944 3807 3115 3861 sancti
3157 3804 3536 3877 processionem
3580 3829 3617 3865 a

2161 3887 2295 3928 atra.

2161 3887 2295 3935 atra.

2113 3967 2169 4028 Si
2194 3977 2375 4022 autem
2402 3966 2682 4036 qumritur,
2721 3981 2844 4023 cum
2875 3967 3132 4022 Dominus
3164 3968 3302 4022 dixit
3334 3987 3347 4023 :
3379 3967 3512 4022 Cum
3533 3986 3621 4024 re-

2039 4057 2171 4122 nerit
2205 4053 2523 4119 Paraclitus,
2547 4071 2700 4125 quem
2719 4072 2812 4126 ego
2843 4057 3044 4113 mittam
3071 4058 3209 4111 rubis
3233 4076 3264 4110 α
3292 4056 3450 4111 Patre
3498 4057 3620 4128 Spi-

2038 4148 2220 4211 ritum,
2247 4145 2476 4215 Spiritus
2516 4147 2767 4210 veritatis,
2791 4147 2880 4217 qui
2922 4163 2955 4199 a
2986 4144 3147 4202 Patre
3173 4147 3404 4216 procedit
3426 4146 3613 4218 (Joan.

2040 4253 2128 4305 sv,
2156 4237 2290 4304 9.6):
2317 4253 2419 4292 cur
2444 4251 2549 4292 non
2594 4237 2818 4306 addidit,
2849 4247 2897 4292 et
2922 4256 2955 4291 a
2984 4236 3147 4305 Filio,
3182 4239 3318 4293 vela
3348 4256 3430 4293 me
3461 4239 3507 4293 si
3533 4240 3615 4294 sic

367 4336 471 4390 tria
502 4336 797 4409 principia;
826 4338 968 4393 sicut
990 4353 1152 4392 unmn
1170 4338 1499 4401 Creatmm,
1526 4351 1629 4392 non
1655 4347 1764 4394 tres
1782 4351 1941 4392 crea-
1966 4379 2012 4409 n
2037 4330 2206 4391 voluit
2251 4330 2507 4401 intelligi?
2561 4329 2674 4385 Non
2704 4340 2789 4393 est
2839 4332 2940 4386 hoc
2975 4332 3291 4387 inusitatum
3338 4333 3392 4385 in
3450 4334 3615 4388 dictis

367 4436 532 4494 tores.
561 4431 805 4500 quamvis
846 4440 956 4486 tres
992 4430 1100 4491 sint
1145 4431 1305 4486 Pater
1342 4438 1398 4485 et
1427 4428 1593 4485 Filius
1613 4435 1671 4486 et
1695 4427 1933 4499 Spiritus
1966 4423 2008 4440 "
2040 4423 2202 4491 illius,
2234 4432 2295 4479 ut
2319 4439 2440 4479 cum
2483 4424 2726 4479 attribuit
2760 4425 2958 4494 aliquid
2980 4425 3091 4496 58
3117 4425 3263 4481 Patri
3292 4426 3446 4495 quasi
3485 4427 3614 4490 soli,

364 4529 616 4587 sanctus;
649 4523 901 4590 quoniam
935 4537 1032 4592 per
1083 4523 1183 4577 hoc
1221 4522 1275 4576 in
1307 4535 1417 4591 quo
1456 4532 1622 4576 unum
1649 4529 1799 4583 sunt,
1824 4534 1930 4575 non
2040 4514 2123 4570 rei
2168 4514 2293 4582 sibi,
2319 4514 2402 4569 vel
2443 4513 2664 4584 Spiritui
2712 4516 3083 4582 sancto;velit
3128 4516 3183 4569 in
3224 4514 3349 4573 aliis
3386 4516 3613 4585 intelligi

364 4621 463 4673 per
490 4608 591 4665 hoc
633 4612 775 4680 quod
799 4622 913 4666 tres
949 4621 1076 4667 sunt
1097 4612 1187 4645 ““
1215 4623 1300 4668 est
1326 4612 1488 4667 Pater
1522 4620 1615 4667 aut
1646 4609 1815 4667 Filius
1836 4619 1931 4666 aut
2036 4605 2180 4676 quod
2214 4605 2267 4659 in
2296 4619 2402 4659 uno
2428 4603 2780 4673 quuiturm“.
2807 4604 2939 4659 Nam
2971 4620 3094 4661 cum
3115 4605 3246 4661 dicit
3274 4624 3289 4660 :
3317 4606 3511 4660 Beatus
3533 4622 3608 4671 es,

1636 4720 1868 4777 vanu;
1908 4703 2311 4775 moriones.

437 4849 533 4923 “"_
545 4848 816 4923 Urbanum
835 4851 899 4923 de
915 4869 1037 4923 mss.
1054 4851 1327 4908 Urbanum
1342 4854 1541 4923 Papam
1567 4855 1632 4907 de
1662 4902 1681 4919 ,
1706 4852 1797 4899 ³⁸⁸⁸
1813 4852 2034 4923 Constat
2050 4850 2192 4923 enim
2208 4848 2347 4923 quod
2367 4864 2466 4901 una
2496 4863 2615 4923 ruas
2645 4856 2856 4923 constat
2880 4850 3002 4919 quia
3023 4867 3127 4923 una
3206 4854 3297 4885 ⁸⁸⁸⁷
3318 4853 3600 4920 Quomodo

362 4920 568 4992 singula
586 4921 840 4993 numquid
854 4922 1058 4993 singula
1088 4923 1177 4954 ¹⁶⁸⁸
1193 4923 1249 4976 In
1268 4915 1439 4977 lacum
1457 4915 1723 4993 colligitur
1745 4939 1865 4977 mss.
1886 4924 1936 4976 in
1961 4922 2085 4993 lacu
2097 4915 2363 4988 colligitur
2379 4934 2476 4971 ms.
2492 4915 2647 4993 (ξονι).
2678 4934 2775 4993 per
2792 4915 2963 4993 lacuna
2988 4922 3260 4993 colligitur
3329 4915 3429 4956 7‘”
3453 4924 3600 4990 Fluit

364 4995 417 5047 in
436 4985 607 5046 lacum
636 4985 761 5045 mss.
780 4985 1189 5063 iittitpErIacum
1245 4992 1338 5027 “9°
1369 4993 1425 5048 Si
1456 4985 1636 5062 itaque
1662 5009 1784 5048 cum
1810 5009 1936 5046 mss.
1964 4991 2043 5045 sic
2074 4985 2255 5057 itaque
2280 5002 2424 5042 cum.
2501 4985 2686 5063 iuris.
2704 4985 2760 5042 S.
2787 4989 3066 5063 1156,1031“
3088 4985 3280 5063 cirierq
3300 4993 3467 5063 hujus
3484 4985 3609 5053 libri

360 5063 724 5135 rlcsiderungtr
795 5056 1671 5135 “"1SA_qua_inAnnnmAsuntjnss.
1701 5063 1853 5135 Aqua
1882 5063 1933 5135 in
1961 5074 2085 5135 qua
2108 5056 2273 5117 unum
2302 5065 2427 5135 sunt
2502 5056 2748 5135 ίξξξιιῖ-Αιι.
2782 5059 2866 5112 17.
2903 5059 2993 5113 Est
3032 5062 3086 5114 in
3116 5078 3214 5115 ms.
3243 5056 3399 5117 Coro.
3430 5061 3606 5133 Caput

361 5134 448 5188 t8.
480 5131 604 5186 olim
630 5128 798 5200 Caput
825 5131 893 5185 l5
964 5125 1057 5167 “”
1078 5132 1319 5201 Dicimus
1366 5133 1472 5186 duo
1501 5130 1615 5198 emis
1638 5125 2162 5201 mssfljicimusduo
2194 5142 2322 5201 esse
2341 5125 2459 5192 eius
2532 5125 2626 5201 ξω
2656 5127 2710 5179 In
2739 5143 2846 5201 «pro
2878 5138 2987 5201 tres
3016 5141 3159 5195 sunt,
3195 5146 3278 5185 est
3301 5147 3428 5186 mss.
3459 5125 3604 5201 quod

363 5212 471 5257 tres
499 5209 646 5261 sunt.
673 5195 759 5256 est
828 5200 919 5233 ³⁸⁸⁸
941 5201 1009 5256 Ει
1045 5200 1235 5263 Filius,
1259 5201 1301 5255 si
1332 5212 1504 5257 tamen
1526 5195 1659 5254 'mss.
1704 5210 1756 5253 et
1794 5200 1980 5262 Filius,
2011 5200 2150 5253 sicut
2179 5204 2265 5251 est
2292 5196 2357 5249 de
2393 5210 2506 5266 uno
2535 5195 2644 5248 Deo
2682 5200 2772 5266 qui
2811 5208 2893 5252 est
2927 5198 3085 5253 Pater
3114 5212 3165 5254 et
3214 5202 3406 5266 Filius,
3434 5195 3488 5255 si
3521 5212 3600 5256 ta-

363 5286 481 5344 men
504 5341 522 5344 _
559 5271 654 5303 “9‘
683 5271 872 5344 Incipit
896 5287 1016 5326 esse
1040 5288 1164 5325 mss.
1200 5262 1397 5344 incepit
1431 5287 1552 5326 esse
1627 5270 1716 5305 ¹⁶⁹⁷
1758 5269 1872 5344 Nec
1894 5280 1977 5344 est
2000 5268 2224 5344 affectus
2248 5262 2640 5344 a_licu_iu_s__ntss.
2671 5262 2826 5344 ιγὸτι.
2859 5278 2905 5321 et
2948 5269 3346 5344 Qisteraomitt.
3369 5262 3601 5344 alicujus

360 5340 453 5375 ¹⁶⁹⁸
491 5341 768 5408 Quomodo
795 5333 987 5397 tamen
1042 5359 1167 5394 mss.
1210 5333 1472 5407 Quo'niam
1529 5352 1705 5395 tamen
1786 5340 1876 5375 ἐν’
1927 5338 2167 5404 Quodam
2195 5333 2530 5408 et_i_neii‘abili
2563 5335 2722 5408 tundo
2766 5354 2889 5408 mss.
2953 5337 3088 5393 Vict.
3120 5339 3275 5395 Corb.
3336 5333 3595 5398 ineffabili

357 5404 587 5480 quodam
618 5413 776 5465 modo
853 5413 946 5445 ⁸⁷⁸⁸
978 5404 1266 5480 Principia,
1302 5426 1466 5464 unum
1499 5411 1711 5464 Patrem
1741 5409 1807 5463 ad
1844 5409 2036 5480 Filium
2080 5423 2207 5460 mss.
2249 5405 2471 5480 _Vict_._9.
2501 5412 2550 5457 et
2584 5404 2670 5458 I5.
2697 5406 2978 5480 principio,
3007 5410 3119 5480 sed
3161 5426 3351 5474 untttn.
3381 5411 3598 5465 Patrem

357 5474 636 5551 etui’ilinm
712 5481 803 5513 ¹⁷⁰¹
868 5482 973 5537 Sed
1015 5474 1247 5551 quodam
1295 5496 1400 5533 mss
1428 5482 1496 5551 si
1529 5481 1775 5551 quodam
1840 5479 1931 5511 ¹⁷⁰²
1962 5478 2196 5546 Idipsum
2247 5474 2564 5542 intelligitur
2598 5474 2907 5551 ωδε-(ξομ).
2967 5477 3197 5551 idipsum
3249 5480 3598 5551 intelligimus

362 5546 454 5581 ⁸⁷⁸³
474 5547 713 5602 Dicimus
742 5566 859 5604 esse
910 5545 1124 5605 causam
1175 5568 1299 5604 mss.
1328 5561 1374 5603 et
1417 5545 1723 5603 Edit'Goth.
1750 5550 1980 5602 dicimus
2011 5545 2220 5616 patrem
2251 5559 2372 5599 esse
2394 5559 2615 5616 causam
2695 5545 2790 5616 "7°"
2811 5545 2938 5601 CAP.
2976 5545 3062 5603 t8.
3100 5548 3193 5604 Est
3220 5551 3275 5605 in
3301 5567 3404 5606 ms.
3426 5545 3595 5604 Cors.

356 5620 526 5681 (ἐσινιιι
560 5618 638 5672 Η)-
678 5620 798 5672 olim
832 5620 999 5692 (Ιᾳιγιιι
1036 5624 1100 5676 ib’
1179 5622 1269 5654 ¹⁷⁰⁵
1298 5621 1447 5689 Quod
1503 5621 1568 5675 de
1603 5636 1707 5674 uno
1744 5620 1981 5685 loquitur
2013 5613 2139 5671 ints.
2191 5616 2332 5689 quod
2370 5616 2422 5669 in
2455 5629 2562 5669 uno
2602 5613 2846 5684 loquitur
