3926 6054
296 244 408 296 5ίό

1333 241 1420 296 DE
1459 239 1930 298 PROCESSIONE
1961 239 2018 296 S.
2053 239 2388 298 SPlRITUS.
2759 277 2780 302 φ

3431 247 3535 302 3H

303 355 490 408 Simon
539 351 802 420 ijorm,
843 352 968 421 quia
1007 369 1130 406 coro
1168 363 1214 406 et
1235 356 1448 421 sanguis
1493 371 1594 408 non
1637 355 1870 408 revelari:
1903 362 1945 416 Α
1980 355 2078 408 Ιι-ιε
2113 355 2256 408 extim
2301 366 2384 410 est
2425 355 2656 425 Spiritus
2700 367 2936 420 sanctus,
2971 357 3111 424 quod
3155 367 3240 412 εει
3281 357 3446 415 Filius
3493 369 3550 414 ει.

301 444 418 506 tibi,
444 443 534 514 sed
572 439 733 496 Pater
754 459 896 498 naeus
923 445 1010 511 qui
1035 446 1087 504 in
1111 447 1250 498 caelis
1271 456 1342 498 est
1361 445 1576 514 (Matth.
1617 463 1725 506 xw,
1763 448 1871 516 l7).

299 530 494 590 Nonne
551 533 662 601 ipse
703 531 870 588 Filius
912 543 966 590 ει
986 534 1222 602 Spiritus
1247 546 1466 596 sanctus
1501 537 1876 606 intelligendus

299 631 388 678 est
435 621 699 676 revelasse
735 637 854 676 cum
887 621 1048 676 Patre
1068 623 1090 674 ?
1111 622 1370 690 Quoniam
1401 625 1542 677 enim
1575 625 1735 678 Pater
1769 641 1873 686 non

301 711 506 766 revelat
552 725 648 780 per
676 712 800 778 hoc,
851 713 976 780 quia
1011 713 1169 770 Pater
1206 723 1288 768 est
1318 713 1442 778 ‘7“;
1489 713 1718 784 sed'per
1751 716 1873 780 hoc,

295 801 444 872 quod
477 802 614 854 Deus
639 808 744 866 est,
769 809 822 854 et
845 801 982 854 idem
1019 801 1158 854 Deus
1191 813 1272 856 est
1303 802 1467 856 Filius
1492 803 1581 834 ¹⁷⁰⁷
1617 811 1670 856 ει
1709 803 1876 872 8ρὶιί-

301 899 392 942 ιιιε
419 899 673 953 sanctus;
705 889 948 958 sequitur
973 899 1049 956 ut,
1078 891 1220 958 (ιιιοιι
1253 891 1452 950 revelat
1477 892 1653 958 Pater,
1677 893 1876 948 revelet

299 978 490 1042 Filius,
522 989 576 1033 et
618 979 852 1046 Spiritus
881 989 1122 1034 sanctus.
1159 979 1289 1034 ltem
1325 997 1446 1042 cum
1495 982 1664 1037 dicit:
1709 981 1875 1036 Nemo

299 1071 440 1124 novit
475 1069 694 1134 Filium,
730 1071 830 1124 nisi
882 1071 1075 1138 Pater;
1113 1089 1272 1143 neque
1308 1071 1518 1128 Patrem
1559 1077 1676 1146 quis
1717 1077 1874 1140 novit,

297 1158 405 1210 nisi
446 1155 638 1224 Filius,
681 1168 729 1210 et
775 1159 859 1211 cui
913 1160 1128 1212 voluerit
1172 1159 1344 1216 Filius
1395 1162 1620 1218 revelare
1660 1165 1871 1231 (Matth.

297 1263 378 1312 ιι,
419 1245 530 1316 27),
561 1247 714 1316 quasi
763 1247 908 1302 solus
955 1248 1124 1304 Filius
1154 1262 1439 1320 cognoscat
1459 1253 1552 1288 ¹⁷⁰⁸
1593 1263 1646 1306 et
1680 1255 1877 1310 revelet

299 1337 538 1404 Patrem,
572 1347 622 1391 et
652 1352 738 1402 sc;
770 1347 825 1392 et
850 1339 996 1392 solus
1021 1339 1183 1394 Pater
1215 1341 1306 1376 ¹⁷⁰⁹
1334 1353 1624 1409 cognoscat
1647 1342 1872 1396 Filium:

298 1427 704 1498 intelligendum
728 1437 810 1482 est
835 1427 905 1482 ibi
937 1430 1175 1482 revelare
1206 1444 1258 1485 et
1287 1447 1464 1500 nosse,
1497 1433 1665 1488 tribus
1692 1449 1878 1504 perso-

297 1519 387 1568 nis
424 1531 543 1570 esse
568 1531 884 1584 commune;
916 1519 1168 1587 quoniam
1201 1535 1306 1573 non
1336 1536 1432 1589 per
1461 1523 1581 1586 hoc,
1612 1522 1754 1590 quod
1788 1522 1874 1576 alii

299 1609 428 1656 sunt
457 1605 526 1656 ab
550 1603 805 1668 invicem;
842 1613 932 1661 sed
964 1620 1059 1674 per
1093 1608 1221 1674 hoc,
1252 1610 1393 1678 quod
1433 1626 1596 1664 uuam
1623 1621 1748 1666 sunt
1775 1611 1878 1664 Pa-

1975 447 2116 516 quotl
2139 456 2224 500 est
2243 445 2427 500 Pater.

2349 533 2576 590 CAPUT
2616 536 2710 592 xx
2755 535 2850 606 [αι.
2884 535 3022 607 xm
3051 538 3158 589 ατη.
3237 557 3252 572 -

2145 621 2397 692 Ejusdem
2427 626 2720 694 argumenti
2748 624 3076 692 conﬁrmatio
3110 626 3386 692 refutatur.

2047 712 2152 768 Sed
2175 715 2316 768 dicet
2339 714 2536 783 aliquis
2569 732 2582 766 :
2623 715 2747 768 ideo
2779 715 3124 785 intelligimus
3153 715 3346 768 Filium
3371 724 3424 768 et
3439 715 3554 784 Spi-

1975 804 2136 862 ritum
2179 816 2424 866 sanctum
2455 805 2712 870 revelare,
2748 807 2889 874 quod
2928 807 3076 859 solus
3114 807 3274 860 Pater
3313 807 3552 862 revelare

1977 895 2200 960 dicitur;
2237 905 2292 950 et
2335 897 2545 954 Patrem
2578 906 2632 949 et
2665 897 2924 966 Spiritum
2953 906 3196 954 sanetum
3227 897 3470 956 revelare
3499 905 3555 950 et

1977 1001 2158 1054 nosse,
2197 988 2338 1054 quod
2379 987 2528 1042 solus
2559 988 2726 1042 Filius
2767 987 2945 1042 facere
2975 989 3202 1052 dicitur;
3241 996 3297 1040 et
3337 987 3553 1046 Patrem

1975 1084 2030 1129 et
2051 1076 2242 1130 Filium
2269 1077 2486 1142 docere,
2509 1079 2648 1145 quod
2681 1079 2827 1132 solus
2854 1077 3074 1144 spiritus
3099 1086 3320 1132 satietas
3340 1077 3555 1134 doctum

1967 1167 2056 1231 ire
2092 1168 2442 1237 promittitur,
2479 1168 2604 1236 quia
2653 1169 2796 1236 quod
2841 1170 2908 1220 de
2946 1182 3052 1219 uno
3078 1167 3193 1222 solo
3227 1167 3278 1218 in
3307 1182 3413 1226 uno
3441 1165 3560 1226 loco

1979 1257 2196 1328 legitur.
2242 1258 2307 1314 de
2337 1258 2457 1312 aliis
2493 1258 2616 1311 alibi
2659 1267 2846 1326 aperte.
2895 1257 3234 1324 signiﬁcatur
3275 1256 3386 1308 ""°.
3419 1254 3556 1312 Cum

1976 1361 2106 1398 vero
2157 1347 2284 1404 dicit
2319 1346 2576 1414 Spiritum
2619 1357 2864 1400 sanctum
2919 1347 2986 1400 de
3029 1346 3188 1400 Patre
3241 1346 3558 1413 procedere,

1979 1450 2081 1488 nou
2118 1437 2342 1506 legimus
2390 1437 2584 1490 alicubi
2627 1451 2749 1490 eum
2803 1438 2868 1490 de
2915 1437 3050 1490 Filio
3089 1437 3401 1506 procedere.
3459 1436 3561 1496 Per

1978 1527 2119 1596 quod
2145 1543 2424 1582 monemur
2447 1527 2534 1557 ”“
2569 1543 2672 1582 non
2701 1536 2885 1580 nostro
2911 1541 3092 1588 sensu,
3117 1529 3260 1593 quod
3291 1541 3558 1594 nusquam

1979 1619 2180 1670 dictum
2220 1626 2320 1678 est.
2379 1633 2645 1672 asserere.
2697 1618 2774 1671 Αςι
2813 1617 2955 1682 quod
3003 1617 3390 1684 respondemus
3429 1618 3556 1686 quia

299 1703 389 1753 ter
419 1703 473 1749 et
501 1695 668 1750 Filius
715 1705 770 1749 et
809 1693 1047 1766 Spiritus
1087 1707 1304 1752 sanctus
1329 1699 1442 1766 ‘7”,
1471 1709 1802 1769 cognoscunt
1827 1709 1882 1754 et
1913 1711 1954 1768 Β
1983 1708 2158 1774 potius
2185 1708 2440 1766 docemur
2463 1725 2558 1778 per
2582 1709 2694 1762 haec
2721 1723 2838 1774 qua:
2875 1709 2955 1761 sic
2981 1707 3122 1760 dicta
3155 1719 3302 1768 ειιιιι,
3331 1722 3414 1770 ea,
3443 1723 3562 1775 quze

301 1784 566 1838 revelant.
597 1784 728 1837 Cum
759 1785 921 1838 etiam
953 1786 1082 1840 dicit
1108 1787 1194 1817 ¹⁷¹¹
1227 1787 1439 1842 Patrem
1470 1804 1626 1843 nosse
1660 1788 1875 1852 Filium,

295 1888 352 1928 et
377 1873 569 1928 Filium
612 1890 770 1930 nosse
801 1875 1038 1942 Patrem,
1079 1887 1134 1932 et
1182 1879 1422 1934 revelare
1460 1895 1518 1934 se
1558 1889 1612 1932 et
1639 1879 1876 1944 Patrem,

299 1980 486 2036 aperte
520 1969 630 2022 vult
677 1969 900 2040 intelligi
943 1970 1067 2038 quia
1117 1969 1275 2026 Pater
1306 1973 1582 2041 cognoscit
1616 1970 1877 2040 Spiritum

299 2067 570 2124 sanctum,
602 2068 656 2113 et
685 2057 852 2113 Filius
901 2061 1074 2116 noscit
1107 2069 1158 2114 et
1207 2063 1409 2122 revelat
1456 2062 1713 2130 Spiritum
1757 2077 1882 2116 san-

293 2157 476 2214 ctum;
513 2153 764 2220 quoniam
803 2151 1038 2220 idipsum
1075 2153 1216 2220 quod
1266 2163 1351 2206 est
1391 2152 1549 2208 Pater
1586 2161 1640 2206 et
1687 2152 1877 2218 Filius,

293 2249 386 2294 est
417 2242 580 2293 etiam
619 2242 852 2310 Spiritus
881 2243 970 2272 ‘7”
1009 2255 1249 2300 sanctus.
1279 2244 1540 2300 Similiter
1569 2259 1691 2296 cum
1715 2244 1877 2298 dicit:

305 2331 412 2394 Qui
438 2348 518 2385 me
540 2333 696 2395 videt,
725 2333 856 2386 videt
897 2343 944 2388 et
979 2331 1188 2388 Patrem
1214 2333 1397 2406 (Joan.
1425 2350 1534 2398 xw,
1563 2333 1595 2388 9
1599 2351 1640 2404 ),
1668 2349 1770 2387 nou
1797 2342 1882 2388 est

300 2423 634 2489 separandus
661 2423 894 2493 Spiritus
927 2435 1174 2492 sanctus;
1203 2427 1459 2496 quoniam
1488 2427 1578 2496 qui
1613 2426 1758 2480 videt
1779 2427 1882 2486 hoc

301 2509 494 2580 inquo
535 2529 698 2566 uumu
741 2513 982 2567 suntm'
1031 2513 1191 2568 Pater
1237 2524 1286 2568 et
1339 2513 1508 2576 Filius
1546 2522 1599 2568 et
1649 2514 1882 2582 Spiritus

299 2611 545 2668 sanctus,
573 2621 675 2658 nou
709 2615 883 2674 potest
925 2606 1109 2658 videre
1152 2620 1315 2657 unum
1346 2605 1410 2657 de
1445 2606 1528 2658 bis
1563 2605 1734 2656 tribus
1765 2605 1881 2664 sine

301 2695 424 2746 aliis
451 2695 675 2749 duobus.
711 2697 784 2750 De
813 2695 1016 2764 Spiritu
1046 2708 1235 2750 sancto
1264 2711 1479 2764 quoque
1506 2695 1638 2750 dicit
1661 2696 1726 2748 ad
1755 2711 1882 2764 apo-

295 2785 472 2841 stolos
500 2801 515 2838 :
544 2782 674 2838 Cum
711 2795 882 2840 autem
909 2791 1099 2841 uerterit
1131 2787 1218 2839 ille
1241 2785 1468 2852 Spiritus
1491 2787 1749 2850 veritatis,
1778 2787 1881 2838 do—

299 2877 434 2929 cebit
467 2893 552 2929 vos
577 2893 776 2930 onmem
811 2879 1074 2930 veritatem
1102 2875 1282 2944 (Joun.
1315 2893 1424 2942 XVI,
1456 2877 1569 2946 13),
1608 2880 1760 2945 quasi
1795 2891 1884 2932 so-

299 2967 392 3022 lus
418 2966 652 3036 Spiritus
686 2979 904 3022 sanctus
942 2969 1132 3024 doceat
1163 2983 1377 3022 omnem
1407 2967 1728 3032 veritatem;
1759 2982 1879 3022 cum

1985 1800 2036 1852 in
2063 1801 2330 1856 similibus
2381 1801 2538 1854 dictis
2591 1809 2873 1864 tacentur,
2927 1800 3178 1852 similiter
3223 1797 3559 1868 intelligere;

1979 1893 2280 1966 prmsertim
2313 1907 2436 1946 cum
2485 1907 2548 1946 ex
2581 1891 2668 1944 bis
2696 1907 2814 1960 quia:
2842 1892 3118 1958 dicuntur,
3165 1889 3310 1944 nulla
3357 1889 3564 1950 ratione

1979 1984 2407 2048 contradicente,
2433 1997 2518 2044 ea,
2541 1998 2662 2050 qua-
2686 1997 2788 2034 non
2819 1983 3098 2042 dicuntur,
3131 1978 3440 2034 rationabili
3471 1993 3564 2034 ne.—

1982 2083 2234 2128 eessttate
2275 2089 2532 2140 const‘qut
2569 2073 2911 2140 apertissimo
2953 2071 3247 2126 viderimus
3273 2071 3383 2122 ιη’.
3429 2067 3562 2126 Cum

1982 2165 2126 2220 enin
2153 2164 2282 2216 dicit
2309 2164 2564 2217 Dominus
2597 2163 2662 2216 ad
2685 2162 2900 2214 Patrem
2929 2179 2942 2212 :
2989 2160 3117 2215 Haec
3153 2170 3228 2214 est
3257 2169 3434 2212 autent
3459 2160 3564 2212 rita

1983 2265 2199 2312 a'ternu,
2231 2261 2284 2304 ut
2321 2261 2628 2320 cognoscant
2659 2261 2706 2302 te
2734 2250 2904 2302 solum
2933 2265 3108 2302 verum
3129 2248 3312 2310 Deum,
3343 2256 3389 2300 et
3411 2263 3564 2316 quem

1984 2341 2366 2398 misistilesum
2398 2338 2660 2402 Christum
2678 2339 2861 2408 (Jomt.
2891 2353 3024 2402 xvtt,
3055 2338 3130 2402 5);
3185 2353 3254 2390 an
3312 2337 3430 2390 ideo
3459 2335 3556 2388 de-

1985 2433 2172 2488 bemus
2206 2447 2461 2500 separare
2510 2430 2578 2482 ab
2625 2431 2724 2482 bac
2753 2428 2952 2482 salubri
2987 2439 3038 2482 et
3067 2427 3216 2480 vitali
3255 2427 3566 2496 cognitione

1986 2525 2244 2592 Spiritum
2292 2531 2562 2584 sanctum,
2593 2521 2716 2588 quia
2763 2536 3023 2589 nusquam
3067 2519 3304 2588 legitur:
3343 2516 3467 2570 "(re
3491 2523 3568 2569 est

1984 2625 2156 2668 autem
2187 2615 2290 2666 vim
2311 2623 2526 2670 (Ριξξι-ηπ,
2544 2622 2596 2666 ut
2621 2621 2930 2679 cognoscunt
2964 2607 3177 2662 Putrem
3200 2607 3368 2662 solum
3394 2624 3567 2660 rerum

1987 2703 2173 2764 Deum,
2207 2713 2252 2756 et
2280 2701 2530 2768 Spiritum
2547 2713 2806 2754 sanctum.
2841 2701 2948 2754 Aul.
2973 2717 2989 2754 :
3029 2697 3074 2752 11
3083 2716 3156 2752 (ec
3187 2709 3260 2753 est
3291 2699 3392 2752 vita
3417 2709 3570 2750 (eter-

1986 2813 2078 2860 na,
2102 2803 2158 2848 ut
2181 2803 2492 2864 cognoscant
2540 2791 2734 2844 Filium
2767 2791 2935 2844 soluat
2961 2806 3136 2844 rerum
3171 2785 3337 2842 Deum
3367 2798 3412 2840 et
3445 2785 3572 2852 Spi-

1987 2887 2142 2938 ritum
2169 2893 2406 2938 sanctum
2435 2883 2458 2934 ?
2487 2883 2588 2936 Aut
2615 2898 2736 2934 cum
2767 2881 2992 2948 legimus
3034 2893 3048 2930 :
3077 2879 3210 2946 Quia
3239 2879 3373 2932 sicut
3409 2875 3568 2936 Pater

1987 2974 2135 3028 habet
2177 2975 2336 3028 vitam
2371 2974 2424 3024 in
2461 2973 2766 3037 semetipso,
2820 2971 2894 3022 sic
2941 2969 3082 3021 dedit
3130 2977 3178 3022 et
3225 2965 3366 3020 Filio
3409 2967 3570 3018 vitam

299 3073 408 3113 nec
437 3059 552 3112 sine
571 3057 752 3120 Patre,
781 3072 880 3112 nec
910 3059 1027 3115 sine
1059 3057 1194 3110 Filio
1221 3057 1414 3112 doceat
1443 3072 1655 3110 omnem
1689 3057 1884 3108 verita-
1911 3039 1955 3100 C
1988 3064 2174 3124 habere
2197 3065 2248 3115 in
2279 3062 2550 3126 scutati;sz
2573 3061 2752 3130 (Joan.
2792 3075 2846 3120 ν,
2873 3059 2987 3128 26),
3023 3059 3264 3112 dicemus
3303 3054 3565 3123 Spiritqu

303 3157 439 3200 lem.
469 3144 586 3199 Non
620 3146 762 3200 enim
811 3161 904 3214 per
931 3147 1054 3212 hoc,
1095 3147 1219 3214 quia
1252 3155 1334 3198 est
1365 3144 1599 3214 Spiritus
1631 3143 1880 3212 alicujus,

302 3239 510 3294 scilicet
529 3239 704 3292 Patris
733 3248 786 3291 ct
811 3237 930 3290 Filii
956 3247 1009 3292 et
1037 3237 1274 3306 Spiritus
1299 3253 1312 3300 ;
1343 3236 1436 3290 sed
1467 3251 1562 3304 per
1593 3237 1714 3298 hoc,
1743 3236 1882 3304 quod

305 3345 472 3382 unum
517 3337 598 3382 est
641 3343 762 3381 cum
795 3327 954 3382 Patre
985 3336 1039 3380 et
1081 3327 1237 3390 Filio,
1275 3327 1324 3379 id
1353 3335 1434 3380 est
1471 3341 1567 3394 per
1599 3326 1700 3378 boc
1741 3325 1884 3394 quod

305 3422 450 3474 Dens
476 3429 578 3482 est,
601 3421 758 3473 decet
783 3435 996 3473 onmem
1020 3421 1317 3472 veritatem.
1348 3418 1731 3487 Vitletisigitur
1754 3432 1886 3485 quo-

305 3512 468 3565 modo
506 3512 558 3564 in
589 3511 672 3564 bis
709 3527 826 3582 qua:
873 3512 1125 3582 proposui
1160 3511 1272 3572 ¹⁷¹“,
1302 3511 1442 3578 quod
1477 3509 1566 3562 uni
1595 3509 1746 3578 quasi
1786 3507 1884 3562 soli

305 3599 556 3653 attribuit
583 3599 696 3659 ωδ,
753 3601 818 3652 ab
863 3600 982 3653 aliis
1028 3599 1238 3652 duabus
1295 3597 1541 3665 personis
1603 3611 1710 3650 non
1757 3611 1883 3666 pos—

299 3691 380 3746 sit
407 3691 500 3721 ¹⁷¹⁶
527 3691 786 3760 separari.
815 3689 976 3744 Multa
1018 3688 1318 3754 bujusmodi
1350 3687 1400 3740 in
1424 3702 1576 3740 sacra
1603 3687 1883 3756 Scriptura

305 3778 580 3848 legimus:
616 3789 674 3832 ut
713 3781 856 3848 quod
886 3784 952 3834 de
997 3797 1096 3831 una
1128 3795 1353 3848 persona
1386 3778 1733 3847 singulariter
1759 3776 1888 3831 dici-

305 3875 422 3930 tur,
463 3865 832 3920 indiiYcrcnter
876 3867 943 3920 de
1000 3867 1170 3920 tribus
1221 3865 1563 3934 intelligatur.
1615 3863 1886 3932 Quidquid

301 3959 452 4014 enim
479 3961 544 4012 de
582 3975 684 4011 uua
729 3974 958 4030 persona
1004 3957 1410 4028 pronuntiatur,
1443 3957 1508 4010 de
1541 3957 1662 4010 aliis
1687 3957 1888 4026 pariter

303 4058 522 4117 Oportet
553 4048 804 4119 intelligi;
865 4049 964 4102 nisi
996 4064 1116 4102 cum
1155 4047 1388 4110 ltoc‘i”,
1427 4047 1566 4100 unde
1594 4045 1711 4100 aliae
1739 4055 1886 4109 sunt,

303 4153 370 4193 ut
398 4139 529 4204 dixi,
557 4139 624 4192 ab
645 4139 872 4194 invicem
899 4141 1118 4200 obviare
1147 4140 1508 4210 cognoscitur.
1546 4139 1888 4210 Quapropter

301 4247 436 4284 cum
490 4233 758 4284 credimus
789 4232 1046 4299 Spiritum
1102 4241 1346 4290 sanctum
1385 4233 1451 4285 de
1498 4231 1660 4286 Patre
1695 4246 1887 4300 proce-

305 4322 469 4384 dere;
499 4321 749 4388 quoniam
782 4323 920 4376 Deus
951 4325 1015 4376 de
1049 4323 1178 4386 Deo,
1204 4323 1254 4376 id
1283 4331 1362 4376 est
1393 4323 1626 4376 essentia
1655 4321 1886 4389 Spiritus

1989 3161 2230 3208 sanctum
2265 3166 2367 3202 non
2397 3151 2611 3204 .ltaberc
2642 3165 2670 3202 a
2714 3148 2899 3212 Patre,
2929 3163 2956 3199 a
3001 3162 3107 3216 quo
3143 3154 3250 3206 est,
3282 3153 3339 3196 ιιι
3377 3144 3573 3202 habeat

1988 3241 2040 3295 in
2072 3241 2357 3308 semetipso
2379 3240 2566 3304 vitam,
2594 3237 2733 3294 sicut
2757 3239 2917 3292 habet
2947 3237 3103 3290 Pater
3126 3246 3176 3290 et
3203 3233 3403 3298 Filius;
3429 3247 3570 3300 quo-

1987 3331 2130 3384 niam
2170 3331 2272 3384 hoc
2327 3344 2588 3398 nusquam
2623 3327 2754 3382 dicit
2788 3325 2952 3380 Filius
2989 3325 3054 3378 de
3105 3323 3306 3394 Spiritu
3350 3328 3564 3386 sancto,

1988 3420 2213 3474 sicutde
2238 3421 2436 3488 seipse.
2467 3419 2594 3472 ltem
2639 3433 2760 3470 cum
2805 3417 2934 3470 dicit
2968 3433 2984 3470 :
3019 3415 3173 3468 Pater
3197 3416 3249 3466 in
3292 3429 3371 3466 me
3392 3421 3486 3474 est,
3523 3420 3570 3464 et

1987 3529 2078 3580 ego
2126 3513 2178 3564 iu
2225 3509 2410 3574 Patre,
2449 3521 2503 3564 et
2558 3528 2572 3563 :
2619 3509 2721 3580 Qui
2757 3510 2889 3566 ridet
2942 3525 3042 3572 me,
3085 3509 3220 3562 ridet
3268 3517 3313 3560 et
3357 3505 3570 3560 Putrem

1989 3602 2169 3674 (Jorm.
2222 3619 2331 3666 xlv,
2383 3602 2493 3668 l0),
2539 3617 2604 3654 an
2657 3603 2970 3670 negabimus
3012 3599 3270 3668 Spiritum
3323 3609 3566 3656 sanctum

1988 3707 2107 3748 esse
2155 3694 2206 3745 in
2249 3693 2406 3748 Patre
2457 3703 2508 3744 et
2535 3691 2690 3754 Filio,
2735 3702 2782 3745 et
2814 3691 3024 3744 Patrem
3050 3701 3102 3744 et
3129 3690 3321 3742 Filium
3367 3703 3486 3740 esse
3518 3687 3568 3740 in

1992 3783 2193 3852 Spiritu
2236 3791 2454 3847 sancto;
2504 3793 2596 3834 aut
2626 3798 2768 3844 eum,
2812 3783 2904 3850 qui
2949 3781 3096 3832 videt
3125 3780 3342 3842 Filium,
3381 3777 3567 3830 videre

1992 3873 2246 3941 Spiritum
2275 3882 2542 3936 sanctum,
2575 3871 2715 3923 sicut
2747 3871 2888 3922 videt
2929 3869 3178 3932 Patrem;
3221 3867 3262 3920 si
3313 3866 3427 3919 haec
3457 3877 3566 3916 non

1989 3965 2174 4020 cadem
2204 3962 2634 4032 pronuntiatione
2675 3961 2943 4028 leguntur,
2990 3973 3092 4026 qua
3119 3957 3210 3986 ’⁷³³
3239 3955 3304 4008 de
3330 3955 3485 4006 Patre
3512 3963 3564 4004 et

1990 4056 2124 4110 Filio
2157 4053 2540 4122 proferuntur?
2567 4051 2674 4114 lino
2697 4049 2950 4120 quoniam
2985 4065 3121 4100 tutus
3149 4049 3397 4112 idemque
3431 4045 3570 4104 Deus

1989 4157 2091 4208 est,
2123 4129 2305 4208 Pater,
2337 4155 2391 4200 et
2419 4145 2604 4204 Filius.
2637 4155 2690 4198 et
2721 4142 2955 4212 Spiritus
2985 4151 3246 4194 sanctus:
3278 4151 3398 4188 eum
3433 4135 3569 4189 dici-

1991 4246 2077 4290 tur
2116 4250 2440 4306 cognoscere
2475 4235 2647 4288 solum
2697 4249 2881 4287 verum
2937 4233 3100 4285 Deum
3141 4228 3356 4282 Patrem
3393 4238 3451 4306 et
3481 4227 3570 4280 Fi-

1991 4325 2118 4377 liutn
2145 4340 2265 4378 esse
2291 4323 2453 4376 vitam
2485 4332 2764 4383 :eternam,
2792 4319 3222 4388 inseparabiliter
3254 4316 3568 4385 intelligen-

303 4408 486 4462 sancti
511 4409 577 4462 de
599 4411 832 4464 essentia
869 4411 1064 4474 Patris,
1098 4425 1217 4480 qua:
1247 4426 1348 4463 una
1380 4411 1538 4464 estin
1569 4411 1742 4465 tribus
1765 4411 1880 4476 ¹⁷¹⁸,
1918 4385 1966 4442 D
1991 4419 2088 4470 dus
2128 4427 2213 4470 est
2261 4417 2312 4469 iu
2361 4415 2447 4470 illa
2490 4415 2792 4483 cognitione
2824 4415 3056 4482 Spiritus
3083 4425 3319 4466 sanctus.
3355 4411 3568 4464 Etcum

301 4515 432 4554 ease
455 4501 807 4572 intelligitur:
841 4518 1060 4558 necesse
1099 4516 1182 4558 est
1226 4515 1283 4557 ut
1315 4505 1379 4558 de
1409 4504 1544 4558 Filio
1573 4520 1696 4558 eum
1727 4507 1882 4561 simi-

305 4593 438 4647 liter
468 4609 590 4649 esse
615 4593 990 4660 conﬁteantur,
1025 4595 1070 4650 si
1113 4595 1282 4649 Filius
1320 4609 1424 4649 non
1451 4605 1536 4649 est
1565 4595 1629 4649 de
1657 4595 1778 4660 illo;
1815 4597 1882 4650 de

1991 4507 2213 4574 legimus
2241 4525 2252 4559 :
2287 4507 2421 4572 Quia
2443 4508 2578 4560 sicut
2608 4504 2768 4558 Pater
2792 4506 2943 4558 habet
2976 4505 3130 4557 vitam
3167 4505 3222 4556 in
3255 4502 3568 4564 semetipso:

1987 4601 2062 4652 sic
2080 4599 2220 4650 dedit
2251 4595 2391 4651 Filio
2431 4597 2618 4650 habere
2656 4598 2813 4650 vitam
2855 4595 2910 4648 in
2946 4594 3242 4664 semetipso,
3273 4609 3376 4647 non
3407 4593 3570 4648 debe-

1625 4707 1854 4760 VARIJE
1893 4707 2298 4764 LEGTIONES.

385 4815 480 4890 ‘7'?
509 4815 693 4890 Multis
705 4817 900 4890 prius,
937 4815 1051 4872 Non
1069 4816 1280 4890 revelat
1305 4831 1400 4886 per
1425 4817 1675 4890 bocquia
1695 4819 1855 4874 Pater
1876 4829 1980 4883 est,
1998 4837 2158 4890 usque
2183 4821 2251 4874 ad
2273 4822 2394 4882 ista,
2413 4819 2670 4887 Quamvis
2699 4835 2820 4885 qua:
2835 4835 2996 4888 supra
3018 4819 3128 4886 iam
3147 4829 3245 4874 etc.
3265 4836 3361 4872 ms.
3405 4815 3563 4890 (iure.

305 4887 500 4958 emittit
563 4885 668 4958 ΪῨΤ
703 4885 804 4940 Ρει·
837 4888 957 4958 illoc
984 4887 1117 4958 quia
1145 4885 1420 4958 Deusest,
1454 4897 1510 4940 et
1539 4889 1674 4941 idem
1709 4891 1846 4942 Deus
1875 4901 1958 4943 est
1985 4885 2166 4948 Pater.
2189 4900 2244 4942 et
2270 4885 2580 4943 Filiusmss.
2605 4906 2701 4958 per
2724 4891 2825 4944 hoc
2852 4885 2993 4956 quod
3020 4885 3168 4944 Deus
3202 4899 3308 4952 est,
3341 4889 3568 4958 ctidem

311 4953 731 5024 DetwcstFilius
803 4957 895 4988 ⁸⁷⁸⁸
909 4953 1066 5011 Solus
1081 4957 1245 5012 Filius
1269 4957 1433 5010 Filius
1451 4971 1734 5022 cognoscat
1766 4975 1888 5011 nm.
1920 4959 2048 5012 Vict.
2076 4959 2220 5012 solus
2247 4961 2412 5013 Filius
2437 4953 2726 5024 cognoscat
2801 4953 2892 4990 ‘7”
2921 4959 3138 5013 Patrem
3170 4969 3224 5011 et
3245 4958 3388 5012 solus
3411 4957 3571 5009 Pater

308 5023 672 5096 mu.il’atrem
696 5034 750 5077 et
775 5041 852 5082 se.
883 5037 936 5079 et
967 5026 1303 5096 solnsiPater
1379 5027 1470 5058 ¹⁷¹⁰
1502 5027 1652 5093 Quod
1697 5044 1856 5080 umun
1885 5039 2008 5084 sunt
2037 5029 2196 5082 Pater
2217 5041 2270 5082 et
2303 5029 2468 5084 Filius
2489 5023 2542 5083 et
2572 5031 2806 5096 Spiritus
2835 5039 3056 5083 sanctus
3087 5045 3214 5081 mss.
3255 5027 3418 5096 Gem.
3441 5025 3567 5096 Bec.

307 5095 456 5162 quod
485 5107 804 5164 unutnsuut
832 5096 990 5150 Pater
1025 5104 1080 5149 et
1111 5095 1346 5164 Spiritus
1373 5107 1594 5151 sanctus
1669 5099 1759 5128 1"“
1789 5097 1920 5152 Cum
1953 5099 2095 5152 enim
2129 5097 2259 5152 dicit
2287 5115 2411 5152 ritas.
2439 5115 2560 5154 cmn
2591 5095 2752 5152 etiam
2788 5100 2922 5153 dicit
2999 5099 3096 5130 ‘7"
3127 5099 3220 5150 Est
3247 5105 3300 5150 et
3333 5095 3569 5163 Spiritus

307 5181 438 5216 mu.
489 5162 618 5238 Viet.
647 5162 834 5238 Cister.
858 5166 950 5238 Est
978 5162 1395 5238 etiam—Spiritus
1463 5167 1552 5196 ‘7”
1586 5165 1734 5221 Unde
1765 5183 1925 5238 unum
1955 5177 2079 5222 sunt
2106 5184 2228 5220 mss.
2264 5170 2313 5222 in
2341 5185 2445 5238 quo
2473 5185 2633 5222 unum
2653 5179 2779 5238 sunt
2845 5169 3098 5238 ""‘AQure
3121 5167 3274 5238 posui
3298 5162 3424 5238 mss.
3447 5179 3571 5238 qua;

309 5233 720 5305 pi'qusuitnss.
757 5233 888 5305 Vict.
923 5235 976 5288 9.
1005 5245 1052 5305 et
1087 5235 1170 5288 15.
1205 5233 1324 5304 qua:
1353 5238 1630 5304 proposuit
1703 5237 1792 5268 ¹τ²⁸
1829 5237 1926 5292 Uni
1951 5238 2104 5305 quasi
2139 5238 2236 5290 soli
2271 5233 2487 5292 attribui
2517 5255 2642 5292 mss.
2667 5249 2714 5292 et
2743 5237 2886 5292 Edit.
2935 5233 3089 5292 Gelli.
3119 5233 3260 5304 quod
3299 5236 3386 5287 uni
3413 5235 3569 5304 quasi

305 5303 411 5355 sali
435 5303 683 5378 attribuit
759 5304 962 5378 "_‘_‘_Ab_
986 5304 1104 5358 aliis
1141 5303 1250 5378 non
1277 5309 1446 5370 possit
1474 5307 1718 5375 personis
1745 5323 1870 5361 mss.
1900 5303 1981 5362 ab»
1995 5307 2114 5360 aliis
2141 5309 2347 5378 duabus
2375 5309 2622 5378 personis
2655 5324 2761 5378 non
2794 5309 2963 5378 possit
3038 5303 3146 5378 "7”,
3173 5305 3328 5378 (lunt
3355 5306 3422 5378 de
3469 5305 3570 5358 hoc

305 5388 450 5442 me.
471 5387 594 5442 cum
625 5374 723 5426 hoc
799 5375 892 5406 "‘3
923 5373 1032 5430 Una
1057 5383 1139 5427 est
1165 5375 1338 5428 tribus
1367 5373 1489 5428 mss.
1517 5391 1618 5430 una
1649 5391 1734 5429 est
1765 5378 1816 5428 in
1861 5379 2034 5432 ttilms
2108 5377 2198 5408 ¹⁷¹⁹
2225 5373 2471 5434 (39.19.
2507 5379 2573 5431 in
2599 5395 2696 5431 ius.
2724 5373 2879 5430 Cori).
2915 5377 3043 5442 Cap.
3071 5377 3163 5429 20.
3239 5375 3334 5406 ³⁷⁸⁸
3361 5376 3563 5442 Aperte

308 5440 652 5516 signiﬁcatur
679 5459 774 5494 m3.
805 5442 952 5496 Gem:
983 5453 1164 5516 aperte
1191 5443 1449 5516 ﬁguratur
1477 5445 1746 5516 rural/iet.
1781 5447 1868 5499 l5.
1901 5457 2086 5516 aperte
2113 5457 2446 5502 monstratur
2521 5449 2610 5480 ¹⁷²¹
2645 5449 2744 5502 Per
2777 5447 2918 5514 quod
2950 5440 3236 5500 monemur
3257 5461 3379 5498 mss.
3412 5440 3565 5516 liem.

307 5525 412 5578 per
429 5511 580 5631 lquod
635 5526 915 5572 monemus
991 5514 1079 5546 ‘7"
1127 5511 1762 5583 Apertissime-vidcmus
1791 5511 2304 5586 mea—apertissime
2335 5519 2627 5574 viderimus
2705 5511 2805 5548 ⁸⁷η
2849 5517 3146 5586 Loquatur,
3187 5531 3306 5587 quae
3331 5531 3457 5568 mss.
3494 5514 3571 5568 le-

307 5595 420 5631 euu
449 5595 534 5631 ur.
573 5594 678 5631 una

307 5594 534 5650 gntttur.
573 5594 678 5647 qua
