3926 6054
361 272 466 343 aut

863 272 901 327 S
964 269 1265 326 ANSELMI
1301 265 1480 323 CANT
1496 265 1650 321 ΗΑΒ.
1693 262 2009 318 ARCIIIEP.
2046 261 2203 320 OPP.
2244 261 2425 318 PARS
2464 263 2503 317 Ι.
2541 293 2610 304 —
2641 260 3057 319 DOGMATICA.

3522 265 3625 320 516

362 403 484 441 mus
513 388 678 441 vitam
717 390 961 443 cautdcm
1008 388 1323 442 existimare
1374 386 1602 440 alienam
1655 400 1683 438 a
1729 383 1933 454 Spiritu
1964 386 2014 444 Α
2040 383 2546 454 quetntelligiturin
2565 382 3621 453 nomineFilit,nisiDeusquiFiliusest,

363 487 574 546 sancto,
606 488 699 532 aut
725 478 863 547 quod
895 478 1037 531 illam
1065 494 1169 530 non
1209 478 1260 529 in
1289 474 1582 544 semetipso
1609 472 1704 505 ¹⁷²⁶
1728 474 1942 528 habeat.

364 568 573 622 Etcum
607 569 854 623 audimus
882 586 895 621 :
930 567 1088 621 Pater
1127 568 1179 620 iu
1212 583 1291 620 me
1327 576 1424 630 est,
1468 576 1515 619 et
1546 581 1639 636 ego
1681 566 1737 619 in
1768 563 1923 619 Patre

372 671 465 714 ct:
501 660 607 726 Qui
633 677 713 713 me
735 661 891 724 videt,
926 660 1058 714 videt
1093 668 1141 711 et
1170 657 1407 723 Patrem,
1439 671 1765 726 cognoscere
1786 655 1951 710 debet

361 764 482 805 mus
512 765 606 818 per
656 752 769 802 haec
799 764 917 818 quae
957 749 1030 801 ita
1061 748 1336 812 dicuntur,
1373 747 1497 816 quia
1538 745 1774 814 Spiritus
1822 760 1949 799 sau-

362 849 481 894 ctus
524 854 629 894 non
677 848 764 894 est
795 848 947 893 extra
981 837 1198 891 Patrem
1243 847 1297 892 et
1345 835 1562 897 Filium,
1594 845 1686 889 aut
1707 835 1872 890 Pater
1890 845 1946 890 et

361 927 531 982 Filius
568 937 719 982 extra
763 928 1022 997 Spiritum
1070 936 1353 992 sanctum;
1394 935 1449 981 et
1492 925 1616 995 quia
1664 939 1760 994 per
1781 926 1944 980 visio-

359 1033 484 1074 ncm
509 1019 603 1051 ⁸⁷³⁸
623 1010 743 1073 Filii
773 1020 987 1073 videtur
1003 1019 1235 1088 Spiritus
1257 1027 1477 1072 sanctus
1502 1018 1641 1072 sicut
1665 1015 1945 1071 Pater"'°.

360 1110 520 1165 Sicut
548 1111 691 1165 enim
750 1126 854 1164 non
885 1119 969 1165 est
1016 1111 1155 1165 alius
1203 1109 1348 1164 Deus
1396 1108 1577 1172 Pater,
1623 1107 1762 1163 alius
1804 1108 1947 1162 Deus

359 1201 551 1266 Filius,
583 1202 721 1256 alius
755 1201 896 1256 Deus
942 1201 1178 1271 Spiritus
1207 1212 1470 1264 sanctus;
1519 1199 1598 1255 sic
1627 1216 1736 1255 non
1783 1200 1947 1254 habet

362 1292 505 1350 Deus
534 1292 678 1347 aliud
713 1293 765 1347 in
802 1293 982 1362 seipso
1008 1309 1168 1363 quam
1201 1292 1398 1356 Deum;
1441 1306 1539 1345 nec
1564 1300 1649 1345 est
1676 1290 1815 1346 Deus
1845 1306 1945 1345 ex-

316 1445 319 1448 _
362 1394 443 1435 tra
475 1382 677 1447 Deum;
713 1398 811 1437 nec
834 1383 973 1438 Deus
996 1381 1372 1438 cstdissim'lis
1400 1383 1511 1436 Deo
1537 1382 1651 1435 "’7.
1682 1381 1941 1451 Denique,

358 1472 451 1527 ubi
484 1473 713 1544 legimus
738 1476 829 1506 ⁸⁷³⁸
876 1475 928 1528 in
977 1476 1257 1545 propheta,
1299 1484 1393 1527 aut
1437 1472 1792 1543 evangelista,
1852 1481 1947 1526 aut

360 1563 619 1632 Apostolo
649 1563 731 1616 his
759 1564 938 1618 verbis
974 1564 1137 1617 Deum
1178 1578 1341 1616 unutn
1372 1576 1494 1618 esse
1522 1574 1632 1616 tres
1661 1576 1942 1631 personas,

360 1664 454 1707 aut
474 1668 638 1706 unum
671 1653 834 1706 Deum
861 1670 981 1709 esse
1009 1653 1348 1721 Trinitatem,
1379 1662 1471 1706 aut
1511 1653 1676 1707 Deum
1707 1653 1771 1706 de
1796 1652 1940 1705 Deo?

363 1836 634 1901 processio
660 1835 896 1904 Spiritus
924 1835 1095 1889 sancti
1122 1837 1187 1888 de
1218 1835 1376 1897 Fdio,
1412 1836 1719 1891 invenimus
1742 1851 1941 1890 nomen

365 1939 628 1992 personas,
665 1926 747 1980 vel
779 1927 1063 1982 Trinitatis
1088 1927 1199 1981 ’7”.
1234 1928 1500 1994 Quoniam
1544 1936 1723 1982 tamen
1753 1943 1817 1981 ex
1860 1926 1946 1982 his

361 2029 481 2083 qua:
508 2016 733 2086 legimus
759 2017 873 2071 inec
896 2018 1237 2087 apertissime
1261 2029 1591 2088 sequuntur,
1635 2026 1947 2071 constanter

360 2119 421 2157 ea
446 2116 501 2159 et
525 2107 688 2160 corde
716 2108 1005 2172 credimus,
1037 2119 1091 2162 et
1126 2123 1219 2162 ore
1246 2109 1585 2165 conﬁtemur.
1622 2109 1802 2175 Quare
1838 2121 1945 2161 non

363 2202 569 2251 tantum
600 2200 877 2269 suscipere
911 2214 1033 2252 cum
1082 2201 1408 2256 certitudine
1442 2200 1702 2256 debemus
1741 2214 1861 2268 quae
1892 2198 1944 2252 in

360 2302 515 2343 sttcra
546 2289 826 2360 Scriptura
860 2291 1144 2360 leguntur,
1183 2292 1275 2346 sed
1308 2293 1472 2347 etiam
1500 2308 1561 2347 ea
1590 2308 1709 2361 qua:
1741 2308 1805 2347 ex
1838 2292 1944 2357 his,

362 2377 504 2451 milia
538 2379 640 2433 alia
668 2382 1075 2437 contradicente
1097 2382 1330 2447 ratione,
1371 2382 1677 2438 rationabili
1707 2382 1944 2437 necessi-

364 2477 472 2525 tate
497 2481 815 2541 sequuntur.

729 2583 963 2640 CAPUT
1001 2583 1121 2639 3x1
1162 2584 1258 2658 [αι.
1290 2584 1414 2657 XX]
1447 2585 1559 2638 mo.

366 2668 638 2742 Processit)
671 2672 902 2739 Spiritus
946 2676 1115 2728 sancti
1155 2676 1220 2727 (le
1262 2672 1406 2727 Filio
1443 2674 1771 2742 exprimitur,
1817 2691 1935 2728 cum

602 2741 829 2811 Spiritus
857 2755 1068 2797 sanctus
1100 2745 1295 2798 dicitur
1318 2741 1544 2813 Spiritus
1574 2744 1720 2798 Filii.

433 2831 692 2898 Quamvis
719 2849 841 2903 qua:
885 2849 1044 2904 supra
1078 2833 1185 2902 iam
1211 2834 1354 2889 dicta
1394 2844 1519 2888 sunt
1552 2834 1798 2890 suliicere
1824 2850 1949 2904 pos-

365 2921 497 2989 sint,
552 2923 731 2979 adhuc
782 2933 957 2978 tamen
999 2923 1199 2994 aliquid
1250 2925 1470 2989 add-am,
1524 2925 1666 2980 unde
1713 2925 1948 2995 Spiritus

366 3021 586 3067 sanctus
616 3024 976 3083 cognoscatur
1003 3030 1122 3070 esse
1143 3017 1208 3070 de
1235 3013 1390 3070 Filio.
1414 3015 1751 3070 Conﬁtentur
1773 3014 1945 3071 Grzeci

2048 474 2453 543 autrelatioqua
2470 476 2703 530 refertur
2722 477 2786 529 ad
2809 474 3141 540 Patrem'm,
3166 489 3433 545 perquam
3457 477 3624 533 Filius

2044 565 2369 636 appellatur?
2384 565 2490 621 Sed
2516 565 2694 620 nullus
2717 581 2908 621 sensus
2930 566 3073 636 capit
3095 564 3354 636 Spiritum
3378 578 3625 623 sanctum

2046 669 2164 709 esse
2177 653 2440 724 Spiritum
2455 654 2651 719 Patris,
2667 663 2761 708 aut
2774 654 2914 720 Filii,
2931 656 3224 709 secundum
3238 657 3379 725 quod
3396 657 3534 711 alter
3544 668 3627 712 est

2045 743 2224 810 Pater,
2251 735 2390 799 alter
2410 744 2598 812 Filius;
2624 747 2716 800 sed
2740 746 3036 801 secundum
3061 746 3203 816 quod
3235 755 3461 817 uterque
3488 764 3627 802 unus

2047 837 2295 906 idemque
2308 837 2558 891 Deusest.
2577 837 2754 904 Quare
2768 837 2910 892 idem
2926 846 3007 892 est
3023 837 3346 905 intellectus,
3365 854 3487 893 cum
3503 840 3628 893 dici-

2049 911 2138 979 tur
2151 924 2386 994 Spiritus
2400 925 2614 991 Dei‘i“,
2633 935 2687 980 et
2702 926 2936 995 Spiritus
2950 925 3020 979 Pa
3031 927 3148 989 tris,
3164 939 3216 981 et
3232 926 3464 997 Spiritus
3482 926 3622 992 Filii;

2045 1020 2140 1073 sed
2156 1017 2393 1089 Spiritus
2420 1019 2550 1083 Dei,
2569 1028 2618 1073 et
2650 1018 2883 1088 Spiritus
2906 1018 3084 1073 Patris
3099 1019 3316 1084 dicitur,
3333 1021 3456 1089 quia
3474 1030 3557 1074 est
3574 1031 3629 1075 et

2047 1109 2156 1182 59
2184 1104 2428 1182 p'roccdit
2453 1112 2519 1165 de
2545 1110 2686 1173 Deo,
2717 1119 2772 1164 et
2798 1111 2865 1165 de
2896 1108 3074 1164 Patre.
3103 1109 3289 1179 itaque
3319 1121 3479 1165 estet
3499 1126 3627 1180 pro-

2046 1202 2190 1256 cedit
2213 1202 2378 1257 etiam
2407 1201 2472 1255 de
2503 1201 2639 1255 Filio
2658 1199 2771 1266 ⁸⁷³⁸,
2805 1201 2928 1270 quia
2958 1200 3151 1255 eodem
3196 1217 3359 1256 sensu
3405 1202 3628 1272 spiritus

2044 1291 2170 1346 Filii
2213 1292 2438 1346 dicitur.
2492 1290 2664 1356 Nam,
2712 1307 2834 1346 cum
2884 1290 3122 1361 Spiritus
3167 1301 3390 1346 sanctus
3432 1292 3630 1347 dicitur

2047 1384 2271 1453 spiritus
2302 1384 2396 1437 Dei
2415 1383 2504 1415 ""
2537 1383 2760 1453 spiritus
2792 1382 3002 1437 Domini
3029 1423 3044 1449 ,
3069 1383 3112 1437 si
3146 1397 3250 1438 non
3284 1382 3630 1453 intelligimus

2047 1473 2120 1529 ibi
2151 1474 2398 1543 spir'tum
2430 1472 2555 1528 Filii
2586 1488 2651 1528 eo
2681 1487 2841 1528 sensu
2872 1488 2979 1542 quo
3009 1473 3257 1540 spiriuun
3287 1471 3469 1526 Patris
3490 1513 3505 1538 ,
3535 1484 3631 1527 aut

2046 1562 2418 1632 separabimus
2448 1562 2641 1617 Filium
2679 1578 2707 1615 a
2740 1563 2958 1616 nomine
2992 1562 3083 1615 Dei
3115 1561 3197 1616 vel
3246 1562 3488 1624 Domini,
3536 1573 3632 1618 aut

2050 1652 2299 1709 bifariam
2331 1650 2661 1722 intelligetur
2687 1649 2922 1719 Spiritus
2954 1649 3043 1704 Dei
3073 1689 3088 1714 ,
3123 1650 3237 1704 sive
3266 1641 3488 1719 spiritus
3522 1649 3628 1703 Do-

262 1734 271 1743 ’
362 1744 456 1797 sed
508 1758 684 1814 neque
732 1745 785 1799 in
831 1745 921 1798 illo
951 1744 1225 1815 Symbolo,
1261 1745 1313 1798 in
1359 1759 1466 1813 quo
1498 1759 1604 1798 non
1630 1753 1711 1799 est
1738 1744 1942 1814 prolata
1976 1735 2018 1793 Β
2049 1743 2200 1797 mini.
2228 1742 2334 1796 Sed
2362 1743 2503 1797 unde
2534 1743 2675 1796 hunc
2709 1740 2912 1795 habent
2959 1754 3211 1807 sensum,
3245 1750 3337 1795 aut
3364 1740 3452 1795 ubi
3501 1741 3632 1810 legi-

2048 1844 2140 1890 tur
2164 1835 2217 1888 in
2250 1849 2404 1889 sacra
2437 1832 2721 1903 Scriptura
2753 1833 2897 1902 quod
2935 1833 3190 1888 similiter
3223 1850 3329 1887 non
3370 1835 3633 1904 intelliga-

2047 1931 2137 1977 tur
2167 1924 2233 1977 de
2259 1921 2420 1977 Patre
2443 1929 2497 1976 et
2527 1922 2594 1974 de
2621 1919 2800 2004 Fqilio,
2831 1937 2953 1976 cum
3000 1920 3230 1990 legimus
3257 1923 3505 1991 spiritum
3537 1925 3629 1978 Dei

2048 2021 2140 2067 aut
2169 2012 2416 2082 spiritum
2470 2012 2681 2065 Domini
2704 2011 2824 2078 ‘7“,
2868 2019 2961 2065 aut
2990 2011 3118 2079 quid
3165 2012 3457 2077 invenitur,
3487 2015 3630 2068 unde

2048 2103 2153 2159 hoc
2181 2101 2580 2172 sequatur""?
2605 2099 2741 2154 Nam
2772 2100 2817 2155 si
2847 2100 3034 2155 dicunt
3071 2117 3085 2153 :
3116 2100 3250 2155 Cum
3293 2102 3492 2156 dicitur
3520 2102 3631 2171 spi-

2049 2195 2186 2250 ritus
2230 2192 2446 2259 Patris,
2495 2194 2705 2249 duobus
2749 2192 2924 2246 modis
2962 2191 3324 2263 intelligitur:
3357 2193 3447 2248 Est
3480 2195 3624 2248 enim

2049 2286 2271 2355 spiritus
2301 2285 2505 2351 Patris,
2543 2283 2669 2353 quia
2701 2291 2785 2338 est
2829 2282 2896 2336 dc
2920 2282 3119 2349 Patre,
3160 2294 3216 2338 et
3257 2287 3383 2352 quia
3411 2287 3569 2339 datur
3596 2302 3628 2339 a

2048 2375 2240 2435 Patre;
2266 2374 2546 2441 Filiivcro
2567 2376 2788 2445 spiritus
2821 2376 3036 2432 uou"”
3058 2384 3162 2441 est,
3192 2376 3291 2428 nisi
3319 2377 3442 2444 quia
3469 2375 3629 2428 datur
3692 2370 3701 2378 ’

2049 2484 2077 2522 a
2117 2468 2276 2524 Filio.
2324 2468 2440 2524 lloc
2466 2470 2722 2539 estquod
2774 2484 2990 2540 quaero,
3040 2470 3180 2523 unde
3210 2469 3457 2524 habeant.
3497 2470 3627 2524 Etsi

2048 2558 2234 2612 dicunt
2265 2558 2407 2627 quod
2440 2557 2492 2612 in
2518 2558 2663 2612 nulla
2697 2558 3007 2613 authentica
3044 2559 3249 2614 dictum
3286 2570 3365 2612 est
3401 2560 3626 2628 pagina;

2048 2665 2149 2704 nec
2194 2649 2441 2719 sequitur
2465 2664 2531 2703 ex
2578 2665 2645 2704 eo
2676 2650 2819 2720 quod
2851 2650 2924 2706 ibi
2965 2650 3226 2720 scriptum
3255 2650 3345 2683 ’⁷³⁸
3395 2651 3459 2704 sit
3493 2664 3630 2703 :cur

2049 2756 2148 2795 uos
2178 2740 2609 2808 reprehendunt,
2638 2756 2761 2795 cum
2790 2740 3020 2795 dicimus
3072 2740 3334 2810 Spiritum
3379 2752 3626 2795 sant-tum

2049 2830 2344 2900 procedere
2366 2829 2431 2883 de
2451 2828 2613 2895 Filio,
2644 2830 2767 2883 ideo
2793 2829 2919 2898 quia
2945 2830 3059 2884 haec
3085 2830 3245 2885 verba
3275 2846 3380 2882 non
3413 2829 3625 2897 legunt;

2049 2935 2170 2977 cum
2201 2933 2268 2975 ex
2315 2920 2400 2974 his
2419 2959 2436 2980 ,
2463 2934 2585 2989 qua:
2625 2919 2810 2991 legunt
2838 2927 2895 2974 et
2925 2920 3186 2986 credunt,
3214 2919 3317 2973 hoc
3345 2932 3410 2972 ex
3439 2933 3629 2972 neces-

2050 3010 2211 3064 sitate
2239 3009 2393 3079 sequi
2443 3008 2955 3080 intclligamus‘m?
2995 3008 3244 3064 Judieent
3288 3008 3627 3078 quoqueipsi

364 3102 1183 3173 uobiscumSpiritumsanctum
1202 3104 1600 3173 esseSpiritum
1620 3104 1948 3174 Dei,etSpi-
1977 3123 2018 3181 ρ
2051 3102 2181 3172 quid
2228 3101 2411 3173 potius
2475 3100 2879 3171 suscipiendum
2928 3101 3029 3167 sit,
3075 3100 3322 3170 quamvis
3373 3103 3423 3152 in
3470 3113 3628 3154 saera

366 3197 527 3248 ritum
551 3194 752 3260 Patris,
770 3208 826 3251 et
849 3196 1110 3266 Spiritum
1127 3195 1267 3250 Filii.
1286 3196 1481 3262 Quaaro
1504 3198 1685 3266 itaque
1699 3198 1741 3251 si
1758 3197 1947 3252 eodem

366 3286 524 3340 modo
543 3285 848 3356 intelligunt
870 3287 1016 3341 illum
1030 3302 1151 3342 esse
1170 3287 1261 3319 ‘7“
1280 3287 1541 3357 Spiritum
1563 3288 1678 3350 Dei,
1705 3297 1754 3341 et
1773 3288 1951 3357 Spiri-

366 3385 485 3431 tum
515 3375 714 3442 Patris,
729 3387 784 3432 et
796 3378 1056 3447 Spiritum
1073 3378 1190 3432 Filii
1210 3395 1225 3443 ;
1246 3387 1339 3432 aut
1352 3378 1717 3433 dissimiliter?
1729 3379 1949 3432 Certum

365 3476 641 3522 estautetn
655 3468 778 3537 quia
794 3483 899 3522 non
913 3467 1110 3523 dicitur
1126 3468 1359 3539 Spiritus
1378 3470 1488 3528 Dei,
1506 3469 1643 3523 sicut
1657 3469 1949 3537 possessio;

369 3568 560 3613 utcum
585 3560 785 3614 dicitur
806 3576 979 3631 equus
999 3561 1248 3631 alicujus,
1271 3561 1354 3616 vel
1378 3563 1590 3616 domus.
1616 3561 1783 3630 Major
1804 3562 1950 3616 enim

368 3659 454 3703 est
480 3651 568 3718 qui
592 3652 851 3721 possidet,
875 3667 1036 3722 quam
1070 3654 1215 3721 quod
1235 3653 1560 3722 possidetut.
1593 3653 1733 3706 Deus
1773 3662 1953 3706 autem

372 3754 477 3792 non
500 3749 583 3794 est
608 3739 780 3809 major
820 3741 1025 3809 Spiritu
1048 3751 1270 3808 sancto;
1314 3743 1438 3811 quia
1471 3741 1710 3810 Spiritus
1732 3752 1954 3797 sanctus

370 3843 454 3886 est
472 3832 631 3894 Deus.
654 3849 753 3890 nec
779 3836 919 3891 Deus
936 3847 1016 3891 ρει
1037 3834 1208 3905 major
1222 3835 1352 3892 Deo.
1368 3835 1550 3906 Neque
1568 3833 1953 3902 dicitur-Spiri-

373 3933 460 3979 tus
477 3925 588 3987 Dei,
608 3935 665 3980 ut
679 3926 975 3982 membrum
993 3929 1106 3993 Dei,
1124 3929 1264 3983 sicut
1278 3923 1468 3983 manus
1482 3928 1562 3982 vel
1579 3942 1672 3997 pes
1696 3925 1950 3981 hominis:

372 4029 471 4069 nos
510 4014 656 4070 enim
700 4015 842 4072 Deus
866 4019 1028 4071 habet
1059 4019 1385 4079 membrum,
1414 4027 1507 4072 aut
1527 4027 1735 4087 partem
1766 4016 1951 4071 ullam.

372 4106 654 4173 Quomodo
694 4124 823 4179 ergo
861 4109 1237 4177 intelligendus
1267 4120 1351 4165 est
1394 4111 1630 4180 Spiritus
1665 4126 1786 4164 esse
1835 4109 1953 4176 Dei,

372 4201 475 4256 nisi
517 4202 643 4271 quia
682 4202 808 4265 hoc,
847 4202 987 4271 quod
1013 4202 1222 4266 est‘m,
1255 4218 1319 4256 ex
1360 4202 1503 4256 Deo?
1531 4201 1645 4256 Non
1674 4211 1852 4256 autem
1880 4202 1957 4255 si-

372 4292 595 4360 gniﬁcat
621 4292 763 4345 aliud
792 4309 983 4347 nomen
1008 4294 1205 4357 Patris,
1231 4310 1389 4361 quam
1421 4294 1612 4359 Deum,
1642 4294 1733 4364 qui
1760 4304 1840 4349 est
1855 4293 1957 4348 Pa-

374 4392 593 4449 ter;aut
619 4384 933 4439 relationem
957 4387 1073 4457 ejus
1093 4388 1157 4441 ad
1183 4385 1474 4451 Filium,“
1500 4404 1603 4456 qua
1628 4403 1820 4441 nomen
1845 4387 1949 4441 Pa-

2051 3191 2243 3262 pagina
2276 3201 2571 3260 utrumque
2598 3199 2875 3256 taceatur;
2908 3203 2975 3243 an
3015 3192 3149 3255 hoc,
3182 3189 3325 3257 quod
3362 3202 3459 3243 nos
3495 3190 3633 3242 dici-

2048 3299 2207 3348 mus,
2239 3283 2502 3352 Spiritum
2548 3291 2795 3337 sanctum
2824 3282 3121 3351 procedere
3168 3281 3234 3334 de
3282 3279 3453 3343 Filio,
3488 3282 3631 3347 quod

2052 3375 2388 3430 ostendimus
2412 3388 2478 3428 ex
2501 3372 2586 3427 his
2608 3372 2866 3441 consequi
2891 3388 3011 3442 qua:
3036 3372 3304 3426 veraciter
3325 3370 3627 3433 credimus;

2059 3481 2127 3520 an
2155 3464 2297 3536 quod
2345 3465 2448 3534 ipsi
2488 3465 2706 3531 dicunt,
2736 3464 2995 3534 Spiritum
3043 3471 3294 3518 sanctum
3326 3461 3485 3515 aliter
3509 3476 3633 3515 esse

2054 3557 2315 3626 Spiritum
2342 3555 2645 3621 Patris’m,
2678 3555 2838 3610 aliter
2881 3570 3001 3611 esse
3029 3553 3149 3612 Filii
3183 3573 3198 3609 :
3245 3554 3387 3624 quod
3415 3569 3513 3606 nec
3537 3568 3633 3604 au-

2054 3651 2306 3704 ctoritate
2327 3689 2343 3710 ,
2372 3662 2473 3702 nec
2500 3649 2743 3716 ratione,
2773 3664 2872 3704 nec
2901 3663 2968 3703 ex
3001 3647 3085 3703 his
3122 3662 3243 3716 quae
3304 3657 3455 3702 certa
3482 3654 3630 3704 sunt,

2055 3751 2283 3812 possunt
2310 3741 2622 3797 ostendere.
2671 3740 2869 3810 Utique
2907 3750 3002 3795 aut
3041 3739 3241 3795 debent
3285 3751 3501 3792 cessare
3564 3735 3634 3788 ab

2056 3837 2160 3890 hac
2203 3848 2300 3889 sua
2329 3835 2598 3888 sententia
2625 3874 2640 3898 ,
2672 3834 2718 3888 si
2754 3844 2931 3887 tamen
2965 3832 3068 3886 hoc
3096 3831 3315 3895 dicunt,
3343 3839 3400 3883 ut
3434 3829 3630 3893 audio,

2054 3927 2199 3998 quod
2239 3925 2475 3996 Spiritus
2494 3925 2585 3957 ¹⁷⁸¹
2618 3933 2840 3979 sanctus
2869 3923 3026 3978 aliter
3074 3931 3162 3977 est
3206 3921 3327 3998 Filii
3372 3922 3631 3990 spiritus,

2056 3996 2221 4086 quam
2252 4016 2477 4086 spiritus
2509 4013 2713 4080 Patris;
2743 4028 2866 4068 cum
2896 4027 3160 4082 nusquam
3190 3996 3291 4066 hoc
3323 4011 3523 4081 legant,
3553 4011 3633 4064 vel

2057 4107 2200 4160 unde
2232 4106 2333 4161 hoc
2358 4107 2614 4174 probent;
2645 4114 2738 4158 aut
2759 4104 2952 4160 saltem
2981 4119 3079 4157 nos
3108 4103 3507 4172 reprehendere
3532 4117 3633 4154 non

2057 4197 2287 4260 debent,
2336 4196 2427 4265 qui
2474 4194 2815 4250 dicimus""
2851 4193 3112 4264 Spiritum
3153 4202 3399 4247 sant-tutu
3447 4207 3634 4261 proce-

2059 4290 2189 4343 dere
2233 4289 2301 4342 dc
2346 4286 2516 4353 Filio;
2563 4287 2813 4358 quamvis
2861 4285 2946 4341 his
2993 4285 3176 4339 verbis
3207 4285 3307 4338 hoc
3342 4300 3446 4337 non
3497 4283 3637 4351 lega-

2061 4396 2179 4434 mus
2204 4380 2317 4443 ‘m,
2346 4380 2598 4448 quoniam
2627 4393 2692 4432 ex
2718 4378 2820 4444 his,
2850 4392 2970 4445 quae
2997 4376 3196 4446 pariter
3224 4374 3511 4445 credimus.
3534 4374 3636 4425 hoc

377 4472 671 4529 trishabct.
698 4475 959 4532 Similiter
983 4473 1265 4531 dicendum
1283 4484 1365 4531 cst
1385 4477 1448 4531 de
1467 4475 1778 4542 Filio.Quid
1801 4492 1957 4529 nam-
1987 4489 2034 4546 ς)
2063 4471 2320 4541 consequi
2373 4479 2757 4525 monstramus.
2793 4465 2899 4522 Sed
2948 4466 2993 4521 si
3042 4472 3260 4520 cessant
3307 4465 3374 4518 ab
3408 4463 3508 4516 hac
3539 4460 3635 4515 sua

1459 4560 1471 4568 ’
1649 4583 1882 4640 νΑΡιιΑεῑ
1923 4582 2319 4639 caenosas.

450 4696 544 4727 ﬂ“
606 4695 720 4749 Non
764 4712 793 4750 a
842 4699 1131 4766 semetipsn
1189 4715 1310 4751 mss.
1383 4696 1519 4751 ΤΙηι·

1605 4695 1750 4751 Gem.
1798 4694 1925 4749 Ber.
1995 4710 2101 4748 non
2149 4694 2201 4748 in
2250 4692 2540 4762 semetipso
2616 4689 2709 4762 imi
2764 4686 2899 4762 Quia
2954 4701 3050 4762 per
3104 4685 3366 4762 visionem
3415 4700 3553 4762 _mss.
3585 4692 3640 4737 et

375 4766 501 4836 quia
553 4780 650 4834 per
707 4768 969 4820 visionem
1037 4754 1135 4799 ""3
1171 4769 1400 4822 Sicutet
1431 4768 1592 4820 Pater
1645 4783 1769 4819 mss.
1814 4766 1952 4836 sicut
1979 4765 2138 4836 Pater
2214 4764 2301 4836 ⁸⁷³]
2334 4754 2579 4836 Sic-non
2627 4760 2788 4836 habet
2833 4754 3054 4836 Deusiti
3079 4756 3256 4836 seipse
3284 4754 3428 4836 aliud
3475 4770 3638 4833 quam

378 4824 588 4889 Denm':
617 4850 720 4887 non
760 4844 843 4891 est
870 4837 1009 4891 Deus
1038 4847 1191 4891 extra
1226 4838 1391 4891 Deum
1421 4855 1435 4890 :
1487 4852 1586 4890 nee
1631 4836 1771 4890 Deus
1799 4834 2074 4889 dissimilis
2104 4833 2241 4903 Deo.
2274 4832 2521 4903 Denique
2548 4847 2673 4903 mss.
2707 4830 2787 4881 sic
2821 4826 3161 4903 nominabat”
3181 4824 3322 4903 aliud
3372 4825 3425 4876 in
3456 4824 3638 4903 seipse

377 4921 542 4974 quam
573 4904 734 4969 Deus,
763 4921 861 4960 nec
887 4915 971 4959 est
1007 4906 1147 4960 Deus
1175 4918 1327 4960 extra
1370 4906 1567 4970 Deum,
1600 4920 1701 4959 nec
1735 4906 1874 4959 Deus
1903 4915 1986 4958 est
2016 4902 2295 4974 dissimilis
2342 4895 2468 4974 Deo.
2504 4901 2744 4967 Denique
2787 4914 2885 4974 nis.
2908 4895 3051 4974 _Th_u.
3097 4895 3184 4948 50.
3325 4910 3429 4974 non
3479 4895 3637 4973 habet

379 4976 521 5030 Deus
550 4975 692 5029 aliud
722 4977 774 5029 in
801 4975 980 5043 seipse
1009 4991 1171 5044 quam
1207 4978 1393 5039 Deum,
1423 4987 1519 5030 etc.
1547 4984 1602 5028 ut
1635 4976 1689 5028 in
1718 4975 1837 5028 aliis
1868 4989 1993 5027 mss.

2071 4973 2162 5005 ἠδ
2202 4971 2315 5025 Non
2348 4970 2571 5040 legimus
2601 4963 2727 5022 mss.
2750 4967 2886 5040 ΔιιρίΔ
2907 4965 3172 5040 legimus“
3207 4963 3637 5040 ""_|nveuimus

379 5061 579 5101 nomen
604 5032 904 5100 Trinitatis:
934 5032 1214 5111 Quomodo
1238 5032 1417 5100 autem
1445 5061 1511 5099 ex
1540 5046 1623 5099 his
1652 5061 1774 5098 mss.
1809 5044 2113 5097 invenimus
2142 5055 2334 5095 nomen
2374 5032 2653 5112 Persona},
2682 5032 3103 5112 vel_'l‘rinitatis.
3133 5032 3404 5112 Quoniam
3439 5044 3637 5112 “tamen

380 5132 446 5169 ex
489 5116 574 5172 his
646 5116 739 5148 ⁸⁷³⁸
769 5115 897 5171 CAP.
929 5101 1019 5169 9'0.
1051 5116 1114 5168 In
1137 5132 1233 5169 ms.
1273 5115 1427 5168 Corb.
1460 5114 1630 5182 Caput
1682 5115 1744 5167 2i
1829 5114 1919 5147 ³⁷⁸³
1958 5113 2278 5181 lntelligitur
2305 5123 2423 5182 esse
2455 5101 3074 5182 mss.__iiitelIigunl_esse
3120 5119 3216 5182 ms.
3247 5101 3403 5182 garb.
3438 5101 3634 5154 intelli-

380 5196 540 5253 gatur
556 5171 686 5240 eum
721 5200 841 5241 esse
914 5185 1008 5217 ιη’
1039 5185 1148 5240 Nisi
1183 5186 1285 5238 hoc
1315 5186 1456 5253 quod
1504 5171 1586 5237 est
1640 5184 1902 5238 mss-nisi
1933 5183 2058 5252 quia
2100 5171 2200 5235 hoc
2235 5179 2376 5253 quod
2420 5189 2550 5253 esti
2582 5177 2673 5253 ίξ¹³³
2702 5171 2830 5242 ρηιέ
2865 5174 3108 5253 πλεῖοι-ψη
3136 5173 3203 5225 ad
3254 5171 3467 5253 Patrem
3506 5185 3637 5253 uisa:

382 5239 486 5321 qua
518 5239 855 5312 referturad
886 5239 1122 5311 Patrem
1176 5255 1269 5287 "3‘
1303 5239 1438 5309 Cum
1483 5254 1680 5307 dicitur
1711 5239 2201 5322 Spiritus'sanctus
2236 5239 2471 5322 Spiritus
2521 5247 2611 5322 Dei
2671 5239 2977 5322 magna
3009 5242 3208 5322 ilicittir
3257 5242 3490 5322 Spiritus
3533 5239 3638 5322 ‘Dai

387 5309 477 5356 tius
539 5309 893 5396 Είβτοεέεῃι
922 5327 987 5379 de
1026 5309 1171 5379 Filio
1223 5341 1351 5396 "£33,
1388 5322 1544 5396 yict,
1575 5322 1728 5396 garb.
1753 5309 1831 5375 ἐι
1868 5321 2064 5396 ’(Ιὶξιᾳν.
2098 5330 2152 5374 et
2180 5309 2440 5396 procedit
2463 5320 2631 5396 etiam
2680 5314 2936 5396 de_Filio
3014 5312 3105 5343 ¹⁷³⁶
3157 5309 3417 5396 Spiritum
3453 5309 3559 5396 Dei
3584 5319 3642 5396 et

386 5379 923 5463 Spiritu‘m'r’Dmnini,
958 5406 1050 5448 aut
1101 5413 1225 5449 mss.
1258 5393 1517 5464 Spiritum
1574 5392 1665 5445 Dei
1718 5401 1811 5445 aut
1865 5391 2126 5464 Spiritum
2180 5379 2551 5464 liottiinimﬂ'”
2589 5387 2736 5464 Unde
2767 5386 2869 5464 hoc
2907 5398 3012 5437 non
3056 5392 3313 5464 seqiiaiui'
3339 5396 3462 5432 mss.
3499 5379 3643 5464 unde

387 5450 492 5517 hoc
516 5450 773 5533 sequatur
848 5450 938 5498 ""3
961 5466 1129 5520 Filius
1161 5450 1514 5520 vero'Patris
1564 5477 1668 5515 non
1722 5479 1847 5533 uisa.
1900 5450 1945 5515 et
1999 5459 2331 5533 EdinGoth.
2381 5458 2496 5512 Filii
2525 5473 2652 5512 vero
2697 5456 2930 5533 Spiritus
2950 5468 3068 5533 non
3143 5451 3236 5482 "‘9
3276 5450 3641 5533 Etineoquod

385 5518 645 5605 scriptiiin
678 5518 803 5605 uisa.
834 5551 900 5592 ex
928 5518 1164 5605 edquOd
1203 5518 1272 5588 ibi
1313 5533 1571 5605 scriptum
1649 5532 1741 5605 ¹ξ¹³⁰
1792 5532 1954 5605 Sequi
2004 5530 2353 5605 intelligimus
2391 5545 2525 5605 mss.
2576 5518 3268 5605 consenui“intelligamus
3327 5518 3645 5605 ""Hit‘liier

388 5587 511 5673 esse
548 5587 723 5673 Patris
738 5587 1231 5660 quisaialite'r‘essei
1248 5587 1505 5673 Spiritum
1538 5601 1714 5655 Patris
1793 5587 1896 5673 ’ω’
1920 5601 2098 5673 Audio
2124 5587 2264 5668 qt't'od
2294 5599 2547 5673 Spiritus
2588 5613 2710 5650 mss.
2758 5587 2915 5673 audio
2946 5587 3087 5673 quia
3108 5591 3342 5673 Spiritus
3419 5587 3511 5618 ⁸⁷⁸³
3539 5587 3643 5642 De-

388 5671 519 5733 υειιι
550 5672 688 5741 (ιιιοιί
717 5674 943 5729 ("timus
976 5692 1096 5730 mss.
1131 5659 1324 5731 debent
1357 5673 1445 5743 qui
1496 5672 1723 5727 dicimus
1800 5672 1887 5704 ‘7“
1920 5670 2107 5725 Verbis
2144 5659 2255 5724 'nou
2294 5659 2530 5737 legamus
2578 5682 2697 5719 mss.
2749 5663 2926 5737 verbis
2956 5662 3056 5716 hoc
3090 5676 3192 5714 non
3225 5659 3461 5727 legamus
