3926 6054
187 265 304 320 317

1269 259 1358 314 DE
1399 255 1872 315 PROCESSIONE
1909 255 1968 311 S.
2007 253 2344 312 SPIRITUS.

3367 255 3470 312 318

191 372 1252 441 assertione,credautpariternobiscutn
1267 371 1524 442 Spiritum
1538 382 1784 426 saurtttm
1817 377 1862 434 Α
1895 387 2000 424 non
2043 381 2148 426 est.
2185 371 2592 439 Respondemus
2627 369 2750 438 quia
2793 377 2850 426 et
2899 369 3060 424 nimis
3101 369 3234 424 erat
3263 369 3476 426 diﬂieile

191 464 454 519 similiter
495 479 616 516 esse
647 461 822 514 Patris
853 471 908 515 et
955 461 1070 514 Filii
1099 461 1346 528 spiritum
1371 499 1386 526 ,
1409 470 1464 514 et
1489 461 1790 530 intelligant

193 555 438 610 eum‘m
467 571 498 606 a
526 553 694 618 Filio,
741 553 880 606 sicut
909 569 938 606 a
973 552 1134 606 Patre
1175 553 1485 621 procedere.
1525 552 1590 606 Et
1619 552 1662 606 si
1695 567 1792 606 nos

197 645 604 716 reprehendere
649 644 943 708 desinunt,
999 643 1274 696 fateantur
1323 645 1602 698 nobiscum
1651 643 1790 705 ltoc,

197 739 350 792 unde
373 745 708 806 cognoscunt
734 751 833 788 nos
865 733 1184 802 reprehendi
1221 751 1326 788 tton
1359 729 1602 788 debere.'

552 847 780 904 CAPUT
821 846 962 900 xxu
1007 845 1103 920 [aL
1137 845 1279 918 XXI]
1305 847 1416 899 ιτισ.

201 964 314 1018 Cur
351 965 408 1018 in
447 961 690 1032 Symbolo
735 978 836 1014 non
875 963 942 1013 sit
982 977 1224 1032 expresso
1261 959 1522 1032 processio
1559 957 1790 1032 Spiritus

277 1034 448 1088 sancti
484 1027 516 1084 ἆ
564 1031 704 1084 Filio
745 1045 766 1082 :
803 1041 850 1082 et
888 1045 982 1083 cur
1021 1027 1054 1083 tt
1095 1027 1300 1083 Latinis
1351 1029 1508 1096 fuerit
1547 1029 1786 1088 adiecta,

277 1103 482 1158 Graecis
517 1103 845 1154 inconsua't'is.

275 1194 358 1246 Ad
391 1193 496 1246 hoc
523 1199 700 1245 autem
722 1231 736 1254 ,
785 1191 928 1260 quod
974 1205 1074 1246 nos
1109 1191 1512 1259 reprehendunt
1545 1193 1596 1244 in
1627 1189 1790 1260 Sym-

201 1285 330 1340 bolo
365 1283 484 1346 illo,
517 1283 658 1352 quod
691 1283 895 1350 pariter
922 1297 1021 1336 nos
1048 1291 1100 1336 et
1131 1283 1204 1336 illi
1257 1283 1580 1352 suscipimus
1617 1289 1670 1334 et
1715 1293 1793 1334 te-

201 1392 400 1431 nemus
430 1374 702 1428 addidisse
753 1374 1014 1442 Spiritttttt
1061 1385 1308 1428 sanctum
1355 1391 1383 1426 a
1435 1373 1573 1427 Filio
1603 1387 1792 1440 proce-

204 1469 372 1530 dere;
407 1475 463 1521 et
495 1477 738 1535 quierunt
772 1481 870 1522 cur
907 1465 1008 1520 boc
1053 1463 1254 1518 factum
1283 1465 1385 1530 sit,
1415 1475 1468 1517 et
1495 1477 1662 1531 quare
1691 1461 1792 1516 boc

203 1555 358 1624 prius
383 1571 574 1611 eorum
605 1557 860 1610 Ecclesia:
893 1563 1251 1609 monstratum
1282 1569 1384 1606 non
1411 1561 1524 1618 est,
1557 1561 1614 1604 ut
1645 1567 1792 1604 com-

207 1647 450 1699 muniter
495 1645 954 1711 consideraretur,
985 1653 1038 1699 et
1080 1643 1354 1698 communi
1389 1657 1657 1696 consensu
1693 1641 1790 1695 ad-

1898 461 2136 525 Latittis,
2166 475 2354 512 eorum
2397 460 2686 527 episcopos
2731 459 2796 512 :td
2847 459 3236 512 consulendum
3269 461 3334 512 de
3369 459 3472 514 hac

1897 567 1954 606 re
1977 551 2262 620 colligere;
2295 565 2392 606 nec
2417 559 2538 604 erat
2562 565 2782 604 necesse
2807 551 2946 604 unde
2969 565 3074 604 non
3097 551 3350 604 dubitant
3375 551 3478 604 boc

1897 643 1950 696 in
1979 644 2332 712 quaestionem
2355 643 2448 674 ¹τ⁵³
2476 643 2766 696 adducere.
2793 641 2924 708 Qua}
2947 651 3030 696 est
3057 643 3204 696 enim
3239 643 3474 696 Ecclesia

1899 747 2016 800 qua:
2045 734 2126 787 vel
2155 749 2252 803 per
2281 733 2685 802 amplitudinem
2719 733 2878 786 tutius
2909 732 3056 802 regni
3085 733 3474 798 dilatatttr‘m,

1896 827 1982 878 cui
2010 842 2114 880 non
2147 826 2306 880 liceat
2349 824 2551 895 aliquid
2583 826 2878 878 secundum
2907 833 3110 878 rectam
3143 825 3300 876 tidem
3343 837 3476 878 cou-

1895 919 2150 981 stituere,
2197 918 2432 986 quodin
2483 926 2750 972 conventu
2801 916 2982 986 populi
3035 916 3238 970 utiliter
3269 916 3475 986 legatur

1895 1017 1990 1062 aut
2026 1009 2318 1062 cantetur?
2345 1007 2562 1074 Quanto
2592 1023 2724 1077 ergo
2749 1007 2920 1076 magis
2949 1006 3100 1059 licuit
3137 1005 3345 1060 Latinis
3375 1008 3476 1060 hoc

1895 1109 2206 1154 constanter
2239 1101 2486 1168 proferre
2505 1141 2518 1164 ,
2555 1099 2606 1152 iu
2643 1113 2752 1167 quo
2780 1113 2968 1152 omnes
2998 1107 3186 1168 gentes
3213 1108 3265 1150 et
3295 1097 3474 1150 omnia

1895 1205 2090 1260 regna,
2129 1205 2250 1260 quae
2293 1190 2504 1254 Latinis
2551 1199 2780 1244 utuntur
2833 1189 3059 1252 litteris,
3097 1189 3304 1258 pariter
3349 1203 3478 1243 con-

1893 1283 2142 1338 cordant.

2218 1371 2446 1428 CAPUT
2487 1369 2648 1425 mn
2697 1371 2795 1442 [(tl.
2827 1370 3124 1442 Χιιιιιιηε.

1897 1484 2117 1540 Summa
2149 1483 2400 1538 doctrina:
2421 1495 2466 1537 et
2488 1485 2851 1606 proltatlimgtolu
2876 1485 3218 1552 proccssiottis
3245 1481 3474 1551 Spiritus

2445 1571 2612 1606 uincti
2641 1573 2658 1602 ι
2679 1571 2706 1606 e
2787 1573 2802 1606 ι
2829 1573 2900 1606 to.

2445 1571 2612 1608 ειιηειι
2641 1571 2706 1608 ue
2739 1571 2900 1608 l‘NlO.

1963 1644 2292 1712 Colligamus
2325 1647 2562 1699 breviter
2589 1646 2731 1714 quod
2777 1661 2936 1714 supra
2977 1645 3222 1714 pluribus
3253 1643 3478 1696 rationi-

203 1733 430 1788 deretur
459 1735 602 1802 quod
632 1733 936 1788 addendum
967 1743 1088 1786 erat
1119 1749 1132 1787 :
1163 1733 1230 1784 ad
1257 1731 1390 1797 hoc,
1424 1731 1670 1798 inquant,
1705 1743 1793 1782 re-
1825 1719 1869 1778 Β
1897 1735 1998 1790 bus
2023 1733 2276 1792 eli‘ectum
2299 1747 2404 1790 est.
2431 1737 2658 1790 tionstat
2683 1736 3086 1806 inexpugnabili
3123 1736 3328 1788 ratione
3360 1734 3480 1803 Spi-

206 1839 466 1894 sponsum
497 1825 770 1880 suﬁiciens
801 1826 1084 1881 habemus.
1135 1825 1266 1880 Nam
1301 1825 1343 1878 si
1391 1825 1651 1893 quaeritur
1697 1837 1794 1877 cur

205 1919 410 1972 factum
445 1917 546 1980 sit,
575 1917 806 1972 dicimus
832 1919 957 1987 quia
981 1932 1202 1972 necesse
1229 1927 1350 2002 erat
1381 1925 1598 1986 propter
1627 1930 1792 1984 quos-

207 2011 331 2062 dam
367 2009 548 2063 minus
597 2009 992 2078 iutclligeutes,
1025 2010 1114 2078 qui
1149 2025 1252 2063 non
1283 2006 1793 2061 animadvertebant

209 2103 261 2154 iu
295 2101 404 2155 illis
425 2141 440 2166 ,
477 2117 596 2170 qua:
625 2102 872 2154 universa
901 2101 1075 2154 credit
1106 2101 1376 2162 Ecclesia,
1410 2097 1715 2160 contineri,
1740 2105 1794 2153 et.

207 2209 272 2246 ex
305 2193 570 2262 bis'sequi
602 2193 866 2262 Spiritum
891 2203 1140 2248 sanctum
1179 2195 1244 2248 de
1273 2193 1410 2248 Filio
1455 2197 1790 2264 procedere;

207 2301 274 2340 ne
299 2287 440 2338 forte
477 2287 578 2340 hoc
599 2285 821 2340 credere
854 2287 1182 2340 dubitarent.
1216 2285 1366 2352 Quod
1395 2301 1556 2356 quam
1601 2301 1784 2340 neces-

209 2375 416 2428 sarium
455 2373 647 2440 fuerit,
677 2389 778 2444 per
800 2373 918 2428 illos
945 2375 1035 2443 qui
1069 2376 1168 2428 hoc
1201 2388 1428 2443 negant,
1465 2377 1590 2446 quia
1621 2377 1672 2430 itt
1706 2375 1795 2430 illo

213 2465 474 2535 Symbolo
503 2467 736 2534 positum
787 2481 896 2521 non
941 2477 1052 2531 est,
1086 2469 1484 2538 cegttmcittttts.
1529 2469 1793 2535 Quoniam

211 2555 380 2624 igitur
406 2563 464 2610 et
487 2555 790 2610 necessitas
833 2559 1096 2626 cogebat,
1129 2568 1184 2611 et
1229 2559 1372 2612 ttttlla
1421 2561 1560 2614 ratio
1607 2560 1792 2628 probi-

213 2643 406 2706 bcbat,
438 2653 494 2697 et
523 2659 646 2700 vera
680 2645 812 2699 lides
841 2646 944 2700 hoc
971 2648 1318 2710 admittebat;
1355 2649 1674 2704 iiducialitcr
1705 2665 1798 2704 asa

211 2736 380 2789 seruit
427 2733 724 2802 Latinitas,
777 2738 919 2804 quod
965 2739 1292 2792 credendum
1330 2750 1386 2792 et
1432 2743 1794 2796 conﬁtendum

213 2839 334 2878 esse
371 2827 752 2895 cognoscebat.
803 2827 1022 2882 Scimus
1053 2829 1196 2882 enim
1244 2831 1386 2899 quod
1436 2847 1540 2887 non
1571 2833 1751 2886 omnia
1778 2875 1792 2898 ,
1815 2885 1830 2898 ,

212 2931 334 2984 qua:
363 2917 588 2972 credere
631 2927 684 2972 et
729 2919 974 2974 cantiteri
1025 2921 1315 2988 debemus,
1349 2921 1418 2976 ibi
1461 2923 1602 2977 dicta
1637 2933 1792 2989 sunt;

213 3022 312 3061 nec
359 3007 435 3062 illi
487 3010 578 3078 qui
625 3010 939 3079 Symbolum
989 3011 1120 3066 illud
1169 3013 1474 3081 dictavere,
1513 3016 1796 3070 voluerunt

211 3099 370 3152 ﬁdem
395 3099 758 3154 Christianam
799 3117 920 3157 esse
952 3112 1266 3158 contentam
1315 3119 1378 3159 ea
1425 3109 1798 3162 tantummodo

211 3190 438 3246 credere
481 3201 538 3246 et
579 3193 858 3258 conﬁteri,
903 3209 1022 3264 qua:
1066 3197 1153 3250 ubi
1187 3206 1502 3265 posuerunt.
1543 3196 1608 3250 Ut
1654 3199 1796 3251 enim

213 3283 322 3335 alia
369 3283 708 3350 taceam‘m,
741 3301 847 3340 non
898 3287 970 3342 ibi
1003 3288 1203 3343 dicitur
1235 3291 1495 3345 Dominus
1536 3291 1602 3344 ad
1635 3291 1799 3346 inier-

217 3389 343 3425 nmn
390 3374 764 3442 descendisse;
819 3379 962 3448 quod
1013 3388 1194 3434 tamen
1245 3383 1452 3450 pariter
1497 3393 1551 3437 et
1599 3399 1696 3438 nos
1743 3391 1798 3438 et

211 3465 382 3519 (ἱππιῑί
413 3467 706 3523 credimus.
757 3469 812 3523 Si
863 3480 1042 3525 autem
1089 3471 1278 3527 dicunt
1320 3473 1468 3527 nttllo
1517 3475 1673 3528 modo
1705 3475 1798 3528 dc-

209 3556 392 3611 httisse
422 3561 696 3628 corrumpi
732 3561 1044 3631 Symbolum
1078 3573 1226 3617 tanta
1275 3567 1600 3620 auctoritate
1643 3577 1796 3621 taxa-

211 3657 322 3700 tnm
343 3647 461 3714 ³⁷⁵⁸,
497 3667 594 3704 nos
626 3667 730 3706 non
755 3653 1066 3720 jndicamus
1093 3671 1212 3711 esse
1240 3659 1678 3728 corruptionem,
1705 3659 1793 3714 ubi

213 3739 346 3794 nihil
377 3741 628 3797 addimus
643 3743 734 3777 'm
760 3747 902 3813 quod
933 3747 1046 3812 Itis,
1085 3761 1204 3816 quae
1227 3749 1306 3804 ibi
1341 3750 1480 3804 dicta
1513 3761 1672 3816 sunt,
1703 3753 1796 3805 atl-

209 3847 480 3889 versetur.
517 3835 582 3888 Et
609 3837 860 3904 quamvis
903 3838 1193 3893 defendere
1233 3855 1514 3909 possemus
1535 3841 1626 3874 ²¹¹⁸⁰
1657 3843 1795 3896 banc

209 3926 570 3993 adiectionem
603 3944 706 3982 non
733 3944 852 3982 esse
880 3931 1320 3998 corruptionem,
1371 3935 1413 3986 si
1448 3934 1569 4002 quis
1615 3943 1792 3986 tamen

209 4017 310 4070 boe
335 4017 682 4072 contentiose
709 4018 944 4072 voluerit
974 4033 1219 4074 asserere
1237 4063 1249 4086 ,
1280 4023 1669 4090 respondemus
1697 4037 1794 4074 nos

207 4104 338 4159 illud
373 4121 482 4158 non
514 4107 856 4175 corrupisse,
885 4107 977 4162 sed
1006 4109 1148 4160 aliud
1187 4123 1384 4162 novam
1418 4110 1654 4164 edidisse
1686 4128 1698 4164 :
1733 4111 1794 4163 il-

205 4193 292 4246 lud
317 4193 468 4248 enim
499 4209 572 4248 set
593 4197 794 4247 undunt
818 4196 908 4226 ""
935 4197 1319 4265 pmprietatcnt
1353 4197 1524 4252 Grani
1553 4200 1794 4253 dictanti-

203 4287 288 4340 nis
321 4285 648 4338 translatum
669 4325 683 4348 ,
711 4299 834 4339 cum
865 4287 970 4340 illis
999 4289 1266 4352 integrum
1316 4305 1592 4342 servamus
1622 4301 1676 4342 rt
1701 4305 1795 4343 ve-

1896 1829 2060 1882 ritum
2109 1836 2358 1882 sanctum
2389 1842 2511 1882 esse
2558 1828 2625 1882 de
2672 1827 2843 1890 Filio,
2875 1829 3032 1882 sicuti
3076 1839 3162 1881 est
3193 1828 3256 1881 de
3289 1826 3476 1891 Patre;

1895 1933 1997 1974 nec
2029 1927 2208 1972 tamen
2235 1933 2356 1972 esse
2388 1919 2542 1988 quasi
2581 1919 2645 1972 de
2675 1920 2885 1973 duobus
2910 1919 3161 1982 diversis,
3187 1918 3278 1972 sed
3322 1919 3476 1986 quasi

1895 2011 1962 2064 de
1992 2025 2102 2064 uno
2121 2011 2233 2062 ⁸⁷⁸⁸.
2271 2011 2348 2064 Ex
2383 2025 2448 2064 eo
2475 2011 2646 2074 enim,
2679 2011 2822 2078 quod
2849 2009 3011 2063 Pater
3035 2021 3087 2062 et
3115 2009 3284 2062 Filius
3315 2025 3477 2060 ttnttut

1895 2111 2052 2164 sunt,
2085 2103 2136 2155 id
2167 2111 2252 2156 est
2297 2119 2362 2156 ex
2399 2102 2537 2166 Deo,
2567 2111 2656 2156 est
2695 2099 2932 2170 Spiritus
2979 2110 3232 2166 sanctus;
3281 2117 3383 2154 non
3413 2115 3478 2151 ex

1895 2209 1990 2256 eo,
2025 2194 2166 2248 unde
2197 2193 2288 2247 alii
2323 2203 2450 2248 sunt
2483 2195 2550 2247 ab
2584 2193 2851 2257 invicem,
2883 2194 2976 2246 sed
3009 2193 3262 2260 quoniam
3308 2190 3476 2246 Deus.

1896 2285 1963 2338 de
2009 2300 2118 2353 qtto
2161 2291 2245 2338 est
2295 2283 2534 2352 Spiritus
2573 2292 2829 2346 sanctus,
2862 2291 2946 2335 est
2995 2281 3150 2334 Pater
3179 2289 3234 2336 et
3285 2279 3476 2340 Filius;

1896 2375 2104 2429 idcirco
2135 2389 2262 2429 vere
2293 2373 2495 2429 dicitur
2523 2387 2643 2428 esse
2669 2374 2733 2428 de
2761 2373 2924 2427 Patre
2957 2383 3012 2426 et
3042 2371 3178 2426 Filio
3199 2412 3212 2436 ,
3246 2370 3336 2439 qui
3373 2368 3480 2422 duo

1897 2475 2042 2520 sunt.
2077 2465 2146 2519 Et
2172 2465 2432 2534 quoniam
2463 2466 2622 2519 Pater
2649 2481 2754 2518 nmt
2801 2473 2885 2519 est
2911 2464 3064 2533 prior
3092 2476 3178 2515 aut
3215 2462 3482 2532 posterior

1899 2555 2063 2620 Filio,
2107 2565 2200 2608 aut
2247 2555 2418 2625 major
2465 2565 2560 2610 aut
2597 2556 2796 2620 minor,
2845 2569 2946 2610 nec
2995 2554 3132 2608 alter
3167 2553 3339 2621 magis
3390 2561 3482 2604 attt

1899 2647 2079 2700 minus
2107 2655 2188 2700 est
2215 2647 2356 2700 Deus
2386 2663 2548 2715 quam
2585 2647 2723 2700 alter
2755 2663 2769 2698 :
2803 2661 2906 2698 non
2956 2656 3040 2699 est
3089 2643 3324 2712 Spiritus
3353 2659 3481 2696 san»

1897 2749 2016 2794 ctus
2043 2739 2194 2808 prius
2237 2740 2302 2794 de
2347 2738 2546 2805 Patre,
2577 2755 2738 2809 quam
2785 2740 2852 2792 de
2899 2737 3066 2802 Filio;
3101 2751 3198 2790 nec
3223 2737 3290 2788 de
3317 2734 3480 2798 Filio,

1898 2845 2059 2898 quam
2090 2832 2154 2884 de
2185 2829 2379 2896 Patre;
2415 2845 2516 2890 nec
2563 2829 2737 2898 major
2771 2845 2871 2883 nec
2917 2830 3094 2882 minor
3120 2839 3202 2882 est
3245 2827 3484 2880 existens

1899 2923 1964 2976 de
1990 2922 2182 2986 Patre,
2234 2937 2398 2990 quam
2433 2922 2673 2976 existens
2707 2922 2772 2974 de
2815 2920 2983 2986 Filio;
3034 2935 3134 2975 nec
3170 2919 3342 2988 magis
3385 2933 3483 2972 nec

1903 3012 2082 3066 minus
2103 3021 2182 3066 est
2214 3013 2278 3066 de
2307 3027 2442 3076 uno,
2471 3029 2634 3082 quam
2659 3013 2724 3066 de
2747 3011 2939 3065 altero.
2971 3009 3106 3064 Nam
3138 3011 3184 3064 si
3215 3013 3366 3080 prius
3389 3019 3481 3062 aut

1905 3113 2056 3174 post,
2081 3105 2168 3158 vel
2187 3105 2276 3136 ³⁷⁵⁷
2306 3105 2482 3175 major
2507 3104 2589 3160 vel
2617 3105 2816 3169 minor,
2847 3111 2941 3158 aut
2981 3103 3152 3172 magis
3183 3113 3276 3156 aut
3305 3103 3483 3158 minus

1901 3196 2104 3248 denuo
2133 3203 2274 3248 esset
2303 3209 2465 3263 quam
2507 3197 2572 3250 de
2598 3194 2770 3248 altero
2789 3236 2802 3256 ,
2837 3209 2900 3248 ex
2934 3195 3257 3248 necessitate
3288 3211 3482 3262 seque-

1902 3293 2057 3338 retur
2081 3293 2139 3338 ttt
2171 3293 2264 3338 aut
2301 3285 2536 3354 Spiritus
2565 3295 2783 3339 sanctus
2821 3301 2926 3338 non
2957 3295 3102 3339 esset
3145 3285 3213 3338 de
3245 3285 3378 3350 boe,
3427 3285 3481 3338 itt

1900 3391 2008 3446 quo
2037 3392 2201 3430 ttntttn
2229 3387 2350 3432 sunt
2375 3377 2538 3431 Pater
2560 3387 2612 3432 et
2641 3377 2839 3444 Filius;
2866 3387 2960 3430 aut
2987 3377 3161 3446 ipsum
3185 3391 3347 3430 unum
3375 3393 3480 3430 non

1899 3479 2044 3522 esset
2069 3467 2308 3537 perfecte
2341 3477 2396 3521 et
2423 3467 2744 3536 simpliciter
2771 3483 2960 3530 unum,
2985 3467 3076 3520 sed
3106 3475 3252 3521 esset
3281 3467 3351 3522 ἰιιὶ
3378 3467 3482 3520 ali-
3519 3497 3524 3500 -

1899 3577 2003 3630 qua
2038 3561 2358 3624 diversitas,
2390 3559 2457 3614 de
2489 3575 2594 3629 qua
2627 3559 2736 3625 illa,
2770 3575 2930 3629 quam
2957 3561 3086 3624 dixi,
3117 3561 3168 3614 itt
3200 3558 3483 3614 existettdo

1899 3655 1964 3708 (le
1993 3655 2182 3707 eodem
2211 3669 2317 3708 uno
2347 3653 2606 3722 Spiritum
2643 3663 2892 3708 sanctum
2911 3653 3028 3720 "5“,
3055 3663 3200 3707 esset
3223 3653 3478 3706 varietas.

1899 3745 2006 3800 Sed
2041 3745 2144 3799 dici
2191 3761 2298 3798 non
2351 3753 2527 3812 potest
2568 3746 2712 3814 quod
2747 3745 2984 3814 Spiritus
3013 3753 3242 3798 sanctus
3277 3761 3381 3796 nam
3412 3745 3480 3796 sit

1896 3835 1963 3889 de
1991 3837 2091 3890 hoc
2113 3875 2126 3898 ,
2159 3835 2211 3887 in
2242 3849 2347 3904 quo
2385 3851 2548 3886 unum
2582 3843 2708 3886 sunt
2737 3835 2898 3889 Pater
2927 3843 2980 3888 et
3009 3833 3208 3894 Filius;
3243 3831 3480 3901 alioquin

1897 3941 2002 3978 non
2055 3935 2200 3978 esset
2247 3925 2312 3978 de
2363 3921 2492 3974 Deo.
2543 3921 2652 3976 Nec
2683 3923 2830 3976 credi
2861 3921 3042 3976 'debct
3072 3923 3212 3989 quod
3262 3923 3312 3974 in
3367 3923 3482 3989 ipso

1899 4013 2110 4066 ιιιιο¹⁷⁵⁹
2139 4013 2240 4078 sit,
2270 4012 2567 4067 secundum
2599 4011 2740 4080 quod
2785 4021 2900 4076 est,
2943 4011 3122 4080 aliqua
3173 4011 3479 4064 diversitas.

1897 4103 2077 4169 Quare
2111 4118 2209 4157 nec
2241 4103 2390 4173 prius
2415 4117 2512 4156 nec
2541 4113 2680 4170 post,
2707 4117 2808 4157 nec
2837 4102 3014 4172 major
3035 4111 3128 4154 aut
3155 4101 3353 4164 minor,
3384 4115 3481 4154 nec

1899 4198 2068 4265 magis
2114 4205 2208 4248 aut
2255 4198 2434 4250 minus
2485 4205 2570 4249 est
2622 4193 2858 4263 Spiritus
2909 4205 3128 4248 sanctus
3179 4195 3244 4248 de
3291 4193 3478 4256 Patre,

1895 4306 2054 4358 quam
2085 4289 2150 4341 de
2190 4286 2358 4352 Filio;
2391 4297 2485 4340 aut
2515 4289 2582 4340 de
2629 4287 2795 4352 Filio,
2828 4303 2987 4355 qttant
3036 4289 3103 4339 de
3153 4285 3330 4339 Patre.
3365 4285 3478 4337 Non

203 4393 498 4440 neratttur;
533 4377 674 4438 istud
703 4387 915 4442 autem,
969 4380 1172 4446 qtto'm
1213 4379 1550 4447 frequentius
1597 4381 1648 4434 itt
1699 4397 1790 4450 po-
1825 4384 2040 4444 Denim
2089 4397 2227 4434 unus
2275 4381 2526 4450 idemque
2573 4379 2809 4448 Spiritus
2855 4389 3108 4440 sanctus,
3169 4381 3258 4446 qtti
3311 4377 3478 4430 semel

203 4469 310 4536 puli
345 4468 626 4520 audientia
679 4468 902 4532 utimur,
951 4467 1146 4522 Latino
1177 4487 1326 4524 more
1373 4471 1630 4524 dictatum
1663 4489 1786 4526 cum

203 4557 519 4612 addimento
550 4559 864 4626 supradicto
901 4559 1188 4612 edidimus.
1223 4559 1378 4625 Quod
1408 4569 1587 4613 autem
1639 4577 1788 4628 quin-

203 4649 364 4710 ritur,
381 4662 554 4718 quare
573 4649 674 4702 hoc
697 4647 1010 4704 Graecorum
1035 4649 1278 4703 ecclesia:
1298 4665 1564 4706 consensu
1589 4647 1787 4702 factum

1901 4482 2044 4526 lotus
2069 4480 2152 4525 est
2175 4472 2240 4525 de
2267 4472 2374 4524 Deo
2399 4479 2528 4530 toto,
2557 4467 2836 4536 magis‘"°
2867 4476 2960 4520 aut
2987 4466 3270 4522 minusIm
3303 4475 3481 4535 potest

1855 4554 1860 4558 ’
1898 4579 2016 4618 esse
2053 4565 2118 4618 de
2147 4577 2253 4616 uno
2285 4571 2338 4615 et
2363 4549 2571 4616 summe
2599 4559 2825 4628 simplici
2845 4559 2933 4589 "'3'
2970 4557 3096 4612 Deo.

1485 4787 1712 4842 \‘AIlle
1753 4785 2154 4844 LECTIONES.

277 4937 778 5014 "iEl‘illlt'ilige‘lli
795 4955 1060 5014 cummis.
1081 4952 1135 5014 et
1163 4941 1304 4994 lt'dit.
1338 4942 1492 4996 (.‘otlt.
1518 4952 1569 4994 et
1598 4943 1896 5014 intelligant
1919 4959 2042 4998 eum
2071 4959 2166 4994 ms.
2197 4941 2354 5014 Cori).
2379 4940 2676 5014 intelligant
2705 4955 2832 5014 eunt
2905 4941 2995 4973 ¹⁷⁵⁶
3025 4941 3152 4996 Car.
3177 4939 3266 4994 9|.
3301 4938 3394 4992 Est
3423 4941 3478 4993 in

201 5023 300 5084 ms.
339 5007 500 5062 Corb.
529 5007 662 5077 Cap.
693 5009 824 5084 ἓξ-
861 5011 957 5084 TT
982 5011 1174 5084 Utalia
1211 5023 1416 5084 taceam
1447 5029 1568 5066 mss.
1605 5023 1662 5067 ut
1685 5007 1832 5084 euivm
1875 5016 1978 5067 alia
2012 5023 2216 5084 tat-eaut
2248 5083 2275 5084 η
2297 5013 2389 5084 “fa
2431 5007 3076 5084 Attetoritatetirmalum
3123 5027 3248 5063 mu.
3283 5019 3474 5062 aucto-

199 5079 366 5132 ritate
404 5087 658 5146 taxatum
737 5079 826 5110 ""9
861 5079 960 5136 Ubi
996 5081 1124 5134 nihil
1157 5083 1464 5136 addidimus
1496 5099 1618 5136 mss.
1684 5082 1814 5138 l-"ict.
1853 5084 2008 5136 Gorb.
2063 5081 2150 5136 ubi
2207 5083 2336 5136 nihil
2389 5083 2640 5136 addimus
2717 5082 2808 5112 ¹⁷⁵⁰
2861 5081 3158 5135 Defendere
3192 5093 3476 5146 possemus

199 5163 327 5199 mu.
377 5145 510 5220 ιῖιιι.
544 5147 1022 5220 ϐριζιιτιιρῖθιιιιειυ
1045 5153 1312 5220 possimus
1389 5154 1478 5184 ³⁷⁵⁸
1510 5153 1638 5205 Illud
1671 5155 1966 5208 secundum
2011 5170 2136 5206 mss.
2181 5153 2308 5206 illttd
2337 5154 2480 5206 enim
2524 5151 2820 5206 secundum
2849 5169 2946 5204 ms.
2986 5151 3142 5202 (.‘orb.
3173 5145 3306 5220 illud
3331 5147 3474 5215 quod

199 5219 507 5292 seettudttnt
573 5218 676 5292 fi"
707 5219 836 5272 Illud
876 5217 1196 5292 atttetttqno
1237 5239 1360 5276 mss.
1396 5224 1536 5276 istud
1588 5233 1766 5276 autem
1805 5239 1914 5292 quo
1989 5223 2080 5253 ’⁷⁵³
2112 5221 2166 5276 Ιιι
2210 5225 2310 5276 hoc
2342 5223 2696 5292 qttutstionetu
2727 5238 2855 5292 mss.
2903 5221 3003 5292 ltoc
3035 5221 3087 5292 in
3119 5217 3472 5292 quaestionem

197 5285 296 5362 ‘_7_“
337 5287 508 5362 Regni
553 5289 808 5362 dilatatur
847 5309 970 5344 mss.
1047 5285 1173 5344 lict.
1223 5293 1376 5345 (λοι-Ι).
1439 5295 1602 5362 llegui
1648 5285 1900 5348 dilatetur
1979 5293 2068 5324 ³⁷⁸³
2113 5295 2242 5348 CA9.
2287 5285 2376 5346 ‘22-.
2443 5291 2534 5346 Est
2579 5294 2633 5345 in
2683 5309 2782 5344 ms.
2817 5289 2972 5344 (ἔστι).
3007 5285 3303 5362 (Ιιιριξιηὲξξ.
3383 5285 3473 5362 ¹⁷ξ⁶

205 5357 344 5432 Esse
377 5355 454 5432 de
475 5359 682 5432 duobus
707 5361 952 5424 diversis,
985 5363 1076 5414 St‘ti
1111 5363 1191 5432 de
1221 5378 1328 5416 ttno
1359 5381 1482 5416 mss.
1517 5355 1638 5416 csso
1669 5365 1824 5432 quasi
1873 5365 1938 5418 dc
1979 5365 2190 5418 duobus
2229 5365 2482 5428 diversis,
2535 5363 2627 5416 sed
2665 5362 2818 5432 quasi
2847 5364 2912 5432 de
2941 5375 3051 5432 uno
3086 5355 3092 5357 ⁷
3119 5358 3208 5388 ¹⁷⁸⁷
3249 5358 3380 5411 Nam
3406 5355 3474 5432 de

193 5425 374 5502 altero
411 5427 456 5482 si
485 5429 754 5502 priorattt
784 5434 1070 5497 posterior,
1115 5431 1192 5484 vel
1221 5449 1344 5486 mss.
1381 5451 1504 5486 ttant
1547 5433 1590 5487 si
1621 5425 1770 5500 prius
1803 5445 1898 5488 aut
1927 5445 2050 5502 post
2081 5433 2160 5488 vel
2193 5433 2282 5466 ¹⁷⁵⁸
2313 5436 2386 5486 lle
2417 5425 2522 5486 uno
2567 5425 2755 5486 eodem
2789 5431 3376 5502 Spit‘itu‘Sauetomss.
3407 5426 3474 5478 de

195 5499 394 5552 eodem
423 5513 543 5572 uno
561 5497 822 5566 Spiritum
864 5511 1114 5556 sanettnn
1193 5503 1282 5538 ³⁷⁵⁸
1323 5505 1474 5568 Quod
1503 5505 1554 5556 in
1594 5497 1712 5570 ipso
1743 5520 1848 5556 uno
1877 5497 1974 5556 ms.
2023 5502 2151 5554 Vict.
2196 5503 2280 5558 15.
2317 5506 2458 5570 quod
2494 5519 2560 5557 ex
2594 5503 2718 5572 ipso
2759 5497 2866 5552 uno
2934 5499 3037 5572 ᾼ¹⁷⁶⁰
3069 5499 3168 5572 Qui
3195 5497 3354 5552 simul
3389 5507 3472 5548 est

197 5575 370 5642 totus,
415 5569 482 5620 de
515 5565 622 5642 Deo
650 5579 780 5642 toto,
817 5572 985 5642 magis
1021 5589 1144 5626 mss.
1176 5574 1264 5640 qui
1298 5565 1462 5626 scine!
1509 5565 1652 5628 tutus
1681 5575 1858 5628 estde
1891 5573 1998 5627 Deo
2027 5581 2156 5632 toto,
2205 5565 2376 5642 magis
2426 5591 2524 5626 ms.
2563 5565 2694 5642 Tliu.
2729 5573 2818 5623 9t).
2853 5570 2946 5637 qui
2986 5570 3152 5624 semel
3204 5579 3350 5642 lotus
3383 5575 3472 5642 est

191 5639 264 5690 de
299 5637 434 5702 Deo,
467 5637 636 5708 magis
715 5639 801 5670 ²⁷τ²¹
839 5635 1004 5706 natus
1047 5635 1344 5696 tantoninus
1375 5660 1496 5697 mss.
1532 5643 1706 5713 magis
1733 5653 1786 5698 et
1819 5644 1998 5697 minus
2075 5643 2164 5674 ¹⁷⁶²
2195 5643 2260 5698 Et
2295 5635 2510 5698 sinente
2542 5641 2769 5710 simplici
2805 5635 2928 5694 uisa.
2979 5655 3188 5696 suntme
3239 5635 3466 5707 simplici
