3916 6054
453 254 556 310 519
965 258 1021 311 8.

845 368 1072 422 CAPUT
1113 368 1275 422 xxrv
1319 368 1414 438 [aL
1449 367 1654 438 xxnn.

455 438 609 504 Quod
639 437 864 506 Spitt'lus
897 451 1104 490 sanctus
1135 456 1234 490 non
1272 437 1334 492 sit
1366 437 1720 506 principaliter
1745 439 1809 492 de
1841 439 2020 493 Putre.

524 549 676 613 Quod
706 549 750 601 si
785 549 981 601 dicitur
1009 548 1239 616 quia‘m
1287 548 1521 616 Spiritus
1565 557 1785 601 sanctus
1819 549 2021 616 princiw

451 636 646 704 paliter
667 646 746 690 εει.
767 636 834 689 de
866 637 1053 702 Patro,
1081 637 1232 703 quasi
1261 639 1432 706 magis
1456 638 1525 690 sit
1552 638 1618 691 de
1672 637 1833 692 Patre
1859 653 2021 706 quam

449 727 517 784 de.
550 726 704 789 Filio,
743 742 848 780 non
897 728 967 780 ita
1021 727 1305 781 dicendum
1337 738 1420 782 est
1451 737 1507 781 ιιι
1539 728 1869 796 intelligatur
1915 728 2021 782 ulla

449 815 826 882 praedictarum
856 817 1178 871 varietatqu
1210 819 1417 882 inesse;
1448 820 1542 874 sed
1569 820 1821 886 quoniam
1852 817 2021 874 Filius

449 905 552 960 hoc
583 905 723 974 quod
761 916 845 961 est
869 948 884 970 ,
931 909 996 962 de
1041 908 1199 964 Patre
1231 910 1422 972 habet,
1459 908 1663 964 idcirco
1693 909 1794 968 hoc
1845 908 2020 976 ipsmu

451 994 589 1061 quod
622 992 858 1062 Spiritus
886 1005 1108 1050 sanctus
1133 1009 1216 1052 est
1238 996 1304 1052 de
1334 997 1492 1060 Filio,
1519 999 1718 1057 habere
1741 999 1806 1052 de
1837 997 2020 1062 Patre,

449 1085 511 1138 tle
555 1099 662 1152 quo
708 1085 873 1142 habet
899 1102 1051 1150 esse.
1096 1104 1203 1142 non
1248 1089 1691 1146 inconvenieuler
1737 1090 2018 1148 asseritur.

447 1172 710 1239 Quoniam
739 1185 917 1237 tamen
957 1177 1037 1232 sic
1069 1177 1229 1232 habet
1274 1193 1395 1234 esse
1429 1178 1495 1234 de
1525 1177 1685 1242 Patre
1731 1178 1933 1243 FiliItS.
1962 1188 2019 1232 υι

452 1266 776 1320 ῑ)ιιιιιίιι‹›¹⁷⁶¹⁵
807 1269 1038 1337 itlipsum
1066 1271 1138 1323 sit
1157 1270 1300 1339 quod
1325 1269 1506 1333 Pater,
1530 1279 1584 1323 et
1609 1284 1746 1323 unus
1775 1271 2022 1339 idemque

451 1354 585 1410 Deus
616 1373 631 1411 ε
662 1358 802 1416 sicut
828 1359 974 1414 solus
1004 1369 1057 1413 et
1090 1359 1319 1429 simplex
1367 1359 1508 1420 Deus
1545 1375 1648 1421 non
1682 1370 1855 1428 potest
1902 1376 2016 1415 esse

444 1445 618 1516 major
644 1449 724 1503 vel
752 1451 930 1505 minor
955 1453 1154 1520 scipso,
1187 1466 1284 1506 nec
1307 1452 1455 1520 prior
1477 1468 1574 1510 nec
1606 1453 1892 1520 posterior,
1919 1469 2019 1508 nec

444 1539 648 1607 aliquid
689 1543 739 1594 in
788 1557 846 1595 se
889 1543 1050 1597 habet
1078 1545 1385 1608 diversum;
1438 1545 1516 1598 sic
1563 1545 1674 1614 60
1721 1545 1888 1598 Filius
1921 1561 2017 1599 nec

442 1627 595 1693 prior
625 1643 724 1683 nec
753 1632 1040 1698 posterior,
1077 1648 1173 1686 nec
1197 1634 1367 1702 major
1397 1649 1496 1688 nec
1519 1636 1694 1688 minor
1718 1643 1803 1690 est
1831 1634 2010 1698 Patre,

1065 256 1357 310 ANSELMI
1392 257 1736 312 CANTUAR.
1787 257 2017 312 ARCIll!

2156 258 2311 312 OPP.
2355 259 2533 314 PARS
2571 261 2609 314 Ι.
2652 291 2719 302 -
2761 261 3178 318 ΒΟΕΜΛΤΙΟΑ.

2055 376 2096 430 Α
2131 371 2523 439 principaliter,
2550 371 2792 427 volumus
2815 374 3124 443 significare
3145 347 3486 446 quoilmagis
3503 378 3574 432 sit
3599 379 3706 434 hoc

3595 264 3705 321 εει)

2125 460 2264 527 quod
2296 461 2494 514 dicitur
2533 477 2650 523 esse
2677 463 3066 532 principaliter,
3113 481 3276 534 quam
3310 467 3436 521 illud
3465 470 3532 522 ad
3558 472 3708 537 quod

2125 551 2398 604 refertur:
2431 562 2488 605 ut
2538 566 2661 604 cum
2706 553 3049 622 dispensator
3081 555 3308 624 alicujus
3337 557 3536 610 domini
3584 559 3708 627 ejus

2122 649 2394 707 prarccpto
2430 641 2602 707 pascit
2646 640 2906 694 familiam
2956 644 3174 703 donms.
3214 644 3462 698 dominus
3501 647 3708 715 princi-

2122 729 2314 796 paliter
2357 738 2412 782 et
2459 731 2629 798 magis
2662 746 2782 784 eam
2837 746 3062 800 pascere
3109 744 3258 787 recte
3287 735 3503 797 dicitur,
3536 752 3708 803 quam

2122 819 2482 885 dispensator.
2523 819 2656 874 Nam
2687 835 2791 874 non
2824 823 3005 873 omnia
3031 836 3150 889 qua:
3190 823 3425 876 suntm“
3463 823 3706 879 domini,

2121 917 2247 961 sunt
2290 909 2683 976 dispensatoris
2733 910 3048 977 aequaliter;
3085 912 3226 965 sicut
3280 927 3342 966 ea
3395 927 3517 981 qua:
3573 925 3711 968 sunt

2121 997 2332 1064 Patris,
2358 1000 2479 1054 Filii
2511 1016 2727 1070 quoque
2761 1011 2888 1056 sunt
2914 1016 3020 1057 non
3053 1002 3412 1072 intequaliter.

2635 1145 2867 1202 CAPUT
2906 1147 3048 1201 XXV
3072 1146 3185 1200 "7'.

2122 1257 2394 1318 Processio
2423 1259 2534 1313 Ita'c
2553 1259 2751 1313 nullam
2763 1259 3100 1340 intrapenm
3120 1262 3442 1331 prioritatem
3472 1263 3708 1328 inducit,

2721 1345 2819 1383 nm
2847 1346 3084 1398 ortgmts.

2191 1437 2408 1506 Qnteret
2455 1437 2688 1494 forsitan
2745 1439 2943 1508 aliquis
3003 1451 3060 1494 et
3114 1441 3402 1498 mirabitur
3449 1443 3636 1500 dicens
3686 1461 3702 1499 :

2120 1528 2402 1596 Quomodo
2449 1540 2626 1600 potest
2678 1532 2903 1601 intelligi
2955 1541 3014 1585 ut
3082 1533 3284 1602 aliquid
3340 1535 3535 1590 habeat
3579 1552 3710 1594 esse

2121 1623 2291 1676 dem"
2330 1623 2540 1692 aliquo;
2573 1632 2625 1677 et
2654 1639 2757 1678 non
2789 1625 2858 1679 sit
2886 1625 3069 1693 aliquo
3093 1625 3254 1684 modo
3279 1625 3351 1692 id,
3377 1629 3442 1681 de
3464 1643 3572 1699 quo
3594 1640 3706 1694 est,

443 1733 546 1771 nec
576 1719 738 1774 habet
766 1721 967 1790 aliquid
1013 1724 1064 1776 in
1097 1739 1154 1777 se
1189 1724 1462 1782 diversum
1512 1727 1580 1777 ah
1621 1741 1718 1787 eo;
1751 1725 1846 1780 sed
1875 1726 2016 1784 sicut

2123 1716 2468 1786 principalius
2508 1726 2562 1770 et
2609 1718 2847 1787 dignius;
2898 1719 3124 1781 ethoc,
3171 1720 3314 1788 quod
3366 1734 3429 1776 ex
3474 1737 3540 1774 eo
3581 1734 3705 1784 est,

445 1809 606 1864 habet
643 1813 708 1864 ab
741 1811 831 1864 illo
859 1813 1110 1882 perfecte.
1128 1830 1249 1870 esse
1270 1855 1284 1878 ,
1317 1816 1387 1868 ita
1421 1816 1584 1870 habet
1618 1831 1712 1884 per
1741 1816 1921 1870 omnia
1951 1817 2018 1870 ab

442 1899 628 1952 eodem
652 1903 908 1970 manualem
933 1903 1008 1964 illi
1035 1915 1089 1962 et
1109 1905 1338 1963 similem
1355 1905 1470 1968 "‘5,
1494 1906 1600 1958 imo
1625 1907 1854 1973 idipsum
1877 1919 2017 1958 esse.

442 1991 781 2059 Quapropter
805 1992 944 2046 sicut
990 1991 1150 2047 Pater
1187 2009 1290 2047 non
1319 2003 1403 2048 est
1446 1995 1614 2064 magis
1645 1994 1786 2047 Deus
1855 2010 2016 2062 quam

443 2080 644 2146 Filius,
683 2086 934 2152 quamvis
979 2083 1150 2143 Filius
1203 2085 1400 2140 habeat
1448 2101 1570 2142 esse
1615 2087 1684 2142 de
1702 2087 1793 2119 ‘7“
1827 2085 2016 2153 Patre;

443 2175 513 2234 ita
549 2191 653 2227 non
681 2186 766 2230 est
791 2180 963 2248 magis
992 2177 1227 2247 Spiritus
1273 2190 1494 2234 Sanetus
1521 2179 1589 2234 de
1653 2180 1810 2234 Patre
1855 2193 2018 2248 quam

440 2269 506 2325 de
532 2268 690 2333 Filio,
733 2269 862 2325 licet
900 2271 1070 2326 Filius
1091 2288 1123 2332 a
1153 2272 1312 2328 Patre
1343 2273 1544 2328 habeat
1565 2313 1578 2338 ,
1618 2281 1677 2325 ut
1709 2274 1775 2326 de
1825 2273 1917 2326 illo
1946 2274 2019 2328 sit

438 2359 675 2427 Spiritus
708 2371 956 2420 sanctus.
991 2362 1046 2416 In
1075 2378 1140 2416 eo
1170 2363 1314 2416 enim
1343 2363 1394 2418 in
1437 2379 1543 2430 quo
1566 2373 1652 2418 est
1679 2379 1820 2417 unus
1850 2363 2020 2416 idem-

437 2466 542 2518 (lue
567 2468 685 2504 cum
716 2451 875 2506 Patre
895 2493 908 2515 ,
951 2454 1003 2506 id
1035 2462 1121 2508 est
1157 2453 1208 2506 in
1237 2469 1302 2508 eo
1324 2456 1466 2522 quod
1497 2455 1638 2509 Deus
1668 2465 1772 2516 est,
1809 2471 1914 2508 non
1939 2464 2023 2508 est

439 2540 684 2595 alins‘m
718 2541 805 2598 ille
827 2581 841 2604 ,
871 2550 922 2595 ct
951 2543 1090 2595 alius
1121 2542 1314 2607 Pater;
1364 2557 1539 2610 neque
1567 2542 1900 2596 dissimiliter
1926 2544 2022 2596 ha-

439 2628 529 2681 bet
555 2629 891 2696 aliquid”“,
923 2633 1047 2697 quia
1097 2646 1202 2684 non
1251 2638 1339 2690 est
1387 2630 1530 2683 alius
1571 2631 1712 2684 Deus
1740 2630 1920 2692 Pater,
1966 2639 2022 2685 et

440 2717 580 2771 alius
625 2719 764 2772 Deus
805 2718 1002 2784 Filius;
1038 2735 1210 2788 neque
1247 2719 1584 2775 dissimiliter
1629 2731 1754 2774 sunt
1797 2721 1848 2774 id
1879 2721 2019 2789 quod

438 2815 599 2870 sunt,
628 2809 725 2862 sed
753 2809 806 2864 it)
839 2826 904 2864 eo
930 2812 1073 2878 quod
1103 2811 1195 2865 ille
1225 2819 1310 2866 est
1351 2811 1534 2874 Pater,
1579 2813 1679 2867 iste
1707 2813 1903 2877 Filius;
1936 2821 2022 2867 est

441 2897 580 2950 alius
611 2899 732 2962 ille,
763 2908 818 2956 et
857 2901 993 2954 alius
1025 2901 1255 2955 istem”.
1291 2901 1359 2955 Et
1385 2903 1527 2956 sicut
1571 2902 1741 2956 Filius
1787 2918 1890 2957 non
1938 2913 2021 2960 est

439 2985 577 3040 alius
623 2985 763 3039 Deus
794 3003 954 3060 quam
990 2989 1177 3055 Pater;
1239 2989 1312 3044 ita
1363 2992 1660 3044 secundum
1703 2991 1844 3059 quod
1880 2991 2018 3046 Dens

437 3086 553 3142 est,
600 3094 707 3132 non
759 3078 920 3132 halmt
949 3081 1150 3150 aliquid
1182 3081 1249 3136 ab
1280 3082 1496 3135 aliomo
1527 3099 1689 3151 quam
1736 3099 1764 3135 a
1814 3083 2009 3152 seipso.

439 3168 516 3220 ba
539 3186 569 3219 ιι
595 3185 716 3224 cum
743 3170 969 3224 uit-imus
995 3173 1158 3226 Deum
1185 3175 1248 3227 de
1274 3175 1402 3235 Duo,
1419 3173 1611 3228 Filium
1635 3175 1699 3230 de
1725 3174 1880 3234 Patre
1900 3176 2012 3238 "7’,

439 3271 545 3315 non
575 3258 736 3310 alium
773 3261 1120 3330 intrlligimus
1151 3263 1316 3316 Deum
1350 3267 1415 3317 tle
1445 3263 1554 3317 Deo
1583 3265 1718 3328 alio;
1749 3267 1840 3318 sed
1868 3280 2014 3317 eum.

439 3344 559 3398 dcm
596 3347 765 3414 ipsum
799 3348 966 3402 Deum
999 3352 1063 3404 de
1094 3352 1281 3404 eodem
1315 3351 1430 3420 ipso
1479 3352 1612 3412 Deo,
1646 3353 1892 3419 quamvis
1930 3353 2012 3404 di-

438 3450 626 3487 camus
656 3436 816 3490 alium
846 3439 910 3491 de
938 3439 1074 3506 alio,
1107 3441 1303 3494 Filium
1328 3441 1534 3496 scilicet
1563 3443 1630 3499 de
1654 3441 1833 3496 Patre.
1864 3443 2015 3496 Sicut

437 3525 582 3574 enim
612 3539 773 3592 supra
798 3527 998 3580 dictum
1027 3540 1131 3592 est,
1158 3531 1609 3596 quemadmodum
1643 3531 1799 3592 Deus,
1823 3547 2015 3585 secun-

437 3612 562 3664 dum
597 3631 788 3670 nomen
817 3617 1129 3686 significans
1156 3621 1416 3675 unitatem
1439 3663 1454 3688 ,
1485 3623 1684 3676 nullam
1713 3624 1904 3692 recipit
1931 3625 2015 3676 di-

441 3702 783 3769 vcrsitatem;
811 3708 883 3760 ita
908 3711 1201 3763 secundum
1227 3713 1443 3765 nomina
1464 3713 1820 3782 significantia
1849 3713 2013 3768 Deum

437 3811 559 3850 csse
606 3799 672 3850 de
721 3800 863 3864 Deo,
915 3805 1226 3858 llCt'c>S:tl‘l0
1262 3805 1499 3860 admittit
1535 3805 1923 3875 pltlralitulem.
1959 3808 2014 3864 Si

437 3902 574 3956 ergo
622 3890 821 3944 dicitur
863 3894 1004 3963 quod
1037 3894 1271 3963 Spiritus
1319 3906 1545 3951 sanctus
1576 3898 1950 3969 principaliter
1985 3914 2015 3958 τι

434 3976 597 4034 Patre
622 3982 719 4045 sit;
754 3998 861 4037 non
888 3983 1031 4038 aliud
1061 3987 1401 4056 signiﬁcatur
1430 4003 1591 4056 quam
1619 3989 1742 4058 quia
1776 3990 1889 4058 ipse
1930 3991 2017 4042 Fi-

433 4068 574 4134 lius,
622 4074 688 4128 de
737 4090 843 4143 quo
891 4087 972 4131 est
1005 4077 1242 4146 Spiritus
1281 4091 1534 4145 sanctus,
1585 4096 1616 4134 a
1662 4080 1824 4135 Patre
1851 4082 2016 4139 habet

435 4161 640 4214 hoc‘m
669 4167 870 4232 ipsum,
900 4178 957 4221 ut
989 4169 1222 4237 Spiritus
1252 4184 1471 4228 sanctus
1515 4176 1586 4228 sit
1628 4178 1695 4230 de
1731 4176 1852 4244 illo;
1884 4194 2018 4247 quo-

2121 1806 2517 1876 quodammodo
2544 1808 2720 1862 minus
2750 1817 2804 1862 et
2834 1807 2985 1876 quasi
3015 1809 3395 1864 secundarium
3426 1826 3439 1861 :
3468 1825 3707 1878 praeser-

2124 1901 2217 1952 tim
2253 1915 2374 1952 cutn
2407 1899 2458 1953 id
2490 1901 2632 1968 quod
2671 1907 2755 1953 est
2799 1900 2865 1953 de
2892 1899 3109 1967 aliquo,
3140 1899 3388 1954 videatur
3429 1900 3706 1969 indigere,

2123 2004 2180 2044 ut
2222 1991 2325 2054 sit,
2357 2005 2422 2046 eo
2472 1993 2537 2046 de
2566 1991 2779 2060 (ιιιοίτ⁷⁷
2810 2001 2928 2056 est;
2981 1991 3107 2044 illud
3145 2006 3305 2058 vero,
3338 1993 3404 2046 de
3449 2007 3556 2060 quo
3583 2006 3654 2048 es
3693 2032 3710 2058 ,

2121 2099 2458 2154 nequaquam
2487 2095 2643 2155 egeat
2689 2099 2754 2139 eo
2793 2084 2936 2154 quod
2967 2083 3034 2138 de
3079 2100 3138 2138 se
3185 2086 3304 2138 est?
3339 2086 3414 2138 Ad
3447 2088 3586 2153 quod
3617 2100 3712 2138 re-

2121 2173 2495 2241 spondendum
2525 2173 2651 2244 quia
2677 2174 2818 2228 sicut
2845 2173 3082 2228 essentia
3112 2174 3205 2227 Dei
3235 2173 3388 2228 valde
3411 2174 3622 2232 diversa
3651 2183 3714 2230 et

2121 2268 2300 2324 aliena
2324 2278 2407 2322 est
2431 2284 2460 2321 a
2485 2276 2666 2322 creata
2696 2267 2956 2332 essentia,
2999 2267 3071 2322 ita
3089 2307 3104 2330 ,
3129 2283 3252 2322 cum
3282 2267 3511 2322 dicimus
3536 2267 3706 2320 Deum

2122 2359 2188 2414 de
2219 2359 2327 2414 Deo
2353 2361 2590 2414 existere
2616 2359 2886 2414 nascendo
2917 2357 2997 2413 vel
3024 2358 3392 2426 procedendo,
3423 2357 3577 2427 longe
3603 2357 3706 2410 ali-

2124 2461 2205 2507 ter
2247 2451 2587 2520 intelligenda
2634 2458 2718 2504 est
2774 2450 2876 2503 ista
2928 2449 3188 2502 nativitas
3239 2447 3350 2502 sive
3398 2448 3707 2517 processio,

2121 2555 2283 2610 quam
2330 2557 2450 2595 cum
2490 2540 2720 2594 dicimus
2753 2540 2805 2594 in
2847 2539 2968 2593 aliis
3011 2540 3173 2599 rebus
3205 2538 3408 2606 aliquid
3440 2539 3588 2592 nasci
3622 2539 3706 2592 vel

2121 2633 2435 2702 procedere.
2486 2633 2560 2687 lbi
2597 2632 2742 2688 enim
2782 2632 2915 2686 nihil
2956 2643 3041 2686 est
3089 2640 3184 2684 aut
3233 2639 3424 2683 natura
3445 2630 3561 2698 ιω,
3609 2640 3708 2684 aut

2123 2731 2363 2791 tempore
2385 2762 2400 2786 ,
2427 2733 2521 2776 aut
2551 2723 2603 2776 in
2639 2723 2822 2791 aliquo
2847 2721 3104 2790 prins‘m
3131 2729 3225 2774 aut
3258 2722 3525 2788 posterius
3545 2761 3560 2783 ,
3593 2736 3708 2772 ma-

2122 2812 2201 2880 gis
2233 2819 2325 2864 ant
2348 2812 2560 2876 minus,
2592 2820 2685 2864 aut
2725 2811 2830 2865 ulla
2859 2809 3176 2864 ratione“o
3218 2808 3400 2877 aliquo
3428 2808 3702 2878 indigens;

2121 2885 2217 2954 Sed
2250 2911 2423 2954 totum
2451 2901 2595 2970 quod
2624 2910 2710 2954 est
2753 2916 2860 2954 non
2894 2909 3002 2952 tam
3051 2898 3362 2967 mqualem‘
3404 2898 3486 2952 vel
3528 2900 3707 2956 simile

2124 2993 2224 3047 sibi
2253 3001 2309 3047 et
2334 3004 2695 3054 comtcruum,
2726 3007 2886 3059 quam
2921 2991 3061 3054 idem
3093 2991 3195 3044 sibi
3241 2990 3372 3058 ipsi,
3412 3000 3464 3043 ct
3513 3007 3608 3058 per
3645 3007 3705 3044 se

2123 3083 2223 3136 sibi
2252 3084 2350 3150 ipsi
2374 3084 2596 3136 οιιιιιίιιο
2631 3081 2932 3145 suiliciens;
2965 3096 3065 3134 nec
3090 3083 3333 3134 nascitur
3361 3082 3439 3135 vel
3465 3084 3707 3151 procedit

2118 3171 2190 3225 ibi
2223 3172 2467 3242 aliquid,
2513 3171 2667 3241 quasi
2712 3173 2778 3224 de
2817 3186 2922 3224 non
2968 3184 3088 3224 esse
3126 3171 3418 3244 proficiens
3449 3173 3514 3227 ad
3562 3185 3703 3225 esse.

2120 3261 2272 3314 Sicut
2303 3262 2466 3330 igitur
2517 3261 3057 3327 intellectusuioslcr
3111 3276 3215 3314 non
3258 3269 3436 3327 potest
3466 3260 3705 3315 transire

2117 3354 2257 3416 ultra
2281 3354 2666 3415 aeternitatem,
2691 3362 2746 3403 ut
2771 3351 2924 3420 quasi
2951 3353 3016 3404 de
3039 3350 3306 3420 principio
3329 3350 3699 3421 cjusjudicct;

2117 3446 2196 3498 sic
2243 3459 2348 3498 non
2383 3453 2558 3513 potest
2601 3443 2667 3498 de
2719 3443 2822 3496 hac
2866 3442 3148 3496 nativitatc
3195 3443 3280 3496 vel
3322 3443 3707 3530 processione,

2120 3549 2220 3588 nec
2250 3532 2409 3586 debet
2435 3534 2499 3586 ad
2532 3534 2936 3588 similitudinem
2969 3544 3232 3590 creatura:
3259 3536 3461 3590 sentire
3492 3537 3574 3592 vel
3616 3536 3707 3604 ju-

2119 3631 2321 3684 dicare.
2365 3628 2471 3682 Sed
2501 3629 2755 3698 quoniam
2787 3638 2841 3683 et
2870 3631 3012 3702 quod
3042 3633 3282 3686 nascitur
3317 3642 3366 3688 el
3402 3633 3546 3701 quod
3578 3647 3704 3700 pro.

2120 3721 2263 3776 cedit
2283 3761 2298 3786 ,
2329 3736 2434 3774 non
2462 3730 2547 3775 est
2578 3719 2723 3776 aliud
2755 3738 2917 3790 quam
2949 3724 2999 3776 id
3017 3725 3106 3756 ³⁷⁸¹
3129 3726 3198 3779 de
3223 3741 3330 3795 quo
3361 3736 3444 3779 est
3472 3742 3704 3792 nascens

2120 3815 2203 3870 vel
2228 3815 2556 3884 procedens,
2583 3815 2726 3884 quod
2750 3825 2833 3870 est
2870 3815 3018 3870 solus
3058 3827 3114 3871 et
3157 3833 3294 3871 unus
3325 3818 3464 3871 Deus
3508 3836 3520 3869 :
3565 3820 3708 3871 sicut

2123 3907 2264 3962 idem
2290 3906 2430 3960 Dens
2463 3921 2568 3960 non
2604 3917 2687 3960 est
2735 3905 2913 3976 seipso
2951 3905 3123 3973 major
3166 3907 3247 3962 vel
3293 3909 3508 3974 minor;
3542 3909 3612 3960 ita
3652 3909 3704 3960 in

2125 3999 2330 4061 tribus,
2358 3999 2460 4052 hoc
2500 4007 2585 4052 est
2625 3998 2677 4052 in
2711 3997 2868 4057 Patre
2894 4008 2948 4052 et
2991 3998 3128 4052 Filio
3169 4009 3225 4052 et
3251 3999 3454 4068 Spiritu
3480 4008 3704 4063 sancto,

2123 4102 2229 4147 non
2258 4095 2341 4141 est
2368 4086 2570 4154 aliquid
2617 4085 2789 4154 majus
2833 4085 2914 4141 vel
2946 4088 3121 4140 mitius
3140 4129 3155 4150 ,
3183 4104 3281 4142 nec
3308 4095 3390 4142 est
3416 4087 3556 4142 alius
3600 4087 3704 4140 alin

2123 4180 2256 4243 hoc,
2281 4179 2424 4247 quod
2447 4189 2529 4232 est
2566 4178 2740 4246 majus
2770 4179 2852 4234 vel
2895 4180 3102 4244 minus;
3138 4181 3388 4250 quamvis
3422 4195 3609 4235 verum
3636 4181 3707 4234 sit

434 4253 581 4370 niam
602 4256 693 4286 ¹⁷⁷³
724 4258 774 4310 id
820 4262 961 4326 quod
992 4271 1108 4322 est,
1140 4263 1301 4318 habet
1329 4281 1357 4318 a
1389 4265 1568 4321 Patre.
1597 4267 1712 4322 Non
1751 4272 2012 4339 qnemad-
2049 4311 2095 4370 Β
2122 4272 2250 4339 quia
2280 4271 2422 4325 Deus
2453 4271 2645 4327 est‘m
2675 4273 2742 4327 de
2781 4273 2922 4340 Deo,
2955 4275 3224 4328 nascendo
3254 4282 3308 4328 et
3338 4272 3703 4343 procedendo.

435 4359 539 4370 ..ιι-ι
566 4361 651 4370 ...η
678 4345 726 4370 2--
753 4349 911 4370 ....I.___
945 4367 1043 4370 ---μ
1070 4353 1129 4370 .9,
1209 4354 1221 4370 ι
1375 4356 1404 4370 μ
1491 4358 1501 4368 ι
1532 4359 1541 4370 .
1724 4361 1735 4370 .

434 4342 652 4403 modum
677 4345 728 4402 in
753 4349 914 4405 rebus
937 4353 1165 4420 creatis,
1190 4354 1316 4410 dum
1339 4356 1542 4427 aliquid
1567 4361 1862 4416 asserimus
1891 4376 2012 4417 esse

1714 4493 1946 4552 VARUS
1987 4496 2279 4556 LECTION
2286 4495 2392 4552 ES.

627 4595 778 4678 Quod
809 4598 858 4678 si
883 4598 1100 4678 dicitur,
1130 4601 1254 4678 quia
1285 4601 1480 4678 εισι-ἔῃ
1509 4601 1794 4678 ηιεηϐοινὸ.
1822 4607 1906 4661 hic
1929 4609 2108 4678 incipit
2137 4607 2306 4677 Caput
2359 4607 2428 4661 24
2485 4606 2599 4678 7'"?
2655 4606 2730 4662 De
2765 4605 2932 4678 Patre
2964 4615 3019 4660 nt
3052 4606 3273 4661 omnino
3297 4622 3422 4678 nitu.
3446 4605 3511 4658 de
3542 4605 3705 4678 Patre

434 4661 600 4744 [filius
633 4661 690 4717 ut
715 4669 934 4721 omnino
1010 4661 1101 4700 ⁸⁷⁸⁸
1132 4661 1200 4726 EE
1244 4673 1360 4728 nale
1389 4673 1459 4727 illi
1499 4684 1554 4729 et
1584 4675 1762 4729 simile
1788 4693 1914 4730 mss.
1950 4661 2055 4733 iller
2069 4661 2332 4750 aaqna'lem
2363 4686 2416 4732 et
2453 4676 2682 4730 similem
2712 4661 2722 4662 ί
2760 4675 2853 4708 ³⁷⁸⁸
2883 4676 3128 4731 Habebat
3160 4692 3279 4731 esse
3305 4677 3370 4729 de
3396 4691 3521 4729 mss.
3565 4674 3700 4730 Vict.

434 4733 588 4784 Lorb.
624 4733 821 4788 habeat
840 4751 962 4792 esse
989 4755 1019 4794 a
1097 4741 1187 4773 ¹⁷⁶⁷
1203 4688 1330 4794 fiVec
1354 4755 1436 4794 cst
1466 4743 1602 4794 alius
1637 4762 1760 4794 mss.
1794 4744 1908 4794 Non
1939 4762 2024 4794 est
2052 4751 2192 4794 ιιΙίιις
2243 4749 2331 4794 ille.
2408 4748 2500 4778 ¹⁷⁶⁸
2533 4747 2716 4794 Nenue
2765 4746 3109 4794 dissimiliter
3151 4755 3276 4794 sunt.
3317 4747 3368 4794 id
3397 4747 3541 4794 (Inml
3576 4756 3700 4794 sunt

432 4733 1019 4816 Corb.nh;ibeatesse_a
1094 4741 1187 4816 ‘_’f7
1220 4733 1330 4816 Nec
1354 4755 1436 4816 est
1466 4743 1760 4816 alins__mss.
1793 4744 1908 4801 Non
1939 4762 2024 4801 eat
2052 4733 2192 4803 alius
2243 4749 2331 4801 ille
2408 4748 2500 4778 ¹⁷⁶⁸
2532 4747 2716 4816 Neque
2765 4746 3109 4800 dissimiliter
3151 4755 3276 4800 sunt
3317 4747 3368 4800 id
3397 4747 3541 4816 quod
3576 4756 3704 4799 sunt

431 4818 554 4886 uisa.
582 4801 730 4886 (gem.
763 4804 887 4886 ecf.
930 4807 1064 4862 Vict.
1093 4809 1346 4886 Thu._9(_).
1377 4813 1565 4886 Qister.
1594 4813 1780 4883 Neque
1824 4801 2358 4874 (lissiniiliter—habet
2387 4818 2588 4886 aliquid
2617 4801 2643 4870 ε’
2674 4817 2800 4885 quia
2831 4833 2936 4870 non
2977 4826 3058 4871 est
3089 4817 3226 4870 alius
3257 4817 3397 4870 Deus
3418 4801 3704 4882 'Pater,-et

432 4872 572 4956 alios
604 4873 962 4956 pettsnlf‘_i_lius,
993 4895 1168 4956 neque
1191 4883 1526 4956 dissimiliter
1555 4872 1767 4956 sunt-id
1802 4889 1944 4956 quod
1979 4872 2122 4943 sunt:
2181 4889 2274 4919 ¹⁷⁶⁹
2308 4888 2410 4941 Iste
2442 4872 2629 4952 Filius,
2664 4872 2801 4941 alius
2827 4895 2911 4956 est
2944 4886 3051 4947 ille,
3078 4897 3132 4941 et
3174 4887 3312 4940 alius
3345 4895 3427 4940 est
3455 4886 3558 4938 iste
3601 4872 3700 4956 ius.

431 4942 590 5020 βοή).
612 4943 718 5020 iste
743 4944 912 5020 Filius
935 4957 1038 5020 est,
1070 4942 1208 5004 alius
1237 4951 1344 5014 ille,
1371 4963 1420 5004 et
1452 4955 1589 5008 alius
1616 4955 1716 5008 iste
1743 4942 1866 5010 meis.
1907 4955 2037 5011 Vict.
2147 4967 2196 5010 et
2243 4959 2326 5011 15.
2361 4957 2551 5010 Cister.
2593 4942 2695 5011 iste
2724 4965 2808 5011 est
2833 4942 3133 5020 Filiusaest
3161 4957 3298 5008 alius
3329 4955 3437 5017 ille,
3466 4965 3520 5007 ct
3561 4955 3704 5010 alius

432 5013 534 5096 iste
609 5013 702 5046 ⁸⁷⁷⁸
736 5015 1180 5096 Aliquid_ab_alio
1205 5023 1657 5096 ntjs_._aluptid_ab
1691 5025 1780 5096 illo
1814 5043 1912 5081 ms.
1937 5027 2096 5080 Corb.
2140 5028 2342 5096 aliquid
2382 5028 2526 5081 aliud
2559 5027 2626 5079 ab
2651 5027 2757 5079 alio
2833 5027 2923 5057 ¹⁷⁷¹
2953 5013 3117 5081 Deum
3147 5027 3212 5080 de.
3244 5025 3373 5087 Deo,
3408 5013 3602 5079 Filium
3633 5029 3703 5078 de

429 5081 592 5137 Patre
623 5101 724 5137 ms.
787 5081 918 5140 Vict.
951 5089 1002 5141 9.
1034 5089 1197 5142 Deum
1242 5081 1532 5146 Filinm'de
1561 5093 1668 5147 Deo
1711 5095 1869 5151 Patre
1945 5099 2038 5129 ³⁷⁷³
2066 5081 2302 5153 Sanetus
2342 5113 2370 5150 ιι
2420 5097 2578 5150 Patre
2624 5098 2786 5151 habet
2815 5098 2915 5151 hoc
2951 5113 3076 5150 mu.
3129 5081 3373 5150 Sanctus
3404 5097 3566 5149 habet
3600 5097 3704 5148 hoc

431 5154 526 5236 "'7’
578 5153 663 5209 Sit
691 5156 759 5210 de
803 5156 1226 5237 illo_:__qu_oniaAin
1272 5178 1410 5237 nisa.
1427 5163 1497 5217 sit
1521 5163 1588 5216 de
1613 5165 1754 5237 illoa
1781 5177 1934 5237 patre
1959 5185 1972 5220 :
2020 5169 2276 5237 quoniam
2353 5167 2446 5199 "7"
2475 5165 2608 5220 Nam
2635 5168 2814 5220 omnia
2855 5183 2976 5236 quae
2996 5179 3122 5221 sunt
3137 5181 3268 5237 prius.
3303 5182 3424 5237 nam
3454 5182 3558 5217 non
3585 5182 3702 5216 oni-

429 5227 518 5306 uia
544 5239 663 5306 quae
689 5236 828 5306 situt
891 5228 985 5259 ³⁷⁷⁵
1007 5230 1132 5306 (jac.
1157 5230 1248 5284 ‘23.
1279 5231 1369 5284 Est
1396 5235 1448 5286 in
1472 5233 1756 5306 nuntiarit.
1781 5227 1954 5306 Caput
1985 5227 2079 5290 23.
2159 5239 2252 5269 ⁸⁷⁷⁸
2278 5238 2483 5292 Habeat
2513 5238 2715 5306 aliquid
2739 5252 2857 5292 esse
2876 5227 2946 5290 ile
2969 5255 3066 5291 ms.
3112 5236 3244 5289 Vict.
3273 5237 3326 5290 9.
3355 5236 3559 5306 haheat
3578 5249 3703 5288 esse

431 5295 498 5374 fle
552 5295 662 5374 3""
694 5297 762 5351 Ut
783 5299 858 5374 sit
887 5314 952 5352 ex
978 5303 1139 5374 colle
1163 5316 1433 5374 qu_o_mss_.
1459 5314 1518 5357 ut
1548 5305 1620 5358 sit
1643 5319 1707 5358 eo
1731 5306 1796 5358 de
1819 5295 1926 5374 quo
2004 5308 2096 5340 "7‘
2133 5307 2276 5361 Nihil
2301 5317 2381 5362 est
2405 5319 2497 5361 aut
2524 5295 2714 5362 natura
2749 5323 2878 5360 mss.
2916 5307 3048 5360 nihil
3078 5315 3172 5360 aut
3202 5315 3395 5359 natura
3476 5305 3568 5336 ⁸⁷⁷⁸
3591 5307 3700 5357 Ant

432 5363 698 5448 i‘i'i.a_liquo
721 5370 870 5448 prius
893 5385 1018 5448 mss.
1046 5363 1194 5424 Gem:
1229 5369 1362 5448 ifict.
1393 5371 1526 5426 Tim.
1689 5385 1735 5429 et
1758 5363 1852 5448 790:
1881 5387 1927 5430 et
1963 5374 2152 5448 δίδως.
2185 5389 2280 5432 aut
2325 5379 2372 5432 vi
2405 5378 2582 5448 aliqua
2616 5377 2766 5447 prius
2843 5377 2935 5409 ⁸⁷⁸⁸
2973 5380 3080 5430 Aut
3123 5376 3301 5444 aliqua
3325 5375 3699 5448 rationem“.

446 5431 578 5518 δῖοι.
604 5431 838 5518 iant—ulla
867 5442 1077 5494 ratione
1099 5457 1198 5518 ms.
1226 5440 1389 5518 Coeli.
1415 5444 1878 5518 utunnllaratione
1954 5448 2042 5479 "3‘
2091 5431 2214 5501 Non?
2254 5431 2365 5503 tam
2405 5431 2757 5518 tequale'mss.
2790 5463 2897 5502 non
2944 5456 3120 5518 tamen
3164 5431 3370 5518 aequale
3398 5462 3523 5499 mss.
3561 5445 3697 5518 Vict.

565 5516 613 5556 et
646 5505 834 5563 Cisler.
868 5519 978 5564 tam
1017 5512 1223 5587 mquale
1266 5512 1390 5587 _”:'
1422 5513 1578 5566 Aliud
1611 5515 1708 5570 nisi
1758 5517 1808 5574 id
1856 5501 1978 5574 mss.
2024 5518 2151 5574 Vict.
2193 5501 2570 5574 (Jorb.Cisier.
2603 5517 2745 5572 aliud
2782 5501 2944 5587 quam
2983 5517 3032 5571 id
3110 5517 3201 5550 ¹⁷⁸³
3231 5501 3426 5570 Ϋριοιιιιι
3460 5517 3700 5586 sitquod

434 5566 577 5627 Deus
606 5587 687 5629 est
718 5594 837 5632 mss.
877 5597 1062 5636 verum
1083 5566 1166 5636 ἐἰι
1190 5582 1311 5653 quia
1345 5583 1484 5638 Dens
1512 5594 1593 5637 est
