3916 6054
397 257 501 312 51-3

919 249 976 303 S.
1031 247 1330 303 ANSELMI
1362 244 1720 302 CANTUM‘.
1762 240 2080 299 ARGIIIEP.
2108 239 2258 295 OPP.
2292 236 2472 293 PARS
2510 236 2548 292 I.
2591 266 2662 277 —
2694 233 3113 291 DOGMATICA.

3556 233 3666 289 52%

397 378 684 423 commune
720 370 801 416 est
832 362 904 419 illi
933 377 1054 415 cum
1085 360 1244 425 Filio,
1268 368 1323 413 et
1348 374 1455 426 quo
1483 356 1666 411 differt
1692 373 1722 410 a
1769 355 1972 423 Spiritu
2005 362 2049 416 Α
2082 368 2179 406 nec
2203 352 2543 405 diversarum
2576 350 2784 419 integre
2816 357 3001 402 servat
3024 348 3253 401 aliarum
3305 360 3670 416 personarum

398 467 623 513 sancto:
656 455 870 509 Patrem
900 462 1081 506 autem
1110 467 1215 505 non
1247 451 1431 512 habet,
1463 449 1603 504 sicut
1624 462 1721 502 nec
1752 445 1985 515 Spiritus

399 558 642 613 sanctus,
669 555 724 601 et
750 547 802 600 in
828 546 931 599 hoc
959 541 1249 597 “’"dil‘ert
1280 557 1311 596 a
1336 539 1491 594 Filio.
1526 538 1694 592 Filius
1715 537 1865 592 solus
1887 536 1984 590 lia-

400 642 489 696 bet
511 639 748 701 Patrem,
776 637 957 705 inquo
986 632 1167 689 diﬂ‘ert
1188 649 1218 688 a
1250 632 1410 685 Patre
1437 639 1494 685 et
1517 629 1720 698 Spiritu
1759 627 1980 683 saucto':

399 742 566 788 etest
595 731 668 786 illi
701 742 989 784 commune
1025 740 1148 781 eum
1193 724 1358 779 Patre
1380 763 1396 789 ,
1438 723 1581 777 sicut
1617 720 1819 774 dictum
1874 728 1982 782 εει,

400 826 527 895 quia
552 822 797 894 procedit
826 819 1009 877 duilio
1032 817 1269 887 Spiritus
1304 823 1551 880 sanctus,
1598 813 1740 867 unde
1799 810 1869 869 ab
1893 824 1985 865 ro-

399 916 522 969 dem
553 913 757 982 Spiritu
777 918 966 971 saneto
1012 909 1219 964 divisus
1248 915 1359 970 est;
1386 914 1536 963 caret
1585 911 1766 958 autem
1824 901 1984 966 Filio,

402 1007 544 1060 sicut
571 1003 804 1073 Spiritus
830 1008 1051 1056 sanctus
1079 998 1224 1053 unde
1266 997 1590 1063 discrepata
1636 990 1815 1046 Patre.
1863 988 1987 1059 Spi-

404 1095 544 1150 ritus
585 1100 802 1147 sanctus
841 1088 993 1144 solus
1028 1096 1111 1143 est
1137 1086 1205 1140 de
1227 1100 1334 1155 quo
1377 1085 1516 1140 alius
1553 1098 1661 1139 non
1703 1080 1986 1151 procedit:

405 1200 691 1244 autumnae
708 1192 797 1241 est
823 1183 895 1237 illi
923 1197 1049 1238 cum
1071 1181 1237 1236 Patre
1266 1180 1382 1244 ⁸⁸⁸⁵,
1406 1189 1468 1234 ιιι
1487 1179 1623 1243 dixi,
1646 1192 1754 1232 non
1791 1176 1994 1241 habere

406 1279 644 1342 Patrem,
679 1278 731 1331 in
757 1291 864 1346 quo
886 1275 1165 1331 dissimilis
1189 1284 1275 1330 est
1316 1273 1479 1337 Filio;
1509 1288 1630 1327 cum
1676 1270 1815 1326 Filio
1858 1284 1995 1338 quo-

406 1383 511 1438 que
533 1376 616 1422 est
642 1366 714 1420 illi
756 1379 1066 1430 commune,
1091 1373 1151 1420 ut
1187 1363 1300 1433 jam
1343 1370 1706 1418 monstratum
1749 1369 1856 1424 est,
1884 1375 1995 1413 non

409 1461 611 1514 habere
633 1457 828 1513 Filium
858 1457 1000 1510 unde
1029 1455 1173 1513 Patri
1221 1470 1324 1509 non
1353 1455 1665 1510 concordat.
1695 1450 1856 1508 Solus
1897 1451 1998 1506 ita.

408 1566 514 1619 que
541 1549 701 1603 Pater
722 1556 805 1602 est
842 1547 932 1616 qui
961 1554 1047 1600 est
1078 1545 1146 1599 de
1177 1545 1346 1611 nullo,
1377 1556 1431 1599 et
1466 1545 1532 1600 de
1571 1559 1679 1613 quo
1732 1551 1858 1598 sunt
1904 1542 1996 1596 alii

411 1640 541 1692 duo.
579 1638 742 1693 Solus
786 1653 818 1693 e
847 1646 1036 1691 contra
1086 1635 1322 1704 Spiritus
1367 1645 1586 1690 sanctus
1648 1644 1737 1689 est
1806 1633 1898 1702 qui
1934 1634 2000 1686 de

2073 443 2494 517 proprietatem.

2564 531 2811 589 CAPUT
2853 531 3021 587 XXIX
3062 532 3174 587 εἰη.

2084 629 2154 684 In
2186 628 2293 682 Deo
2322 643 2414 698 per
2442 643 2504 680 ea
2535 626 2749 707 prapria
2771 633 2845 678 est
2871 623 3556 707 personarum-m8;
3578 640 3679 694 per

2395 705 2695 751 communia
2712 711 2858 760 vero,
2884 705 3123 749 essentne
3149 705 3348 750 unctas.

2151 808 2264 864 Cur
2301 814 2483 860 autem
2512 806 2587 858 ita
2632 804 2726 869 sit,
2767 804 3015 874 quamvis
3063 805 3118 859 in
3160 802 3387 875 metata
3445 805 3678 874 epistola

2078 901 2154 956 de
2182 898 2555 954 incarnatione
2590 894 2767 959 Verbi,
2792 897 2858 951 de
2880 897 2982 950 hoc
2999 895 3395 965 aliquantulum
3433 897 3676 952 dixerim

2090 994 2183 1029 ιθιι
2203 1033 2217 1059 ,
2244 992 2485 1047 breviter
2507 1000 2685 1045 tamen
2717 990 2805 1044 hic
2825 999 3088 1058 repetam.
3124 989 3283 1060 Saepe
3334 990 3397 1045 ﬁt
3438 1000 3496 1044 ιιι
3523 991 3681 1060 plura

2088 1088 2415 1143 conveniant
2447 1086 2501 1139 in
2543 1098 2710 1139 unum
2772 1085 2874 1138 sub
2911 1084 3101 1138 eodem
3136 1083 3357 1139 nomine
3386 1086 3443 1138 et
3483 1083 3679 1139 eadem
3758 1139 3763 1142 .

2090 1181 2393 1250 quantitate
2433 1178 2548 1243 ιω,
2599 1191 2761 1247 quam
2819 1175 3092 1230 habebant
3134 1175 3344 1245 singula
3387 1185 3682 1245 antequam

2093 1286 2260 1325 unum
2294 1271 2492 1325 fierint.
2547 1269 2756 1338 Quippe
2803 1268 2846 1322 si
2890 1274 3093 1338 puncto
3117 1276 3375 1337 punctum
3429 1268 3685 1321 addimus

2092 1361 2214 1417 sine
2240 1359 2523 1415 intervallo
2565 1369 2659 1412 aut
2689 1358 2960 1427 aqualem
3004 1357 3204 1412 lineam
3229 1358 3284 1412 in
3316 1358 3506 1428 annali
3535 1358 3682 1412 linea

2100 1452 2213 1517 ⁸⁸⁸³,
2239 1460 2332 1505 aut
2360 1450 2713 1520 superﬁciem
2748 1449 3012 1518 aequalem
3062 1449 3116 1502 in
3149 1449 3343 1517 aequali
3393 1449 3687 1517 superﬁcie

2100 1542 2196 1573 ““
2214 1542 2562 1605 collocamus,
2592 1555 2696 1592 non
2750 1538 2807 1592 ﬁt
2837 1538 2938 1592 nisi
2985 1553 3127 1591 unus
3152 1547 3383 1607 punctns
3414 1538 3530 1605 ³⁸⁸⁸,
3575 1551 3686 1590 una

2104 1633 2264 1696 linea,
2291 1646 2397 1684 una
2420 1629 2755 1699 superﬁcies.
2781 1629 2837 1681 ln
2865 1628 3046 1682 multis
3066 1629 3114 1682 si.
3137 1630 3259 1698 quis
3296 1628 3690 1697 volnt-rituum-

413 1729 646 1791 duobus,
672 1736 726 1780 et
750 1727 817 1781 de
844 1741 952 1795 quo
976 1725 1172 1781 nullus.
1219 1725 1378 1780 Solus
1416 1725 1586 1780 Filius
1624 1725 1715 1793 qui
1752 1724 1818 1778 de
1865 1738 1992 1785 uno,
2028 1710 2071 1765 Β
2101 1739 2222 1779 rere
2248 1722 2489 1778 inveniet
2518 1720 2714 1786 sipulia
2746 1720 2858 1773 ιω.
2891 1719 3005 1775 Hoc
3027 1720 3212 1790 itaque
3254 1720 3439 1785 modo,
3488 1735 3686 1789 qnam-

412 1827 470 1871 et
501 1817 567 1870 de
593 1831 701 1886 quo
745 1831 901 1870 unus.
939 1815 1034 1870 Est
1078 1822 1258 1869 autem
1323 1815 1496 1869 tribus
1550 1827 1856 1876 commune,
1929 1810 1998 1864 ad

413 1907 549 1959 duos
583 1906 781 1960 habere
831 1903 1180 1959 relationem:
1217 1902 1375 1957 Pater
1414 1902 1556 1958 cnim
1599 1903 1667 1956 ad
1722 1899 1916 1953 Filium
1945 1907 2000 1952 et

416 1995 674 2065 Spiiitum
705 2003 951 2048 sanetum
981 1990 1239 2056 refertur,
1264 1992 1407 2045 sicut
1451 1992 1519 2045 ad
1555 1989 1674 2044 illos
1708 1989 1800 2059 qui
1848 1990 1914 2043 de
1939 2002 2000 2042 se

415 2093 534 2137 sunt
558 2100 571 2136 :
599 2082 763 2136 Filius
793 2081 858 2135 ad
885 2082 1098 2136 Patrem
1120 2090 1175 2134 et
1203 2080 1268 2134 ad
1292 2079 1552 2149 Spiritum
1579 2087 1848 2145 sanctum,
1873 2080 1998 2147 quia

404 2181 500 2237 est
520 2174 589 2227 de
638 2173 822 2237 Patre,
852 2181 908 2226 et
947 2170 1185 2241 Spiritus
1214 2180 1440 2225 sanctus
1479 2170 1546 2225 de
1587 2170 1709 2236 illo;
1766 2169 2001 2240 Spiritus

414 2276 638 2321 sanctus
668 2266 735 2319 ad
760 2265 973 2320 Patrem
996 2272 1051 2319 et
1087 2262 1308 2329 Filium,
1350 2263 1476 2331 quia
1506 2270 1592 2317 est
1637 2264 1706 2316 de
1746 2271 1998 2330 utroque.

415 2354 665 2410 Possidet
696 2369 827 2425 ergo
873 2354 1245 2422 unusquisque
1269 2367 1396 2406 suas
1437 2350 1813 2420 proprietates,
1864 2364 2000 2418 qua-

419 2464 536 2502 rum
571 2448 814 2502 collectio
839 2448 891 2502 in
915 2447 1020 2501 alio
1043 2461 1147 2500 non
1177 2454 1263 2501 est
1283 2445 1573 2509 eadem,ad
1597 2443 2000 2497 similitudinem

418 2542 757 2594 diversarum
804 2538 1081 2592 hominum
1144 2550 1518 2606 personarum.
1565 2532 1666 2589 Per
1698 2536 1800 2587 hoc
1857 2533 2001 2586 enim

421 2628 698 2681 hominum
750 2640 994 2696 persona:
1058 2626 1287 2680 diversa:
1337 2632 1463 2678 sunt
1485 2625 1552 2680 ab
1592 2623 1847 2689 invicem,
1875 2623 2002 2693 quia

422 2719 842 2787 uniuscujusque
866 2717 959 2748 ¹⁸⁰⁸
982 2718 1375 2787 prOprietatum
1406 2715 1654 2771 collectio
1694 2730 1798 2771 non
1847 2724 1930 2769 est
1951 2716 2002 2769 in

422 2809 528 2863 alia
561 2810 752 2865 eadem
783 2809 893 2861 "°°.
931 2809 1159 2863 interest
1183 2818 1362 2863 tamen
1386 2808 1622 2877 aliquid:
1652 2823 1776 2862 nam
1805 2807 1856 2861 in
1884 2822 2005 2877 per-

420 2898 570 2951 sonis
594 2897 867 2952 hominum
887 2898 929 2953 si
962 2913 1066 2952 una
1091 2907 1172 2953 est
1194 2912 1450 2970 persona,
1484 2913 1624 2952 unus
1660 2910 1746 2953 est
1801 2898 2000 2963 homo;

422 2991 541 3044 etsi
568 3007 705 3044 unus
731 3001 815 3045 est
852 2992 1031 3055 homo,
1059 3007 1161 3044 una
1190 3000 1273 3046 est
1303 3004 1565 3061 persona:
1610 2991 1761 3054 item,
1798 2989 1841 3043 si
1890 2988 2008 3057 plu-

425 3093 512 3131 res
538 3087 663 3133 sunt
685 3093 946 3147 personre,
992 3079 1175 3149 plures
1207 3067 1423 3149 quoque
1461 3085 1589 3131 sunt
1636 3076 1921 3142 homines;
1950 3083 2005 3129 et

421 3166 467 3222 si
501 3167 788 3236 istiplures
820 3167 910 3199 ¹⁸⁰⁷
939 3176 1083 3232 ειιιιι,
1130 3168 1230 3221 illae
1257 3176 1312 3221 et
1348 3156 1711 3236 pluralitatem
1758 3181 1863 3218 non
1920 3161 2002 3216 ef-

425 3257 655 3324 fugiunt.
681 3257 735 3311 In
762 3259 872 3312 Deo
900 3274 1027 3311 vero
1050 3258 1298 3326 quamvis
1350 3266 1458 3310 tres
1491 3269 1735 3325 personae
1785 3253 1911 3315 sint,
1939 3268 2002 3306 u-

426 3360 526 3398 nus
560 3352 737 3398 tamen
762 3355 846 3399 est
877 3346 1127 3401 Deuszet
1148 3346 1275 3400 licet
1301 3346 1374 3400 sit
1400 3360 1539 3400 unus
1585 3343 1747 3409 Deus,
1802 3357 2009 3410 nequa-

425 3450 586 3503 quam
617 3444 795 3490 tanuo
829 3451 1073 3505 personae
1102 3437 1464 3506 pluralitatem
1495 3435 1770 3488 amittunt.
1816 3433 1870 3487 In
1901 3432 2004 3488 hoc

426 3526 610 3596 itaque
656 3528 796 3596 quod
828 3528 1050 3581 relative
1091 3528 1230 3581 Deus
1275 3528 1340 3580 ad
1375 3527 1541 3581 Deum
1590 3527 1810 3590 dicitur,
1866 3526 2008 3581 sicut

426 3618 898 3685 plurcshontines,
956 3633 1308 3688 personarum
1341 3617 1578 3673 admittit
1642 3618 2006 3688 pluralitatem

427 3708 521 3743 ’m
547 3718 603 3762 et
628 3709 998 3763 diversitatem
1024 3727 1039 3770 ;
1075 3710 1126 3763 in
1156 3710 1259 3764 hoc
1291 3724 1420 3764 vero
1449 3710 1589 3778 quod
1616 3724 1713 3778 per
1741 3724 1799 3765 se
1824 3718 1930 3775 est,
1954 3710 2007 3765 id

429 3809 534 3865 est,
585 3799 640 3854 in
698 3797 791 3833 ⁸⁸⁸⁸
839 3800 968 3865 Deo,
998 3800 1432 3871 inseparabilem,
1480 3802 1549 3856 ad
1602 3802 2007 3856 similitudinem

431 3890 589 3944 unius
615 3890 1056 3954 hominis,servat
1080 3892 1529 3961 singularitatem:
1550 3891 1829 3961 pluralitas
1852 3907 2008 3944 nam-

429 3995 535 4047 que
565 3980 921 4035 humanarum
952 3997 1304 4051 personarum
1352 4000 1457 4038 non
1489 3993 1573 4037 est
1605 3984 1707 4038 nisi
1754 3984 1806 4036 in
1843 3984 2009 4051 pluri-

432 4070 531 4122 bus
567 4070 903 4135 hominibus,
931 4086 1029 4125 nec
1059 4087 1200 4125 unus
1224 4073 1384 4126 homo
1406 4072 1764 4142 pluralitatem
1815 4074 2009 4143 accipit

431 4173 816 4226 personarum;
856 4163 997 4215 Deus
1023 4174 1156 4215 vero
1195 4177 1334 4216 unus
1359 4171 1440 4216 est
1484 4172 1594 4215 tres
1651 4178 1916 4233 personrr,
1958 4172 2012 4217 et

2099 1816 2184 1870 vis
2212 1830 2317 1870 non
2358 1814 2469 1869 sint
2516 1814 2701 1882 plures
2725 1812 3080 1878 :eternitates,
3142 1811 3189 1866 si
3235 1819 3416 1866 tamen
3484 1812 3691 1865 dicitur

2099 1905 2372 1961 aeternitas
2399 1904 2453 1959 in
2483 1901 2807 1966 mlern'itate,
2832 1918 2941 1958 non
2966 1911 3053 1957 est
3077 1902 3179 1957 nisi
3220 1917 3326 1957 una
3376 1904 3687 1969 aeternitas;

2100 2005 2155 2051 et
2184 1995 2363 2049 lumen
2387 1993 2441 2047 in
2472 1993 2699 2058 lumine,
2725 2008 2894 2046 unum
2927 2001 3134 2047 tantum
3159 1993 3338 2048 lumen
3360 2004 3463 2048 est.
3485 1995 3688 2050 Eodem

2103 2087 2265 2143 modo
2293 2098 2631 2156 quaecunque
2657 2084 2724 2140 de
2746 2084 2838 2140 Dei
2863 2085 3117 2140 dicuntur
3141 2086 3396 2147 essentia.
3439 2088 3482 2141 si
3530 2087 3584 2141 in
3622 2102 3690 2141 se

2102 2178 2455 2248 repiicentnr,
2480 2188 2586 2230 nec
2605 2176 2962 2245 quantitatem
2993 2184 3212 2247 augent,
3262 2191 3362 2231 nec
3401 2176 3688 2245 pluralita-

2105 2277 2213 2322 tem
2237 2265 2545 2320 admittunt.
2573 2264 2838 2331 Quoniam
2865 2273 3044 2320 autem
3075 2264 3216 2320 Dens
3258 2275 3338 2319 est
3387 2266 3691 2332 aeternitas,

2102 2353 2243 2407 sicut
2269 2360 2423 2406 extra
2448 2353 2808 2406 aeternitatem
2831 2350 2966 2405 nihil
2994 2359 3080 2406 est
3106 2351 3327 2407 omnino
3350 2392 3366 2417 ,
3412 2353 3488 2406 ita
3530 2362 3691 2406 extra

2106 2444 2273 2499 Deum
2305 2443 2516 2514 penitus
2540 2460 2641 2496 non
2664 2453 2747 2497 est
2770 2444 2968 2521 aliquid
2995 2461 3008 2497 :
3039 2453 3203 2512 atque
3228 2446 3372 2499 sicut
3411 2448 3695 2499 aeternitas

2106 2538 2161 2590 in
2181 2537 2484 2591 mternitate
2510 2551 2614 2591 non
2644 2545 2731 2591 est
2752 2536 2857 2591 nisi
2904 2551 3010 2591 una
3062 2532 3367 2601 aeternitas,
3425 2539 3502 2593 sic
3547 2539 3695 2596 Deus

2109 2628 2197 2659 ¹⁸¹⁷
2233 2627 2285 2681 in
2313 2628 2439 2691 Deo,
2467 2641 2608 2681 unus
2631 2636 2717 2682 est
2736 2626 2886 2682 solus
2916 2628 3075 2683 Deus.
3108 2628 3380 2685 Habemus
3419 2641 3601 2685 autem
3624 2644 3697 2685 ex

2100 2733 2232 2773 vera
2258 2718 2360 2773 lide
2381 2718 2549 2773 Deum
2573 2733 2694 2773 esse
2717 2720 2783 2774 de
2826 2718 2956 2784 Deo,
2986 2721 3293 2785 nascendo,
3327 2731 3384 2776 et
3424 2721 3598 2778 Deum
3630 2722 3700 2777 de

2106 2811 2238 2875 Deo,
2272 2810 2634 2880 procedendo.
2661 2811 2767 2865 Sed
2793 2824 3051 2880 quoniam
3078 2826 3187 2867 non
3206 2812 3513 2883 estaliquid
3534 2821 3698 2866 extra

2110 2902 2298 2965 Deum,
2330 2914 2455 2954 eum
2478 2899 2720 2954 nascitur
2746 2900 2887 2956 Dens
2922 2903 2989 2955 de
3018 2902 3128 2956 Deo
3149 2901 3231 2957 vel
3254 2916 3378 2957 eum
3441 2902 3695 2973 procedit

2110 2991 2253 3046 Deus
2279 2991 2346 3045 de
2393 2987 2525 3051 Deo,
2708 2993 2821 3044 exit
2869 3007 3098 3047 nascens
3145 2994 3230 3048 vel
3276 2996 3574 3064 procedens
3601 2995 3700 3028 m'

2113 3088 2272 3133 extra
2304 3079 2491 3146 Deum,
2515 3082 2609 3134 sed
2637 3089 2822 3134 manet
2846 3081 2898 3135 in
2925 3082 3055 3136 Deo.
3087 3081 3351 3148 Quoniam
3376 3098 3507 3153 ergo
3554 3083 3700 3141 Deus

2112 3169 2168 3226 iu
2199 3171 2308 3225 Deo
2333 3185 2439 3224 non
2481 3180 2564 3227 est
2595 3171 2696 3226 nisi
2735 3187 2875 3226 unus
2895 3172 3058 3239 Deus,
3108 3188 3231 3227 cum
3270 3176 3512 3228 nascitur
3558 3175 3704 3231 Deus

2116 3260 2185 3315 de
2214 3260 2346 3325 Deo,
2383 3276 2522 3316 unus
2551 3262 2699 3317 solus
2727 3271 2809 3316 est
2832 3263 2981 3317 Deus
3022 3264 3250 3333 gignens
3284 3273 3338 3318 et
3365 3264 3578 3333 genitus
3602 3273 3699 3319 :et

2112 3361 2238 3404 eum
2269 3350 2511 3418 procedit
2533 3351 2674 3406 Deus
2726 3351 2817 3384 ¹⁸ί⁹
2843 3352 2910 3405 de
2960 3351 3091 3420 Deo,
3133 3366 3273 3408 unus
3329 3354 3703 3409 tantummodo

2114 3435 2256 3491 Deus
2283 3444 2365 3490 est
2391 3440 2688 3504 procedens
2709 3438 2802 3470 ¹⁸¹⁶
2829 3447 2884 3492 ει
2911 3439 3114 3509 dequo
3138 3441 3377 3510 procedit
3402 3440 3513 3494 ω’,
3545 3442 3705 3497 Unde

2113 3523 2498 3583 inevitabiliter
2522 3529 2798 3598 sequitur:
2827 3530 3082 3598 quoniam
3122 3530 3263 3586 Dens
3296 3532 3476 3587 nullas
3534 3533 3703 3591 habet

2111 3628 2314 3686 partes,
2338 3620 2434 3675 sed
2488 3628 2634 3676 totus
2660 3629 2744 3677 est
2764 3621 3024 3692 quidquid
3044 3632 3162 3689 est;
3192 3638 3356 3677 unum
3419 3626 3703 3679 eumdem-

2113 3724 2239 3778 que,
2266 3720 2320 3765 et
2341 3727 2446 3765 non
2471 3712 2634 3766 alium
2661 3713 2852 3778 Deum,
2880 3723 3052 3769 totum
3073 3728 3195 3769 esse
3214 3713 3435 3770 Patrem
3470 3715 3585 3779 ω’,
3619 3728 3705 3773 to-

2117 3812 2229 3857 tum
2263 3818 2385 3859 esse
2436 3803 2654 3869 Filium,
2706 3812 2879 3859 totum
2928 3822 3049 3859 esse
3100 3807 3361 3875 Spiritum
3423 3817 3701 3864 sanctunt.

2113 3894 2293 3960 Quare
2322 3894 2479 3949 Pater
2507 3905 2562 3950 et
2591 3895 2756 3949 Filius
2791 3905 2848 3950 et
2888 3896 3121 3965 Spiritus
3171 3907 3413 3962 sanctus,
3450 3912 3550 3967 per
3596 3897 3704 3953 hoe

2116 3986 2238 4052 quia
2267 3999 2389 4038 eum
2432 3995 2515 4038 est
2566 3985 2705 4039 Deus
2730 3985 2798 4038 de
2823 3984 2932 4039 Deo
2954 3995 3007 4038 et
3030 3986 3170 4040 Deus
3202 3986 3253 4040 in
3282 3985 3414 4050 Deo,
3462 4001 3570 4040 non
3617 3994 3705 4040 est

2119 4074 2213 4107 ¹⁸¹³
2244 4076 2342 4127 nisi
2372 4089 2508 4127 unus
2536 4073 2702 4137 Dens;
2739 4083 2957 4128 servant
2986 4076 3036 4128 in
3076 4075 3288 4129 Deitate
3330 4074 3395 4129 ad
3441 4074 3701 4129 similitu-

2119 4161 2299 4216 dinem
2324 4162 2484 4216 unius
2507 4162 2761 4226 hominis,
2789 4162 3220 4232 singularitatem
3247 4177 3261 4216 :
3297 4178 3393 4233 per
3417 4164 3521 4218 hoc
3549 4178 3700 4227 vero,

431 4264 677 4320 personae
710 4260 821 4307 tres
846 4268 983 4308 unus
1011 4253 1174 4309 Deus.
1199 4254 1309 4308 Hoc
1340 4255 1520 4323 itaque
1546 4256 1703 4309 modo
1732 4272 1830 4309 nec
1855 4257 2012 4310 unius
2043 4250 2089 4307 D
2118 4254 2243 4322 quia
2272 4266 2396 4307 cum
2434 4254 2574 4307 Deus
2599 4263 2683 4308 est
2710 4254 2778 4309 de
2815 4253 2927 4309 Deo
2953 4264 3047 4308 aut
3070 4256 3343 4310 nascendo
3375 4262 3469 4309 aut
3513 4266 3705 4323 proce-

1728 4364 1960 4420 VARIIE
2000 4362 2401 4420 LECTIONES.

506 4451 600 4485 ’⁸⁸³
631 4451 794 4528 Sicut
826 4470 927 4512 nec
974 4456 1208 4528 Spiritus
1238 4465 1492 4519 sanctus,
1521 4464 1575 4528 et
1623 4455 1675 4509 in
1708 4456 1811 4510 hoc
1839 4472 1963 4511 mss.
1992 4456 2140 4512 Gem.
2172 4454 2295 4509 Bec.
2335 4451 2800 4528 νὶοζτητίιιιτςᾷο.
2848 4451 3005 4509 Corb.
3068 4454 3252 4509 Cisler.
3272 4456 3426 4528 _sicnt
3463 4453 3708 4524 Sp'ritus

433 4532 675 4596 sanctus,
706 4527 798 4579 sed
832 4528 883 4580 in
914 4524 1133 4582 hoe-ms.
1165 4529 1299 4581 Tim.
1332 4529 1420 4581 91).
1453 4536 1511 4579 ut
1539 4527 1771 4596 Spiritus
1804 4537 2046 4593 sanctus,
2083 4536 2138 4582 et
2168 4529 2220 4581 in
2254 4528 2356 4580 hoc
2430 4524 2527 4596 “°‘_
2555 4525 2621 4577 Et
2658 4524 2734 4577 illi
2769 4539 3058 4580 commune
3102 4540 3223 4596 cum
3272 4525 3432 4579 Patre
3461 4542 3589 4579 mss.
3624 4532 3709 4579 est

437 4592 531 4667 illi_
562 4608 846 4667 comminui
894 4614 1023 4650 eum
1060 4598 1222 4653 Patre
1296 4599 1387 4631 ¹⁸⁰δ
1419 4598 1555 4664 Quia
1580 4592 1936 4667 ‘unaquarque
1966 4592 2090 4651 mss.
2123 4597 2249 4667 quia
2286 4593 2708 4667 uniuscujusque
2755 4596 2875 4667 ﬁt“
2905 4596 3090 4667 Inalio
3115 4595 3327 4650 eadem.
3358 4613 3482 4667 nios.
3514 4598 3705 4667 in__alia

434 4662 621 4736 ciuilem
655 4679 752 4736 ius.
791 4663 1118 4736 TltmmtSO.
1157 4669 1206 4722 in
1241 4669 1366 4724 alio.
1444 4662 1536 4701 is”
1572 4667 1636 4721 Ει
1675 4662 1790 4722 ἰεῖεε
1819 4662 2003 4736 piurcs
2032 4662 2159 4720 mss;
2190 4666 2338 4719 Gem.
2373 4664 2494 4719 Bec.
2524 4675 2576 4719 et
2607 4662 2768 4736 s’i‘isti
2802 4666 3039 4736 plurales
3067 4675 3188 4720 sunt
3230 4682 3356 4719 mss.
3396 4664 3530 4736 Vict.
3565 4664 3706 4719 Thu.

435 4729 522 4782 30.
553 4728 782 4808 Coreli!
810 4732 952 4808 ζῑιιητ
983 4733 1135 4790 Gotlt.
1164 4737 1227 4791 Et
1261 4740 1302 4792 si
1338 4739 1423 4793 isti
1459 4739 1637 4808 plures
1715 4728 2098 4791 “W'Admittit
2126 4737 2488 4808 pluraiitatem
2534 4728 3159 4808 etdiversitatent‘mss.
3208 4735 3443 4808 admittit
3471 4735 3706 4808 diversi-

438 4801 954 4878 Ettettrnf‘fouod
993 4823 1086 4874 per
1116 4823 1195 4870 se,
1237 4809 1287 4862 id
1344 4801 1534 4873 esu-in
1584 4825 1707 4863 mss.
1751 4808 1891 4878 quod
1916 4825 2013 4878 per
2044 4822 2100 4860 se
2127 4801 2233 4873 est,
2282 4805 2447 4878 idest
2476 4807 2528 4878 in
2606 4805 2697 4836 ¹⁸¹⁰
2723 4804 2851 4878 Ωιι».
2879 4806 2971 4859 27.
3010 4806 3101 4858 Est
3130 4807 3183 4858 in
3213 4822 3309 4858 ms.
3345 4805 3500 4858 Corb.
3534 4805 3706 4868 Caput

437 4869 526 4949 29.
608 4870 693 4903 '3“
723 4869 1126 4949 Aliquantulum
1156 4879 1388 4932 diximus
1419 4869 1543 4931 mss.
1569 4869 1961 4947 aliquantulum
1993 4869 2229 4949 dixerim
2302 4876 2620 4949 ’“flﬁaderu
2645 4875 2931 4949 qualitate.
2965 4891 3280 4949 quamumss.
3315 4878 3504 4949 eadem
3535 4890 3706 4949 quan:

440 4943 690 5029 titatcnet
729 4958 895 5025 quam
949 4946 1447 5029 ntrzgorbz‘ea‘dem
1475 4943 1798 5029 quantitate,
1828 4964 1989 5029 quam
2188 4947 2437 5029 lpteqnali
2466 4948 2617 5000 linere
2640 4962 2761 4998 nus.
2799 4947 2850 4998 in
2884 4947 3075 5029 arquali
3119 4945 3256 5029 liu'ea
3453 4943 3707 5029 lnatquaii

438 5010 897 5093 superfluit-ginnas.
933 5026 978 5069 et
1030 5016 1173 5069 Edil.
1213 5018 1448 5093 Colit._i_tt
1477 5010 1667 5093 antu-ali
1709 5010 1997 5093 superliric
2074 5010 2494 5093 ‘8“_Nisi'_unus_
2544 5010 3129 5093 punctus‘masfti‘em.
3176 5014 3299 5093 ἔξεο.
3362 5014 3496 5068 Tha.
3545 5010 3705 5093 Cori:t

437 5082 626 5135 (ἕξεων.
656 5082 766 5137 Nisi
798 5100 961 5138 unum
1001 5096 1256 5155 punctum
1336 5089 1424 5121 ¹⁶¹⁶
1482 5082 1721 5144 Inveniet
1767 5082 1940 5142 simile
2001 5104 2124 5141 mss.
2161 5087 2397 5140 inveniet
2450 5082 2643 5140 similia
2723 5086 2811 5117 ¹⁸¹⁷
2847 5088 2999 5140 Sicut
3039 5086 3317 5139 mteruitas
3356 5100 3460 5138 non
3491 5093 3570 5138 est
3602 5084 3707 5137 nisi

436 5168 544 5206 una
576 5155 855 5208 :eternitas
881 5155 934 5209 iu
975 5158 1299 5221 aeternitate,
1331 5158 1409 5212 sic
1438 5159 1575 5214 licus
1610 5174 1734 5212 mss.
1777 5161 1917 5213 sicut
1951 5161 2231 5211 aeternitas
2258 5159 2309 5209 in
2353 5159 2658 5210 mternitate
2688 5171 2793 5209 non
2833 5167 2917 5211 est
2961 5158 3062 5210 nisi
3107 5171 3209 5209 una
3264 5157 3566 5219 aeternitas;
3628 5155 3708 5208 sic

441 5223 580 5277 Deus
612 5241 709 5279 ms.
737 5223 894 5279 Corb.
929 5228 1071 5281 sicut
1094 5227 1369 5280 aeternitas
1396 5229 1446 5281 in
1473 5230 1773 5283 mternitate
1798 5244 1903 5280 non
1931 5237 2013 5281 est
2041 5227 2140 5281 nisi
2173 5242 2380 5279 summa
2410 5226 2707 5289 aeternitas,
2736 5228 2815 5280 sic
2846 5225 2987 5281 Deus
3061 5227 3154 5259 ³⁸⁸⁸
3194 5225 3307 5279 Non
3343 5226 3448 5278 erit
3476 5239 3704 5278 nascens

439 5293 527 5366 vel
563 5298 871 5362 procedens
938 5314 1065 5350 mss.
1114 5312 1217 5350 non
1273 5298 1385 5351 exit
1415 5313 1642 5352 nascens
1675 5298 1756 5351 vel
1820 5299 2120 5366 procelens
2182 5313 2281 5349 ms.
2341 5296 2547 5349 Thurin.
2606 5297 2697 5349 90.
2742 5311 2846 5349 non
2882 5299 2995 5350 exit
3043 5312 3295 5358 nascens,
3328 5296 3410 5347 vel
3463 5294 3707 5366 procedit

440 5362 704 5438 ‘f‘ﬂCum
763 5368 1004 5436 procedit
1056 5369 1193 5421 Deus
1220 5384 1346 5420 mss.
1396 5378 1450 5421 ct
1477 5384 1599 5422 cum
1626 5362 1870 5436 procedit
1924 5367 2036 5438 Ἕω
2066 5368 2205 5420 υειιε
2227 5375 2312 5419 εει
2333 5377 2386 5419 ει
2417 5368 2713 5438 procedens
2732 5384 2856 5419 om.
2885 5369 3023 5421 Deus
3044 5378 3128 5422 est
3156 5362 3475 5438 procedens
3528 5365 3621 5396 ³³⁸⁸
3643 5364 3708 5417 Et

443 5435 509 5507 fle
536 5435 643 5487 Deo
672 5435 792 5503 quae
822 5439 1065 5506 procedit
1095 5455 1219 5491 mss.
1250 5448 1305 5493 et
1337 5441 1400 5492 de
1428 5454 1533 5507 quo
1572 5435 1817 5507 procedit
1895 5437 1985 5467 ¹⁸¹²
2019 5437 2388 5504 Eumilcmque
2413 5445 2469 5490 et
2512 5452 2616 5507 non
2653 5436 2846 5503 alium,
2889 5448 2944 5491 et
2984 5435 3346 5492 alium'Dettm
3389 5446 3556 5490 totum
3588 5448 3711 5507 esse.

442 5499 654 5555 Patrem
680 5499 978 5560 mulier.
1010 5509 1062 5562 5.
1094 5518 1139 5561 et
1168 5509 1220 5563 9.
1249 5499 1587 5577 eundeiitque
1612 5519 1664 5562 et
1698 5523 1803 5563 non
1841 5508 2004 5561 alinnt
2040 5508 2200 5561 Deum
2236 5499 2406 5561 toium
2436 5521 2557 5564 esse
2590 5506 2803 5562 Patrem
2834 5499 2842 5503 ⁷
2876 5508 2968 5539 ³⁸³³
2992 5507 3126 5564 tium
3164 5518 3249 5565 est
3292 5509 3453 5573 Deus,
3495 5508 3549 5560 in
3595 5505 3705 5559 Deo

442 5584 548 5623 non
573 5582 653 5624 est
683 5589 807 5627 mss.
838 5591 959 5630 cum
986 5588 1069 5633 est
1100 5578 1239 5634 Deus
1264 5580 1327 5633 de
1355 5579 1481 5642 Deo,
1511 5588 1565 5632 et
1597 5578 1737 5634 Deus
1765 5580 1817 5633 in
1851 5579 1984 5643 Deo,
2020 5593 2123 5634 non
2164 5587 2247 5631 est

608 4870 693 4903 1811
