3926 6054
291 273 404 330 ὅΞΞί

1433 271 1706 330 DIALOG.
1751 271 1842 326 DE
1877 268 2054 326 CASU
2097 272 2390 329 DIABULI.

3455 271 3562 326 ⁸526

297 387 492 448 dendo,
520 401 624 440 non
653 395 824 455 potest
851 401 988 442 unus
1011 387 1263 456 idemque
1291 401 1412 442 esse
1455 388 1546 456 qui
1589 397 1678 442 'est
1719 389 1786 440 de
1815 403 1874 440 a-
1907 392 1953 448 Α
1983 387 2104 452 btts,
2135 389 2278 457 quod
2323 388 2550 456 singulis
2589 387 2740 456 quasi
2797 389 3072 456 proprium
3128 385 3392 440 attribuit.
3449 386 3561 440 Non

297 478 464 544 liquo,
496 487 548 530 et
575 477 643 530 de
667 493 776 544 quo
803 487 918 542 est;
958 477 1248 531 secundum
1275 477 1494 530 nomina
1533 477 1632 530 has
1667 475 1879 530 relatio-

297 586 394 624 nes
413 570 794 640 significantia.
823 579 1028 633 tenent,
1054 572 1193 625 sicut
1213 571 1436 624 diversa:
1453 568 1727 622 hominum
1755 582 1878 635 per-

297 677 468 724 sonae,
497 661 882 731 pluralitatetu.
909 661 1214 716 Notandum
1251 672 1428 716 tamen
1457 660 1582 728 quia
1607 675 1706 714 nec
1743 660 1882 713 Deus

297 765 380 808 est
407 755 526 808 sine
546 769 802 824 persona,
828 769 928 808 nec
955 765 1183 824 persona
1209 755 1325 808 sine
1351 755 1489 816 Deo;
1515 761 1569 806 et
1612 751 1738 819 quia
1773 751 1882 804 sin-

299 844 439 910 gulis
473 844 720 912 personis
747 843 1093 898 attribuimus
1116 842 1407 910 aliquando
1439 840 1655 910 propria
1699 838 1882 908 singu-

299 934 474 988 larum
497 935 784 1002 aliquando
808 933 898 986 nni
929 933 1080 1002 quasi
1109 933 1404 1001 proprium,
1440 931 1582 1000 quod
1641 944 1884 984 commu-

299 1041 370 1082 ne
393 1035 480 1080 est
501 1026 640 1080 aliis.
665 1024 800 1078 Nam
831 1040 954 1082 cum
1004 1025 1272 1078 dicimus:
1324 1023 1472 1078 solus
1519 1022 1681 1076 Pater
1723 1021 1882 1074 est'in

301 1119 477 1172 tribus
504 1119 768 1189 personis,
793 1118 934 1186 quia
955 1117 1100 1172 nullo
1121 1127 1206 1170 est
1231 1117 1416 1178 ’δυ-’⁵,
1443 1115 1588 1170 solus
1611 1113 1777 1167 Filius
1802 1122 1884 1167 est

298 1211 394 1278 qui
429 1210 498 1264 de
531 1226 638 1264 uno
663 1220 716 1264 et
743 1212 810 1264 de
841 1225 948 1279 quo
971 1223 1110 1262 unus
1135 1217 1252 1268 est;
1291 1207 1436 1261 solus
1486 1206 1722 1276 Spiritus
1759 1218 1885 1258 san-

299 1315 426 1358 ctus
439 1315 542 1368 est,
555 1303 628 1356 de
641 1317 750 1370 quo
773 1303 866 1334 ¹⁸³⁶
889 1302 1068 1356 nullus
1089 1311 1206 1366 est;
1233 1301 1476 1370 singulas
1502 1315 1764 1369 personas
1787 1310 1887 1352 no-

305 1395 598 1458 minantes,
629 1394 855 1463 singulis
897 1395 1110 1461 propria
1154 1393 1522 1446 attrilntintus.
1565 1393 1698 1448 Cum
1759 1409 1888 1450 vero

303 1485 562 1554 legimus:
595 1485 763 1540 Nemo
798 1487 938 1538 norit
973 1484 1196 1550 Filium,
1225 1485 1324 1538 nisi
1355 1485 1546 1548 Pater;
1577 1503 1738 1556 neque
1781 1486 1888 1541 Pa-

301 1585 436 1626 trem
465 1573 582 1640 quis
613 1575 750 1625 norit
798 1575 897 1626 nisi
939 1572 1108 1626 Filius
1157 1571 1362 1642 (Matth.
1393 1589 1468 1638 χι,
1502 1573 1630 1641 27).
1673 1575 1736 1628 Ει
1773 1591 1888 1644 qua:

299 1673 424 1714 sunt
457 1660 572 1724 Dei,
605 1679 754 1716 nemo
799 1663 1034 1731 cognorit
1075 1663 1174 1716 nisi
1217 1661 1444 1730 Spiritus
1459 1663 1580 1727 Dei,
1601 1663 1652 1718 tl
1671 1663 1793 1718 Cor.
1827 1681 1887 1722 ιι.

305 1751 363 1803 II
389 1751 426 1820 ).
453 1751 710 1818 Quamvis
733 1753 978 1808 videnlur
1003 1751 1284 1822 Scriptura
1316 1755 1454 1821 quod
1487 1754 1554 1808 de
1604 1771 1708 1808 una
1759 1756 1889 1810 dicit

299 1856 556 1910 persona,
591 1858 788 1911 negare
812 1844 876 1898 de
905 1843 1054 1908 aliis;
1085 1859 1368 1900 commune
1397 1853 1574 1900 tamen
1603 1855 1686 1900 est
1713 1847 1890 1901 omni-

303 1967 1584 1992 Mur-Im

1981 479 2126 532 enim
2169 480 2560 550 ignoratPatcr
2605 487 2696 532 aut
2743 479 2910 534 Filius
2947 480 3184 550 scipsum
3209 490 3262 532 et
3307 493 3426 546 quze
3473 478 3564 530 Dei

1983 579 2127 632 sunt,
2161 585 2334 640 neque
2365 572 2600 640 Spiritus
2622 579 2840 625 sanctus
2863 571 3076 624 Patrem
3101 579 3196 622 aut
3216 568 3432 624 Filium.
3455 567 3564 622 Cur

1983 670 2164 714 autem
2189 672 2242 716 et
2263 663 2480 730 quando
2508 663 2650 731 quod
2675 661 2742 714 de
2765 677 2870 714 uno
2901 661 3052 729 quasi
3089 661 3154 714 de
3183 658 3300 712 solo
3349 657 3564 720 dicitur,

1983 753 2050 806 de
2073 753 2193 822 aliis
2219 752 2566 822 intelligatur,
2595 753 2726 806 satis
2757 767 2918 820 supra
2950 751 3154 804 dictum
3177 760 3279 803 est.

2135 818 2153 834 ν
2517 842 2703 911 aperis
2745 842 2790 896 cl
2796 843 3008 896 uusulu.

2060 934 2182 990 Iltec
2209 936 2277 988 de
2305 935 2656 1005 proccssioue
2685 935 2918 1004 Spiritus
2939 933 3134 998 sancti,
3167 931 3285 986 aliis
3332 930 3570 1001 cogenti-

1985 1027 2104 1088 bus,
2131 1026 2324 1080 nonde
2351 1040 2458 1090 me,
2495 1027 2588 1080 sed
2619 1029 2686 1080 de
2709 1027 2898 1082 eodem
2931 1025 3134 1094 Spiritu
3181 1034 3368 1080 saneto
3402 1023 3571 1078 conﬁ-

1987 1120 2137 1180 dens,
2171 1133 2266 1186 pro
2287 1116 2498 1172 Latinis
2522 1127 2708 1172 contra
2729 1117 2946 1172 Graecos
2969 1119 3242 1180 scribere;
3271 1129 3328 1171 et
3373 1132 3436 1172 ea
3479 1131 3570 1172 oc—

1987 1208 2203 1263 casione
2231 1208 2296 1262 de
2327 1208 2532 1262 unitate
2581 1207 2803 1262 Deitatis
2825 1217 2879 1262 et
2917 1208 2984 1260 de
3007 1207 3272 1260 Triuitate
3311 1221 3568 1275 persona-

1991 1313 2108 1352 rum
2131 1298 2332 1366 aliquid
2359 1298 2556 1354 addere
2579 1297 2892 1367 praesumpsi
2917 1297 3164 1365 quamvis
3185 1296 3571 1350 iumnerabiles

1989 1389 2098 1442 sint
2147 1389 2288 1442 inter
2322 1387 2439 1440 illos
2465 1387 2554 1455 qui
2599 1387 2806 1440 Latinis
2847 1387 3072 1440 utuntur
3095 1386 3306 1446 litteris,
3337 1387 3426 1454 qui
3472 1387 3573 1439 hoe

1990 1477 2182 1532 melius
2209 1492 2370 1545 quam
2393 1491 2491 1545 ego
2520 1475 2696 1532 facere
2722 1477 2950 1546 possint.
2974 1475 3244 1544 Quidquid
3285 1491 3415 1545 ergo
3461 1476 3570 1529 dixi

1990 1570 2132 1636 quod
2191 1567 2594 1637 suscipiendum
2648 1567 2738 1632 sit,
2775 1583 2880 1620 non
2926 1567 3054 1620 mihi
3102 1567 3450 1628 attribuatur,
3481 1564 3574 1618 sed

1993 1660 2216 1730 Spiritui
2249 1659 2516 1714 veritatis.
2549 1657 2603 1712 Si
2635 1669 2816 1714 autem
2858 1657 3054 1725 aliquid
3084 1655 3437 1726 protuliqnod
3480 1653 3578 1706 ali-

1993 1761 2258 1822 quatenus
2280 1751 2656 1819 corrigendum
2679 1751 2783 1813 sit,
2814 1751 2942 1804 mihi
2975 1751 3286 1817 imputetur,
3329 1760 3434 1802 non
3456 1759 3580 1800 scn-

1997 1845 2078 1899 sui
2107 1845 2416 1898 Latinitatis
2445 1841 2736 1913 [Ecclesiae
2765 1841 3006 1912 Latium]
3037 1840 3149 1892 "*7.

1157 2023 1830 2160 SANCTI
1909 2041 2728 2156 ΔΝεΕιιιιιι

1559 2267 2158 2363 DIALOGUS

1189 2487 1386 2610 DE
1501 2460 1910 2612 CASU
2053 2478 2696 2610 DIABOLI

677 2789 785 2860 62
821 2787 1050 2843 carm
1095 2787 1356 2841 PRIMUM
1401 2789 1511 2819 tm.

301 2880 460 2944 Quod
501 2880 658 2932 etiam
691 2882 758 2930 ad
783 2879 992 2946 angelos
1034 2879 1282 2931 dicatur:
1333 2879 1470 2944 Quid
1517 2879 1703 2940 habes,
1741 2879 1882 2948 quod

365 2965 474 3003 non
499 2950 798 3016 accepisti?
825 2960 872 3002 et
905 2967 934 3002 ιι
967 2950 1072 3002 Deo
1096 2966 1198 3002 non
1219 2951 1284 3000 sit
1317 2950 1416 3001 nisi
1446 2951 1656 3006 bonum,
1679 2959 1882 3001 etesse:

374 3030 422 3072 et
468 3035 618 3070 omne
677 3019 866 3072 bonum
909 3020 974 3072 sit
1023 3020 1284 3082 essentia,
1329 3029 1374 3071 et
1435 3021 1602 3072 omnis
1664 3019 1884 3072 essentia

377 3089 568 3139 bonum
611 3088 744 3154 (82).
1018 3102 1028 3112 '

373 3163 715 3230 DtSCtPL‘t.th.
747 3171 876 3231 Illud
907 3177 1144 3246 Apostoli
1170 3195 1181 3229 :
1212 3175 1351 3240 Quid
1393 3177 1574 3240 habes,
1598 3177 1736 3244 quod
1785 3194 1884 3230 non

301 3268 596 3335 (recepisti?
627 3267 848 3336 (l.(.'or.
891 3269 945 3330 4,
973 3269 1025 3320 7.
1053 3269 1070 3336 )
1099 3267 1296 3320 dicitur
1319 3268 1625 3321 hominibus
1655 3277 1884 3334 tantum,

300 3375 370 3412 an
401 3367 454 3411 ut
483 3357 722 3428 angelis?
749 3357 1042 3412 MAGISTEB.
1081 3357 1230 3412 Nulla
1285 3371 1530 3413 creatura
1589 3360 1752 3415 habet
1790 3363 1888 3416 ali-

299 3451 432 3519 quid
469 3467 500 3504 a
533 3465 612 3504 se.
643 3447 794 3516 Quod
826 3451 968 3503 enim
996 3452 1230 3518 scipsum
1263 3467 1290 3502 a
1327 3466 1384 3504 se
1409 3469 1510 3504 nou
1544 3451 1724 3514 habet,
1749 3469 1885 3523 quo-

303 3543 468 3596 modo
489 3543 650 3596 habet
674 3557 702 3595 a
733 3556 791 3596 se
819 3543 1062 3610 aliquid?
1093 3543 1330 3612 Denique
1353 3543 1394 3596 si
1426 3559 1530 3596 non
1555 3553 1636 3597 est
1663 3544 1886 3614 aliquid.

301 3633 410 3687 nisi
440 3649 579 3686 unus
633 3634 721 3700 qui
754 3633 880 3690 fecit
913 3641 964 3686 et
1001 3649 1120 3702 qua:
1150 3633 1290 3686 facta
1343 3645 1468 3686 sttnt
1520 3635 1586 3688 ab
1622 3635 1713 3666 ¹⁸²⁹
1742 3652 1885 3692 uno:

303 3723 516 3777 clarum
552 3736 626 3776 ρει
663 3724 786 3790 quia
820 3723 1126 3776 nullatenus
1160 3723 1250 3754 ¹⁸³⁰
1276 3731 1454 3792 potest
1478 3723 1661 3778 haberi
1691 3725 1888 3794 aliquid

306 3813 420 3874 "3',
455 3814 558 3868 nisi
584 3814 672 3881 qui
703 3813 852 3875 fecit,
877 3813 1136 3880 autquod
1165 3811 1308 3866 fecit.
1341 3813 1484 3866 DISC.
1515 3811 1653 3866 Vere
1684 3813 1886 3868 clarum

303 3903 398 3934 “3’
429 3915 533 3958 est.
589 3903 725 3956 Man.
780 3901 884 3957 Sed
918 3917 1090 3972 neque
1131 3903 1242 3972 ipse
1287 3901 1479 3965 factor,
1508 3916 1682 3970 neque
1747 3903 1888 3970 quod

303 3991 506 4044 factum
533 4003 634 4054 ('Sl,
671 4001 845 4060 potest
867 3991 1048 4043 haberi
1075 3991 1176 4045 nisi
1212 3991 1279 4043 ab
1311 3991 1427 4060 ipso
1485 3989 1706 4044 factore.
1741 3989 1885 4045 Dtsc.

299 4079 414 4134 Nec
443 4083 544 4136 hoc
572 4083 749 4136 minus
775 4081 1004 4134 clarum.
1041 4081 1178 4134 illac.
1213 4081 1302 4136 Ille
1349 4083 1509 4151 igitur
1556 4081 1699 4136 solus
1750 4097 1780 4134 a
1827 4098 1884 4137 se

1917 2795 1960 2855 C
1995 2805 2067 2860 ita
2097 2805 2164 2860 ab
2195 2803 2284 2860 illo
2313 2802 2526 2858 nonnisi
2557 2801 2760 2872 aliquid
2808 2801 3028 2856 habent.
3063 2801 3210 2858 Disc.
3267 2801 3380 2858 Non
3427 2804 3580 2874 plane

1991 2893 2146 2947 video
2175 2893 2317 2960 quod
2342 2892 2438 2956 ait,
2471 2889 2611 2958 quod
2644 2905 2672 2942 a
2701 2889 2807 2942 Deo
2835 2905 2939 2942 non
2971 2889 3177 2942 habent
3209 2891 3312 2944 alia
3353 2893 3453 2946 nisi
3483 2893 3576 2946 ali-

1987 2981 2136 3051 quid.
2166 2979 2300 3033 Nam
2334 2979 2455 3048 quis
2488 2979 2616 3032 facit
2647 2977 2782 3030 alius
2812 2977 2920 3039 ³⁸³³,
2955 2985 3012 3031 ιιι
3043 2979 3234 3042 multa,
3259 2995 3376 3048 quae
3428 2981 3576 3034 vide-

1992 3087 2108 3124 mus
2140 3071 2369 3124 transire
2413 3069 2478 3122 de
2504 3083 2624 3122 esse
2673 3069 2738 3120 ad
2773 3061 2877 3120 nun
2926 3083 3066 3132 esse,
3114 3084 3218 3122 non
3267 3071 3373 3124 sint
3423 3071 3565 3140 quod

1988 3169 2172 3222 erant;
2207 3157 2417 3211 etiamsi
2470 3157 2692 3210 omnino
2722 3157 2773 3209 in
2821 3157 3044 3209 nihilum
3103 3173 3206 3210 non
3261 3159 3580 3212 transeant?

1987 3249 2095 3302 Aut
2121 3248 2243 3316 quis
2270 3247 2685 3308 facitnonesse,
2734 3245 2991 3313 quidquid
3026 3253 3276 3310 nonest;
3333 3245 3434 3300 nisi
3491 3245 3578 3298 ille

1988 3341 2077 3410 qui
2114 3337 2240 3393 facit
2265 3353 2400 3395 esse,
2434 3351 2593 3391 onwc
2623 3337 2763 3405 quod
2800 3337 2913 3390 est?
2944 3336 3070 3390 Item
3121 3337 3164 3389 si
3221 3351 3326 3389 nun
3371 3345 3454 3391 est
3484 3335 3582 3390 ali~

1989 3430 2137 3499 quid,
2169 3429 2270 3482 nisi
2303 3427 2423 3484 ideo
2453 3427 2575 3496 quia
2609 3427 2748 3481 Deus
2798 3427 2923 3481 facit
2955 3427 3084 3490 um;
3137 3441 3358 3481 necesse
3408 3436 3492 3480 est
3520 3435 3579 3480 ut

1989 3524 2130 3592 quod
2167 3539 2271 3575 non
2299 3530 2382 3575 est
2409 3520 2612 3574 idcirco
2647 3539 2750 3574 nou
2783 3523 2872 3583 sit,
2926 3521 3054 3590 quia
3103 3521 3217 3588 ipse
3270 3537 3373 3572 non
3428 3519 3576 3573 facit.

1993 3613 2146 3668 Sicut
2166 3627 2292 3682 ergo
2325 3611 2410 3664 illa
2440 3627 2560 3680 qua:
2596 3621 2739 3674 sunt,
2771 3612 2836 3682 ab
2867 3611 2958 3664 illo
2983 3611 3181 3665 habent
3205 3625 3326 3664 esse
3348 3609 3574 3678 aliquid;

1993 3707 2063 3759 ita
2096 3721 2216 3774 qua:
2239 3721 2341 3756 non
2379 3713 2525 3768 sunt,
2557 3701 2638 3755 vel
2667 3718 2786 3771 qua:
2809 3681 2881 3755 'de
2908 3717 3027 3756 esse
3057 3709 3340 3756 transeunt
3375 3702 3440 3754 ad
3469 3715 3578 3754 non

1991 3811 2130 3859 esse,
2161 3795 2411 3848 videntur
2438 3793 2508 3846 ab
2535 3795 2724 3847 eodem
2751 3795 2866 3861 ipso
2889 3793 3091 3847 habere
3116 3807 3237 3847 esse
3281 3793 3412 3846 nihil
3459 3793 3576 3848 ‘3".

1993 3881 2131 3936 MAG.
2165 3882 2278 3934 Non
2309 3881 2480 3935 solum
2511 3881 2584 3938 illi
2621 3881 2818 3934 dicitur
2849 3879 3031 3935 facere
3075 3881 3274 3948 aliquid
3317 3895 3452 3941 esse,
3487 3891 3580 3934 aut

1993 3973 2192 4042 aliquid
2227 3987 2329 4024 non
2362 3985 2482 4024 esse
2514 3970 2632 4033 “3“,
2663 3971 2752 4038 qui
2787 3969 2916 4023 facit
2943 3979 3000 4023 ut
3028 3969 3114 4032 sit,
3143 3972 3284 4039 quod
3323 3985 3430 4024 non
3458 3979 3573 4034 est;

1996 4071 2090 4116 aut
2115 4071 2172 4114 ιιι
2203 4077 2307 4116 non
2333 4061 2405 4114 sit
2433 4059 2540 4120 '3",
2569 4060 2709 4128 quod
2735 4067 2850 4112 est:
2883 4060 2976 4112 sed
3004 4059 3167 4132 etiam
3196 4059 3304 4122 ille,
3347 4059 3436 4129 qui
3485 4074 3578 4128 po«

302 4171 468 4222 habet
512 4171 769 4239 Quidquid
799 4172 986 4234 habet;
1024 4181 1076 4222 (ιι
1103 4172 1279 4223 omnia
1315 4169 1415 4223 alia
1453 4173 1660 4224 nonnisi
1697 4173 1762 4226 ab
1796 4172 1883 4224 illo
1917 4144 1963 4202 υ
1993 4165 2095 4210 ιθδι
2121 4153 2294 4208 {dcere
2322 4165 2378 4207 ιιι
2403 4170 2507 4206 ηοη
2535 4154 2602 4208 δίί
2635 4153 2836 4223 ali‘I‘ﬁ‘l
2873 4153 2987 4217 “mo
3012 4163 3066 4206 el
3092 4169 3194 4207 "0“
3239 4151 3390 4217 me",
3439 4153 3574 4209 diei“

300 4261 504 4314 habent
533 4263 762 4328 aliquid:
799 4271 870 4324 et,
903 4263 1038 4314 sicut
1065 4277 1092 4314 a
1129 4278 1186 4315 se.
1213 4263 1422 4315 nonnisi
1465 4264 1596 4316 nihil
1650 4264 1881 4328 habent;

1995 4257 2079 4300 tur
2109 4247 2284 4301 facere
2311 4259 2468 4311 esse;
2502 4254 2554 4300 et
2577 4246 2666 4315 qui
2693 4255 2868 4314 potest
2897 4245 3074 4301 facere
3131 4253 3190 4300 ιιι
3231 4245 3431 4315 aliquid
3483 4245 3575 4312 sit,

1597 4394 1832 4452 VARle
1871 4397 2273 4454 LECTIO'NES.

381 4487 474 4560 ξτεῗξ
503 4487 818 4560 Quia_uullo
851 4496 929 4560 est
965 4485 1233 4560 ms._Vict.
1264 4487 1318 4541 5.
1347 4488 1472 4560 quia
1505 4488 1650 4540 nullo
1679 4500 1760 4542 est
1791 4507 1888 4544 ms.
1933 4489 2068 4544 Vict.
2104 4491 2190 4545 15.
2223 4491 2348 4560 quia
2403 4506 2431 4543 a
2472 4491 2616 4544 nullo
2655 4499 2738 4543 est.
2789 4507 2891 4543 ms.
2954 4489 3111 4544 Corb.
3161 4489 3284 4558 quia
3323 4489 3466 4544 nulla
3494 4499 3578 4546 est

301 4557 399 4588 ²³²⁵
429 4557 588 4610 Solus
617 4556 788 4630 Filius
819 4557 909 4625 qui
939 4565 1028 4630 est
1059 4558 1278 4630 dcimo.
1307 4566 1368 4630 iet
1409 4557 1617 4630 dequo
1655 4575 1814 4630 unus,
1855 4561 2002 4615 solus
2031 4577 2128 4614 ms.
2163 4556 2322 4614 Solus
2371 4561 2536 4616 Filius
2583 4569 2685 4622 est,
2713 4561 2804 4630 qui
2837 4563 2904 4615 de
2959 4577 3066 4614 uno
3095 4556 3200 4622 est,
3249 4569 3310 4614 et
3353 4563 3420 4616 de
3469 4577 3578 4630 quo

301 4643 448 4680 unus
493 4627 773 4699 e_st,solus
805 4643 900 4680 ms.
923 4625 1073 4699 _'I‘ltu.
1100 4625 1185 4679 50.
1228 4627 1384 4680 Solus
1415 4626 1602 4699 Filius,
1633 4629 1722 4696 qui
1753 4631 1826 4699 de
1855 4646 1960 4684 uno
1987 4638 2042 4683 et
2067 4631 2265 4699 dequo
2287 4647 2425 4684 unus
2450 4639 2551 4684 est.
2582 4625 2747 4684 Solus
2771 4647 2870 4683 ms.
2927 4630 3060 4684 Tim.
3087 4631 3178 4685 90.
3233 4631 3379 4684 solus
3411 4625 3576 4687 Filius

301 4707 408 4760 est,
441 4697 874 4770 qui__tle_ttno_et
902 4697 1398 4770 _(I_e_qu_o-unus_cst_.
1439 4696 1599 4770 Solus
1665 4697 2030 4770 7"“_Spiritus
2079 4696 2301 4756 sanctus
2352 4701 2418 4770 de
2467 4715 2574 4769 quo
2637 4717 2762 4753 mss.
2803 4699 3087 4770 Spiriritus
3124 4709 3346 4755 sanctus
3386 4711 3470 4756 est
3509 4703 3576 4756 de

300 4783 414 4839 quo
461 4763 582 4839 "im
613 4765 739 4819 Mss.
781 4764 1013 4839 Explicit
1059 4763 1222 4839 l_.i_ber
1365 4767 1602 4839 Anselmi
1649 4769 1712 4823 de
1757 4763 2108 4825 Processionc
2138 4771 2309 4825 sancti
2344 4763 2597 4839 Spiritus.
2673 4771 2764 4802 ⁵⁸⁸⁸
2790 4763 3023 4824 (ἐόιιαιιιε
3053 4781 3128 4824 est
3163 4771 3298 4825 liber
3329 4772 3405 4825 De
3443 4787 3572 4836 casn

302 4832 530 4900 diaboli,
562 4851 678 4890 cum
715 4851 839 4888 mss.
865 4832 1046 4888 tribus
1083 4832 1362 4904 Victorini:
1391 4835 1475 4890 CC
1513 4837 1566 4902 9,
1599 4839 1696 4892 EE
1727 4840 1816 4902 15,
1852 4851 1898 4893 et
1941 4840 2031 4894 RR
2069 4840 2102 4894 5
2139 4832 2416 4904 (ἐειιιιιιειξ,
2449 4839 2694 4894 Beecens.
2723 4840 3049 4894 Cisterciensi
3105 4851 3154 4894 et
3213 4841 3273 4895 S.
3305 4833 3574 4894 Michaelis

301 4907 360 4979 in
383 4905 604 4979 ﬂente;
637 4915 832 4979 et_cum
858 4905 1082 4979 editione
1110 4903 1350 4979 Gotliiea.
1379 4937 1444 4979 —_-
1475 4905 1576 4979 tils.
1606 4909 1790 4962 Cister.
1823 4909 2012 4979 Incipit
2041 4919 2302 4963 tractatus
2343 4903 2411 4964 de
2457 4926 2584 4964 casu
2617 4911 2836 4971 diaboli,
2877 4913 3052 4964 editus
3080 4914 3146 4964 ab
3195 4910 3450 4966 Anseluto
3487 4925 3575 4963 ar-

301 4975 1070 5050 chiepiscopocautuaricnsi.
1095 4991 1194 5050 ms.
1228 4973 1365 5050 Vict.
1401 4976 1640 5050 9._Liber
1669 4979 1904 5050 Magistri
1936 4973 2202 5050 "Auselmi,
2239 4981 2310 5050 De
2339 4995 2464 5034 casu
2497 4981 2716 5034 diaboli.
2765 4997 2860 5033 ms.
2920 4980 3054 5034 Vict.
3104 4981 3156 5034 5.
3208 4981 3398 5050 Incipit
3435 4989 3578 5050 trac-

305 5043 456 5098 tatus
501 5045 741 5098 Anselmi
784 5045 1190 5115 Arebiepiscopi
1219 5043 1654 5112 Cantuarieusis,
1694 5043 1916 5103 tie—casu
1947 5049 2162 5103 diaboli.
2189 5043 2195 5045 ⁷
2241 5049 2330 5080 ¹⁸²⁹
2359 5050 2518 5104 Facta
2553 5059 2696 5115 sunt,
2726 5059 2852 5103 sunt
2882 5051 2950 5104 ab
2989 5067 3112 5103 mss.
3169 5043 3477 5104 facta'suut
3509 5049 3576 5100 ab

303 5115 402 5189 if“
434 5115 570 5189 Quia
615 5115 928 5189 nullatenus
947 5115 1246 5189 mss._Vtct.
1302 5117 1424 5184 quia
1462 5132 1586 5189 asc
1617 5119 1920 5172 nullatenus
1961 5188 1964 5189 ν
1998 5119 2085 5150 ¹⁸³¹
2111 5119 2304 5173 Haberi
2365 5121 2564 5189 aliquid
2593 5137 2690 5173 ms.
2738 5118 2922 5174 Cister.
2968 5121 3169 5189 habere
3199 5121 3404 5186 aliquid
3481 5117 3574 5189 Vl?"

303 5183 449 5258 Vere
476 5186 702 5258 clarum.
733 5201 855 5258 mss.
891 5183 1026 5238 Vere
1046 5185 1260 5258 clarum
1290 5183 1392 5258 est.
1467 5187 1558 5258 is"
1585 5190 1716 5254 Quis
1740 5189 1874 5258 fecit
1901 5188 2038 5244 alius
2073 5207 2198 5244 mss.
2248 5189 2384 5242 Vict.
2414 5183 2602 5244 Cister.
2658 5189 2716 5242 S.
2771 5189 2930 5258 Miclt.
2977 5191 3098 5258 quis
3125 5188 3250 5243 facit
3273 5183 3407 5241 alius
3484 5187 3572 5258 "’3?

297 5253 458 5327 Qum
481 5255 618 5308 Deus
646 5256 768 5308 fecit
795 5267 998 5327 mss._pet
1034 5253 1178 5310 Edit.
1205 5253 1358 5327 Gt'lll.
1392 5257 1516 5327 quia
1555 5253 1694 5312 Deits
1727 5257 1854 5312 facit
1931 5259 2020 5291 ’⁸³⁵
2053 5260 2264 5314 Habere
2303 5261 2434 5314 nihil
2465 5277 2590 5313 mss.
2618 5269 2666 5312 et
2703 5257 2847 5312 Edit.
2877 5253 3032 5312 Galli.
3067 5261 3268 5312 habere
3293 5273 3414 5312 esse
3443 5257 3574 5311 nihil

303 5324 404 5355 ³⁸⁸³⁸
434 5325 542 5376 Aut
581 5340 686 5398 non
726 5339 846 5398 esse
879 5325 1082 5398 aliquid
1127 5345 1250 5381 mss.
1301 5324 1436 5381 Vici.
1469 5339 1561 5382 aut
1599 5329 1798 5398 aliquid
1833 5345 1936 5383 non
1975 5345 2099 5385 esse
2129 5347 2228 5383 ms.
2269 5330 2454 5383 Cister.
2483 5339 2539 5384 et
2567 5345 2672 5383 non
2702 5345 2826 5384 esse
2859 5329 3059 5397 aliquid
3103 5327 3245 5382 Edit.
3286 5327 3442 5381 Goth.
3483 5337 3576 5382 aut

295 5415 425 5455 esse
465 5409 568 5448 neu
599 5395 802 5466 aliquid
878 5395 1104 5452 “‘"Aut
1136 5413 1239 5452 non
1273 5399 1344 5452 sit
1381 5415 1504 5452 mss.
1539 5409 1632 5452 aut
1661 5395 1718 5452 ut
1753 5415 1856 5453 non
1897 5401 1968 5454 sit
2040 5401 2129 5432 ¹⁸³⁸
2155 5401 2367 5470 Aliquid
2403 5411 2458 5455 ut
2489 5416 2590 5454 non
2619 5399 2689 5456 sit
2715 5415 2839 5452 mss.
2869 5409 2927 5452 nt
2951 5395 3064 5452 non
3103 5403 3170 5452 sit
3197 5399 3398 5470 aliquid

1829 5509 2062 5565 NOT/E.

411 5625 524 5694 (8:!)
557 5623 694 5678 Vide
733 5623 868 5678 infra
899 5624 1178 5696 prologum
1209 5625 1260 5678 in
1287 5623 1564 5694 Dialogum
1593 5623 1657 5678 de
1690 5621 1942 5678 Veritate.
