3926 6054
233 259 354 314 329

1417 237 1686 296 DIALOG.
1729 236 1816 290 DE
1853 233 2032 291 CASU
2071 231 2338 288 DIABOLI

3449 219 3516 272 ’θ

3450 245 3480 272 ιι

227 373 368 427 ideo
391 364 617 436 accipis,
653 363 779 432 quia
803 362 870 416 do
895 376 908 426 ;
935 367 990 414 et
1015 366 1098 414 est
1118 357 1261 412 datio
1290 369 1452 410 causa
1481 353 1827 420 acceptionis.
1859 356 1906 412 Α
1935 342 2354 401 mthiostcndas.
2375 337 2512 392 MAG.
2533 337 2804 407 lucmpisti
2826 347 3060 406 unquam
3079 325 3277 398 aliquid
3294 343 3412 382 eum
3427 345 3518 382 vo-

227 465 392 519 Dtsc.
417 461 493 516 Ita
515 467 620 514 est.
635 455 772 510 MAG.
797 454 932 522 Quid
955 454 999 508 si
1027 453 1079 508 id
1110 452 1280 522 ipsum
1309 450 1398 481 ¹⁸⁸⁰
1419 448 1634 520 porrigo
1655 445 1767 510 alii,
1784 453 1837 499 et

227 567 353 609 non
381 547 580 618 accipit
610 547 722 610 ‘3“;
753 545 912 599 illene
933 543 1054 598 ideo
1081 556 1186 594 non
1217 539 1432 608 accipit,
1462 538 1584 608 quia
1607 551 1708 590 non
1730 536 1838 590 do?

231 639 592 697 Dtsc.Potius
606 637 820 690 videtur
849 633 974 703 quia
995 641 1049 684 tu
1073 631 1191 684 ideo
1205 644 1310 682 non
1333 626 1588 696 das,quia
1619 624 1704 680 ille
1729 639 1836 678 non

241 732 482 800 accepit.
511 729 651 783 MAG.
683 725 780 781 Hic
805 725 970 796 igitur
1008 737 1114 777 non
1145 721 1237 752 ¹⁸⁶¹
1267 719 1416 784 dare,
1442 733 1548 772 non
1571 727 1654 771 ast
1675 729 1836 770 causa

239 838 358 878 non
383 817 714 889 accipiendi;
747 825 800 870 et
821 824 998 870 tamen
1030 813 1074 868 si
1099 826 1238 882 pono
1261 825 1344 866 me
1367 824 1472 864 non
1497 805 1835 873 dedisse's“,

241 929 414 970 causa
457 921 540 966 est
577 905 944 976 consequendi
990 903 1141 958 illum
1190 917 1296 956 non
1331 899 1624 969 accepisse.
1676 896 1840 950 Aliud

239 1017 490 1073 namque
521 1010 603 1056 est
651 1013 766 1054 rem
805 1010 1026 1052 causam
1059 1008 1180 1048 esse
1232 991 1458 1046 alterius
1489 989 1566 1042 rei
1623 1006 1637 1041 :
1695 985 1839 1040 aliud

243 1093 574 1165 positionem
631 1087 710 1143 rei
758 1101 879 1140 esse
907 1098 1127 1140 causam
1161 1090 1220 1137 ut
1265 1088 1522 1150 sequatur
1550 1077 1694 1132 aliud
1723 1073 1838 1127 “6’.

247 1185 390 1240 Cum
419 1183 562 1238 enim
595 1178 902 1235 incendium
937 1191 1042 1231 non
1075 1175 1148 1230 sit
1187 1189 1346 1228 causa
1389 1172 1550 1241 ignis,
1572 1169 1664 1224 sed
1702 1167 1842 1238 ignis

247 1275 492 1332 incendii
519 1315 533 1340 ,
573 1272 766 1342 positio
792 1281 966 1324 tamen
997 1265 1228 1322 incendii
1256 1278 1466 1332 semper
1487 1277 1648 1316 causa
1677 1267 1759 1314 est
1785 1267 1842 1313 ut

249 1377 518 1437 sequatur
543 1379 663 1420 esse
687 1364 888 1434 ignem.
915 1359 970 1414 Si
997 1359 1140 1414 enim
1163 1367 1248 1412 est
1267 1355 1594 1418 incendium,
1620 1366 1842 1407 necesse

251 1467 341 1512 est
367 1457 546 1526 ignem
577 1468 716 1509 esse.
756 1451 904 1506 DISC.
937 1448 1168 1502 Necesse
1195 1454 1278 1501 est
1301 1459 1386 1500 me
1414 1443 1493 1498 sic
1516 1456 1636 1496 esse
1662 1439 1839 1494 fateri.

254 1546 402 1602 MAG.
431 1545 596 1600 Vides
633 1557 781 1610 ergo,
816 1549 878 1594 ut
906 1549 1058 1610 puto,
1088 1537 1132 1592 si
1179 1545 1234 1590 tu
1263 1536 1379 1590 ideo
1407 1532 1686 1602 accepisti,
1716 1529 1841 1599 quia

251 1653 362 1706 ego
409 1636 576 1699 dedi,
627 1648 734 1688 non
783 1640 962 1686 tamen
996 1630 1195 1684 idcirco
1241 1623 1498 1694 consequi
1527 1622 1698 1688 illum,
1751 1617 1840 1689 qui

251 1741 368 1780 non
397 1723 624 1792 accepit,
663 1723 780 1778 ideo
803 1737 908 1774 non
945 1719 1238 1788 accepisse,
1267 1716 1391 1785 quia
1421 1727 1522 1784 ego
1550 1727 1654 1766 non
1685 1711 1841 1773 dedi;

255 1823 312 1868 et
339 1823 518 1870 tamen
548 1808 806 1878 consequi
850 1807 974 1876 quia
1003 1807 1044 1860 si
1069 1820 1167 1876 ego
1199 1817 1302 1856 nou
1331 1801 1476 1866 dedi,
1501 1798 1588 1853 ille
1619 1811 1722 1851 non
1754 1811 1844 1850 ac-

255 1905 428 1971 cepit.
470 1901 613 1954 DlSC.
659 1899 850 1964 Video,
884 1907 939 1952 et
965 1895 1137 1964 placet
1165 1893 1294 1946 mihi
1327 1891 1452 1960 quia
1493 1886 1665 1943 video.
1699 1883 1842 1938 MAG.

255 1995 340 2044 Au
381 1989 612 2060 amplius
659 1989 874 2044 dubitas
913 1986 1039 2056 quia
1081 1984 1222 2038 sicut
1249 1980 1488 2052 angelus,
1537 1979 1628 2050 qui
1673 1977 1842 2042 stetit,

254 2082 385 2138 ideo
439 2082 648 2152 accepit
676 2077 1158 2150 perseverantiam,
1209 2073 1330 2142 quia
1371 2071 1512 2126 Deus
1547 2071 1724 2134 dedit,
1774 2069 1846 2122 ita

257 2193 368 2232 non
401 2175 565 2231 stanti
597 2175 689 2206 ¹⁸⁶δ
718 2173 918 2228 idcirco
945 2171 1086 2224 Deus
1111 2182 1216 2222 non
1257 2165 1432 2228 dedit,
1463 2163 1586 2234 quia
1627 2161 1712 2215 ille
1739 2175 1845 2214 non

255 2266 514 2337 accepit?
566 2265 712 2320 Dtsc.
759 2262 1009 2317 Nondum
1063 2259 1192 2313 mihi
1245 2257 1349 2312 hoc
1382 2251 1698 2316 ostendisti;
1756 2250 1846 2304 sed

259 2360 394 2413 illud
433 2367 640 2410 tantum
693 2353 1028 2410 sufﬁcienter
1061 2346 1443 2404 demonstrasti
1471 2345 1584 2408 ηπ,
1644 2341 1852 2396 scilicet

261 2465 370 2505 non
412 2463 530 2503 esse
552 2459 888 2514 consequens
927 2457 993 2497 ex
1034 2457 1098 2495 eo
1121 2439 1246 2508 quia
1283 2437 1454 2492 bonus
1479 2432 1699 2504 angelus
1730 2431 1848 2486 ideo

259 2537 494 2606 accepit,
529 2536 650 2606 quia
685 2533 825 2590 Deus
849 2531 996 2587 dedit
1030 2529 1157 2593 um;
1189 2527 1388 2582 malum
1421 2524 1539 2579 ideo
1569 2538 1674 2576 non
1697 2534 1850 2575 acce-

261 2631 431 2702 pisse,
462 2629 588 2698 quia
635 2627 779 2682 Deus
822 2640 926 2680 non
976 2623 1145 2678 dedit.
1205 2619 1260 2674 Si
1306 2618 1448 2672 enim
1474 2617 1557 2672 vis
1606 2627 1851 2669 asserere

261 2720 438 2776 Deum
463 2719 536 2773 illi
561 2718 681 2773 ideo
709 2731 814 2772 non
840 2714 1073 2779 dedisse,
1109 2711 1234 2782 quia
1263 2725 1366 2764 non
1399 2707 1639 2777 accepit,
1668 2719 1851 2774 quaero

263 2828 366 2868 cur
389 2827 494 2866 non
535 2809 782 2878 accepit?
819 2808 926 2862 Aut
949 2805 1072 2875 quia
1105 2819 1210 2857 non
1238 2801 1428 2870 potuit,
1460 2811 1556 2853 aut
1586 2799 1710 2866 quia
1743 2811 1849 2852 non

267 2903 460 2958 voluit.
507 2899 638 2954 Nam
669 2899 716 2954 si
743 2913 848 2952 non
895 2896 1084 2950 habuit
1109 2899 1430 2962 potestatem
1471 2897 1564 2942 aut
1608 2888 1853 2941 volunta-

1941 439 2146 492 luntate
2173 445 2227 491 et
2261 444 2528 504 potestate
2566 429 2876 500 perﬁciendi
2906 470 2920 493 ,
2956 419 3101 498 quod
3124 432 3300 476 tamen
3329 422 3518 475 volun-

1943 535 2054 582 tate
2100 535 2226 581 ante
2277 525 2434 578 ﬁuem
2473 521 2550 576 rei
2603 526 2804 574 mutata
2850 532 2956 570 non
3007 509 3326 588 perfecisti?
3375 511 3518 566 Dtsc.

1941 619 2115 688 Saepe.
2156 616 2294 671 MAG.
2347 612 2573 668 Voluisti
2621 609 2782 680 igitur
2809 608 3116 678 ct'potuisti
3149 615 3522 676 perseverare,

1941 709 1992 764 in
2021 721 2252 778 quonon
2283 703 2662 776 perseverasti.
2691 703 2834 758 Dtsc.
2867 701 3022 756 Volui
3049 703 3264 771 utique;
3289 695 3393 754 sed
3417 711 3524 750 non

1941 796 2284 869 perseveravi
2333 795 2384 848 in
2421 794 2720 860 voluntate,
2781 801 2838 847 et
2875 793 2996 848 ideo
3041 807 3149 848 non
3177 792 3524 862 persevera“

1942 893 1995 946 in
2030 893 2256 946 actione.
2297 892 2434 946 MAG.
2487 891 2666 960 Quare
2695 906 2800 944 non
2843 889 3198 958 perseverasti
3241 889 3295 942 in
3329 887 3523 943 volun-

1943 983 2088 1038 tate?
2139 981 2284 1038 DISC.
2321 983 2456 1052 Quia
2500 997 2604 1038 non
2649 982 2812 1036 volui.
2867 981 3006 1037 MAG.
3053 981 3241 1036 Nonne
3280 979 3516 1050 quandiu

1940 1074 2154 1129 voluisti
2187 1089 2535 1144 perseverare
2563 1075 2614 1128 in
2651 1074 2881 1138 actione,
2925 1071 3140 1126 voluisti
3169 1083 3521 1142 perseverare

1942 1162 1996 1217 in
2039 1163 2152 1234 ipsa
2187 1163 2504 1218 voluntate?
2547 1164 2692 1217 Dtsc.
2723 1161 2838 1216 Non
2869 1175 3086 1230 possum
3129 1177 3344 1230 negare.
3379 1161 3522 1216 MAG.

1943 1255 2053 1310 Cur
2080 1271 2210 1324 ergo
2223 1255 2359 1310 dicis
2384 1264 2432 1308 te
2455 1271 2559 1310 non
2577 1255 2810 1310 voluisse
2835 1255 2927 1288 ‘3“
2947 1270 3295 1326 perseverare
3314 1255 3366 1308 in
3391 1253 3477 1308 illa
3500 1255 3523 1306 ?

1947 1348 2088 1402 DlSC.
2120 1347 2319 1402 lterum
2352 1347 2734 1417 responderem
2767 1361 2782 1401 :
2812 1347 2946 1414 Quia
2981 1359 3328 1416 perseverare
3353 1344 3522 1410 volui;

1945 1441 2037 1492 sed
2063 1453 2169 1492 non
2195 1437 2531 1506 perseveravi
2560 1437 2611 1492 in
2639 1437 2742 1493 hac
2771 1437 3068 1502 voluntate,
3101 1437 3202 1492 nisi
3235 1451 3346 1491 rem
3375 1435 3508 1490 vide-

1945 1545 2058 1585 rem
2091 1530 2142 1583 in
2185 1528 2454 1582 inﬁnitum
2492 1528 2802 1598 procedere,
2834 1537 2884 1582 te
2925 1541 3138 1598 semper
3165 1527 3395 1595 idipsum
3431 1525 3526 1558 ¹⁸⁶⁹

1945 1623 2332 1692 interrogante,
2365 1630 2533 1675 etme
2571 1620 2757 1674 eadem
2797 1619 3175 1690 respondente.
3211 1617 3352 1672 MAG.
3401 1617 3516 1671 Non

1945 1726 2076 1780 ergo
2104 1712 2268 1766 debes
2315 1710 2536 1766 dicere:
2586 1709 2710 1764 Ideo
2743 1725 2846 1764 non
2896 1709 3036 1762 volui
3069 1721 3417 1778 perseverare
3466 1707 3520 1760 in

1947 1799 2248 1865 voluntate,
2284 1799 2408 1868 quia
2455 1813 2559 1852 non
2591 1797 2734 1852 volui
2777 1811 3126 1867 perseverare
3169 1797 3221 1850 in
3253 1794 3527 1849 voluntate

1947 1889 2106 1958 hujus
2131 1888 2423 1944 voluntatis
2451 1887 2542 1918 ¹⁸⁷⁰
2571 1903 2583 1940 :
2611 1886 2706 1940 sed
2730 1901 2850 1941 cum
2882 1886 3171 1954 qumritur:
3209 1883 3393 1950 Quare
3417 1898 3525 1937 non

1947 1980 2302 2051 perseverasti
2351 1979 2404 2032 in
2453 1977 2688 2042 actione,
2731 1978 2782 2030 in
2829 1992 2932 2044 qua
2966 1975 3178 2029 voluisti
3209 1983 3262 2028 et
3295 1974 3517 2043 potuisti

1947 2072 2338 2146 perseverare?
2364 2069 2687 2140 respondere
2710 2078 2863 2138 potes
2891 2069 2977 2099 ’⁸⁷⁸
3006 2086 3018 2121 :
3061 2066 3185 2136 quia
3213 2081 3320 2120 non
3343 2080 3526 2134 perse-

1951 2167 2130 2222 veravi
2162 2165 2216 2220 in
2249 2163 2545 2219 voluntate.
2578 2161 2730 2226 Quod
2759 2161 2801 2214 si
2843 2161 3100 2229 qureritur
3135 2159 3328 2211 iterum
3359 2171 3528 2226 quare

1950 2271 2055 2312 non
2089 2253 2442 2326 perseverasti
2474 2253 2526 2306 in
2567 2250 2843 2305 voluntate
2869 2265 2882 2302 :
2931 2249 3032 2302 alia
3063 2262 3226 2302 causa
3257 2246 3523 2301 reddenda

1953 2355 2060 2412 est,
2087 2345 2230 2400 unde
2257 2338 3022 2410 scilicetcontigeritdefectus
3053 2337 3192 2394 illius
3213 2336 3527 2400 voluntatis,

1951 2451 2110 2505 quam
2137 2435 2262 2505 quia
2310 2447 2413 2487 non
2457 2430 2814 2502 perseverasti
2862 2431 2953 2462 ’3"
3002 2430 3136 2486 velle
3175 2431 3528 2487 voluntatem.

1951 2523 2069 2580 Non
2097 2523 2238 2580 enim
2266 2519 2638 2592 respondendo
2665 2519 2807 2572 aliud
2835 2519 3073 2574 ostendis
3099 2535 3260 2588 quam
3290 2520 3524 2590 idipsum

1953 2615 2096 2686 quod
2125 2613 2424 2684 quteritur;
2459 2611 2510 2665 id
2532 2619 2615 2665 est
2653 2625 2758 2665 non
2791 2611 3145 2680 perseverasti
3177 2611 3229 2664 in
3258 2611 3532 2667 voluntate

1953 2701 2335 2777 perseverandi
2371 2701 2426 2756 in
2458 2701 2693 2756 actione.
2723 2699 2865 2754 DISC.
2905 2699 3071 2755 Video
3099 2701 3224 2770 quia
3249 2717 3352 2756 non
3381 2703 3532 2756 vide-

1953 2795 2078 2850 bam
2103 2791 2228 2863 qnid
2259 2791 2513 2846 dicerem.
2553 2787 2689 2844 MAG.
2726 2788 2817 2842 hic
2838 2803 2964 2857 ergo
2986 2803 3092 2842 uno
3111 2789 3278 2846 verbo
3303 2791 3430 2860 quid
3459 2791 3532 2845 sit

1955 2897 2327 2958 perseverare,
2379 2874 2638 2950 quan'tum
2687 2895 2773 2934 res
2815 2879 3002 2949 exigit,
3055 2879 3108 2934 in
3155 2880 3401 2936 faciendo
3439 2882 3536 2934 ali-

270 3003 380 3047 tem
407 2989 724 3060 accipiendi,
757 2987 898 3041 Deus
923 2999 1027 3040 non
1055 2983 1220 3038 dedit.
1251 2979 1306 3034 Si
1338 2979 1482 3033 enim
1513 2978 1652 3032 Deus
1674 2975 1855 3031 dedis-
1881 3017 1928 3078 C
1957 2974 2106 3044 quid.
2133 2973 2277 3027 Disc.
2311 2970 2578 3026 Perﬁcere
2598 2986 2609 3022 :
2633 2983 2754 3021 nam
2785 2982 3134 3035 perseverare
3160 2968 3212 3022 in
3250 2970 3532 3026 scri!.eade

267 3089 379 3146 set,
415 3096 514 3150 pro
543 3089 690 3134 certo
725 3077 1022 3132 habuisset.
1066 3073 1264 3141 Quare,
1323 3071 1366 3125 si
1403 3085 1510 3123 non
1547 3067 1724 3136 potuit
1756 3065 1852 3119 ha-

267 3175 402 3229 bere
424 3180 743 3242 potestatem
781 3176 876 3222 aut
897 3167 1224 3221 voluntatem
1265 3158 1564 3230 accipiendi
1605 3171 1854 3227 perseve-

269 3265 532 3328 rantiam,
561 3263 660 3320 nisi.
716 3270 844 3316 ante
873 3259 982 3314 Deo
1001 3300 1016 3326 ,
1047 3257 1172 3328 quid
1199 3252 1466 3324 peccavit,
1491 3253 1534 3306 si
1561 3265 1666 3306 non
1696 3263 1854 3302 acce-

271 3361 352 3428 pit
380 3357 524 3426 quod
555 3357 692 3410 Deus
720 3353 910 3408 illinon
941 3349 1089 3404 dedit
1116 3361 1272 3416 posse
1301 3354 1394 3398 aut
1420 3343 1555 3398 velle
1578 3338 1856 3410 accipere?

273 3447 416 3502 MAG.
448 3445 758 3502 Deusdedit
799 3443 872 3498 illi
902 3448 1221 3512 potestatem
1261 3446 1316 3492 et
1343 3436 1678 3490 voluntatem
1714 3430 1857 3486 acci-

273 3538 458 3607 piendi
508 3533 982 3607 perseverantiam.
1043 3532 1188 3586 Dtsc.
1242 3527 1464 3596 Accepit
1513 3524 1677 3596 igitur
1716 3521 1858 3592 quod

277 3630 424 3683 Deus
457 3628 626 3688 dedit,
653 3635 708 3684 et
734 3626 923 3680 habuit
964 3623 1106 3694 quod
1137 3619 1364 3689 accepit.
1407 3617 1544 3672 MAG.
1593 3616 1730 3670 Vere
1761 3617 1854 3668 ha-

275 3719 430 3784 buit,
477 3725 532 3772 et
575 3716 804 3786 accepit.
871 3715 1018 3768 Dtsc.
1068 3709 1292 3780 Accepit
1337 3722 1506 3776 ergo,
1565 3715 1618 3760 et
1673 3703 1862 3758 habuit

277 3813 764 3882 perseverantiam.
821 3809 960 3864 MAG.
1018 3806 1132 3862 Non
1183 3789 1425 3875 accepit,
1480 3813 1534 3858 et
1583 3803 1702 3858 ideo
1755 3817 1860 3856 non

283 3903 494 3958 habuit.
543 3901 688 3958 Dtsc.
739 3899 930 3956 Nonne
975 3897 1158 3954 dixisti
1204 3895 1372 3950 Deum
1409 3893 1484 3948 illi
1535 3893 1766 3954 dedisse,
1810 3901 1866 3944 et

283 3993 438 4048 illum
469 3993 745 4062 accepisse
767 3997 1088 4062 potestatem
1118 3995 1175 4043 et
1203 3986 1536 4042 voluntatem
1567 3983 1866 4054 accipiendi

283 4081 787 4152 perseverantiam?
817 4079 960 4135 MAG.
975 4077 1094 4132 Dixi
1119 4093 1134 4143 ;
1150 4077 1244 4132 sed
1259 4089 1361 4130 non
1375 4074 1484 4129 dixi
1499 4073 1666 4129 Deum
1684 4071 1756 4126 illi
1775 4073 1868 4126 de-

285 4175 433 4227 disse
461 4173 710 4241 accipere
743 4168 1228 4241 perseverantiam,
1263 4166 1356 4221 sed
1395 4173 1602 4219 tantum
1643 4163 1780 4217 velle
1817 4171 1870 4216 et

285 4277 448 4332 posse
469 4261 926 4332 perseverantiam
959 4259 1222 4327 accipere.
1247 4257 1392 4311 Dtsc.
1428 4256 1584 4325 Ergo,
1613 4255 1656 4308 si
1705 4253 1873 4307 voluit

1959 3065 2184 3136 aliquid,
2204 3064 2430 3118 dicimus
2458 3061 2821 3132 perscribere;
2849 3059 2900 3112 in
2926 3059 3188 3126 ducendo,
3221 3062 3536 3130 perducere.

1957 3161 2098 3216 MAG.
2146 3157 2398 3210 Dicamus
2457 3153 2619 3222 igitur
2651 3150 2926 3215 similiter,
2977 3150 3186 3205 etiamsi
3237 3165 3342 3204 non
3388 3153 3459 3206 sit
3485 3153 3538 3206 in

1957 3267 2076 3314 usu,
2096 3251 2237 3319 quod
2269 3259 2615 3318 perseverare
2640 3243 2690 3295 in
2722 3240 3018 3304 veluntate,
3051 3239 3120 3292 sit
3153 3239 3386 3308 pervelle
3407 3241 3519 3293 “’7'.

1959 3341 2102 3394 Dtsc.
2153 3338 2227 3391 Ita
2279 3337 2390 3390 ﬁat.
2423 3333 2561 3387 MAG.
2636 3329 2768 3384 Cum
2823 3342 2950 3396 ergo
2990 3343 3093 3382 non
3149 3327 3240 3358 ¹³⁷⁸
3265 3327 3540 3396 perfecisti

1959 3431 2100 3500 quod
2132 3425 2363 3490 voluisti,
2397 3435 2448 3478 et
2481 3420 2722 3491 potuisti,
2780 3433 2877 3474 cur
2907 3434 3010 3473 non
3047 3418 3356 3488 perfecisti?
3397 3421 3540 3474 Dtsc.

1961 3521 2094 3588 Quia
2137 3535 2242 3574 non
2272 3521 2509 3590 pervolui
2550 3520 2663 3574 ³⁸⁷⁵.
2703 3519 2841 3574 MAG.
2877 3519 2952 3573 Ita
2986 3533 3116 3588 ergo
3145 3519 3230 3574 die
3259 3520 3381 3590 quia
3423 3521 3540 3574 dia-

1963 3610 2135 3673 bolus,
2167 3610 2256 3678 qui
2297 3613 2504 3677 accepit
2549 3609 2704 3674 velle,
2734 3621 2788 3663 et
2831 3624 2988 3678 posse
3019 3609 3265 3678 accipere
3292 3625 3545 3680 perseve-

1964 3701 2220 3764 rantiam,
2251 3708 2306 3754 et
2338 3699 2470 3752 velle
2499 3709 2552 3754 et
2577 3713 2733 3767 posse
2760 3709 3106 3766 perseverare
3127 3738 3143 3765 ,
3179 3699 3298 3753 ideo
3321 3714 3426 3754 non
3457 3715 3550 3754 ac-

1966 3791 2124 3858 cepit,
2139 3804 2238 3844 nec
2259 3789 2706 3858 perseveraverit,
2722 3789 2844 3858 quia
2869 3803 2974 3842 non
2993 3788 3257 3858 pervoluit
3271 3789 3381 3840 “7‘.
3403 3790 3550 3845 Dtsc.

1965 3881 2096 3936 ltem
2147 3896 2328 3950 quer
2357 3895 2526 3948 quare
2572 3895 2676 3934 non
2729 3880 2994 3948 pervoluit
3040 3880 3173 3932 “5"?
3220 3881 3352 3935 Cum
3401 3883 3545 3936 enim

1969 3973 2104 4027 dicis
2127 3973 2248 4042 quia
2279 3971 2418 4040 quod
2445 3969 2632 4037 voluit,
2661 3985 2765 4022 non
2798 3969 3062 4038 pervoluit
3082 4009 3096 4029 .
3127 3969 3230 4022 tale
3259 3981 3344 4024 est
3377 3971 3467 4002 ‘3"
3489 3986 3553 4024 ac

1970 4063 2014 4117 si
2066 4062 2214 4116 dicas
2265 4079 2278 4113 :
2339 4058 2490 4124 Quod
2550 4058 2717 4112 voluit
2745 4059 2914 4126 prius,
2968 4065 3153 4126 postea
3208 4073 3314 4111 non
3363 4057 3550 4112 voluit.

1975 4155 2201 4223 Quando
2232 4169 2359 4224 ergo
2386 4154 2478 4184 ‘3"
2498 4167 2600 4206 non
2622 4150 2786 4204 voluit
2815 4149 2953 4218 quod
2984 4149 3133 4218 prius
3149 4149 3312 4204 voluit
3341 4191 3357 4217 ,
3381 4166 3553 4220 quare

1975 4264 2081 4302 non
2119 4246 2308 4309 voluit,
2343 4245 2444 4300 nisi
2491 4245 2615 4314 quia
2651 4257 2753 4297 non
2799 4239 2986 4293 habuit
3034 4240 3406 4296 voluntatem?
3435 4239 3552 4297 Non

287 4363 344 4409 et
367 4329 560 4423 potuit,
583 4349 1286 4423 accepitperseverantiam.
1305 4345 1443 4401 MAG.
1461 4345 1575 4399 Non
1590 4353 1674 4398 est
1689 4358 1874 4398 neces-
1907 4351 1952 4409 ι)
1981 4340 2100 4394 dico
2139 4339 2460 4392 voluntatem
2491 4352 2650 4405 quam
2679 4337 2826 4404 prius
2849 4335 3056 4395 habuit.
3084 4348 3204 4388 cum
3229 4333 3398 4387 voluit
3427 4329 3552 4396 “3°;

288 4445 496 4500 sarium
512 4457 864 4513 consequens.
901 4437 1044 4496 Dtsc.
1077 4437 1190 4492 Non
1205 4439 1466 4492 videocur
1493 4451 1616 4500 non,
1653 4435 1753 4488 nisi
1786 4435 1874 4464 ¹⁸⁶τ

1985 4431 2074 4485 sed
2103 4445 2262 4496 quam
2299 4443 2401 4481 non
2442 4427 2645 4488 habuit,
2682 4442 2799 4478 cum
2835 4440 2938 4478 non
2973 4423 3155 4474 voluit.
3200 4421 3347 4475 lianc
3374 4431 3554 4476 autem

1579 4587 1810 4644 VARIA‘J
1855 4585 2255 4642 LECTIONES.
2281 4538 2288 4544 Ο

296 4803 310 4814 ν
355 4732 462 4813 f3”
494 4731 632 4798 Quid
660 4731 702 4786 si
735 4732 906 4801 ipsum
938 4745 1062 4783 mss.
1090 4727 1214 4797 quid
1241 4726 1284 4780 si
1313 4725 1540 4794 idipsum
1617 4721 1708 4754 ί⁸⁸⁰
1739 4721 1805 4776 Et
1828 4737 1932 4775 non
1953 4720 2174 4814 Iac'ecpit
2203 4735 2335 4814 "iis;
2358 4726 2414 4814 cét
2439 4731 2542 4770 non
2571 4717 2768 4814 act-ip“
2821 4718 2907 4814 hic
2943 4718 3109 4788 igitur
3141 4735 3244 4775 non
3322 4721 3408 4754 "‘5‘
3443 4722 3554 4778 Hoc

380 4811 388 4814 _
832 4801 922 4814 η...
961 4799 1000 4814 ιν
1188 4813 1201 4814 γ
1259 4797 1299 4814 ι-
1327 4795 1447 4814 ν---
1498 4809 1599 4814 ﬂ---
1661 4808 1743 4814 η.-
1785 4807 1886 4814 η-..
1939 4807 2013 4814 -...
2040 4792 2144 4814 :..-..
2407 4797 2631 4814 nanus...—
2671 4803 2696 4814 Α
2725 4787 2850 4814 τ,...ι.
2914 4805 3018 4814 η.--
3111 4801 3366 4814 ...μ--..ιιημ
3414 4793 3515 4814 ,ιξμ
3542 4793 3554 4814 Ι

299 4865 396 4902 ιῖδδ
427 4869 502 4923 Ita
531 4887 635 4924 non
666 4871 848 4924 statim
877 4887 1001 4923 mss.
1032 4866 1220 4922 Cister.
1254 4865 1311 4919 S.
1343 4865 1508 4916 Mich.
1543 4865 1614 4916 ita
1649 4879 1754 4916 non
1786 4871 1849 4916 st:

299 4941 468 5010 cepit,
499 4941 622 5008 quia
657 4941 804 4994 dedit
832 4955 956 4992 mss.
1003 4937 1237 5010 Vicae!“
1357 4933 1518 5010 illic/1.
1548 4933 1776 5010 accepit,
1807 4948 1849 5001 (ιι

2027 4865 2118 4890 ’³⁵⁵
2153 4865 2540 4912 Demonstrasti
2581 4873 2675 4910 nis.
2713 4865 2900 4912 (λίθων.
2941 4865 3256 4914 monstrasti
3337 4865 3428 4892 ‘8“
3459 4865 3559 4914 Ae-

1965 4929 2279 5010 Deusdedit
2354 4927 2442 4957 ¹⁸⁶⁷
2472 4927 2586 5010 Nop
2611 4927 3042 5010 _video‘f.ttrﬂnisi
3075 4947 3199 5010 mss.
3223 4931 3372 5010 fiet.
3409 4929 3559 4984 Gem.

299 4996 428 5064 Βέσ.
456 4996 576 5064 ἠόη
608 5010 764 5063 video
793 5023 930 5064 cur:
965 5008 1068 5062 nisi
1147 5005 1238 5036 ³⁵⁵⁸⁸
1268 5003 1429 5064 Dicis,
1478 5017 1582 5056 non
1625 4996 1859 5056 voluisse
1903 5018 2026 5054 mss.
2064 4999 2198 5052 dicis
2243 5005 2294 5068 te
2337 5012 2440 5048 non
2483 4997 2714 5068 voluisse
2750 5067 2757 5068 ί
2793 4997 2883 5029 ¹⁸⁶⁰
2920 4996 3147 5068 Semper
3188 5001 3416 5068 idipsum
3458 5016 3558 5051 m5.

299 5079 492 5134 Cister.
523 5093 736 5148 semper
765 5079 902 5148 idem
931 5079 1104 5148 ipsum
1181 5075 1272 5106 ¹⁸⁷⁰
1301 5073 1423 5148 Ideo
1448 5089 1552 5126 non
1579 5072 1720 5148 vo_|u_i
1748 5085 2094 5139 perseverare
2121 5069 2171 5148 in
2202 5067 2471 5148 voluntate
2500 5067 2655 5148 hujus
2677 5067 2987 5120 voluntatis.
3016 5067 3120 5120 Sed
3153 5067 3276 5122 mss.
3311 5069 3431 5122 Ideo
3457 5085 3562 5120 non

301 5133 450 5202 volui
475 5133 826 5218 perseverare
862 5147 913 5201 in
945 5133 1394 5218 volttntate,_quia
1430 5141 1707 5218 non_v_olui
1740 5133 2088 5218 perseverare
2123 5133 3004 5218 iit-voluntate.hujus.voluntatis.
3045 5137 3149 5188 Sed
3187 5155 3283 5191 ms.
3308 5137 3364 5190 S.
3393 5133 3558 5190 Mich.

301 5219 430 5274 ideo
457 5205 562 5272 non
589 5217 728 5271 volui
757 5231 1138 5287 perseverare;
1173 5205 1314 5287 quiat:
1333 5228 1438 5287 non
1469 5213 1610 5266 volui
1649 5205 1996 5287 perseverare
2027 5207 2079 5262 in
2111 5207 2383 5287 voluntate
2417 5205 2572 5272 hujus
2601 5207 2894 5287 voluntatis
2944 5207 3059 5287 his"
3098 5205 3255 5261 Potes
3285 5205 3367 5259 vel
3396 5206 3563 5262 debes

301 5291 433 5358 quia
465 5305 592 5341 mss.
619 5275 786 5358 amitt'.
813 5288 895 5342 vel
921 5287 1085 5358 debes
1127 5275 1136 5280 ⁷
1163 5275 1252 5316 ¹έ⁷¹
1279 5283 1416 5349 Quia
1447 5297 1552 5336 non
1583 5275 1924 5358 perseveravi
1953 5295 2076 5332 mss.
2105 5279 2229 5347 quia
2261 5276 2750 5358 tton‘perseverasti
2825 5275 2918 5307 ’⁸⁷³
2943 5275 3025 5330 Sit
3049 5289 3400 5345 perseverare
3427 5275 3566 5329 velle

305 5345 436 5411 ἡιεε,
467 5359 536 5412 sit
565 5357 801 5426 pervelle
877 5357 967 5388 1""
998 5355 1130 5410 Cum
1161 5345 1424 5424 ergo-nou
1452 5369 1548 5406 ms.
1583 5345 1638 5406 Β.
1673 5349 1835 5426 Misit.
1866 5365 1962 5405 cur
1991 5345 2136 5426 ergo:
2150 5363 2254 5401 non
2330 5347 2422 5378 ²⁸⁷⁸
2445 5345 3084 5426 Qttia_non_pe_r53v'erare
3117 5346 3256 5400 volui
3285 5362 3411 5400 mss.
3437 5345 3568 5412 quia

307 5443 416 5498 non
444 5414 706 5498 pervolui
784 5427 874 5459 ⁸⁸⁷⁸
914 5427 1048 5492 Quia
1092 5441 1195 5480 non
1223 5414 1596 5498 iperseverare
1638 5421 1824 5498 voluit.
1872 5437 1998 5498 nias.
2038 5414 2168 5498 quia
2206 5431 2314 5472 noa
2357 5415 2640 5486 pervoluit.
2721 5414 3018 5498 "7"‘Quare
3062 5431 3167 5498 non
3215 5429 3567 5483 perseverare

309 5485 524 5552 voluit?
555 5513 682 5552 mss.
713 5513 880 5567 quare
917 5485 1030 5567 non,
1058 5485 1355 5567 pervoluit?
1376 5564 1388 5567 _
1427 5491 1520 5567 ‘8’}
1547 5491 1690 5567 _Cum
1719 5491 1862 5543 enim
1890 5485 2204 5567 dicis,_qui_a
2237 5501 2340 5540 non
2362 5485 2720 5567 perseverare
2749 5485 2913 5567 voluit
2936 5485 3076 5554 quod
3104 5486 3293 5551 voluit,
3323 5486 3427 5539 tale
3456 5491 3563 5548 est,

305 5575 420 5623 etc.
449 5583 574 5622 mss.
604 5554 900 5622 cum'euim
929 5554 1074 5620 dicis.
1093 5565 1218 5634 quia
1249 5564 1390 5634 quod
1417 5562 1606 5634 voluit,
1645 5575 1749 5614 non
1787 5554 2218 5634 pervoluit‘,_tale
2255 5565 2358 5622 est,
2392 5566 2501 5610 etc.
2533 5555 2726 5634 mens.
2759 5554 2919 5634 Mida.
2947 5571 3067 5610 eum
3094 5557 3262 5634 enini
3282 5556 3418 5612 dicis
3446 5555 3568 5624 quia

309 5637 455 5706 quod
501 5637 686 5700 voluit,
729 5651 834 5690 non
863 5625 1208 5705 perseverare
1252 5625 1438 5697 voluit,
1472 5625 1702 5696 tale’est,
1739 5625 1844 5683 etc.
1925 5629 2016 5660 ³⁸⁷³
2043 5625 2306 5694 Quoniam
2330 5640 2459 5694 ergo
2488 5641 2610 5684 mss.
2641 5625 2864 5690 Quando
2893 5639 3022 5696 ergo
3095 5625 3186 5657 ¹⁸⁸⁰
3220 5625 3416 5682 Habuit
3442 5637 3565 5678 cum

311 5709 546 5762 voluerit
586 5724 712 5762 nm.
758 5707 944 5760 habuit
982 5720 1102 5759 cum
1146 5704 1312 5758 voluit

311 5705 546 5763 voluerit
586 5724 712 5763 nm.
758 5707 944 5760 habuit
982 5720 1102 5759 cum
1146 5705 1312 5758 voluit

638 5804 910 5861 PATnoL.
953 5795 1226 5860 CLVIII.
1796 5868 1802 5876 ,
2037 5858 2070 5868 Α
3111 5786 3178 5844 11

2037 5858 2070 5868 Α
