3926 6054
333 213 427 269 331

865 214 921 268 S.
964 212 1261 269 ANSELlll
1304 209 1651 267 C\NTUAR.
1683 206 2004 265 AR'CIIIEP.
2046 210 2196 265 UPP.
2240 209 2419 268 PARS
2455 211 2496 266 l.
2525 244 2592 253 —
2634 213 3049 270 DOGMATICA.

3482 218 3591 274 35?.

336 326 666 381 \oluntalcm
689 338 858 395 quare
884 340 990 380 non
1023 325 1227 389 habuit,
1260 324 1361 379 nisi
1382 323 1506 393 quia
1533 338 1636 377 non
1668 323 1917 392 accepit?
1947 332 1991 387 Α
2020 337 2183 392 quam
2216 323 2350 378 velle
2379 325 2664 390 deserere;
2713 326 2808 381 sed
2841 326 3129 395 aliquando
3155 342 3304 396 prius
3337 334 3442 393 est,
3490 332 3611 384 vel.

338 423 516 484 Quare
559 425 737 471 autem
788 430 891 470 non
923 415 1150 484 accepit,
1200 414 1303 469 nisi
1348 415 1472 482 quia
1519 412 1663 468 Deus
1691 428 1795 468 non
1827 413 1919 469 de-

337 513 418 567 dit
445 512 580 565 "3‘?
610 511 750 566 MAG.
784 511 982 564 lterum
1010 509 1129 564 dico
1169 509 1294 577 quia
1324 521 1428 562 non
1459 507 1579 561 ideo
1614 522 1718 561 non
1760 521 1917 561 acce-

339 604 436 673 pit,
484 604 609 671 quia
642 602 784 656 Deus
810 615 914 654 non
941 598 1121 664 dedit;
1164 598 1259 653 sed
1289 597 1410 652 ideo
1439 597 1581 651 Deus
1625 611 1733 651 non
1776 595 1922 651 dedit

336 694 460 764 quia
512 693 600 748 ille
652 708 755 746 non
808 690 1035 759 accepit.
1095 689 1238 743 DISC.
1301 686 1415 743 Hoc
1459 687 1706 742 ostende.
1773 686 1914 742 ΜΑα.

338 787 540 853 Sponte
575 781 779 836 dimisit
820 779 1171 846 voluntatem,
1220 792 1384 848 quam
1421 778 1657 834 habebat
1699 777 1790 809 ¹⁸⁸²
1821 794 1835 830 :
1867 786 1922 831 et

337 876 480 930 sicut
525 872 732 942 accepit
768 864 971 926 habere
1005 870 1097 903 ³⁸⁸³
1134 884 1416 940 quousque
1464 870 1678 935 habuit;
1726 871 1797 923 ita
1828 885 1920 939 po-

338 963 441 1018 tuit
469 962 716 1033 accipere
746 975 961 1030 semper
988 960 1081 993 ¹⁸⁸δ
1110 969 1313 1023 tenere,
1347 960 1490 1028 quod
1510 959 1758 1014 deseruit
1788 958 1917 1014 1m:

337 1057 431 1111 sed
468 1055 596 1126 quia
638 1054 893 1117 deseruit,
926 1068 1034 1107 non
1063 1052 1287 1120 accepit.
1321 1050 1474 1117 Quod
1503 1064 1632 1119 ergo
1665 1049 1787 1104 ideo
1813 1064 1919 1104 non

338 1146 547 1217 accepit
582 1153 787 1208 tenere,
815 1142 940 1212 qnia
973 1142 1215 1197 deseruit
1247 1140 1369 1206 ιω,
1407 1154 1512 1194 non
1549 1140 1669 1194 ideo
1692 1154 1797 1193 non
1827 1154 1920 1192 ac-

336 1237 478 1307 cepit
504 1232 619 1302 ‘9“,
637 1234 761 1305 quia
786 1234 926 1288 Deus
954 1248 1060 1287 non
1083 1232 1267 1296 dedit;
1298 1232 1391 1286 sed
1414 1231 1535 1285 ideo
1552 1231 1690 1285 Deus
1710 1228 1919 1284 nonm"

337 1328 649 1396 dedit,qnia
673 1326 762 1381 ille
782 1341 892 1382 non
922 1324 1132 1393 accepit
1162 1322 1273 1375 ‘3“.
1293 1322 1437 1377 Dtsc.
1464 1321 1597 1388 Quis
1622 1336 1729 1375 non
1746 1322 1924 1376 videat

336 1420 462 1489 quia
478 1433 582 1473 non
609 1417 732 1472 ideo
743 1431 852 1471 non
869 1415 1039 1471 voluit
1066 1414 1159 1447 ¹⁸⁸⁹
1177 1423 1380 1478 tcncre,
1396 1413 1519 1481 quia
1535 1412 1774 1467 deseruit
1792 1452 1806 1474 ,
1831 1412 1925 1466 sed

340 1510 458 1565 ideo
486 1508 745 1573 deseruit,
779 1507 903 1577 quia
938 1520 1040 1560 non
1074 1504 1243 1559 voluit
1268 1502 1495 1558 tenere?
1520 1500 1747 1571 Semper
1777 1500 1922 1556 enim

341 1601 541 1655 tenenti
570 1599 719 1669 prius
748 1605 830 1652 est
860 1611 965 1651 non
992 1594 1130 1649 velle
1166 1602 1375 1658 tenere,
1416 1606 1579 1662 quam
1607 1590 1743 1646 velle
1766 1591 1923 1645 dese-

2020 414 2071 468 le
2157 415 2427 471 deserere.
2459 417 2603 471 Dtsc.
2646 416 2762 471 Non
2791 433 3007 482 possum
3054 434 3273 489 negare.
3303 418 3447 474 MAG.
3476 418 3610 475 Dleo

2018 518 2147 576 ergo
2173 505 2267 537 ’⁸⁸⁸
2308 506 2433 575 quia
2463 520 2569 562 non
2610 508 2731 562 idco
2767 523 2875 563 non
2918 508 3111 572 voluit,
3146 524 3269 564 cum
3307 510 3512 575 debuit,
3556 522 3611 565 et

2020 596 2163 664 quod
2190 597 2374 650 debuit
2402 598 2530 666 quia
2559 596 2810 653 voluntas
2831 597 3032 654 hel‘ecit
3053 598 3167 665 “'7,
3194 599 3306 656 Deo
3326 601 3455 656 dare
3481 600 3612 657 deli-

2021 688 2231 753 cientc;
2264 693 2360 744 sed
2391 689 2516 758 quia
2546 689 2661 760 ipse
2688 690 2921 746 volendo
2962 691 3106 760 quod
3135 706 3237 747 non
3268 692 3477 758 debuit,
3506 692 3602 748 bo-

2022 792 2146 832 nam
2197 778 2529 834 voluntatem
2581 780 2789 850 expulit
2820 781 2959 835 mala
2992 783 3426 852 superveniente.
3459 783 3609 852 Qua-

2020 881 2241 941 propter
2270 886 2377 926 non
2404 871 2525 926 ideo
2546 887 2651 928 non
2690 873 2879 929 habuit
2904 875 3099 929 bonam
3129 875 3460 931 voluntatem
3487 890 3612 945 per-

2022 970 2388 1028 severantem,
2419 970 2514 1017 aut
2542 978 2649 1018 non
2690 964 2922 1034 accepit,
2965 964 3092 1033 quia
3122 964 3262 1020 Deus
3291 978 3396 1019 non
3421 965 3606 1034 dedit;

2022 1056 2115 1109 sed
2143 1055 2264 1111 iilco
2287 1056 2426 1110 Deus
2452 1071 2557 1109 non
2587 1055 2775 1120 dedit,
2805 1057 2930 1126 quia
2962 1056 3049 1112 ille
3075 1055 3303 1112 volendo
3328 1057 3473 1127 quod
3500 1070 3609 1113 non

2024 1144 2230 1205 debuit,
2267 1160 2386 1198 eam
2417 1145 2696 1225 ‘deseruit,
2741 1155 2794 1202 et
2850 1152 2969 1201 eam
3017 1148 3316 1204 deserendo
3369 1165 3476 1205 non
3525 1158 3606 1205 te-

2026 1233 2143 1286 nuit
2170 1233 2278 1286 ¹⁸⁹⁸.
2314 1235 2453 1289 Dtsc.
2485 1236 2730 1307 Intelligo
2757 1238 3078 1305 quoddicis.

2643 1325 2871 1381 CAPUT
2907 1325 2994 1380 IV.

2094 1412 2368 1478 Quomodo
2398 1413 2487 1468 ille
2510 1418 2759 1484 peccarit,
2791 1425 2839 1469 et
2874 1415 3032 1470 voluit
3060 1417 3246 1470 similis
3273 1433 3382 1471 esse
3412 1417 3538 1475 Deo.

2097 1502 2236 1558 MAG.
2269 1503 2495 1559 Dubitas
2529 1506 2707 1560 adhuc
2757 1507 3029 1562 diabolum
3060 1523 3165 1562 non
3205 1508 3329 1564 ideo
3372 1510 3610 1567 voluisse

2026 1594 2277 1649 deserere
2302 1596 2446 1664 quod
2477 1596 2728 1663 habebat,
2777 1598 2904 1667 quia
2937 1614 3043 1652 non
3071 1600 3239 1654 voluit
3264 1609 3483 1665 tenere;
3514 1603 3609 1657 sed

339 1704 478 1745 rere.
514 1689 637 1743 ideo
683 1688 828 1743 enim
867 1685 980 1741 vult
1029 1684 1223 1755 aliquis
1272 1682 1524 1738 deserere
1564 1681 1706 1752 quod
1749 1686 1918 1746 ῑθιῐθι,
1954 1685 1998 1744 Β
2026 1686 2146 1741 ideo
2173 1701 2278 1741 non
2304 1686 2536 1741 voluisse
2554 1695 2759 1752 tenere,
2790 1689 2914 1758 quia
2944 1690 3111 1745 voluit
3141 1692 3428 1747 deserere?
3462 1692 3605 1747 Dtsc.

338 1783 464 1853 quia
493 1797 599 1836 non
630 1779 742 1835 vult
765 1789 967 1835 tenere.
992 1778 1185 1846 Quaero
1209 1776 1301 1809 ¹⁸⁹⁰
1341 1777 1511 1849 igitur
1539 1790 1710 1846 quare
1740 1784 1928 1829 tenere

338 1878 442 1930 nun
497 1874 667 1927 voluit
694 1872 836 1943 quod
870 1866 1110 1935 tenebat,
1155 1870 1256 1923 nisi
1283 1869 1409 1937 quia
1448 1868 1589 1923 Deus
1619 1883 1727 1921 non
1781 1866 1929 1922 dedit

338 1966 520 2021 velle?
549 1964 688 2019 MAG.
721 1962 835 2017 Non
864 1977 1078 2032 semper
1105 1961 1257 2031 prius
1289 1969 1370 2015 est
1413 1974 1517 2014 non
1555 1958 1687 2013 velle
1720 1967 1926 2024 tenere,

336 2072 499 2126 quam
545 2056 685 2110 v‘clle
714 2055 984 2109 deserere.
1021 2053 1169 2107 Dtsc.
1214 2050 1440 2117 Quando
1474 2065 1580 2106 non
1609 2050 1678 2104 sit
1704 2050 1929 2105 ostende

338 2146 491 2200 mihi.
520 2144 660 2202 MAG.
691 2143 918 2211 Quando
947 2141 1182 2211 aliquam
1213 2154 1327 2194 rem
1352 2137 1440 2170 ¹⁸⁹¹
1470 2146 1694 2209 propter
1723 2153 1782 2193 se
1820 2152 1927 2191 non

338 2237 421 2289 vis
478 2244 684 2298 tenere,
717 2232 810 2288 sed
859 2231 1134 2296 deserere,
1189 2237 1248 2284 ut
1285 2229 1576 2283 carbonem
1610 2226 1837 2298 ignitum
1875 2226 1927 2279 in

339 2339 504 2379 manu
544 2322 697 2376 'nuda
732 2320 966 2390 positum
1016 2336 1029 2372 :
1079 2328 1209 2372 tunc
1252 2316 1482 2369 forsitan
1526 2315 1675 2383 prius
1709 2323 1793 2369 est
1822 2328 1927 2367 n0n

339 2416 474 2471 velle
490 2424 693 2477 tenere,
721 2426 880 2480 quam
895 2408 1032 2467 velle
1051 2408 1302 2463 deserere
1323 2422 1337 2471 ;
1354 2413 1409 2459 et
1427 2405 1546 2459 ideo
1560 2406 1641 2458 vis
1656 2404 1928 2466 deserere,

335 2511 460 2582 quia
512 2523 616 2563 non
665 2505 746 2559 vis
803 2513 1004 2558 tenere.
1076 2499 1235 2553 Prius
1288 2500 1431 2553 enim
1484 2512 1646 2566 quam
1695 2505 1882 2550 teneas
1912 2535 1927 2560 ,

338 2619 444 2658 non
486 2601 567 2653 vis
608 2606 834 2659 tenere;
900 2592 1034 2647 velle
1091 2598 1271 2644 autem
1322 2590 1574 2644 deserere
1619 2604 1724 2642 non
1776 2596 1931 2657 potes

338 2690 440 2747 nisi
478 2706 599 2745 eum
627 2666 807 2742 tenes:
830 2684 963 2740 Cum
996 2696 1176 2737 autem
1206 2690 1357 2734 tenes
1386 2679 1527 2747 quod
1560 2678 1771 2732 nonnisi
1801 2693 1930 2748 pro-

336 2790 457 2853 pter
507 2778 651 2832 aliud
699 2790 804 2831 non
861 2774 943 2829 vis
1001 2772 1091 2804 ¹⁸⁹¹
1151 2782 1356 2832 tenere,
1407 2781 1506 2822 nec
1557 2767 1658 2822 nisi
1711 2775 1931 2837 propter

248 2867 255 2874 ’
337 2870 479 2926 aliud
517 2868 609 2901 ¹⁸⁹³
636 2867 888 2922 deserere
911 2864 1030 2927 vis;
1063 2872 1117 2916 et
1147 2861 1316 2932 magis
1359 2858 1440 2913 vis
1468 2855 1612 2912 aliud
1646 2858 1759 2923 ³⁸⁸⁵,
1788 2860 1930 2928 quod

338 2976 443 3016 non
487 2967 638 3028 potes
689 2957 908 3020 habere,
963 2953 1074 3026 64.
1126 2954 1228 3007 ιιίέί
1282 2953 1503 3009 deseras
1549 2953 1691 3022 quod
1729 2960 1925 3006 tenes:

2027 1778 2144 1835 Non
2173 1778 2362 1835 dubito
2391 1780 2471 1836 sic
2511 1795 2630 1835 esse
2656 1796 2814 1850 posse
2862 1798 2879 1847 ;
2912 1786 3006 1838 sed
3051 1784 3285 1839 nondum
3315 1782 3488 1839 fecisti
3525 1800 3612 1839 me

2027 1878 2238 1924 certum
2271 1868 2349 1924 sic
2376 1883 2512 1924 esse.
2548 1868 2703 1925 Prius
2731 1886 2862 1941 ergo
2892 1873 3117 1926 ostende
3145 1873 3272 1943 quid
3313 1873 3482 1927 voluit
3518 1875 3612 1928 ha~

2027 1957 2157 2012 bere
2186 1958 2327 2027 quod
2356 1972 2465 2011 non
2496 1958 2750 2022 habebat,
2802 1968 2860 2014 ut
2887 1959 3048 2016 vellet
3087 1961 3335 2016 deserere
3357 1963 3497 2031 quod
3529 1972 3612 2016 te-

2028 2046 2211 2113 nebat,
2260 2047 2406 2102 sicut
2453 2047 2506 2101 in
2542 2063 2708 2102 avaro
2739 2050 3074 2103 monstrasti.
3113 2049 3337 2114 Deinde,
3380 2052 3424 2105 si
3478 2050 3611 2104 nihil

2028 2138 2328 2193 contradici
2358 2139 2555 2209 poterit
2585 2140 2660 2194 ita
2688 2155 2829 2205 esse,
2864 2156 2948 2196 me
2974 2156 3076 2195 non
3108 2140 3354 2198 dubitare
3381 2140 3609 2219 tuebor.

2029 2230 2171 2286 Mac.
2204 2229 2468 2287 Peccasse
2511 2231 2658 2287 illum
2695 2248 2800 2288 non
2833 2226 3086 2298 dubitas;
3125 2234 3380 2303 quoniam
3410 2251 3445 2288 a
3461 2232 3612 2302 justo

2029 2323 2141 2377 Deo
2173 2338 2281 2377 non
2327 2323 2505 2391 potuit
2543 2322 2740 2393 injuste
2768 2325 3053 2390 damnari;
3101 2327 3193 2380 sed
3236 2326 3434 2396 quaeris
3480 2340 3614 2394 quo-

2031 2414 2190 2471 mozlo
2245 2415 2511 2485 peccavit.
2563 2414 2711 2471 Dtsc.
2770 2415 2846 2470 lta
2897 2425 3000 2471 est.
3052 2416 3192 2472 MAG.
3244 2416 3302 2472 Si
3346 2415 3613 2485 justitiam

2031 2512 2447 2574 perseveranter
2472 2513 2762 2566 servasset,
2790 2521 2895 2560 non
2922 2516 3200 2576 ρεοεθςεει
3223 2523 3487 2577 unquam,
3514 2521 3615 2562 nec

2035 2593 2203 2647 miser
2227 2600 2391 2647 esset.
2422 2592 2566 2649 DISC.
2597 2592 2675 2648 lta
2699 2595 2990 2665 credimus.
3020 2594 3160 2652 MAG.
3191 2595 3464 2651 Justitiam
3485 2610 3616 2652 vero

2033 2681 2211 2737 nullus
2252 2691 2455 2749 servat,
2506 2684 2610 2738 nisi
2656 2684 2885 2740 volendo
2909 2686 3051 2755 quod
3078 2685 3273 2752 debet;
3314 2700 3488 2756 neque
3522 2687 3617 2742 de-

2031 2774 2185 2838 serit,
2217 2773 2320 2828 nisi
2349 2774 2579 2830 volendo
2620 2776 2760 2845 quod
2794 2792 2900 2832 non
2936 2778 3116 2833 debet.
3149 2778 3295 2832 Dtsc.
3343 2777 3481 2831 Nulli
3513 2778 3617 2831 du-

2030 2863 2198 2918 bium.
2236 2863 2377 2919 MAG.
2424 2864 2665 2920 Volendo
2696 2866 2899 2935 aliquid
2923 2868 3115 2937 igitur,
3155 2870 3297 2937 quod
3327 2868 3461 2923 velle
3487 2878 3616 2923 tunc

2034 2970 2140 3008 non
2190 2955 2440 3023 debebat,
2490 2956 2730 3011 deseruit
2773 2958 3080 3027 justitiam;
3127 2969 3182 3013 et
3228 2961 3306 3015 sic
3348 2958 3612 3029 peccavit.

339 3027 633 3104 ιιιειοίνοιιθ
657 3047 907 3102 deserere
933 3044 1081 3114 Prius
1103 3050 1384 3112 εεῑνῖιυθῐη
1419 3060 1524 3097 11011
1557 3042 1691 3105 νεηθ
1720 3050 1923 3097 tenere.
1955 3027 1998 3087 (ἶ
2034 3045 2175 3100 Dtsc.
2226 3044 2304 3100 Ita
2358 3046 2624 3115 sequitur.
2680 3047 2787 3101 Sed
2838 3064 3021 3117 quzero
3051 3049 3179 3118 quid
3226 3027 3371 3104 aliud
3422 3049 3613 3111 vduit,

334 3145 548 3198 Avarus
592 3153 847 3209 namque,
889 3152 1011 3191 cum
1037 3138 1150 3188 vult
1181 3144 1365 3189 tenere
1397 3149 1697 3198 nummum,
1726 3140 1785 3187 et
1811 3148 1923 3186 ma-

338 3235 452 3287 vult
478 3246 669 3302 panem
695 3244 853 3299 quem
889 3227 1072 3296 nequit
1104 3226 1325 3289 habere,
1351 3226 1454 3280 nisi
1480 3240 1758 3280 nutunan
1792 3225 1919 3287 det,

337 3326 483 3394 prius
511 3322 627 3376 vult
658 3324 806 3381 dare,
831 3319 881 3373 id
906 3326 992 3372 est
1023 3318 1269 3371 chrrerc
1302 3331 1601 3381 nummum,
1625 3330 1783 3385 quam
1817 3329 1921 3368 non

335 3412 461 3467 velit
489 3420 673 3464 tenere
704 3423 719 3461 :
753 3421 856 3462 non
878 3407 1021 3462 enim
1047 3406 1197 3460 illum
1230 3407 1350 3460 ideo
1374 3405 1509 3469 vult,
1534 3405 1654 3458 ideo
1682 3420 1786 3458 non
1808 3406 1921 3460 vult

339 3517 520 3559 tenere
544 3502 677 3557 dare
705 3500 828 3570 quia
859 3514 964 3554 non
997 3497 1112 3551 vult
1137 3506 1351 3561 tenere;
1385 3497 1481 3551 sed
1522 3496 1643 3551 idco
1670 3511 1774 3549 non
1805 3497 1921 3551 vult

339 3606 543 3656 tenere,
589 3590 715 3661 quia
758 3597 817 3643 ut
863 3587 953 3620 "’9'
989 3601 1180 3656 panem
1236 3586 1434 3640 habeat
1484 3599 1710 3640 necesse
1761 3585 1921 3639 habet

336 3685 484 3737 dare.
530 3680 662 3735 Nam
686 3686 739 3735 et
770 3686 1060 3747 antequam
1107 3676 1323 3740 habeat,
1350 3675 1465 3729 vult
1508 3682 1693 3728 tenere
1734 3682 1789 3728 et
1819 3676 1920 3728 ha-

334 3774 498 3839 bere;
544 3780 601 3826 et
649 3786 771 3826 cum
804 3769 984 3832 habet,
1032 3781 1377 3837 nequaquam
1410 3782 1517 3823 non
1569 3766 1682 3821 vnlt
1714 3775 1919 3831 tenere,

339 3865 571 3935 quandiu
606 3877 735 3917 non
763 3862 927 3916 habet
959 3873 1182 3915 necesse
1216 3859 1487 3914 deserere.
1540 3857 1683 3913 Dtsc.
1720 3858 1918 3913 Verum

337 3964 439 4011 est.
472 3952 609 4011 ιίλα.
632 3951 747 4007 Non
771 3965 899 4022 ergo
916 3963 1129 4018 semper
1150 3957 1231 4003 est
1254 3947 1403 4018 prius
1427 3963 1531 4002 non
1555 3948 1692 4002 velle
1715 3957 1920 4013 tenere,

2032 3150 2194 3205 quam
2246 3135 2390 3204 quod
2433 3136 2685 3189 habebat.
2725 3136 2880 3199 MAG.
2936 3138 3203 3206 Quidquid
3235 3138 3464 3192 habebat
3498 3138 3613 3199 "9’,

2030 3224 2258 3279 debebat
2286 3223 2440 3279 velle.
2484 3226 2627 3281 Dtsc.
2661 3226 2898 3281 Debebat
2941 3241 3065 3283 vere
3093 3228 3232 3284 velle
3263 3230 3406 3299 quod
3437 3244 3465 3282 a
3504 3229 3617 3283 Deo

2029 3320 2349 3384 acceperat;
2386 3329 2487 3370 nec
2530 3315 2634 3371 hoc
2680 3317 2909 3372 volendo
2939 3320 3200 3386 peccavit.
3252 3319 3390 3375 ΜΑο.
3435 3317 3653 3374 Votnit.

2029 3404 2191 3476 igitur
2218 3404 2416 3474 aliquid
2445 3407 2710 3475 quodnon
2743 3407 2994 3472 habebat,
3014 3423 3110 3464 nec
3140 3420 3266 3464 tunc
3286 3409 3422 3465 velle
3449 3410 3615 3464 debe-

2028 3494 2136 3558 bat,
2183 3493 2321 3548 sicut
2363 3493 2474 3548 Eva
2513 3494 2710 3551 similis
2756 3496 2926 3552 voluit
2968 3511 3090 3553 esse
3129 3499 3231 3554 diis
3270 3499 3421 3568 prius
3451 3513 3611 3567 quam

2029 3583 2169 3636 Dens
2213 3583 2315 3636 hoc
2360 3581 2543 3639 vellet.
2596 3584 2741 3640 Dtsc.
2792 3586 2904 3641 Nec
2952 3587 3055 3642 hoc
3093 3588 3164 3642 ita
3213 3588 3364 3656 sequi
3417 3602 3613 3658 negare

2028 3686 2185 3741 queo.
2219 3670 2360 3727 MAG.
2391 3671 2535 3728 Nihil
2562 3684 2744 3729 autem
2773 3676 2911 3732 velle
2941 3684 3159 3746 poterat
3186 3677 3291 3732 nisi
3324 3676 3610 3745 justitiam,

2029 3769 2121 3815 aut
2159 3763 2501 3818 commodum
2532 3777 2547 3817 :
2580 3778 2645 3819 ex
2688 3766 2987 3821 commodis
3028 3768 3172 3822 enim
3200 3773 3415 3822 constat
3441 3765 3614 3821 beati-

2031 3852 2179 3913 tudo,
2210 3870 2371 3922 quam
2420 3853 2535 3908 vult
2566 3857 2744 3910 omnis
2796 3857 3077 3911 rationalis
3113 3866 3327 3911 natura.
3377 3857 3523 3912 DISC.
3556 3855 3613 3909 In

2028 3946 2185 3999 nobis
2214 3961 2501 4015 possumus
2531 3947 2636 4004 hoc
2666 3952 3014 4018 cognoscere,
3046 3948 3141 4020 qui
3184 3948 3320 4004 nihil
3346 3948 3608 4014 volumus,

1636 4077 1867 4134 VARI/IS
1905 4077 2306 4135 LECTZONES.

409 4219 501 4253 ¹⁸⁸¹
542 4218 681 4272 Deus
709 4230 825 4284 non
845 4213 1022 4284 dedit?
1044 4212 1151 4267 Sed
1174 4211 1292 4284 ideo
1317 4212 1455 4266 Dens
1492 4228 1593 4264 non
1628 4213 1792 4274 dedit,
1819 4212 1943 4279 quia
1981 4212 2068 4267 ille
2111 4229 2214 4267 non
2239 4215 2469 4284 accepit.
2512 4215 2583 4270 Μ.
2621 4217 2822 4274 lterum
2850 4236 2976 4274 nm,
3011 4219 3159 4277 σεηι,
3188 4221 3315 4276 Bac.
3353 4221 3415 4278 δ,
3445 4222 3606 4276 Μίειι,

340 4292 481 4346 Dens
515 4303 617 4359 non
648 4283 939 4359 dedit?_iil_.
968 4284 1165 4359 l_teru_m
1244 4283 1334 4359 “if”
1367 4285 1538 4348 Quam
1596 4284 1776 4336 habuit
1835 4299 1959 4335 mss.
1999 4299 2161 4359 quam
2212 4283 2443 4359 habebat
2516 4288 2608 4320 ³⁸⁸³
2639 4288 2792 4343 Sicut
2831 4291 3041 4359 accepit
3076 4292 3266 4347 habuit
3304 4309 3431 4346 mss.
3470 4294 3614 4347 sicut

338 4360 547 4432 accepit
575 4357 773 4412 habere
848 4353 940 4432 “3f
972 4352 1165 4432 P_otuit,
1183 4352 1513 4432 acciperetet
1547 4367 1759 4432 semper
1789 4369 1912 4405 mss.
1945 4353 2116 4432 potuit
2153 4355 2400 4432 accipere
2428 4369 2853 4432 semperteuere
2928 4352 3021 4392 ¹έ⁸⁸
3052 4361 3261 4432 Tenere
3281 4362 3421 4430 quod
3454 4364 3609 4416 dese-

339 4433 450 4486 ruit
472 4420 598 4484 inss.
625 4437 809 4498 tenere
837 4425 961 4493 quia
987 4422 1258 4498 deseruit__
1298 4422 1389 4453 ⁸³⁸⁸
1413 4420 1537 4498 Νυιι⁵
1571 4421 1817 4498 illeo_non
1847 4423 2057 4490 accepit
2098 4439 2196 4476 ms.
2225 4420 2286 4478 Si
2315 4424 2478 4498 illic/:3
2519 4420 2621 4481 n'ou
2653 4428 2773 4482 ideo
2800 4433 3008 4498 accepit
3084 4430 3173 4462 ‘5'"
3205 4420 3314 4486 Sed
3340 4432 3480 4485 Deus
3505 4445 3610 4485 non

340 4517 462 4555 nus.
492 4500 585 4553 sed
612 4498 731 4550 ideo
757 4490 896 4550 Deus
923 4511 1025 4549 non
1070 4492 1193 4565 fi“
1218 4491 1332 4565 Non
1359 4492 1591 4565 accepiu
1609 4490 1740 4565 Quis
1755 4508 1878 4565 _non
1903 4508 2026 4546 mss.
2059 4510 2161 4546 non
2190 4495 2419 4565 accepit.
2448 4497 2511 4550 D.
2544 4497 2674 4562 Quis
2703 4514 2806 4551 non
2885 4490 2977 4530 ¹⁸ῖ¹⁹
3006 4498 3120 4555 Νοη
3153 4501 3273 4555 ideo
3302 4515 3408 4554 non
3444 4501 3613 4555 voluit

340 4570 466 4624 edit.
508 4566 656 4639 Veri.
699 4567 819 4618 ideo
857 4580 960 4618 non
999 4562 1181 4639 vgiuii
1242 4562 1333 4639 “_9“
1369 4561 1940 4639 'l‘enere'.__D._Qu:m-o
1968 4578 2107 4639 _mss.
2156 4561 2351 4639 terere.
2391 4561 2591 4639 Qtnero
2659 4567 2747 4598 ¹⁸⁹¹
2781 4567 3009 4639 Quando
3029 4570 3319 4639 aliquando
3347 4586 3460 4639 rem
3484 4587 3609 4624 mss.

340 4635 813 4709 quandoaliquam
841 4649 980 4709 reni_
1029 4633 1120 4709 im
1144 4631 1298 4709 Quod
1326 4631 1767 4709 propter‘aliquid
1798 4647 1903 4709 non
1930 4631 2012 4684 vis
2041 4649 2167 4685 mss.
2191 4634 2592 4709 quodnonnisi
2625 4631 2844 4709 propter
2873 4638 3019 4695 aliud
3047 4631 3152 4694 non
3183 4641 3265 4695 vis
3293 4656 3390 4693 ms.
3421 4638 3608 4709 Cister.

341 4699 482 4778 quod
520 4705 621 4758 nisi
659 4699 877 4779 propter
914 4701 1195 4779 alind__non
1228 4699 1338 4779 vis;
1360 4699 1487 4779 edit.
1519 4699 1674 4779 Colit.
1708 4699 2252 4779 quod-_noirprupter
2286 4702 2486 4779 aliquid
2524 4707 2602 4779 vis
2625 4699 2639 4705 ’
2668 4699 2773 4779 ξεδὲ
2797 4705 2911 4779 Nec
2928 4718 3119 4779 tamen
3158 4719 3376 4779 propter
3409 4708 3611 4778 aliquid

340 4769 467 4831 mss.
501 4789 602 4830 nec
641 4769 996 4847 nisi'prOpter
1034 4771 1177 4824 aliud
1254 4770 1350 4847 ¹⁸⁹ξ
1397 4771 1463 4825 Ει
1502 4772 1672 4840 magis
1704 4775 1785 4847 vis
1814 4769 2171 4847 aliquidnniss.
2205 4780 2259 4826 et
2296 4769 2463 4841 inagis
2508 4775 2587 4847 vis
2634 4775 2776 4829 aliud
2854 4777 2945 4809 ¹³⁹⁸
2995 4769 3204 4834 Tenere
3233 4769 3373 4833 :ised
3404 4769 3528 4847 quia
3554 4788 3613 4831 ut

341 4864 469 4901 mss.
517 4855 701 4913 tenere
740 4839 894 4896 :sed
923 4840 1075 4913 ideo
1107 4856 1212 4894 non
1266 4840 1377 4913 vult
1424 4839 1625 4913 tenere,
1671 4842 1797 4913 quia
1828 4850 1883 4893 ut
1959 4839 2171 4913 “’“Dic
2195 4857 2322 4910 ergo
2353 4839 2478 4898 mss.
2516 4845 2637 4899 dico
2662 4860 2791 4913 ergo
2867 4846 2955 4879 ’⁸³⁷
2987 4848 3243 4903 Voluntas
3273 4839 3456 4902 deﬁcit
3483 4864 3609 4900 mss.

344 4919 591 4972 voluntas
620 4912 815 4994 deiecit
915 4910 1008 4942 ³⁸⁸⁸
1052 4910 1119 4963 In
1149 4927 1245 4964 ms.
1285 4908 1472 4994 Cister.
1526 4912 1593 4963 ad
1631 4912 1919 4994 marginem
1966 4911 2144 4994 eadem
2168 4908 2337 4994 _mzinu
2367 4916 2560 4994 scripta
2599 4908 2841 4994 leguntur
2873 4918 2975 4994 ista
3002 4931 3020 4969 .'
3050 4916 3265 4994 creavit
3299 4918 3440 4972 Deus
3470 4918 3613 4994 inter

342 4997 571 5043 caeteros
600 4982 818 5053 angelos
868 4996 1064 5056 unum,
1096 4994 1202 5056 non
1241 4982 1518 5056 ordinem,
1557 4981 1648 5056 sed
1690 4980 1937 5056 spiritum
1977 4980 2356 5056 individualem
2394 4980 2483 5056 qui
2525 4986 2576 5036 in
2608 4980 2761 5056 sacra
2795 4988 3072 5056 Scriptura
3099 4987 3316 5043 Lucifer
3353 4987 3611 5056 appellari

343 5058 503 5123 solet,
536 5049 783 5123 ltutthue
809 5051 1061 5125 omnibus
1093 5049 1215 5102 aliis
1242 5051 1293 5103 in
1323 5066 1417 5125 su_a
1447 5050 1720 5125 creatione
1745 5050 2045 5125 digniorem
2072 5049 2480 5125 eonstituit;_de
2511 5068 2575 5125 e9
2606 5055 2674 5125 ad
2711 5049 2930 5110 heatuni
2956 5055 3056 5112 Job
3092 5058 3351 5113 Dominus
3383 5049 3609 5125 loquens

344 5118 515 5182 dicit}
546 5124 663 5193 Ipse
690 5118 763 5177 Est
793 5120 1111 5196 principium
1131 5134 1331 5171 viarum
1363 5119 1480 5196 _Dei,
1511 5119 1563 5196 id
1595 5128 1678 5172 est
1702 5118 1994 5196 principale
2024 5118 2351 5196 interopera
2384 5119 2499 5196 Dei.
2534 5122 2915 5196 Et_Gregorius
2945 5142 3107 5196 super
3132 5128 3361 5182 eundem
3393 5118 3607 5181 locum:

342 5196 485 5250 Deus
522 5188 610 5266 ιιιὶὲ
640 5188 827 5267 cuncto
855 5188 1069 5267 creavit,
1101 5189 1242 5267 iunio
1270 5189 1682 5267 eminentiorem
1709 5188 1959 5267 omnibus
1985 5188 2251 5267 condidit}
2285 5199 2339 5244 et
2370 5191 2419 5267 si
2443 5188 2899 5267 mqualenﬂquod
2926 5188 3135 5251 cer-tum
3170 5211 3273 5250 non
3304 5196 3406 5267 est)
3446 5210 3610 5263 super

344 5280 405 5320 se
430 5256 607 5321 tam’cn
641 5264 843 5317 nullum
878 5256 1177 5333 liabui‘triEt
1202 5257 1535 5333 iisechielde
1564 5260 1678 5328 ipso
1704 5258 1832 5333 dicit
1859 5273 1872 5309 :
1906 5256 2256 5333 0mni_s__lapis
2289 5256 2544 5328 pretiosus
2577 5256 2950 5333 aperimeiuum
2985 5275 3152 5332 tuum,
3182 5268 3284 5321 hoc
3309 5256 3400 5320 est
3420 5256 3609 5320 omnes

344 5335 574 5405 angelici
613 5330 960 5405 spiritustibi
999 5328 1389 5405 sibi_subjnecit.
1429 5329 1525 5405 iibi
1558 5326 1960 5405 venerationem
1989 5326 2327 5405 exhibentes,
2364 5339 2420 5384 et
2467 5340 2519 5385 te
2566 5326 2719 5405 quasi
2755 5326 3149 5405 vestimentum
3171 5336 3467 5405 pretiosum
3504 5334 3612 5387 cir-

343 5396 745 5458 cut'nornan'tes.
798 5401 897 5456 llic
935 5414 1064 5471 ergo
1113 5397 1325 5471 Lucifer
1357 5398 1479 5466 quia
1515 5400 1565 5451 in
1607 5407 1753 5471 tanta
1801 5398 2058 5467 dignitate
2094 5396 2443 5471 sublimatum
2491 5416 2550 5456 se
2584 5396 2743 5468 vidit,
2773 5414 2827 5458 et
2857 5404 3099 5461 Creatori
3154 5396 3251 5461 suo
3303 5404 3612 5460 inordinate

345 5473 539 5546 similis
576 5474 691 5526 ﬁeri
722 5473 915 5535 voluit;
955 5467 1398 5546 irremissibilitcr
1424 5469 1685 5546 peccavit,
1713 5476 1767 5546 e_t
1798 5481 2053 5521 corruens
2094 5467 2230 5546 infra
2261 5470 2512 5546 se__illius
2557 5473 2927 5546 beatitudinis,
2965 5476 3453 5546 quam_habiturus
3489 5483 3611 5546 erat

344 5542 392 5621 _si
422 5552 841 5621 perseverassei,
877 5555 1018 5621 citur
1041 5538 1288 5621 euntibus
1326 5540 1425 5621 sibi
1475 5538 1527 5590 in
1551 5539 1648 5593 hac
1677 5538 1945 5593 voluntate
1983 5537 2461 5610 consentienzibus,
2505 5542 2697 5613 gaudia
2732 5537 2921 5599 amisit
2974 5537 3102 5621 3°”
3133 5543 3203 5601 Μ.
3232 5545 3433 5601 Verum
3467 5543 3610 5615 quod

344 5612 580 5667 habebat
619 5626 743 5663 mss.
779 5608 846 5662 Μ.
883 5608 1150 5677 Quidquid
1193 5609 1416 5663 habebat
2447 5608 2453 5610 ⁷
2508 5608 2530 5613 ⁷
2866 5648 2869 5653 .
