3926 6054
268 338 377 413 3:3

272 536 552 594 Justitiam
600 546 730 588 vero
756 528 1010 593 volendo,
1061 540 1290 596 peccare
1325 541 1430 580 non
1462 525 1660 595 potuit.
1709 524 1857 579 DISC.

272 630 476 685 Verum
523 634 624 681 est.
680 624 821 680 MAG.
872 619 1125 676 Peccavit
1172 633 1303 689 ergo
1364 617 1598 672 volendo
1649 614 1867 684 aliquod

274 719 648 783 commodum,
675 715 821 788 quod
867 728 969 769 nec
995 710 1250 774 habebat,
1292 723 1394 763 nec
1437 715 1570 762 tunc
1603 705 1739 760 velle
1769 704 1865 758 de-

274 811 394 867 buit
417 850 434 876 ,
462 807 605 880 quod
654 815 831 861 tamen
863 804 930 859 ad
976 808 1320 873 augmentum
1368 795 1719 853 beatitudinis
1746 807 1867 849 esse

277 905 353 961 illi
384 909 620 973 poterat.
659 897 805 952 Dtsc.
830 894 1016 949 Palam
1045 901 1129 949 est
1158 891 1417 962 quoniam
1449 888 1607 943 aliter
1637 901 1741 942 non
1765 900 1864 956 po-

276 996 405 1051 tuit.
437 992 576 1047 MAG.
607 988 819 1049 Cernis,
865 995 927 1040 ut
954 995 1105 1054 puto,
1140 981 1266 1053 quia
1311 981 1431 1052 plus
1474 978 1676 1048 aliquid
1705 991 1866 1048 quam

284 1089 593 1153 acceperat,
624 1077 926 1132 inordinate
948 1074 1040 1106 ¹⁹⁰¹
1072 1071 1321 1135 volendo,
1363 1068 1693 1124 voluntatem
1713 1079 1866 1121 suam

276 1183 433 1229 extra
459 1170 724 1240 justitiam
754 1164 1001 1221 extendit
1048 1163 1161 1216 ‘9”.
1196 1160 1342 1216 DISC.
1374 1159 1574 1228 Aperte
1606 1169 1750 1211 nunc
1789 1154 1869 1208 vi-

277 1266 385 1320 deo
424 1262 550 1333 quia
583 1256 853 1334 peccavit,
892 1263 947 1311 et
975 1252 1204 1309 volendo
1249 1249 1391 1322 quod
1438 1263 1547 1304 non
1578 1245 1783 1308 debuit,
1814 1250 1870 1300 et

280 1369 389 1409 non
421 1351 651 1407 volendo
693 1347 839 1418 quod
872 1345 965 1378 ¹⁹⁰³
1010 1344 1197 1400 debuit
1247 1359 1261 1396 :
1315 1349 1369 1397 et
1392 1338 1571 1411 palam
1610 1345 1701 1393 est
1741 1335 1867 1406 quia

279 1461 391 1501 non
440 1444 565 1499 ideo
612 1439 782 1495 voluit
813 1436 908 1470 ¹⁹⁰δ
935 1436 1220 1506 plusquam
1266 1433 1473 1496 debuit,
1523 1430 1650 1500 quia
1695 1427 1870 1483 noluit

279 1545 472 1591 tenere
496 1531 763 1602 justitiam
788 1546 804 1595 ;
836 1526 929 1582 sed
954 1526 1075 1580 ideo
1094 1522 1362 1595 justitiam
1386 1536 1491 1575 non
1522 1518 1713 1582 tenuit,
1744 1516 1870 1587 quia

278 1623 430 1680 aliud
460 1622 629 1677 voluit
666 1618 785 1685 ¹⁹⁰⁸,
806 1617 961 1688 quod
990 1614 1219 1671 volendo
1249 1611 1397 1667 illam
1438 1609 1697 1674 deseruit,
1732 1608 1872 1664 sicut

280 1715 339 1771 in
387 1725 575 1776 avaro,
609 1711 677 1765 de
722 1720 942 1763 nummo
986 1711 1038 1760 et
1079 1716 1222 1773 pane
1262 1700 1596 1756 monStrasti.
1628 1697 1768 1753 MAG.
1799 1697 1871 1751 At

1442 319 1715 378 DIALOG.
1749 318 1839 376 DE
1871 317 2055 375 CASU
2096 314 2383 373 Dl.\BOLl.

274 448 380 503 nisi
409 442 774 514 quodjustum
806 446 898 492 aut
922 434 1262 491 commodum
1294 432 1385 467 ¹⁹⁰⁰
1418 444 1684 502 putamus.
1720 430 1857 486 MAG.
1892 440 1939 497 Α

3446 298 3547 357 ’ἃῆιί

2589 423 2815 479 CAPUT
2859 421 2922 476 V.

2040 542 2193 609 Quod
2224 541 2343 596 boni
2370 537 2541 610 angeli
2567 524 2899 596 σκιαί-11111111
2930 532 3187 587 malorum
3224 514 3350 598 pecc
3385 545 3486 585 are

2606 615 2905 675 potuerunt.

2037 701 2175 758 Μλο.
2227 700 2463 755 Putasne
2515 697 2690 752 bonos
2742 692 2962 763 angelos
3005 689 3258 746 similiter
3309 688 3552 756 potuisse

1967 808 2214 866 peccare,
2246 800 2536 861 antequam
2579 782 3025 842 mali'caderent?
3062 780 3209 836 DISC.
3253 778 3428 845 Puto;
3459 779 3554 834 sed

1969 887 2182 942 ratione
2228 880 2694 953 comprehendere
2741 876 2957 931 vellem.
3007 873 3147 927 MAG.
3189 870 3304 925 ll‘oc
3341 880 3555 925 certqu

1968 978 2135 1034 habes
2163 977 2289 1047 quia
2330 977 2373 1031 si
2404 990 2512 1029 non
2548 978 2841 1045 potuerunt
2867 984 3128 1041 peccare,
3159 982 3261 1021 non
3289 974 3557 1035 potestate

1970 1069 2063 1124 sed
2111 1067 2433 1122 necessitate
2480 1069 2833 1119 servaverunt
2872 1059 3159 1128 justitiam.
3218 1056 3397 1123 Quare
3441 1069 3551 1107 nou

1970 1162 2143 1231 magis
2190 1154 2508 1215 meruerunt
2546 1155 2778 1229 gratiam
2834 1169 2863 1208 a
2906 1153 3041 1219 Deo,
3086 1150 3214 1220 quia
3258 1156 3554 1213 steterunt,

1970 1254 2091 1308 aliis
2117 1251 2460 1314 cadentibus,
2489 1262 2649 1319 quam
2690 1245 2815 1315 quia
2841 1250 3197 1298 servaverunt
3225 1237 3562 1293 rationalita-

1972 1354 2079 1400 tem
2113 1344 2227 1408 ιω,
2260 1355 2423 1411 quam
2464 1338 2693 1411 perdere
2739 1334 3118 1404 nequiverunt.
3160 1330 3266 1385 Sed
3308 1343 3409 1384 nec
3427 1327 3561 1399 justi

1971 1445 2150 1500 recte,
2213 1435 2259 1489 si
2308 1433 2447 1487 bene
2494 1429 2845 1494 consideres,
2893 1426 3223 1480 dicerentur.
3272 1422 3417 1476 Dtsc.
3469 1417 3562 1473 Sic

1970 1536 2234 1586 monstrat
2287 1524 2445 1579 ratio.
2501 1522 2644 1578 MAG.
2702 1521 2779 1575 llli
2817 1533 2946 1589 ergo
3001 1516 3091 1586 qui
3142 1514 3482 1577 ceciderunt,
3515 1511 3562 1565 si

1971 1634 2079 1675 non
2138 1620 2456 1687 peccassent
2500 1626 2621 1666 cum
2660 1617 2913 1680 possent,
2967 1614 3117 1660 tanto
3169 1602 3421 1658 meliores
3477 1614 3565 1655 es-

1972 1717 2094 1764 sent
2140 1722 2302 1778 quam
2335 1705 2422 1760 isti
2450 1702 2573 1764 '9“,
2631 1708 2836 1771 quanto
2864 1706 2919 1754 et
2961 1710 3086 1751 vere
3122 1702 3305 1751 essent
3341 1691 3475 1763 justi
3509 1698 3566 1746 et

285 1818 414 1859 cum
445 1802 552 1857 hoc
578 1798 775 1864 voluit,
805 1794 951 1867 quod
984 1794 1125 1849 Deus
1152 1790 1302 1846 illum
1332 1789 1470 1843 velle
1498 1787 1744 1852 nolebat,
1776 1801 1872 1843 vo-

1987 1800 2207 1871 gratiam
2240 1813 2269 1851 a
2314 1795 2423 1851 Deo
2462 1801 2824 1848 mererentur.
2856 1787 3010 1846 Unde
3039 1787 3286 1856 sequitur
3311 1784 3439 1854 quia
3468 1789 3567 1837 aut

282 1893 389 1948 luit
415 1889 725 1945 inordinate
752 1886 947 1943 similis
970 1898 1091 1940 esse
1127 1881 1260 1937 Deo.
1292 1880 1436 1936 Dtsc.
1463 1878 1521 1934 Si
1555 1880 1696 1935 Deus
1722 1879 1873 1949 cogi-

284 1983 392 2039 tari
418 1996 529 2036 non
567 1977 881 2050 potest,nisi
910 1976 984 2031 ita
1010 1973 1159 2032 solus
1181 1972 1388 2029 utnibil
1416 1971 1490 2027 illi
1533 1972 1707 2027 simile
1730 1972 1877 2040 cogi-

284 2074 391 2131 tari
418 2072 594 2144 possit
618 2112 634 2136 ,
668 2068 940 2140 quomodo
967 2067 1144 2138 potuit
1167 2064 1412 2122 diabolus
1438 2063 1575 2119 velle
1600 2062 1743 2133 quod
1768 2078 1875 2118 non

284 2165 466 2237 potuit
505 2159 795 2234 cogitare?
835 2158 952 2214 Non
981 2157 1129 2214 enim
1171 2155 1246 2210 ita
1271 2156 1481 2212 obtusa:
1509 2152 1707 2209 mentis
1735 2162 1874 2218 erat,

287 2265 349 2311 ut
381 2252 521 2310 nihil
562 2252 710 2307 aliud
759 2249 937 2306 simile
982 2248 1094 2303 Deo
1142 2246 1368 2318 cogitari
1412 2258 1572 2316 posse
1619 2243 1872 2299 nesciret.

288 2346 431 2405 MAG.
460 2344 687 2402 Etiamsi
714 2342 890 2399 noluit
929 2341 1154 2398 omnino
1185 2355 1286 2411 par
1314 2353 1434 2395 esse
1475 2338 1612 2403 Deo,
1651 2336 1746 2392 sed
1773 2335 1872 2389 ali-

288 2440 421 2512 quid
451 2439 630 2493 minus
681 2435 794 2491 Deo
837 2434 953 2499 ¹⁹⁰⁶,
998 2441 1187 2488 contra
1231 2430 1563 2487 voluntatem
1600 2427 1726 2495 Dei,
1776 2427 1879 2481 hoc

290 2534 411 2602 ipso
442 2529 614 2586 voluit
666 2526 978 2585 inordinate
1030 2523 1121 2556 ¹⁹⁰τ
1169 2521 1363 2577 similis
1409 2534 1528 2574 esse
1574 2519 1703 2585 Deo,
1749 2516 1875 2586 quia

289 2623 509 2694 prOpria
533 2622 833 2684 voluntate,
864 2631 984 2687 quae
1013 2614 1143 2670 nulli
1169 2614 1384 2669 subdita
1419 2611 1538 2674 fuit,
1577 2609 1750 2665 voluit
1779 2607 1877 2661 ali-

290 2714 441 2784 quid.
475 2712 654 2769 Solius
678 2711 824 2767 enim
848 2709 943 2764 Dei
969 2720 1091 2762 esse
1131 2706 1311 2769 debet,
1343 2704 1421 2759 sic
1443 2701 1724 2757 voluntate
1754 2713 1879 2770 pro-

292 2809 408 2878 pria
455 2807 593 2863 velle
618 2805 842 2877 aliquid,
890 2812 949 2858 ut
974 2802 1311 2874 superiorem
1359 2815 1465 2855 non
1495 2804 1757 2868 sequatur
1785 2810 1877 2852 vo-

294 2901 579 2954 luntatem.
642 2899 790 2953 DISC.
839 2897 917 2951 Ita
967 2904 1071 2951 est.
1116 2893 1257 2951 MAG.
1309 2892 1424 2947 Non
1474 2891 1645 2947 solum
1697 2897 1875 2944 autem

294 2991 465 3045 voluit
502 3005 623 3046 esse
667 2989 888 3059 aequalis
941 2988 1074 3055 Deo,
1114 2986 1239 3057 quia
1286 2984 1633 3057 praesumpsit
1678 2981 1880 3037 habere

294 3080 571 3151 propriam
611 3080 984 3144 voluntatem;
1019 3079 1113 3134 sed
1143 3077 1308 3133 etiam
1343 3073 1513 3144 major
1540 3073 1711 3129 voluit
1736 3088 1878 3138 esse,

1981 1890 2137 1947 electi
2188 1887 2436 1943 homines
2483 1883 2718 1954 majores
2765 1892 2820 1937 et
2868 1881 3124 1936 meliores
3161 1887 3322 1935 erunt
3361 1878 3566 1949 angelis

1976 1980 2155 2045 bonis,
2184 1984 2283 2033 aut
2313 1976 2525 2049 reprobi
2554 1973 2727 2045 angeli
2769 1970 3007 2043 perfecte
3032 1986 3138 2026 non
3181 1971 3570 2026 reataurabun-

1978 2078 2096 2137 tur,
2120 2068 2383 2139 quoniam
2414 2080 2519 2121 non
2555 2064 2689 2118 tales
2722 2070 2882 2117 erunt
2910 2061 3181 2127 homines,
3209 2059 3300 2131 qui
3331 2073 3431 2130 pro
3463 2060 3567 2114 illis

1976 2172 2321 2218 assumentur
2368 2159 2480 2223 ‘m,
2524 2157 2711 2228 quales
2739 2156 2812 2211 illi
2838 2155 3004 2210 futuri
3053 2162 3230 2216 erant.
3263 2153 3409 2209 DISC.
3439 2152 3568 2208 Haec

1976 2254 2085 2308 duo
2113 2254 2329 2322 penitus
2367 2249 2620 2322 neganda
2647 2248 2924 2305 existimo.
2954 2245 3097 2303 MAG.
3140 2246 3439 2301 Potuerunt
3469 2244 3568 2314 igi-

1979 2357 2068 2404 tur
2096 2347 2187 2379 ¹⁹¹⁸
2211 2346 2337 2403 boui
2359 2344 2534 2416 angeli
2569 2358 2817 2414 peccare,
2837 2348 2967 2395 ante
2986 2353 3170 2395 casum
3196 2337 3460 2393 malorum
3477 2336 3567 2369 ¹⁹¹⁶

1978 2456 2079 2496 nec
2103 2439 2281 2506 aliter,
2308 2452 2472 2507 quam
2512 2435 2654 2492 sicut
2678 2443 2957 2490 ostensum
2984 2439 3070 2488 est
3099 2431 3165 2486 de
3185 2429 3293 2485 illis
3319 2427 3411 2499 qui
3443 2440 3572 2498 pec-

1977 2537 2261 2585 caverunt.
2287 2527 2440 2581 Dtsc.
2468 2524 2642 2580 Aliter
2668 2538 2790 2579 esse
2817 2535 2975 2592 posse
3000 2534 3108 2576 non
3137 2518 3316 2573 video.

2573 2614 2802 2671 CAPUT
2840 2613 2931 2668 Vl.

1980 2711 2258 2779 Quomodo
2301 2709 2423 2764 boni
2451 2706 2751 2788 conﬁrmati
2792 2713 2915 2759 sunt
2955 2703 3012 2758 in
3038 2717 3135 2757 suo
3164 2708 3329 2767 statu,
3358 2708 3405 2754 et
3441 2699 3569 2754 moli

2595 2792 2650 2829 1η
2677 2792 2803 2829 casu
2839 2790 2955 2827 δυο.

2051 2873 2192 2929 MAG.
2226 2870 2304 2926 Illi
2331 2871 2516 2940 itaque
2540 2866 2741 2937 angeli,
2784 2865 2877 2935 qui
2907 2864 3078 2934 magis
3107 2862 3392 2917 voluerunt
3415 2860 3576 2931 justi-

1982 2965 2111 3021 tiam
2141 2979 2304 3035 quam
2337 2961 2633 3025 habebant,
2660 2972 2825 3028 quam
2850 2954 2982 3011 illud
3012 2954 3135 3026 plus
3162 2953 3305 3024 quod
3349 2968 3455 3006 non
3481 2951 3572 2984 ¹⁹¹⁷

1985 3057 2304 3121 habebant,
2354 3056 2554 3110 bonum
2599 3051 2743 3121 quod
2793 3047 2949 3121 quasi
3012 3053 3236 3118 propter
3276 3044 3570 3115 justitiam,

293 3137 526 3226 volendo
569 3168 710 3240 quod
757 3168 898 3224 Deus
943 3137 1092 3223 illum
1142 3165 1279 3221 velle
1320 3137 1540 3220 nolebat
1569 3205 1584 3231 ,
1624 3162 1879 3233 quoniam
1909 3151 1950 3207 C
1984 3157 2247 3219 quantum
2293 3146 2359 3200 ad
2410 3145 2740 3199 VOIIIﬂla‘tcm
2800 3138 3062 3211 pertinuit
3101 3178 3118 3203 ,
3172 3137 3571 3206 perdiderunt:

294 3261 632 3316 voluntatem
693 3274 845 3315 suam
904 3272 1064 3328 supra
1121 3256 1456 3326 voluntatem
1521 3252 1616 3307 Dei
1679 3252 1877 3324 posuit.

296 3353 445 3409 DISC.
488 3351 636 3407 Satis
664 3350 856 3421 liquet.
888 3348 1028 3405 MAG.
1056 3347 1175 3403 1am
1216 3347 1378 3418 igitur
1410 3345 1503 3401 tibi
1536 3345 1627 3377 ‘9“
1657 3341 1884 3400 manife-
1936 3405 1945 3412 _

298 3453 442 3498 stum
470 3457 590 3498 esse
630 3452 760 3512 puto
787 3456 853 3497 ex
885 3439 1188 3495 rationibus
1226 3435 1582 3507 suprapositis
1609 3433 1883 3489 diabolum

299 3543 494 3605 Sponte
535 3533 803 3589 dimisisse
829 3531 967 3587 velle
1010 3530 1153 3602 quod
1200 3529 1450 3596 debebat,
1479 3538 1536 3582 et
1559 3526 1704 3597 jnste
1752 3526 1887 3579 ami-

299 3626 442 3682 sisse
489 3624 635 3694 quod
687 3622 952 3688 habebat;
1010 3621 1137 3691 quia
1186 3631 1376 3690 sponte
1429 3628 1485 3673 et
1518 3615 1890 3686 justevoluit

300 3717 446 3788 quod
476 3731 581 3786 npn
630 3716 883 3781 habebat,
930 3720 986 3769 et
1012 3712 1150 3768 velle
1176 3710 1558 3775 nondebebat
1590 3707 1703 3762 '9”.
1739 3706 1886 3762 DISC.

302 3810 447 3866 Nihil
476 3817 606 3879 puto
634 3806 993 3863 manifestius.
1036 3805 1177 3861 MAG.
1211 3803 1472 3870 Quamvis
1506 3801 1671 3873 igitur
1714 3800 1891 3853 bonus

303 3900 531 3972 angelus
590 3898 710 3954 ideo
756 3898 967 3968 accepit
1015 3893 1498 3967 perseverantiam,
1570 3892 1699 3962 quia
1751 3891 1892 3943 Deus

302 3990 486 4054 dedit,
537 4003 644 4042 non
695 3987 815 4043 ideo
862 3995 1043 4041 tamen
1100 3984 1277 4040 malus
1327 3998 1433 4038 non
1480 3980 1705 4049 accepit,
1765 3978 1892 4050 quia

303 4082 450 4136 Deus
482 4080 572 4112 ¹⁹¹⁰
603 4095 708 4135 non
741 4077 887 4134 dedit
916 4096 929 4132 :
958 4077 1052 4132 sed
1082 4077 1224 4132 Deus
1257 4075 1377 4131 ideo
1423 4088 1528 4127 non
1556 4072 1726 4135 dedit,
1768 4069 1892 4139 quia

305 4171 397 4226 ille
428 4186 533 4224 non
562 4168 805 4238 accepit;
836 4176 890 4223 et
917 4167 1038 4222 ideo
1066 4183 1170 4236 non
1208 4163 1437 4234 accepit,
1471 4162 1596 4232 quia
1649 4160 1896 4229 accipere

305 4260 505 4315 noluit.
552 4260 699 4315 Dtsc.
750 4259 878 4313 Mihi
907 4257 1124 4328 quidem
1175 4256 1247 4311 ita
1292 4252 1564 4310 satisfacis
1594 4253 1661 4307 ad
1706 4251 1794 4283 ¹⁹¹¹
1830 4266 1894 4304 ea

307 4365 432 4420 qua:
477 4364 682 4419 quaero,
735 4357 794 4402 ut
840 4362 939 4403 nec
969 4334 1021 4402 in
1063 4345 1147 4400 his
1194 4360 1313 4414 quae
1363 4343 1641 4414 proponis,
1696 4356 1794 4394 nec
1842 4340 1895 4392 in

308 4442 428 4512 ipsa
471 4439 858 4510 consequentia
889 4437 1300 4494 conclusionum
1351 4443 1568 4488 tuarum
1618 4429 1898 4497 ullam‘vi-

308 4531 492 4597 deam,
521 4546 683 4587 sensu
711 4545 852 4596 meo,
883 4527 1117 4583 titubare
1143 4528 1449 4582 veritatem.

1980 3236 2190 3308 justitia
2228 3234 2583 3299 retribuente,
2613 3237 2940 3302 acceperunt
2968 3236 3023 3283 et
3047 3227 3114 3283 de
3156 3225 3269 3292 illo,
3298 3225 3440 3296 quod
3467 3225 3580 3280 ha-

1986 3327 2208 3393 bebant,
2237 3326 2290 3380 in
2317 3339 2441 3379 vera
2460 3321 2752 3378 securitate
2780 3327 3217 3391 permanserunt.
3238 3315 3579 3385 Quapropter

1986 3418 2122 3473 adeo
2164 3424 2289 3472 sunt
2315 3416 2555 3487 provecti
2600 3412 2711 3477 "‘3,
2743 3422 2801 3465 ut
2843 3411 2951 3465 sint
2992 3408 3169 3477 adepti
3199 3407 3290 3439 ¹⁹¹⁹
3317 3405 3579 3476 quidquid

1988 3516 2280 3579 potuerunt
2307 3505 2482 3569 velle;
2513 3520 2613 3559 nec
2632 3503 2745 3574 jam
2770 3502 2983 3555 videant
3008 3499 3136 3569 quid
3166 3497 3285 3568 plus
3321 3495 3457 3551 velle
3487 3495 3580 3527 "2°

1988 3600 2209 3672 possint
2238 3597 2331 3632 ¹⁹¹¹
2367 3617 2380 3654 :
2429 3606 2485 3653 et
2516 3591 2737 3669 propter
2776 3594 2882 3652 hoc
2904 3607 3133 3665 peccare
3176 3597 3470 3661 nequeunt.
3500 3586 3579 3643 llli

1989 3707 2119 3747 vero
2144 3690 2320 3761 angeli
2351 3690 2443 3760 qui
2478 3688 2789 3744 maluerunt
2833 3684 2963 3739 illud
3002 3682 3146 3753 plus,
3170 3681 3311 3752 quod
3342 3679 3579 3735 nondum

1992 3784 2135 3839 Deus
2162 3783 2268 3837 illis
2335 3782 2468 3836 dare
2498 3779 2731 3842 volebat,
2781 3792 2942 3847 quam
2972 3784 3119 3830 stare
3166 3774 3221 3829 in
3262 3773 3497 3844 justitia,
3527 3771 3583 3826 iu

1994 3890 2101 3947 qua
2147 3872 2272 3928 facti
2302 3880 2497 3935 erant,
2550 3870 2740 3924 eadem
2781 3867 2991 3936 justitia
3034 3864 3338 3934 judicante,
3367 3872 3423 3918 et
3452 3861 3582 3916 illud

1994 3972 2213 4037 propter
2243 3963 2396 4033 quod
2417 3959 2564 4014 illam
2595 3963 3041 4026 contempserunt
3070 3968 3411 4024 nequaquam
3442 3954 3585 4007 obti-

1994 4067 2267 4121 nuerunt;
2316 4065 2370 4111 et
2400 4053 2542 4126 quod
2578 4051 2831 4108 tenebant
2888 4049 3087 4103 bonum
3119 4047 3440 4115 amiserunt.
3492 4044 3587 4099 Sic

1995 4164 2125 4219 ergo
2177 4146 2416 4202 distincti
2471 4155 2596 4201 sunt
2638 4140 2842 4213 angeli,
2888 4150 2948 4193 ut
2997 4139 3335 4193 adhmrentes
3360 4135 3589 4205 justitia:

1998 4241 2201 4296 nullum
2230 4238 2365 4295 velle
2392 4237 2589 4293 bonum
2620 4234 2851 4305 possint,
2878 4246 2986 4301 quo
3009 4245 3114 4287 non
3145 4229 3264 4302 65
3285 4229 3582 4300 gaudeant;

1999 4341 2054 4386 et
2075 4333 2385 4386 deserentes
2406 4327 2573 4392 illam,
2603 4327 2805 4382 nullum
2829 4324 2964 4380 velle
2985 4333 3206 4394 queant,
3234 4338 3343 4394 quo
3368 4336 3470 4376 non
3498 4335 3586 4375 ca-

2002 4429 2178 4477 reant.
2212 4421 2357 4476 Disc.
2399 4418 2541 4474 Nihil
2572 4417 2872 4488 pulchrius,
2909 4425 3003 4470 aut
3028 4413 3230 4484 justius
3259 4413 3360 4467 hac
3395 4413 3589 4467 distin-

1933 4532 1980 4592 ι)
2008 4513 2205 4566 ctione.
2256 4510 2362 4565 Sed
2411 4512 2454 4565 si
2488 4523 2673 4580 posses
2714 4508 2911 4569 dicere,
2942 4502 3130 4558 vellem
3174 4501 3364 4556 audire
3408 4501 3588 4572 cujus-

1584 4676 1818 4732 VAnue
1879 4671 2284 4731 LECTIONES.
2340 4628 2341 4631 γ

388 4819 481 4852 ’πθ
518 4818 728 4874 Justum
769 4826 825 4872 et
854 4816 1195 4871 commodum
1225 4831 1350 4869 mss.
1370 4812 1572 4882 justum
1609 4823 1701 4866 aut
1725 4809 2073 4882 commodum
2141 4806 2230 4837 ¹⁹⁰¹
2254 4801 2475 4872 Accepit
2498 4799 2799 4882 inordinate
2821 4813 2947 4882 mss.
2975 4803 3259 4882 acceperat
3287 4795 3594 4882 inordinate

310 4892 409 4927 ι⁹⁰²
440 4889 695 4943 Extendit
736 4904 835 4941 ms.
874 4885 1008 4940 Vict.
1042 4888 1076 4941 '5
1123 4886 1360 4940 ostendit

1462 4864 1903 4936 adsumi..qu
1935 4879 2076 4948 quod
2110 4892 2231 4948 mss.
2279 4883 2335 4928 et
2376 4864 2481 4925 non
2515 4870 2747 4948 valendo
2780 4868 2920 4948 quod
3017 4865 3276 4948 ’ξξχρμῑξι
3306 4865 3442 4946 ideo
3487 4883 3592 4948 non
3658 4864 3661 4867 ’

311 4961 484 5015 voluit
524 4975 648 5012 mss.
687 4956 818 5011 Vict.
849 4958 973 5027 quia
1017 4972 1129 5027 non
1153 4956 1272 5027 ideo
1287 4935 1459 5027 voluit
1533 4935 1648 5027 fi"
1673 4935 1806 5019 Quia
1838 4935 2037 5027 aliquid
2072 4946 2240 5026 voluit
2276 4959 2400 4996 mss.
2437 4940 2709 5027 quianaliu
2735 4943 2746 4990 l
2776 4935 2942 5027 voluit
3000 5007 3012 5020 .
3037 4935 3344 5027 :°°‘.Volulit
3371 4938 3595 5027 omnim

350 5047 413 5085 ar
448 5042 568 5083 esse
607 5028 717 5083 Deo
751 5006 1496 5094 secundum'a—liquidlatinus
1533 5023 1653 5094 Deo
1674 5006 1815 5094 ﬁt...
1842 5006 2261 5094 noluitotpnino
2295 5027 2392 5094 uel:
2572 5009 2685 5094 ξξίῖίν
2717 5007 3050 5094 εθιιηιξιίίιιιιὶδ
3091 5006 3268 5094 Ἦὶηξιδ
3290 5008 3406 5085 ,⁸)θο
3435 5072 3446 5083 ,
3488 5006 3593 5086 ,¹⁹⁰⁷

342 5103 432 5156 loc
469 5098 638 5152 voluit
676 5098 866 5152 inordie
891 5104 979 5150 ate
1006 5112 1131 5149 mss.
1166 5092 1270 5149 hoc
1298 5096 1413 5165 ipso
1444 5094 1613 5165 voluit
1641 5092 1948 5165 inordinate

526 5148 1271 5221 1ii’l‘ivlglfve—llenondehehat
1302 5148 1424 5219 ὧδε.
1466 5164 1598 5216 Vict.
1649 5162 1683 5215 9
1738 5172 1786 5215 et
1837 5160 1904 5213 15
1949 5166 2004 5212 et
2033 5154 2168 5209 velle
2196 5153 2475 5222 quodnon
2510 5148 2742 5203 (iubebat

315 5171 414 5227 tibi

2023 5085 2113 5120 ¹⁹⁰⁸
2141 5083 2259 5137 Jam
2294 5072 2384 5136 tibi
2414 5096 2539 5133 mss.
2579 5077 2766 5133 Cister.
2815 5072 2954 5130 Vict.
2986 5076 3048 5130 S.
3089 5074 3250 5127 Mich.
3283 5072 3393 5142 jam
3433 5072 3596 5143 igitur

2033 5154 2168 5199 vello.
2196 5153 2337 5199 11111111
2369 5166 2475 5199 11011
2510 5148 2742 5199 debebat
2844 5148 2935 5179 ¹⁹¹⁰
2964 5144 3081 5199 Non
3106 5144 3229 5198 ideo
3254 5159 3358 5196 non
3386 5145 3596 5199 acc-cuit

3012 5161 3081 5198 on
3106 5155 3229 5198 Ideo
3254 5159 3358 5196 non
3386 5155 3597 5212 ςιρερῃιι

316 5212 501 5294 tamen
538 5237 715 5292 malus
762 5236 1005 5306 angelus,
1037 5235 1161 5303 quia
1184 5212 1480 5306 Densius.
1504 5212 1755 5306 Vict.'l_5‘
1790 5212 1962 5306 malus
1995 5236 2173 5306 tamen
2212 5212 2315 5305 non
2348 5221 2603 5306 ideo'nou
2636 5216 3051 5306 accepithqruizi.
3080 5213 3254 5306 Detltsr
3295 5212 3386 5242 ¹⁹¹¹
3423 5212 3597 5267 Satis—

537 5288 740 5379 Qui}.
777 5288 1070 5379 Silliclc.‘
1094 5288 1366 5379 satisfacias
1395 5304 1623 5379 ad_mss_.
1662 5300 1812 5357 Gem.
1853 5299 1993 5379 βπ..
2039 5294 2169 5379 Vict:
2327 5288 2600 5346 satisfacis
2635 5288 2702 5341 ad

1678 5386 1840 5442 quam
1864 5380 1993 5442 justi

316 5376 748 5433 rationalitatem
824 5374 915 5433 φη

840 5374 915 5455 'm
950 5375 1122 5455 Quam
1168 5374 1255 5455 isti
1284 5371 1560 5455 mls‘.._V‘_icl.
1591 5373 1626 5427 5

2812 5288 2901 5319 ¹⁰¹¹
2932 5282 3427 5341 Ῑὶειιὶοητώίιίιθῑρηδ
3465 5300 3591 5337 mss.

2073 5365 2165 5397 ‘9“
2195 5363 2271 5417 llli
2306 5370 2592 5422 sumuntur
2620 5374 2746 5412 mss.
2774 5356 2898 5412 Bec.
2929 5354 3076 5409 Gem.
3108 5351 3297 5406 Cis'er.
3330 5349 3394 5422 S.
3422 5352 3594 5422 Mich.

315 5421 805 5504 itii'sQE'sliiﬁiﬁii'ur
829 5421 1123 5499 t'nssﬁ’ii‘ct.
1170 5421 1883 5500 illivs-assumentur'
1898 5421 2033 5470 mm"
2062 5436 2331 5505 Poterant
2350 5421 2515 5505 igitur
2548 5445 2671 5505 mss.
2708 5424 3202 5505 potuerunthigitur
3278 5421 3374 5505 “fi
3398 5421 3594 5505 casum

316 5518 589 5575 malorum
620 5532 717 5570 ms.
751 5513 887 5568 Vict.
940 5513 975 5567 5
1006 5517 1152 5568 omit.
1190 5514 1449 5568 malorum

318 5589 610 5657 quodnon
646 5602 745 5638 ms.
783 5583 920 5657 Vict.
948 5585 1006 5657 _9
1039 5584 1165 5657 illud
1196 5585 1339 5657 quod
1385 5583 1505 5657 plus
1533 5598 1638 5639 non

324 5738 380 5782 et
409 5743 536 5780 mss.
564 5726 791 5796 possint,
822 5736 877 5777 et

1554 5490 1920 5564 (Emittit—tas.
1968 5516 2119 5575 caput
2151 5505 2184 5557 6
2228 5490 2418 5575 incipit
2442 5500 2506 5553 ab
2558 5490 2827 5575 maternis
2853 5515 2870 5551 :
2901 5497 2971 5550 Μ.
3008 5490 3085 5549 Illi
3115 5490 3451 5575 llth1|£-i}|:td
3480 5493 3598 5564 plus

1741 5581 1893 5632 ¹⁹¹⁸Α
1922 5565 2176 5633 ὓεοέιιηι
2196 5565 2571 5643 profeclimsg.
2595 5569 2730 5643 adeo
2759 5577 2889 5643 sunt
2915 5565 3153 5643 provecti

320 5636 744 5726 iiiiéﬁu'ﬁa’isiiit
767 5636 1409 5723 Sintiadeptim39’57Quod
1436 5636 1555 5722 plus
1577 5636 1721 5709 velle
1748 5666 1872 5705 mss.
1916 5646 2046 5701 Vict.
2072 5636 2371 5699 Bcchem.
2400 5640 2461 5694 S.
2490 5638 2652 5695 Miclt.
2682 5638 2807 5707 quid
2841 5636 2960 5707 plus
2987 5636 3122 5691 velle

3261 5563 3352 5595 ¹⁹¹⁹
3376 5561 3446 5618 Ut
3470 5561 3600 5619 sunt

3224 5635 3313 5669 ¹⁹²¹
3342 5634 3594 5699 Possunt,
