3926 6054
310 232 422 288 537

1462 223 1732 281 DIALOG.
1775 223 1862 278 DE
1903 220 2082 279 CASU
2119 221 2400 278 DlABOLl.

3481 223 3588 281 358

314 346 387 400 de
414 343 688 398 voluntate
712 338 871 409 paulo
895 347 1020 394 ante
1041 338 1172 393 dixi.
1203 339 1346 395 Dlsc.
1383 337 1511 392 Mihi
1539 354 1760 409 quoque
1795 322 1976 400 hoc}
2007 336 2140 391 nihil
2169 354 2182 390 :
2213 337 2362 400 licet,
2409 339 2656 403 inquam,
2703 339 2782 394 sic
2830 348 2922 393 aut
2975 339 3082 394 alio
3127 339 3286 394 modo
3332 339 3594 411 probetur

317 435 496 503 ipsum
536 431 752 484 videtur
804 429 896 461 ‘9“
935 429 1089 499 quod’
1122 429 1324 484 asseris
1371 429 1484 482 ω’.
1525 428 1666 483 MAG.
1726 427 1910 496 Neque

315 539 449 595 ergo
497 521 747 576 voluntas
791 519 953 584 mala,
1005 535 1183 590 neque
1225 535 1390 591 prava
1441 520 1738 576 voluntatis
1773 535 1908 575 con-

317 615 522 678 versio,
567 620 653 668 est
706 613 880 682 ipsum
931 611 1156 678 malum,
1213 627 1318 682 quo
1350 612 1572 683 angelus
1619 611 1703 667 vel
1748 613 1909 667 homo

317 706 379 759 ﬁt
409 705 607 766 malus,
656 713 711 757 et
764 703 908 771 quod
936 703 1072 757 nihil
1123 719 1244 759 esse
1295 705 1735 759 dicimusznunc
1770 703 1908 758 bona

315 794 570 849 voluntas
599 801 696 846 aut
727 799 871 847 bona
898 793 1196 850 voluntatis
1229 795 1322 828 ¹⁹⁸³
1357 796 1640 852 conversio
1689 803 1773 850 est
1814 797 1910 850 bo-

315 901 450 939 num
476 900 585 954 quo
612 885 736 940 boni
764 883 901 938 fiunt

943 995 1173 1053 CAPUT
1201 998 1292 1052 IX.

429 1107 582 1173 Quod
610 1107 870 1177 injustitia
917 1108 984 1161 sit
1014 1108 1183 1178 ipsum
1221 1109 1442 1175 malum,
1471 1118 1521 1164 et
1553 1110 1618 1164 sit
1649 1110 1798 1165 nihil.

393 1219 541 1274 Dlsc.
571 1219 709 1285 Quid
739 1234 872 1286 ergo
903 1219 1146 1274 dicemus
1173 1221 1348 1290 ipsum
1384 1221 1587 1276 malum
1617 1223 1760 1290 quod
1795 1237 1908 1276 mae

316 1309 404 1364 los
435 1308 594 1363 facit:
631 1317 686 1362 et
725 1309 856 1378 quid
888 1311 1062 1380 ipsum
1103 1311 1302 1365 bonum
1348 1312 1495 1382 quod
1529 1312 1700 1368 bonos
1746 1311 1908 1367 facit?

317 1402 462 1457 MAG.
493 1401 770 1458 Justitiam
799 1404 1027 1459 credere
1061 1404 1318 1459 debemus
1357 1418 1479 1459 esse
1504 1405 1678 1476 ipsum
1707 1405 1904 1460 bonum

310 1508 430 1563 quo
460 1503 589 1548 sunt
636 1494 762 1548 boni
808 1494 924 1559 "“,
961 1495 1012 1549 id
1040 1503 1124 1549 est
1146 1493 1300 1564 justi,
1328 1503 1383 1550 et
1409 1495 1611 1566 angeli,
1642 1504 1696 1549 et
1726 1494 1906 1550 homi-

315 1597 447 1647 nes;
478 1591 533 1637 et
574 1597 682 1652 quo
711 1584 827 1653 ipsa
861 1583 1115 1640 voluntas
1164 1585 1303 1639 bona
1337 1585 1451 1640 sive
1493 1585 1642 1655 justa
1671 1585 1903 1652 dicitur,

315 1674 646 1770 iniustitiam
699 1689 832 1730 vero
856 1675 1033 1744 Ipsum
1072 1673 1274 1770 malum
1305 1689 1428 1732 esse
1457 1675 1570 1770 "_”,
1599 1676 1741 1745 quod
1767 1675 1906 1770 nihil
1938 1674 1982 1735 Β
2011 1673 2141 1766 las"
2198 1673 2458 1770 patieniia

313 1764 466 1818 aliud
497 1764 731 1820 dicimus
781 1779 903 1821 esse
931 1779 1094 1836 quam
1142 1764 1271 1820 boni
1319 1765 1704 1835 privationem,
1758 1766 1903 1836 quod

317 1857 490 1912 malos
512 1866 566 1911 et
601 1856 799 1912 malam
838 1857 1167 1912 voluntatem
1189 1857 1321 1914 facit
1347 1876 1364 1914 :
1395 1867 1452 1914 et
1494 1859 1615 1914 ideo
1654 1861 1902 1916 eamdem

316 1945 644 2016 injustitiam
677 1961 782 2002 non
807 1946 952 2001 aliud
973 1961 1097 2003 esse
1127 1948 1427 2004 asserimus
1457 1963 1622 2019 quam
1647 1949 1906 2022 privatio-

314 2051 461 2098 nem
499 2035 797 2105 injustitiae.
853 2037 1106 2105 Quandviu
1163 2040 1309 2095 enim
1361 2040 1614 2096 voluntas
1665 2041 1902 2111 primum

313 2127 445 2183 data
477 2127 726 2182 rationali
782 2138 1010 2194 natura,
1042 2139 1098 2186 et
1127 2130 1291 2186 simul
1322 2130 1374 2184 in
1420 2130 1536 2201 ipsa
1589 2131 1813 2186 datione
1835 2131 1906 2186 ab

314 2216 436 2286 ipso
466 2217 656 2272 datore
684 2232 974 2284 conversa,
1011 2221 1121 2276 imo
1147 2235 1254 2276 non
1285 2235 1570 2286 conversa,
1615 2221 1709 2277 sed
1762 2221 1903 2277 facta

314 2317 466 2363 recta
488 2310 555 2363 ad
581 2309 681 2364 hoc
709 2309 853 2379 quod
880 2310 1015 2366 velle
1044 2311 1230 2367 debuit
1255 2352 1272 2378 ,
1314 2311 1465 2367 stetit
1499 2313 1552 2366 in
1583 2312 1698 2382 ipsa
1737 2311 1903 2367 recti-

317 2401 528 2466 tudine,
552 2417 718 2471 quam
741 2402 973 2458 dicimus
1001 2404 1287 2461 veritatem
1321 2405 1436 2460 sive
1468 2404 1818 2474 injustitiam,
1847 2405 1902 2459 ill

315 2508 423 2562 qua
472 2493 614 2548 facta
657 2503 764 2560 est,
792 2495 938 2564 justa
967 2496 1062 2528 ⁸⁸⁵⁸
1090 2495 1212 2551 fuit.
1241 2495 1377 2552 Cum
1430 2510 1562 2550 vero
1614 2495 1813 2550 avertit
1845 2510 1904 2551 se

310 2582 385 2636 ab
423 2597 490 2636 eo
518 2583 660 2652 quod
695 2583 904 2650 debuit,
955 2593 1007 2638 et
1037 2587 1306 2640 convertit
1355 2599 1414 2640 se
1441 2584 1508 2640 ad
1553 2585 1604 2640 id
1635 2584 1728 2618 ""7
1759 2584 1905 2654 quod

314 2687 423 2725 non
453 2672 656 2738 debuit,
699 2689 805 2728 non
853 2675 1001 2727 stetit
1055 2675 1108 2728 in
1151 2673 1402 2745 originali
1449 2674 1531 2744 (ut
1576 2675 1649 2728 ita
1699 2674 1901 2744 dicam)

311 2763 661 2826 rectitudine,
701 2765 752 2818 in
782 2779 886 2834 qua
918 2764 1062 2820 facta
1093 2767 1212 2821 est?
1257 2765 1432 2832 Quam
1474 2780 1597 2821 cum
1638 2766 1898 2830 deseruit,

311 2867 575 2922 magnum
603 2852 805 2922 aliquid
837 2855 1104 2924 perdidit;
1144 2864 1197 2910 et
1229 2855 1361 2908 nihil
1401 2871 1501 2924 pro
1530 2870 1616 2920 ea,
1652 2856 1754 2910 nisi
1786 2856 1898 2926 pri-

310 2943 585 2994 vationem
636 2941 775 3009 ejus,
821 2958 939 3011 qua:
995 2943 1195 2998 nullam
1247 2943 1414 2999 habet
1467 2945 1788 3012 essentiam,
1841 2954 1897 3000 et

312 3043 479 3099 qnam
511 3031 834 3102 injuStitiam
862 3034 1234 3100 nominamus,
1265 3035 1526 3106 suscepit.

855 3147 967 3218 se
991 3145 1223 3202 CAPUT
1263 3146 1331 3202 x.

513 3255 788 3322 Quomodo
817 3257 1016 3311 malum
1059 3257 1302 3312 videatur
1330 3273 1441 3312 esse
1471 3258 1696 3330 aliquid.

384 3345 533 3402 Dlsc.
565 3348 718 3415 Quod
763 3349 898 3404 dicis
938 3348 1141 3403 malum
1197 3365 1318 3405 esse
1363 3351 1722 3422 privationem
1752 3349 1898 3417 boni,

309 3439 589 3505 concedo;
647 3440 741 3495 sed
786 3439 1138 3496 nihilominus
1171 3441 1328 3497 video
1388 3443 1589 3498 bonum
1642 3442 1902 3511 privatio-

316 3541 442 3581 nem
475 3544 595 3584 esse
627 3529 772 3584 mali.
802 3530 888 3596 Et,
912 3531 1055 3587 sicut
1081 3532 1324 3602 percipio
1352 3533 1404 3586 in
1434 3533 1740 3602 privatione
1771 3533 1900 3588 mali

315 3619 520 3688 aliquid
561 3620 706 3676 aliud
743 3620 886 3687 fieri,
937 3621 1081 3692 quod
1110 3621 1311 3678 bonum
1353 3623 1621 3689 dicimus,
1663 3623 1737 3677 ita
1785 3624 1902 3679 ani-

315 3712 606 3766 madverto
658 3712 712 3766 in
767 3713 1074 3782 privatione
1110 3714 1238 3769 boni
1293 3713 1498 3783 aliquid
1557 3714 1702 3769 aliud
1757 3714 1897 3780 fieri,

314 3801 459 3867 quod
489 3801 688 3856 malum
723 3803 1069 3857 nominamus
1102 3801 1215 3857 ¹⁹⁸⁸.
1247 3803 1592 3874 Quapropter
1621 3803 1748 3858 licet
1774 3805 1898 3873 qui-

311 3891 541 3945 busdam
591 3895 928 3963 argumentis
992 3893 1194 3950 malum
1249 3894 1385 3950 nihil
1438 3910 1558 3951 esse
1607 3895 1896 3966 probetur;

313 3983 571 4051 quoniam
613 3983 811 4038 malum
851 3985 1066 4040 nonnisi
1117 3986 1312 4041 vitium
1345 3995 1440 4042 aut
1487 3988 1768 4058 corruptio
1793 3996 1898 4054 est,

312 4088 434 4141 qua:
475 4073 622 4127 nullo
660 4075 819 4129 modo
875 4085 1004 4130 sunt
1059 4076 1163 4131 nisi
1222 4077 1276 4132 in
1317 4077 1498 4148 aliqua
1542 4079 1804 4145 essentia,
1843 4090 1900 4134 et

311 4171 518 4233 quanto
550 4165 724 4236 magis
762 4165 836 4220 ibi
889 4175 1035 4234 sunt,
1067 4175 1217 4222 tanto
1253 4170 1424 4241 magis
1455 4169 1600 4224 illam
1651 4172 1900 4243 redigunt

313 4254 364 4307 in
400 4253 662 4322 nihilum;
708 4264 764 4311 et
798 4251 857 4314 ‘si
889 4258 1078 4312 eadem
1127 4261 1363 4315 essentia
1397 4262 1618 4317 omnino
1647 4262 1898 4318 deveniat

309 4347 378 4400 ad
410 4346 568 4414 nihil,
616 4347 813 4404 vitium
861 4364 1079 4421 quoque
1132 4359 1188 4406 et
1225 4352 1500 4421 corruptio
1548 4351 1899 4408 inveniuntur

2015 430 2150 484 nihil
2180 445 2299 484 esse
2324 431 2520 486 malum
2551 451 2564 499 ;
2601 451 2705 488 non
2741 442 2920 502 potest
2941 434 3154 488 animus
3185 449 3336 487 meus
3367 430 3460 464 ³⁸⁵⁸
3488 433 3592 487 nisi

2014 519 2128 576 sola
2171 519 2274 575 lide
2301 523 2680 591 acquiescere;
2731 525 2775 579 si
2811 538 2914 577 non
2969 523 3099 576 illlld
3131 522 3261 577 mihi
3291 523 3593 586 auferatur,

2012 612 2158 680 quod
2214 612 2345 666 mihi
2378 624 2602 668 econtra
2651 619 2845 683 prohat
2878 613 2970 646 ¹⁹⁸⁰
3000 606 3201 668 malum
3248 614 3461 668 nonnisi
3501 613 3598 674 ali-

2013 705 2144 775 quid
2177 719 2318 761 esse.
2371 705 2508 761 Nam
2541 722 2666 761 cum
2699 707 2920 760 auditur
2971 721 3168 760 nomen
3212 705 3362 769 mali,
3395 703 3597 758 frustra

2015 797 2240 850 horrent
2268 797 2434 852 corda
2467 809 2649 852 nostra
2695 798 2838 866 quod
2868 797 2920 851 ill
2969 794 3127 864 llnjus
3165 795 3402 851 nominis
3430 794 3596 864 signi-

2015 886 2273 943 ﬁcatione
2325 888 2653 956 intelligunt,
2705 890 2748 942 si
2797 887 2930 942 nihil
2980 887 3316 956 significatur
3370 887 3472 942 hoc
3502 885 3594 918 ““

2012 980 2248 1034 nomine.
2273 979 2406 1035 Item
2443 999 2456 1034 :
2506 980 2566 1035 Si
2599 995 2707 1034 vox
2739 981 2876 1044 haec,
2906 979 3115 1034 scilicet
3145 979 3237 1011 “5’
3267 977 3465 1033 malum
3492 993 3592 1033 no-

2012 1083 2134 1122 men
2166 1077 2280 1134 est;
2313 1068 2502 1138 utique
2550 1069 2980 1140 significativum
3045 1068 3137 1102 '9”
3167 1077 3269 1123 est.
3319 1066 3375 1122 Si
3413 1077 3592 1122 autem

2011 1159 2426 1230 significativum
2485 1161 2575 1193 "“
2603 1171 2708 1226 est,
2747 1160 3046 1231 significat;
3081 1159 3198 1224 sed,
3246 1158 3459 1214 nonnisi
3491 1158 3595 1211 alio

2009 1249 2138 1319 quid
2188 1249 2481 1319 significat.
2525 1249 2806 1318 Quomodo
2850 1263 2980 1320 ergo
3012 1247 3211 1304 malum
3237 1257 3320 1303 est
3351 1247 3516 1312 nihil,
3545 1247 3590 1302 si

2010 1339 2153 1410 quod
2185 1339 2454 1410 significat
2504 1355 2699 1396 nomen
2743 1341 2861 1411 ejus
2889 1340 3002 1406 ‘9”,
3036 1348 3120 1395 est
3145 1338 3386 1409 aliquid?
3436 1338 3594 1393 Deni-

2009 1443 2136 1498 que,
2192 1442 2316 1483 cum
2354 1438 2608 1484 manente
2636 1428 2872 1500 justitia,
2931 1436 3083 1482 tanta
3131 1428 3383 1482 videatur
3442 1435 3592 1480 tran-

2009 1519 2274 1589 quillitas,
2302 1528 2451 1574 tanta
2481 1519 2634 1590 quies
2684 1529 2743 1574 llt
2769 1519 2823 1574 in
2855 1519 3037 1574 multis
3081 1519 3214 1574 nihil
3243 1519 3386 1572 aliud
3418 1518 3595 1572 videa-

2013 1622 2100 1664 tur
2123 1609 2336 1681 justitia
2373 1626 2536 1680 quam
2563 1610 2846 1680 quiescere
2877 1624 2906 1664 a
2938 1610 3114 1676 malo;
3150 1610 3292 1664 sicut
3319 1618 3402 1664 est
3429 1609 3596 1664 casti-

2501 1716 2518 1754 :
2569 1699 2862 1756 recedente
2934 1709 3115 1754 autem
3167 1699 3419 1769 justitia,
3485 1707 3594 1752 tam

2008 1789 2278 1855 diversus,
2312 1797 2422 1845 tam
2468 1789 2773 1845 laboriosus
2799 1798 3015 1862 tamque
3051 1788 3334 1860 multiplex
3363 1796 3595 1860 occupet

2012 1883 2259 1938 animum
2312 1883 2406 1918 ¹⁹⁶⁶
2435 1881 2683 1946 affectus,
2733 1883 2827 1952 qui
2871 1882 3020 1938 velut
3049 1881 3284 1937 crudelis
3332 1881 3595 1936 Dominus

2008 1975 2267 2030 miserum
2294 1975 2683 2031 homunculum
2713 1983 2874 2046 cogat
2901 1985 2982 2030 tot
3007 1973 3244 2044 turpium
3271 1983 3329 2030 et
3359 1973 3596 2030 laborio-

2007 2081 2196 2121 sorum
2248 2082 2474 2136 operum
2525 2082 2656 2122 cura
2707 2067 3002 2123 sollicitum
3056 2066 3149 2100 ³⁸⁸⁷
3177 2082 3320 2132 esse,
3357 2075 3414 2120 et
3461 2065 3596 2136 ipsis

2004 2155 2262 2225 operibus
2293 2165 2402 2210 tam
2428 2155 2669 2227 graviter
2714 2154 2966 2210 laborare
2993 2173 3004 2208 :
3040 2156 3236 2210 mirum
3265 2164 3370 2222 est,
3400 2154 3446 2211 si
3489 2169 3590 2225 po-

2007 2247 2136 2303 terit
2163 2247 2380 2318 ostendi
2413 2247 2548 2303 nihil
2579 2249 2695 2302 haec
2717 2247 2902 2302 omnia
2931 2247 3170 2317 operari.

2511 2380 2742 2436 CAPUT
2772 2379 2841 2435 XI
2872 2379 2969 2452 [aL
3001 2379 3094 2453 x1.

2011 2510 2166 2579 Quod
2207 2513 2408 2566 malum
2460 2523 2509 2566 et
2541 2511 2671 2566 nihil
2722 2528 2824 2566 non
2858 2514 3056 2581 possint
3089 2529 3179 2576 per
3223 2528 3409 2567 nomen
3437 2529 3594 2567 suum

2230 2583 2442 2648 probari
2471 2583 2671 2652 aliquid
2706 2598 2835 2648 esse,
2861 2583 2952 2636 sed
2975 2583 3127 2652 quasi
3156 2581 3378 2652 aliquid.

2077 2713 2220 2771 ΜΑς.
2268 2714 2406 2770 Ρυιο
2446 2716 2570 2785 quia
2603 2731 2710 2770 non
2767 2716 2840 2770 ita
2868 2731 2926 2772 es
2963 2717 3188 2771 insanus
3219 2717 3314 2750 ¹⁹⁸⁸
3356 2725 3415 2772 ut
3443 2718 3586 2773 dicas

2007 2803 2144 2860 nihil
2167 2819 2288 2860 esse
2338 2805 2568 2875 aliquid,
2614 2820 2736 2859 cum
2783 2815 2963 2860 tamen
3011 2821 3114 2860 non
3161 2807 3340 2876 possis
3392 2822 3593 2877 negare

2008 2897 2142 2951 nihil
2167 2911 2289 2952 esse
2332 2912 2550 2952 nomen.
2605 2897 2948 2967 Quapropter
2995 2899 3041 2952 si
3096 2898 3229 2952 nihil
3263 2914 3368 2953 non
3416 2908 3595 2968 potest

2004 2986 2236 3056 probare
2291 2986 2386 3044 ιω
2436 2986 2640 3056 aliquid
2682 3001 2824 3052 esse,
2885 3002 2981 3056 per
3027 3001 3220 3042 nomen
3251 2987 3417 3052 nihil,
3446 3003 3584 3058 quo-

1930 3105 1976 3166 ο
2009 3077 2171 3130 modo
2197 3076 2432 3131 aestimas
2463 3085 2516 3130 te
2545 3077 2775 3146 probare
2825 3076 3023 3130 malum
3061 3091 3180 3131 esse
3232 3077 3461 3146 aliquid,
3491 3093 3592 3148 per

2007 3181 2202 3221 nomen
2236 3166 2382 3220 mali.
2419 3166 2564 3221 Dlsc.
2599 3166 2742 3221 Nihil
2772 3167 2881 3238 agit
2903 3168 3234 3238 exemplum,
3263 3169 3407 3238 quod
3439 3168 3587 3223 litem

2004 3257 2101 3313 lite
2127 3257 2371 3313 resolvit.
2400 3257 2535 3312 Nam
2566 3266 2623 3312 et
2648 3257 2750 3313 hoc
2801 3260 2997 3330 ipsum,
3049 3259 3207 3325 nihil,
3243 3260 3429 3316 nescio
3459 3262 3590 3330 quid

2005 3350 2098 3404 sit.
2127 3349 2468 3419 Quapmpter
2493 3349 2749 3418 quoniam
2777 3349 2830 3404 in
2875 3349 3123 3406 manibus
3155 3351 3382 3420 quaestio
3411 3358 3496 3406 est
3522 3350 3590 3404 de

2005 3441 2154 3496 malo
2183 3441 2295 3506 ¹⁹⁶⁰,
2323 3440 2467 3510 quod
2496 3440 2631 3496 dicis
2659 3456 2776 3497 esse
2826 3441 2962 3496 nihil
3014 3442 3059 3497 si
3103 3443 3184 3496 vis
3233 3457 3320 3497 me
3367 3441 3586 3505 docere,

2004 3529 2136 3601 quid
2166 3529 2460 3600 intelligam
2490 3545 2610 3584 esse
2631 3530 2831 3585 malum
2860 3531 2974 3596 ‘9‘“,
3005 3531 3137 3586 doce
3169 3546 3254 3586 me
3284 3530 3436 3600 prius
3459 3531 3588 3600 quid

2002 3623 2301 3691 intelligam
2357 3636 2476 3676 esse
2522 3621 2654 3676 nihil
2704 3601 2836 3675 ιθοίε
2868 3622 3085 3688 deinde,
3134 3623 3198 3676 ad
3237 3621 3342 3675 alia
3391 3620 3587 3690 quibus

2003 3721 2224 3784 propter
2253 3727 2446 3766 nomen
2479 3712 2603 3766 mali
2636 3713 2743 3766 dixi
2775 3727 2860 3766 me
2913 3713 3120 3767 moveri
3153 3712 3218 3766 de
3266 3727 3350 3775 eo,
3390 3719 3449 3765 ut
3485 3710 3584 3764 ali-

2003 3804 2134 3876 quid
2162 3818 2283 3858 esse
2307 3802 2575 3868 videatur,
2617 3803 2988 3872 respondebis.
3024 3802 3164 3858 MAG.
3196 3802 3330 3858 Cum
3377 3816 3583 3871 nequa-

2001 3911 2163 3966 quam
2191 3894 2444 3950 difl‘erant
2475 3895 2607 3948 nillil
2637 3910 2756 3948 esse
2813 3903 2866 3948 et
2895 3909 3001 3949 non
3035 3895 3240 3964 aliquid
3271 3907 3413 3957 esse,
3447 3907 3582 3962 qno-

2007 3986 2167 4042 modo
2211 3987 2315 4042 dici
2375 3993 2553 4056 potest
2611 3985 2740 4055 quid
2788 3986 2861 4039 sit
2909 3984 3052 4055 quod
3096 4000 3202 4040 non
3245 3995 3330 4039 est
3377 3983 3585 4053 aliquid

2005 4079 2134 4134 ηενρ
2164 4079 2312 4134 Dlsc.
2370 4077 2428 4132 Si
2475 4091 2580 4132 non
2632 4085 2715 4132 est
2757 4077 2982 4146 aliquid,
3020 4076 3160 4146 quod
3213 4077 3316 4130 hoc
3368 4075 3584 4129 nomine

2002 4170 2370 4240 significatur,
2405 4183 2510 4222 non
2558 4167 2828 4238 significat
2859 4167 3083 4238 aliquid.
3125 4166 3182 4222 Si
3223 4181 3349 4222 vero
3381 4180 3486 4220 non
3512 4165 3586 4218 si-

2000 4261 2217 4332 gnificat
2241 4260 2471 4330 aliquid,
2511 4246 2615 4316 non
2644 4270 2728 4316 est
2754 4273 2990 4314 nomen:
3035 4257 3128 4313 sed
3169 4258 3357 4327 utique
3385 4270 3581 4311 nomen

2000 4361 2105 4419 est,
2157 4367 2467 4424 quanquam
2505 4353 2670 4424 igitur
2723 4351 2904 4405 nullus
2951 4351 3098 4406 dicat
3146 4348 3281 4403 nihil
3323 4362 3444 4404 esse
3477 4346 3581 4402 ali-

1608 4545 1842 4602 VARIE
1876 4543 2280 4606 LECTIONES.

383 4678 474 4757 f’“
491 4678 721 4757 ldipsum
744 4681 1096 4757 videturmss.
1115 4681 1308 4757 (ἥξωνἐ
1329 4679 1466 4757 8:1!
1472 4681 1574 4757 icti.
1589 4681 1698 4757 hoc
1713 4681 1888 4752 ipsum
1902 4680 2115 4757 videtur
2189 4679 2280 4711 "“
2299 4677 2586 4757 I_J.t_asse_ris
2603 4691 2734 4757 mss,
2751 4675 2896 4746 quod
2918 4673 3164 4757 asserisd
3194 4674 3286 4707 ‘m
3304 4673 3577 4757 NecObon‘a

307 4743 602 4804 voluntatis
627 4768 750 4805 mss.
780 4749 967 4805 Cister.
1011 4749 1143 4806 Vict.
1177 4751 1234 4814 ὅ,
1269 4749 1328 4805 8.
1363 4748 1524 4804 Mich.
1560 4761 1654 4806 aut
1685 4743 1824 4805 bona
1851 4751 2144 4805 voluntatis
2173 4766 2272 4802 ms.
2311 4748 2447 4802 Vict.
2497 4747 2565 4801 13
2602 4755 2695 4800 aut
2720 4743 2874 4800 bona;
2905 4745 3198 4800 voluntatis
3227 4762 3324 4799 ms.
3361 4743 3500 4798 Vict.
3523 4745 3582 4810 9,

311 4829 405 4895 aut
435 4819 589 4873 malae
619 4821 910 4895 voluntatis
985 4820 1342 4895 {’“gredere
1370 4820 1622 4895 dicimus,
1653 4821 1828 4890 ipsum
1861 4821 2086 4895 bonum,
2115 4835 2220 4888 quo
2248 4820 2382 4895 fiunt
2408 4818 2532 4872 boni
2566 4815 2942 4895 ints._credere
2969 4816 3228 4895 debemus
3255 4829 3377 4870 esse
3407 4814 3580 4895 ipsum

314 4889 517 4958 bonum
563 4905 669 4958 quo
710 4902 835 4944 sunt
884 4891 1010 4944 boni
1087 4891 1177 4924 '9”
1206 4890 1381 4958 lpsnm
1426 4890 1626 4943 malum
1657 4883 1777 4946 esse
1820 4908 1916 4944 ms.
1951 4883 2148 4943 Cister:
2189 4889 2336 4943 omit.
2385 4904 2506 4958 esse
2582 4884 2865 4958 ""Facta
2912 4883 3234 4958 fnit_.jnsla
3272 4901 3396 4938 nm.
3445 4883 3580 4958 Vict.

310 4957 370 5028 .S_.
407 4952 790 5014 MiclifCister.
818 4960 959 5015 facta
991 4969 1101 5026 est,
1123 4952 1268 5028 justa
1298 4958 1398 5013 fuit
1471 4960 1560 4994 ⁸⁸⁸⁷
1591 4960 1870 5015 Convertit
1920 4975 1979 5014 se
2029 4961 2094 5013 ad
2141 4959 2320 5028 idms.
2371 4956 2556 5013 Cistcr.
2601 4956 2745 5010 omit.
2771 4971 2829 5011 se
2905 4952 3254 5028 m"UDiCimus
3284 4971 3410 5008 mu.
3445 4952 3576 5028 Vict.

309 5025 501 5110 gistenr.
542 5030 884 5110 nornillannls
960 5031 1050 5062 ²⁹⁶⁹
1073 5021 1430 5110 Μξιιιιβᾼιηοηε
1457 5046 1555 5110 nis.
1587 5031 1800 5110 animus
1838 5045 2006 5110 meus
2066 5029 2158 5060 ‘9“
2191 5027 2316 5110 Milli
2347 5027 2890 5110 etiamnprobatmniss:
2919 5026 3062 5108 .Iliilli
3097 5041 3133 5107 _e
3162 5033 3354 5110 contra
3389 5021 3583 5110 probat

311 5096 404 5173 mf
440 5097 916 5173 δίειῐίίίρςιυῌιοο
943 5101 1435 5173 ηιεδοωεὶειιὶίίεειιιιΐ
1464 5099 1568 5173 hoc
1598 5171 1604 5173 _
1643 5101 1732 5132 ¹⁹⁸²
1761 5100 1872 5154 lloc
1894 5099 2098 5173 scilicet
2128 5116 2254 5153 mss.
2284 5095 2628 5173 haectscilice
2724 5095 3420 5173 '"fugt_iqlle_signilicatunl
3454 5105 3576 5173 rn'ss.

309 5158 941 5242 utiqueﬁsignifi‘cativuln
1019 5171 1110 5204 ¹⁹⁸⁵
1136 5158 1190 5225 Si
1217 5182 1396 5224 autem
1438 5168 1793 5242 signiﬁcatum
1847 5187 1970 5242 nias.
1999 5169 2265 5242 siﬂauteni
2296 5169 2710 5242 significativnm
2759 5158 3142 5242 __‘ff’ANitttlitl€
3156 5163 3433 5242 ej.l_l.s.nm.
3468 5158 3578 5212 No-

307 5233 435 5290 men
483 5233 603 5302 ejns
673 5239 765 5269 ¹⁹⁸⁶
795 5239 1036 5310 Occupat
1061 5243 1298 5294 animum
1328 5257 1450 5294 mss.
1487 5233 1624 5293 Τίσι.
1659 5239 1807 5294 (lem.
1833 5239 1987 5293 (Iorb.
2037 5239 2159 5293 Bec.
2183 5233 2410 5310 occupet
2441 5239 2681 5310 animum
2757 5235 3105 5310 ""_Opernnl
3135 5233 3576 5310 sollicittlinjnss.

307 5297 534 5373 operllu'l
570 5323 699 5382 cura
736 5297 1040 5382 _sollicit'l_lm
1116 5311 1209 5382 “5'?
1262 5310 1328 5364 In
1366 5326 1489 5364 mss.
1521 5312 1699 5378 incipit
1726 5311 1791 5363 ab
1835 5311 1915 5363 In's
1946 5311 2151 5382 verbis:
2181 5310 2248 5362 Μ.
2298 5297 2434 5382 [into
2463 5309 2745 5382 quiaunon
2768 5322 2828 5361 es
2859 5297 3099 5382 insanus,
3118 5313 3236 5382 _elc.
3293 5299 3406 5382 _"f'
3435 5297 3576 5353 Nihil

308 5370 488 5450 potest
532 5377 751 5450 probari
793 5395 890 5432 ms.
935 5379 1122 5435 Cister.
1156 5381 1287 5434 nihil
1333 5389 1483 5448 potes
1526 5370 1755 5448 probare
1796 5398 1920 5450 mss.
1950 5380 2079 5450 nihil
2108 5389 2259 5449 potes
2289 5370 2516 5450 probare
2591 5377 2682 5450 {95°
2710 5376 2945 5450 Quaestio
2972 5383 3054 5429 est
3093 5376 3157 5426 de
3201 5370 3341 5450 malo
3365 5370 3578 5450 inuola-

307 5439 472 5500 ilibus
502 5439 626 5518 nisa.
664 5445 798 5502 Vict.
844 5451 906 5504 de
934 5450 1075 5504 malo
1097 5439 1430 5518 qnzestio'est
1479 5439 1804 5503 in'nlallibus
1880 5449 1968 5480 ¹⁹⁶¹
2005 5439 2208 5502 Duc-ere
2249 5439 2374 5514 quid
2416 5449 2460 5518 si
2508 5446 2704 5502 lllalnln
2734 5439 2878 5518 nisa.
2905 5445 3106 5518 docere
3125 5439 3576 5518 q_u_id_intel|igani

305 5530 434 5570 esse
463 5515 658 5570 malum
736 5517 827 5549 ⁸³⁸³
855 5519 991 5585 Quid
1036 5507 1328 5588 intelligam
1367 5534 1487 5573 esse
1516 5519 1644 5572 nihil
1679 5535 1801 5572 mu.
1855 5518 1985 5588 Vict.
2011 5519 2074 5572 l5
2123 5518 2248 5585 quid
2268 5507 2569 5585 intelligam
2602 5530 2720 5570 esse
2749 5516 2888 5588 nihil
2959 5513 3047 5547 ¹⁹⁶³
3071 5507 3208 5581 Quid
3238 5513 3328 5577 sit,
3357 5521 3411 5566 et
3435 5507 3576 5580 quod

306 5601 416 5641 non
447 5587 750 5658 estaliquid
780 5584 900 5644 mss.
928 5590 1055 5660 quid
1081 5592 1151 5645 sit
1181 5584 1320 5659 qilod
1348 5605 1454 5646 non
1485 5599 1566 5645 est
1591 5589 1788 5659 aliquid
1822 5605 1917 5642 ms.
1951 5587 2082 5641 Vict.
2108 5584 2303 5655 δρηίά
2329 5589 2396 5643 sit
2419 5584 2558 5657 quod
2587 5597 2666 5641 est
2693 5584 2891 5656 aliquid
