3926 6054
348 190 454 246 339

882 190 943 247 S.
983 189 1285 250 ANSELMI
1323 192 1672 253 CANTUAB.
1709 192 2028 250 ARClllEP.
2072 194 2220 251 OPP.
2267 195 2445 251 PARS
2487 195 2527 249 l.
2554 227 2621 235 —
2649 196 3068 253 DOGMATICA.

3507 200 3621 257 3A0

346 300 508 366 uuid;
541 299 638 355 sed
691 315 907 375 semper
936 301 1070 360 nihil
1112 322 1230 361 esse
1280 306 1415 361 nihil
1462 320 1722 376 cogamur
1775 304 1932 360 fateri
1963 307 2263 375 Adiversis
2309 308 2608 365 rationibus
2659 308 3001 381 aliquatenus
3053 310 3324 382 signiﬁcat
3392 328 3524 378 rem,
3568 328 3622 372 et

348 390 474 461 "5",
520 411 680 449 nemo
706 406 883 449 tamen
908 404 1085 464 potest
1114 394 1207 426 ‘9"
1234 410 1428 450 nomen
1476 394 1628 449 nihili
1666 394 1933 463 signiﬁca-

351 489 521 541 tivnnt
552 502 671 543 esse
702 487 797 522 ³⁸⁸⁸
827 486 1065 541 diﬁiteri.
1096 485 1312 544 Vcrunt.
1337 487 1383 541 si
1411 488 1512 541 hoc
1540 487 1712 556 ipsum
1745 501 1938 540 nomen

352 596 458 633 non
489 578 762 648 signiﬁcat
796 578 951 642 nihil,
991 581 1082 632 sed
1116 576 1320 646 aliquid
1345 618 1360 641 ,
1401 577 1454 631 id
1485 577 1628 647 quod
1670 576 1940 646 signiﬁca-

351 680 463 733 tur,
494 670 710 724 videtur
732 684 836 723 non
865 683 1024 738 posse
1054 681 1174 724 esse
1200 667 1357 733 nihil,
1386 669 1480 723 sed
1513 668 1683 738 magis
1709 668 1934 737 aliquid.

352 759 410 812 Si
441 773 573 826 ergo
594 758 735 827 quod
771 757 1108 827 significatur
1132 772 1239 811 non
1272 766 1356 812 est
1394 756 1547 822 nihil,
1579 758 1673 812 sed
1700 758 1931 829 aliquid,

352 850 588 919 qualiter
609 864 794 904 verum
823 849 929 903 erit
959 857 1018 903 ut
1055 848 1191 902 nihil
1230 848 1568 918 significetur
1599 847 1691 879 ¹⁹⁰τ
1717 864 1815 918 per
1837 850 1938 905 hoc

352 956 568 1007 nomen,
599 940 742 1011 quod
769 948 854 994 est
876 939 1047 994 nihil?
1083 938 1293 1010 Quippe
1316 940 1360 993 si
1391 953 1520 994 vere
1552 938 1687 992 nihil
1716 939 1932 1005 dicitur,

351 1048 478 1087 vere
511 1032 646 1087 nihil
700 1042 827 1097 est;
856 1043 909 1087 et
941 1020 1146 1087 idcirco
1199 1048 1305 1087 non
1358 1031 1693 1102 estaliquid.
1734 1032 1933 1099 Quare,

350 1123 395 1177 si
430 1124 574 1190 qttod
614 1122 955 1193 signiﬁcatur
983 1123 1086 1176 hoc
1126 1123 1366 1187 nomine,
1398 1137 1503 1175 non
1543 1132 1625 1177 est
1657 1122 1813 1188 nihil,
1843 1124 1935 1177 sed

349 1213 552 1283 aliquid
596 1206 1075 1285 (qn‘e’madtnpdunt
1145 1213 1531 1281 consequentia
1583 1213 1795 1266 videtur
1841 1228 1932 1267 us-

351 1303 629 1374 tcndcre),
688 1305 823 1358 falso
867 1312 922 1359 et
970 1304 1268 1374 incongrue
1299 1303 1392 1335 ¹⁹⁶⁸
1429 1312 1654 1359 vocatur
1684 1304 1788 1359 hoc
1840 1320 1935 1356 no-

349 1398 518 1452 tnine.
568 1397 638 1451 At
687 1404 931 1462 econtra,
983 1398 1029 1451 si
1080 1395 1374 1452 secundum
1401 1394 1663 1465 judicium
1694 1395 1932 1448 ontnium

352 1486 468 1552 '9",
505 1487 556 1540 id
587 1490 730 1556 quod
763 1488 1077 1541 nominatur
1113 1485 1246 1541 nihil
1272 1501 1399 1540 vere
1427 1494 1511 1539 est
1544 1484 1700 1549 nihil,
1730 1499 1934 1555 nequa—

349 1591 512 1647 quam
554 1585 637 1630 est
676 1576 911 1644 aliquid;
946 1590 1247 1645 usquatnne
1279 1574 1494 1629 videtur
1514 1556 1719 1643 aliquid
1743 1586 1935 1629 conse-

2017 396 2277 467 aliquid;
2310 408 2367 454 et
2396 400 2707 456 nttﬁatenus
2758 403 3029 472 signiﬁcat
3076 419 3211 470 rem,
3255 414 3349 459 aut
3377 405 3621 479 aliquid:

2043 490 2314 561 signiﬁcat
2358 493 2504 547 enim
2550 496 2895 559 removendo,
2924 504 2981 549 et
3027 512 3132 550 non
3173 498 3447 570 signiﬁcat
3496 516 3623 557 con-

2042 580 2333 635 stituendo.
2366 581 2480 637 llac
2525 584 2735 638 ratione
2773 599 2991 651 nomen,
3039 586 3195 651 nihil,
3233 590 3376 657 quod
3407 590 3621 658 perimit

2040 686 2201 725 omne
2230 673 2372 742 qn‘od
2404 680 2491 727 εει
2514 673 2738 745 aliquid,
2767 683 2823 729 ει
2857 675 3188 731 destruendo
3215 693 3319 733 non
3351 680 3625 750 signiﬁcat

2042 760 2198 824 nihil,
2226 762 2320 817 sed
2342 761 2577 832 aliquid;
2606 772 2667 818 et
2692 764 3071 820 constituendo
3100 781 3203 819 non
3232 768 3618 837 signiﬁcatali-

2039 851 2189 920 quid,
2220 852 2314 907 sed
2347 853 2503 907 nihil.
2554 852 2896 924 Quapropter
2936 871 3042 911 non
3084 868 3167 911 est
3214 873 3455 925 necesse,
3491 861 3623 914 nihil

2038 959 2159 1000 esse
2181 945 2405 1015 aliquid,
2430 946 2554 1001 ideo
2601 949 2727 1017 quia
2755 964 2956 1003 nomen
2979 951 3095 1022 ejus
3125 952 3395 1023 signiﬁcat
3420 952 3623 1022 aliquid

2041 1037 2154 1103 ³⁸⁷⁸,
2188 1037 2428 1107 quolibet
2477 1040 2674 1103 modo;
2725 1040 2820 1095 sed
2866 1042 3048 1110 potius
3097 1058 3325 1099 necesse
3372 1045 3622 1100 estnihil

2037 1142 2159 1183 csse
2189 1129 2343 1194 nihil,
2377 1130 2505 1199 quia
2532 1144 2729 1185 nomen
2766 1130 2883 1200 ejus
2906 1132 3177 1202 signiﬁcat
3204 1134 3307 1188 hoc
3337 1134 3497 1189 modo
3526 1135 3623 1188 ali-

2036 1218 2186 1287 quid.
2225 1219 2338 1273 Iloc
2390 1220 2574 1289 itaque
2620 1222 2779 1275 modo
2822 1237 2926 1274 non
2958 1231 3221 1293 repugnat
3261 1223 3459 1278 malum
3491 1223 3626 1280 nihil

2012 1302 2156 1365 esse
2177 1319 2233 1365 et
2253 1310 2379 1364 mali
2394 1326 2588 1366 nomen
2616 1327 2736 1367 esse
2763 1313 3209 1381 signiﬁcativnm;
3233 1315 3274 1368 si
3299 1316 3378 1371 sic
3410 1315 3501 1349 “7'
3526 1318 3625 1371 ali-

2039 1399 2169 1468 quid
2198 1400 2515 1455 oeritnendo
2542 1400 2835 1471 signiﬁcat,
2866 1412 2926 1456 ut
2954 1402 3154 1457 nullius
3185 1403 3260 1459 rei
3297 1404 3367 1458 sit
3413 1405 3617 1460 consti-

2037 1490 2263 1545 tutivum
2311 1490 2425 1545 ³⁸⁷⁸.
2474 1490 2620 1549 Dtsc.
2670 1490 2890 1562 Nequeo
2944 1507 3146 1562 negare
3201 1508 3397 1549 nomen
3448 1494 3621 1563 nihili,

2036 1583 2330 1640 secundum
2373 1583 2686 1652 praedictam
2732 1599 2763 1638 a
2818 1595 2869 1640 te
2910 1585 3195 1651 rationem,
3240 1586 3423 1655 aliquo
3462 1588 3623 1643 modo

358 1666 636 1738 quentius,
665 1682 828 1736 quant
862 1676 920 1721 ιιι
970 1668 1072 1721 hoc
1123 1666 1296 1736 ipsnnt
1340 1680 1533 1719 nomen
1562 1664 1695 1717 nihil
1725 1663 1931 1733 signiﬁ-

2039 1676 2346 1745 signiﬁcare
2395 1675 2633 1745 aliquid;
2667 1675 2761 1731 sed
2809 1676 2945 1731 satis
2990 1685 3177 1731 notum
3224 1687 3305 1731 est
3336 1678 3464 1746 quia
3494 1677 3623 1732 illud

348 1768 459 1825 cet,
482 1759 534 1813 id
563 1768 648 1814 est
686 1774 790 1813 non
840 1757 1109 1829 signiﬁcet
1152 1758 1244 1794 “7°
1284 1756 1525 1827 aliquid?
1570 1755 1709 1825 Quid
1755 1757 1938 1823 itaque

347 1851 589 1922 estquia
633 1851 737 1906 hoc
775 1866 999 1917 nomen,
1051 1849 1302 1906 videlicet
1337 1848 1472 1903 nihil
1518 1863 1625 1903 non
1666 1845 1939 1916 signiﬁcat

350 1944 441 1976 ¹⁹⁷¹
471 1941 627 2007 nihil,
656 1941 751 1997 sed
782 1941 1019 2012 aliquid;
1052 1954 1107 1997 et
1152 1956 1257 1997 non
1292 1940 1566 2012 signiﬁcat
1586 1938 1811 2009 aliquid,
1843 1937 1938 1991 sed

346 2035 519 2090 nihil?
573 2034 714 2091 ΜΑε.
769 2034 1018 2090 Forsitan
1071 2049 1179 2089 non
1234 2041 1567 2105 repugnant,
1622 2031 1937 2101 signiﬁcare

346 2129 482 2182 nihil
539 2135 594 2182 et
627 2126 851 2197 aliquid.
883 2127 1027 2181 Dtsc.
1081 2125 1136 2181 Si
1171 2142 1278 2182 non
1329 2135 1629 2198 repugnant
1659 2142 1677 2179 ε
1708 2133 1802 2179 aut
1835 2125 1939 2179 ista

347 2233 457 2273 vox
486 2218 701 2273 diversa
738 2217 1178 2273 consideratione
1228 2218 1503 2290 signiﬁcat
1544 2214 1683 2271 nihil
1735 2224 1789 2270 et
1840 2216 1939 2270 ali-

349 2310 511 2378 quid;
568 2319 663 2364 aut
703 2310 794 2341 ¹⁹⁷²
830 2298 1157 2365 invenienda
1208 2325 1293 2365 res
1323 2319 1407 2365 est
1442 2309 1646 2379 aliqua,
1702 2322 1823 2377 qtne
1865 2307 1938 2361 sit

350 2401 577 2470 aliquid,
606 2408 660 2457 et
705 2400 861 2456 nihil.
901 2399 1043 2456 MAG.
1092 2400 1232 2468 Quid
1279 2400 1324 2455 si
1364 2410 1655 2469 utrumque
1702 2398 1937 2453 inveniri

350 2498 554 2561 potest,
603 2499 658 2545 et
694 2490 934 2557 diversa,
987 2489 1197 2545 scilicet
1228 2489 1646 2561 signiﬁcationis
1687 2488 1940 2545 conside-

348 2582 491 2636 tatio
523 2582 576 2636 in
616 2583 720 2636 hoc
747 2581 986 2646 nomine,
1015 2590 1069 2636 et
1116 2574 1364 2635 eamdem
1395 2595 1514 2635 rem
1560 2593 1681 2634 esse
1707 2578 1934 2649 aliquid,

350 2684 408 2728 ct
440 2674 610 2729 nihil?
651 2674 801 2728 ῡιεε.
835 2672 1138 2743 Utrumque
1184 2672 1376 2728 vellent
1408 2687 1765 2744 cognoscere.
1793 2673 1934 2728 Man.

348 2766 576 2821 Constat
613 2765 871 2834 quoniam
914 2765 1032 2820 hzec
1065 2778 1192 2829 vos,
1224 2763 1434 2819 scilicet
1483 2763 1640 2829 nihil,
1672 2772 1935 2832 quantum

355 2855 425 2908 ad
456 2853 938 2922 signiﬁcationem,
992 2853 1299 2907 nullatenus
1347 2852 1528 2908 diﬁ'ert
1579 2852 1645 2906 ab
1684 2868 1749 2908 eo
1793 2853 1936 2922 quod

352 2950 501 3015 dico,
549 2964 658 3004 non
707 2947 914 3017 aliquid
944 2948 1060 3003 ⁸⁸⁷³.
1102 2947 1247 3002 Nihil
1284 2961 1499 3016 quoque
1538 2945 1642 3001 hoc
1673 2947 1934 3016 apertius,

2032 1764 2264 1841 aliquid,
2295 1766 2436 1834 quod
2486 1765 2590 1820 isto
2637 1766 2798 1827 modo
2843 1766 2947 1821 hoc
2995 1767 3215 1821 nomine
3266 1767 3621 1837 signiﬁcatur,

2038 1872 2145 1910 non
2172 1857 2485 1911 nominatur
2515 1855 2682 1922 nihil;
2724 1871 2824 1912 nec
2847 1872 2970 1911 cum
2998 1857 3248 1917 audimus
3270 1858 3374 1914 hoc
3402 1873 3618 1926 nomen,

2042 1946 2342 2016 accipimus
2370 1945 2499 2000 illud
2538 1961 2638 2015 pro
2667 1945 2760 2001 illa
2793 1962 2851 2002 re
2879 1947 2992 2011 "7°,
3024 1963 3189 2017 quam
3229 1948 3304 2002 ita
3327 1948 3615 2018 signiﬁcat.

2039 2038 2172 2093 Illud
2202 2038 2364 2108 igitur
2396 2037 2486 2072 “3°
2517 2051 2725 2107 quaero,
2757 2053 2857 2106 pro
2881 2053 2989 2107 quo
3017 2039 3120 2094 hoc
3151 2053 3345 2095 nomen
3369 2041 3618 2108 pon'aur;

2038 2141 2096 2187 et
2124 2131 2266 2200 quod
2298 2130 2649 2201 intelligimus
2690 2130 2806 2195 “3‘,
2841 2145 2964 2185 cum
2998 2131 3170 2200 ipsum
3203 2132 3455 2186 audimus
3486 2113 3617 2183 "3'5

2040 2224 2199 2288 illud,
2230 2222 2476 2293 inquam,
2517 2237 2722 2292 quaero,
2753 2221 2883 2291 quid
2913 2221 3003 2276 sit.
3033 2220 3166 2276 Illud
3205 2222 3348 2275 enim
3394 2222 3498 2277 hoc
3521 2234 3623 2278 no-

2039 2327 2162 2367 men
2194 2312 2410 2382 pmprie
2462 2310 2555 2345 ⁸⁸⁸³
2583 2310 2886 2382 signiﬁcat;
2930 2318 2987 2365 et
3034 2310 3236 2366 idcirco
3268 2326 3464 2366 nomen
3515 2320 3619 2376 est,

2038 2402 2164 2472 quia
2212 2401 2330 2471 ejus
2364 2400 2781 2469 signiﬁcativum
2820 2408 2905 2454 est
2950 2398 3068 2465 ηδε,
3120 2415 3228 2454 non
3279 2401 3406 2469 quia
3455 2414 3617 2469 supra

2039 2492 2184 2548 dicto
2212 2493 2371 2546 modo
2408 2491 2656 2561 negando
2702 2489 2977 2561 signiﬁcat
3017 2489 3223 2559 aliquid
3250 2507 3264 2543 :
3289 2488 3407 2559 ejus
3428 2490 3623 2559 quippe

2039 2596 2236 2637 nomen
2281 2590 2390 2646 est,
2434 2596 2535 2651 pro
2565 2578 2721 2650 cujus
2763 2581 3163 2651 signiﬁcatione
3212 2580 3357 2637 inter
3405 2582 3623 2636 nomina

2039 2680 2409 2745 computatur,
2430 2680 2491 2727 et
2507 2672 2638 2728 illud
2660 2685 2889 2729 vocatur
2909 2673 3063 2729 nihil.
3098 2674 3231 2728 lllud
3260 2689 3465 2744 quaero,
3489 2689 3620 2743 quo-

2041 2766 2201 2821 modo
2230 2765 2303 2820 sit
2327 2765 2555 2836 aliquid,
2577 2765 2627 2819 si
2654 2765 2874 2836 proprie
2903 2774 3130 2820 vocatur
3162 2765 3328 2832 nihil;
3364 2775 3459 2819 aut
3479 2781 3612 2835 qua.

2042 2857 2165 2911 liter
2188 2856 2259 2912 sit
2282 2855 2437 2920 nihil,
2462 2854 2508 2911 si
2534 2870 2733 2910 nomen
2757 2855 3176 2926 signiﬁcativum
3201 2854 3318 2926 ejus
3347 2856 3618 2926 signiﬁcat

2041 2946 2246 3018 aliquid
2282 2946 2399 3013 ⁸⁸⁸⁸,
2429 2957 2525 3000 aut
2546 2946 2818 3016 quomodo
2843 2946 2984 3001 idem
3015 2947 3087 3001 sit
3113 2945 3345 3014 aliquid,
3370 2953 3427 3000 et
3454 2945 3622 2999 nihil?

348 3057 513 3111 quam
546 3040 841 3113 quodlth
889 3056 1014 3109 vox,
1049 3041 1261 3096 scilicet
1292 3054 1397 3095 non
1446 3039 1674 3109 aliquid,
1718 3053 1934 3093 omnem
1965 3054 2009 3116 ο
2040 3037 2176 3093 Illud
2215 3037 2355 3093 idem
2386 3051 2575 3108 quaero
2604 3037 2670 3092 de
2708 3036 2930 3092 nomine
2975 3034 3136 3101 mali;
3174 3043 3230 3088 et
3277 3034 3345 3088 de
3392 3048 3458 3089 eo
3483 3036 3624 3103 quod

350 3150 465 3190 rem
497 3134 716 3205 penitus
766 3142 824 3189 et
866 3146 1027 3187 omne
1071 3132 1214 3203 quod
1262 3140 1346 3187 est
1391 3130 1624 3203 aliquid,
1662 3129 1934 3185 intellectu

352 3225 778 3291 removendum;
817 3238 919 3278 nec
961 3224 1184 3293 omnino
1211 3222 1377 3278 ullam
1416 3236 1553 3290 rem,
1599 3230 1694 3276 aut
1726 3221 1939 3287 penitus

353 3316 499 3384 quod
549 3314 752 3384 aliquid
800 3315 873 3369 sit
898 3315 951 3369 in
983 3313 1263 3369 intellectu
1307 3313 1648 3368 tetinendum
1694 3310 1806 3375 ⁸⁸⁷⁸,
1840 3326 1935 3365 sua

353 3404 754 3476 signiﬁcatione
794 3404 1098 3458 constituit.
1131 3402 1237 3459 Sed
1270 3403 1526 3473 quoniam
1582 3400 1812 3456 remotio
1843 3400 1938 3454 ali-

349 3492 505 3562 cujus
537 3493 612 3547 rei
645 3491 940 3561 signiﬁcari
969 3492 1272 3547 nullatenus
1293 3502 1469 3564 potest
1492 3492 1592 3546 nisi
1617 3507 1740 3547 cum
1763 3491 1931 3561 signi-

352 3581 606 3636 ﬁcatione
652 3579 771 3649 ejus
820 3581 1011 3649 ipsius,
1067 3580 1223 3650 cujus
1273 3579 1612 3651 signiﬁcatur
1663 3580 1935 3635 remotio:

282 3746 285 3749 _
349 3671 532 3726 nullus
552 3671 697 3726 enim
725 3671 977 3742 intelligit
1004 3672 1134 3741 quid
1166 3671 1435 3742 signiﬁcet
1470 3685 1579 3725 non
1623 3669 1805 3737 homo,
1834 3670 1937 3724 nisi

352 3762 704 3834 intelligendo
728 3764 858 3834 quid
890 3765 957 3820 sit
987 3764 1153 3820 homo
1188 3782 1201 3818 :
1237 3778 1462 3820 necesse
1488 3772 1569 3819 est
1606 3773 1665 3819 ut
1699 3764 1814 3819 haec
1845 3764 1938 3796 ’θη

349 3870 456 3909 vox
486 3870 606 3923 qua:
635 3863 743 3919 est,
787 3870 892 3910 non
925 3855 1154 3925 aliquid,
1185 3854 1517 3910 destruendo
1566 3854 1618 3908 id
1660 3856 1804 3924 quod
1855 3862 1940 3909 est

350 3946 577 4017 aliquid,
612 3948 882 4019 signiﬁcet
917 3947 1142 4018 aliquid.
1173 3947 1441 4015 Quoniam
1480 3962 1610 4001 vero
1639 3944 1940 4000 auferendo

348 4054 511 4094 omne
534 4041 675 4109 quod
699 4049 781 4094 est
808 4039 1036 4108 aliquid,
1066 4038 1268 4093 nullam
1305 4037 1581 4109 signiﬁcat
1607 4035 1924 4102 essentiam,

349 4148 513 4201 quant
548 4132 600 4185 in
628 4131 900 4187 audientis
934 4130 1208 4185 intellectu
1234 4126 1572 4182 retinendam
1594 4125 1892 4181 constituat
1921 4143 1935 4180 :

350 4222 559 4276 idcirco
587 4238 713 4286 vox,
750 4238 854 4275 non
884 4219 1103 4290 aliquid,
1153 4218 1353 4271 nullam
1386 4231 1524 4282 rem,
1574 4216 1836 4284 autquod
1867 4217 1940 4269 sit

351 4312 574 4382 aliquid,
602 4313 891 4386 signiﬁcat.
943 4311 1110 4383 igitur
1139 4310 1255 4367 hzec
1288 4326 1413 4376 vox,
1446 4324 1550 4363 non
1582 4306 1812 4376 aliquid,
1853 4307 1939 4363 his

2043 3134 2335 3205 signiﬁcat,
2365 3141 2421 3188 et
2471 3132 2621 3202 quod
2668 3132 2872 3187 malum
2909 3130 3239 3186 nominatur.
3286 3129 3427 3184 MAG.
3461 3128 3626 3183 Recte

2042 3227 2273 3295 quaeris;
2320 3224 2446 3294 quia
2494 3223 2639 3289 licet,
2688 3223 3028 3294 supraposita
3062 3222 3291 3286 ratione,
3344 3220 3542 3275 malum
3573 3228 3627 3274 ει

2040 3317 2178 3371 nihil
2229 3316 2536 3386 signiﬁcent
2584 3314 2823 3385 aliquid,
2887 3323 3066 3368 tamen
3114 3314 3256 3382 quod
3292 3312 3628 3383 signiﬁcatur

2040 3421 2148 3462 non
2171 3414 2255 3460 est
2287 3404 2489 3461 malum
2520 3412 2613 3464 aut
2644 3404 2777 3458 nihil
2814 3403 2911 3436 ³⁸⁸⁸
2938 3421 2951 3457 :
2982 3402 3077 3457 sed
3110 3410 3197 3456 est
3222 3401 3328 3455 alia
3373 3402 3511 3455 ratio
3534 3400 3624 3431 “‘7

2041 3511 2145 3567 qua
2199 3494 2507 3567 signiﬁcant
2573 3493 2806 3562 aliquid,
2851 3501 2906 3548 et
2951 3492 3095 3563 quod
3157 3491 3494 3563 signiﬁcatur
3544 3499 3629 3543 cst

2041 3588 2271 3659 aliquid;
2305 3587 2399 3642 sed
2429 3600 2536 3641 non
2567 3599 2696 3639 vere
2720 3584 2920 3655 aliquid
2953 3583 3066 3648 *9”,
3099 3583 3193 3638 sed
3223 3581 3377 3653 quasi
3406 3580 3625 3650 aiiquid.

2042 3679 2209 3735 Multa
2251 3678 2451 3749 quippe
2493 3692 2616 3733 esse
2644 3677 2894 3731 dicuntur
2923 3674 3021 3708 ¹⁸⁸⁹
3048 3674 3344 3731 secundum
3377 3662 3633 3736 formant,

2041 3784 2160 3838 quae
2210 3782 2318 3824 non
2369 3774 2495 3822 sunt
2540 3765 2839 3820 secundum
2888 3779 3050 3820 rem:
3101 3772 3199 3828 ut,
3259 3763 3486 3825 timere,
3540 3776 3626 3815 se-

2040 3860 2276 3917 Cnndunt
2318 3859 2559 3914 'l‘ortnam
2609 3857 2781 3924 vocis,
2822 3856 3022 3911 dicitur
3067 3855 3327 3920 activum,
3378 3868 3499 3907 cum
3552 3853 3624 3906 sit

2039 3953 2148 4024 67
2180 3952 2475 4022 passivum,
2508 3948 2805 4004 secundum
2860 3962 2993 4002 rem.
3036 3945 3114 4000 lla
3162 3960 3377 4016 quoque
3407 3946 3625 3999 caecitas

2042 4044 2239 4098 dicitur
2271 4041 2499 4111 aliquid,
2540 4040 2838 4096 secundum
2883 4039 3111 4094 formant
3155 4036 3442 4107 loquendi,
3498 4051 3620 4089 cum

2042 4151 2147 4190 non
2180 4134 2250 4189 sit
2279 4132 2503 4201 aliquid,
2534 4131 2832 4187 secundum
2864 4146 2999 4184 rem.
3038 4130 3191 4185 Sicut
3222 4130 3369 4184 enim
3421 4128 3487 4182 de
3523 4127 3622 4180 ali-

2040 4239 2148 4294 quo
2186 4222 2419 4278 dicimus
2449 4221 2575 4291 quia
2608 4221 2781 4275 visum
2816 4221 3003 4286 habet,
3042 4230 3098 4274 et
3137 4220 3285 4273 visus
3322 4224 3407 4273 est
3455 4218 3508 4272 in
3531 4232 3626 4279 eo;

2043 4314 2117 4367 ita
2145 4312 2374 4368 dicimus
2402 4311 2528 4383 quia
2551 4310 2714 4367 habet
2739 4312 3057 4376 ειεεῖιειιειιι,
3085 4318 3141 4366 ει
3169 4310 3386 4365 εςεείιιιε
3435 4316 3520 4372 εει
3575 4307 3630 4361 in

1632 4493 1859 4549 VARle
1884 4491 2283 4550 LECTIONES.

424 4625 516 4657 ’πο
542 4623 680 4677 Nihil
707 4641 848 4691 esse,
878 4641 1134 4695 cogamur
1173 4625 1327 4681 fateri
1356 4626 1487 4680 nihil
1519 4642 1641 4680 mss.
1682 4624 1809 4680 Vict.
1833 4627 1953 4680 Ber.
1979 4625 2128 4681 Gem.
2171 4625 2327 4681 σοι-ὸ.
2356 4625 2486 4681 nihil
2523 4640 2645 4681 esse
2674 4625 2807 4681 nihil
2832 4639 3089 4694 cogamur
3104 4624 3267 4695 lateri
3327 4623 3437 4695 _‘°“
3463 4620 3633 4691 Nemo

348 4703 526 4766 potest
561 4709 687 4766 pass.
722 4710 880 4749 nemo
912 4693 1093 4766 tamen
1132 4706 1312 4766 potest
1382 4696 1498 4766 7”“
1526 4696 1917 4766 ,Sigttiﬁcatum
1960 4712 2081 4752 esse
2110 4713 2236 4751 mss.
2289 4697 2703 4763 signiﬁcativnm
2744 4711 2864 4750 esse
2908 4693 3028 4727 “‘7
3073 4693 3143 4766 Ut
3169 4693 3502 4766 signiﬁcetur
3531 4708 3629 4744 ms.

360 4764 495 4818 Vict.
518 4832 531 4845 .
550 4762 681 4847 (inut
720 4766 853 4818 nihil
897 4762 1231 4847 signiﬁcetur
1255 4835 1270 4847 _
1294 4765 1419 4847 ,ηδε
1446 4762 1682 4847 Fat-seet
1708 4762 2019 4847 incongrue
2043 4783 2142 4820 ms.
2178 4765 2311 4819 Vict.
2423 4766 2558 4847 l‘also
2594 4766 2966 4847 et‘in‘congrne
3060 4765 3150 4796 “5'
3175 4762 3444 4847 Jtidicinm
3463 4776 3634 4847 omne

348 4852 476 4889 mss.
513 4831 774 4901 judicium
819 4831 1060 4889 omnium
1139 4835 1308 4890 ""ld
1346 4850 1452 4889 non
1504 4837 1773 4904 signiﬁcet
1814 4831 1939 4890 mis.
1968 4836 2019 4889 id
2052 4846 2129 4891 est
2164 4852 2268 4889 non
2300 4834 2568 4904 signiﬁcet
2642 4831 3006 4889 ""Vi'd'elicet
3057 4850 3161 4888 non
3211 4832 3475 4901 signiﬁcat
3505 4848 3630 4904 mss.

350 4904 602 4975 videlicet
641 4903 772 4958 nihil
817 4920 922 4975 non
974 4905 1243 4975 signiﬁcat
1316 4905 1410 4937 “7’
1444 4904 1553 4960 Aut
1582 4906 1781 4975 aliquid
1821 4921 1835 4958 :
1871 4916 1964 4959 aut
1997 4903 2547 4974 mss.etaliquid,attt
2621 4905 2867 4959 “"Dicit
2902 4920 3007 4958 non
3035 4904 3236 4975 aliquid
3263 4919 3389 4975 mss.
3412 4912 3458 4954 et
3501 4903 3633 4954 edit.

351 4976 510 5033 (iam.
554 4973 674 5028 dico
706 4989 812 5028 non
838 4973 1047 5042 aliquid
1135 4975 1228 5007 “7‘
1251 4975 1529 5029 Intellecta
1577 4973 1913 5030 retinendum
1938 4992 2065 5029 mss.
2096 4976 2147 5028 in
2189 4975 2460 5029 intellectu
2484 4975 2824 5029 retinendum
2903 4975 2997 5005 "7'
3017 4973 3249 5029 Necesse
3279 4983 3335 5024 ut
3363 4973 3475 5024 haec
3505 4987 3627 5042 mss.

353 5058 577 5100 necesse
595 5052 754 5098 estut
778 5045 894 5099 haec
930 5039 943 5042 ⁷
970 5044 1064 5076 ⁸⁹⁷⁶
1086 5044 1290 5099 Nomen
1323 5045 1811 5113 signiﬁcetaliquid
1841 5063 1966 5101 mss.
2000 5061 2192 5099 nomen
2216 5044 2334 5111 ejus
2361 5045 2627 5113 signiﬁcat
2653 5045 2854 5113 aliquid
2930 5044 3019 5076 ¹⁹⁷⁷
3048 5043 3444 5113 signiﬁcatum,
3469 5039 3630 5113 sedsi

354 5132 480 5186 mss.
509 5114 950 5186 signiﬁcativum,
984 5115 1135 5186 sisic
1211 5116 1303 5147 ¹⁹⁷⁸
1328 5109 1431 5186 Hic
1456 5116 1510 5186 in
1544 5132 1666 5168 mss.
1699 5109 1804 5186 inc.
1835 5132 1951 5183 cap.
1999 5116 2084 5168 ll.
2123 5114 2190 5168 In
2221 5109 2679 5186 titulo‘Quomodo
2701 5109 2900 5168 malum
2927 5130 3061 5186 mss:
3068 5109 3233 5186 Quod
3249 5110 3508 5186 _ll_lall|_l_ll“
3538 5109 3632 5140 ³⁸⁷⁸

352 5184 484 5237 lilnd
517 5179 615 5255 pro
644 5185 733 5239 illa
759 5179 820 5240 re
846 5179 969 5239 mss.
995 5184 1183 5239 Cister.
1209 5186 1354 5239 omit.
1383 5179 1509 5255 illud
1533 5194 1579 5239 ct
1612 5200 1670 5238 re
1745 5179 1990 5238 1mIllud
2020 5186 2182 5255 igitur
2208 5200 2332 5255 mss.
2358 5183 2543 5237 (ἐξερεῖ.
2569 5184 2695 5255 illud
2728 5199 2855 5238 vero
2930 5185 3017 5217 ‘9‘"
3044 5184 3109 5237 Et
3139 5180 3262 5255 quid
3286 5179 3633 5255 intelligimus

351 5270 497 5325 mss.
518 5248 658 5308 Vict.
682 5264 738 5309 et
765 5257 907 5325 quod
933 5256 1282 5325 intelligimus
1358 5256 1450 5289 ‘9‘”
1472 5253 1607 5310 Cum
1631 5256 1804 5323 ipsum
1835 5248 2082 5325 audimus
2109 5269 2234 5308 mss.
2256 5253 2444 5307 Cister.
2476 5268 2598 5325 cum
2630 5254 2803 5325 ipsum
2836 5269 3032 5325 nomen
3064 5248 3479 5325 audintttsfim‘fji3
3522 5248 3634 5325 lloe

354 5324 576 5406 nomine
599 5316 813 5406 proprie
835 5341 959 5406 mss.
976 5326 1089 5406 hec
1108 5316 1303 5406 nomen
1330 5325 1546 5406 proprie
1642 5316 1734 5405 ίθξδ
1757 5324 1882 5406 Ejus
1905 5323 2268 5406 signiﬁcatum
2284 5332 2377 5406 _est
2399 5340 2525 5406 mss:
2548 5316 2665 5406 ejus
2694 5323 3114 5406 sigttiticatiVItm
3135 5330 3218 5375 est
3251 5389 3262 5400 .
3292 5316 3633 5406 ¹⁶⁸⁵βίεςιιίιὶτ

359 5340 576 5378 nonnne
599 5340 813 5406 proprie
835 5341 959 5378 mss.
988 5340 1089 5381 noc
1112 5341 1303 5380 nomen
1330 5340 1546 5394 proprie
1642 5340 1734 5365 ιη’
1757 5340 1882 5394 ejus
1905 5340 2268 5447 Slfglllltcalllm
2293 5340 2377 5377 εει
2399 5340 2525 5377 mss.
2548 5340 2663 5393 ejus
2696 5340 3114 5392 sngntncauvum
3135 5340 3218 5375 εει
3251 5389 3262 5400 ⁸
3292 5340 3631 5403 ’π’ριεςιιιιι-

359 5401 540 5466 catum
569 5395 851 5466 signiﬁcat
870 5395 1012 5466 nihil
1061 5412 1185 5466 mss.
1211 5394 1627 5465 signiticativum
1658 5394 1775 5463 ejus
1799 5395 1934 5466 signi
1961 5403 2066 5466 teat
2095 5392 2297 5466 aliquid
2328 5410 2455 5466 mss.
2484 5393 2546 5448 S.
2575 5393 2629 5449 Μ
2638 5395 2738 5447 iclt.
2773 5392 3188 5466 signiﬁcativum
3217 5404 3335 5466 ejus
3364 5392 3631 5466 signiﬁcat

356 5462 502 5534 nihil
591 5457 1051 5534 “WSigniﬁcatnr
1081 5457 1289 5517 malum?
1311 5480 1417 5518 non
1442 5474 1526 5517 est
1556 5475 1646 5519 aut
1677 5457 1811 5518 nihil
1838 5457 1963 5519 ἤιεε.
1990 5457 2557 5534 (ἰίειει’.ἐίειιίιίεςιιιιι’,
2586 5481 2689 5520 non
2718 5474 2801 5520 est
2825 5457 3028 5517 ntalum
3058 5469 3152 5534 aut
3181 5459 3312 5534 nihil
3335 5457 3630 5534 _‘_f"_7_S_ed

357 5539 412 5583 et
436 5530 539 5604 alia
573 5533 710 5604 ratio
740 5527 863 5588 υἷες.
895 5544 978 5587 εει
1007 5535 1107 5587 alia
1144 5534 1279 5588 ratio
1357 5534 1447 5564 “'38
1485 5535 1592 5588 Sed
1625 5552 1728 5588 non
1774 5550 1897 5590 γει-ε
1923 5543 2006 5591 εει
2037 5535 2237 5604 aliquid
2253 5527 2392 5589 'mss.
2417 5527 2605 5590 Cisler.
2650 5537 2742 5591 sed
2773 5548 2878 5589 non
2900 5547 3027 5588 vere
3056 5529 3256 5601 aliquid
3333 5527 3425 5561 "”
3467 5527 3629 5582 Multa

371 5599 587 5667 quidem
617 5601 865 5657 dicuntur
902 5619 1024 5658 mss.
1076 5604 1238 5660 multa
1290 5604 1487 5675 quippe
1529 5604 1779 5659 dicuntur
