3926 6054
329 201 426 255 3H

1491 193 1768 250 DlALOG.
1807 195 1894 248 BE
1935 191 2116 248 (Ἀεὶ)
2169 189 2459 246 DIABOLI.

3499 187 3608 244 342

327 333 432 374 eo:
481 331 606 372 cum
641 315 758 370 luce
789 329 896 370 non
947 312 1020 368 sit
1049 311 1144 344 "9°
1195 311 1418 383 aliquid,
1468 312 1561 367 sed
1593 312 1772 382 potius
1809 328 1912 366 non
1947 318 1989 374 Λ
2021 325 2124 364 non
2168 307 2328 364 simul
2377 315 2568 372 totum,
2616 305 2709 360 sed
2748 319 2844 378 per
2893 313 3076 376 partes
3111 313 3166 358 et
3209 303 3606 373 hactenusjam

327 409 567 477 aliquid;
593 415 650 462 et
673 405 1050 468 hanehabere,
1080 419 1188 459 non
1220 405 1290 459 sit
1313 405 1512 458 habere
1538 403 1736 474 aliquid
1764 445 1780 470 ,
1813 404 1919 456 imo

329 515 520 556 carere
551 515 640 564 eo,
667 499 810 568 quod
839 507 924 552 est
980 497 1204 566 aliquid.
1269 495 1502 552 Cmcitas
1533 511 1768 566 namque
1813 511 1916 550 non

328 597 414 644 est
445 587 591 641 aliud
615 601 776 656 quam
809 599 916 639 non
953 585 1122 650 visus,
1150 593 1244 640 aut
1271 584 1513 639 absentia
1541 585 1689 640 visus
1729 585 1818 640 ubi
1843 585 1922 638 vi-

328 694 426 734 sus
463 678 622 734 debet
643 690 794 742 esse;
828 691 936 730 non
965 675 1116 729 visus
1137 691 1268 730 vero
1297 675 1380 730 vel
1423 677 1514 713 ⁸³9⁸
1563 675 1806 731 absentia
1839 676 1920 729 vi—

331 769 426 826 Sus
479 785 582 823 non
633 769 808 837 magis
843 775 928 821 est
979 765 1204 836 aliquid,
1255 765 1343 820 ubi
1393 767 1539 822 visus
1594 766 1754 822 debet
1799 781 1920 821 esse

329 875 492 930 quam
523 859 615 913 ubi
646 874 752 912 non
782 857 938 912 debet
963 871 1104 911 esse.
1136 857 1314 922 Quare
1339 855 1556 911 caecitas
1607 872 1714 912 non
1747 859 1919 927 magis

329 959 416 1004 est
445 949 496 1003 in
528 948 684 1002 oculo
707 947 906 1016 aliquid
933 947 1056 1014 quia
1082 946 1150 1000 ibi
1183 943 1342 1000 debet
1361 961 1486 1000 esse
1513 946 1661 1001 visus
1687 988 1700 1012 ,
1751 963 1914 1017 quam

329 1053 437 1092 non
461 1037 610 1092 visus
631 1035 716 1090 vel
741 1033 982 1090 absentia
1007 1034 1156 1089 visus
1187 1035 1236 1088 in
1273 1033 1470 1103 lapide,
1501 1034 1589 1088 ubi
1617 1051 1720 1090 non
1759 1037 1918 1092 debet

328 1142 452 1184 esse
483 1129 646 1184 visus.
681 1125 842 1181 Multa
869 1141 1084 1195 quoque
1108 1125 1212 1178 alia
1250 1125 1500 1181 similiter
1527 1127 1783 1182 dicuntur
1821 1129 1916 1184 ali-

327 1221 480 1292 quid,
513 1221 808 1276 secumlum
862 1219 1092 1272 formam
1149 1218 1426 1288 loquendi,
1475 1235 1596 1290 qua:
1646 1236 1750 1275 non
1791 1231 1916 1276 sunt

326 1313 531 1384 aliquid
549 1352 564 1378 ,
587 1311 841 1381 quoniam
865 1311 945 1364 sic
967 1306 1240 1378 loquimur
1263 1311 1327 1364 de
1358 1311 1482 1378 illis,
1512 1311 1652 1366 sicut
1671 1313 1736 1368 de
1753 1315 1914 1370 rebus

324 1401 708 1456 existentibus.
741 1398 855 1454 lloc
883 1413 1012 1469 ergo
1038 1398 1200 1453 modo
1229 1399 1428 1453 malum
1457 1411 1512 1456 et
1537 1401 1673 1455 nihil
1703 1403 1914 1474 signiti-

325 1501 456 1546 cant
486 1489 717 1560 aliquid;
759 1498 812 1543 et
844 1489 986 1557 quod
1016 1487 1372 1558 signiﬁcatur,
1406 1500 1490 1546 est
1545 1491 1635 1524 ⁸⁸⁸³
1686 1492 1910 1562 aliquid,

326 1596 434 1634 non
474 1579 770 1634 secundum
803 1594 938 1644 rem,
966 1589 1058 1636 sed
1087 1579 1384 1636 secundum
1415 1577 1642 1634 formam
1682 1581 1907 1652 loquen-

2022 415 2140 455 csse
2164 399 2387 466 factum,
2419 398 2601 468 utjam
2633 397 2705 452 sit
2733 409 2888 466 aptus
2915 399 2980 452 ad
3017 398 3322 458 habendam
3353 397 3604 453 volunta-

2023 499 2152 554 tem,
2177 489 2270 544 sed
2299 487 2536 542 nondum
2565 486 2690 540 velit
2717 485 2942 554 aliquid.
2980 486 3124 540 DISC.
3151 486 3297 542 Pone
3326 487 3470 556 quod
3498 487 3601 550 vis,

2021 590 2076 636 et
2095 593 2307 650 expone
2329 578 2472 647 quod
2515 591 2718 648 quaero.
2769 575 2909 634 MAG.
2957 578 3039 631 An
3070 593 3199 647 ergo
3251 587 3410 648 putas
3459 579 3604 650 quod

2023 673 2122 727 iste
2145 670 2370 740 angelus
2399 683 2496 739 per
2519 683 2578 724 se
2603 669 2778 738 possit
2805 669 2944 723 velle
2983 668 3186 737 aliquid
3211 670 3233 722 ?
3286 670 3432 726 Dtsc.
3487 669 3604 726 Non

2021 763 2160 817 bene
2209 761 2364 815 video
2411 759 2556 828 quod
2601 759 2734 814 dicis
2787 773 2882 827 per
2924 773 3002 814 se.
3040 758 3194 825 Quod
3245 760 3388 814 enim
3441 759 3606 826 (sicut

2021 865 2184 922 supra
2205 851 2319 920 jam
2370 849 2556 904 dixisti
2585 851 2650 905 de
2699 851 2846 904 onmi
2903 850 3176 918 creatura)
3233 849 3365 904 nihil
3419 849 3600 914 habet,

2019 943 2170 1012 quod
2188 959 2290 996 non
2317 940 2560 1008 accepit,
2607 939 2738 992 nihil
2765 947 2942 1007 potest
2985 955 3080 1008 per
3121 953 3201 992 se.
3249 938 3390 995 MAG.
3425 937 3526 994 Per
3549 956 3602 994 se

2019 1033 2162 1094 dico,
2192 1045 2288 1099 per
2324 1029 2424 1082 hoc
2453 1030 2595 1098 quod
2639 1027 2748 1094 jam
2793 1029 2952 1082 habet
2985 1043 2998 1080 :
3027 1027 3194 1096 utqui
3227 1028 3388 1082 habet
3437 1029 3604 1096 pedes

2017 1131 2070 1178 et
2099 1139 2218 1192 qua:
2248 1119 2520 1177 solliciunt
2545 1120 2636 1150 “’9”
2658 1119 2724 1173 ad
2749 1121 3042 1188 potentiam
3069 1119 3399 1183 ambulandi,
3427 1127 3604 1188 potest

2019 1215 2302 1270 ambulare
2349 1229 2446 1284 per
2471 1229 2568 1278 se;
2609 1213 2698 1282 qui
2744 1221 2924 1266 autem
2979 1213 3141 1266 habet
3173 1215 3358 1282 pedes,
3398 1221 3453 1266 et
3493 1229 3599 1268 non

2019 1301 2618 1358 habetincolumitatem
2643 1301 2838 1372 pedum
2861 1315 2964 1354 non
2993 1309 3170 1370 petest
3195 1301 3474 1357 ambulare
3505 1317 3600 1372 per

2015 1419 2095 1459 se.
2137 1403 2250 1459 Hoc
2306 1404 2490 1472 itaque
2533 1407 2694 1456 modo
2731 1415 2914 1470 quaero
2956 1415 3022 1454 an
3079 1399 3166 1455 ille
3219 1402 3461 1468 angelus,
3509 1403 3600 1472 qui

2009 1493 2122 1564 jam
2145 1503 2305 1564 aptus
2336 1501 2420 1548 est
2455 1492 2522 1548 ad
2549 1490 2859 1555 volendum,
2901 1499 2955 1544 et
3010 1489 3248 1544 nondum
3303 1489 3598 1558 quidquam

2016 1585 2152 1651 vult,
2181 1585 2355 1654 possit
2384 1599 2480 1654 per
2503 1598 2561 1638 se
2581 1581 2719 1637 velle
2740 1579 2974 1650 aliquid?
3013 1579 3159 1634 Dtsc.
3193 1579 3328 1633 Puto
3356 1579 3480 1648 quia
3508 1593 3604 1648 po-

324 1669 402 1723 di.
431 1667 573 1724 Nihil
597 1667 739 1722 enim
760 1683 862 1722 non
896 1667 1036 1722 aliud
1056 1669 1347 1738 signiﬁcat,
1368 1683 1529 1737 quam
1553 1682 1658 1722 non
1685 1669 1907 1740 aliquid,
1943 1669 1986 1726 Β
2018 1684 2141 1740 test,
2167 1676 2210 1730 si
2237 1675 2526 1744 aliquando
2548 1673 2681 1726 vult.
2707 1670 2846 1726 MAG.
2871 1669 2984 1724 Non
3011 1669 3304 1738 respondes
3333 1669 3398 1722 ad
3435 1669 3610 1722 inter-

323 1760 738 1818 autabsentiam
769 1775 955 1815 eorum
987 1776 1108 1830 qutc
1133 1770 1258 1816 sunt
1313 1761 1545 1829 aliquid;
1599 1769 1654 1814 et
1711 1761 1910 1814 malum

324 1869 434 1908 non
461 1863 546 1908 est
575 1851 742 1916 aliud,
775 1867 936 1921 quam
971 1867 1078 1906 non
1105 1853 1330 1914 bonum,
1362 1861 1456 1906 aut
1489 1851 1733 1907 absentia
1763 1853 1910 1916 boui,

324 1944 417 1999 ubi
447 1943 604 2000 debet
628 1955 682 1998 et
716 1943 934 2014 eXpedit
963 1958 1082 1998 esse
1129 1941 1348 1996 bonum.
1385 1941 1538 2009 Quod
1575 1951 1756 1998 autem
1805 1959 1910 1998 non

323 2046 409 2091 est
437 2035 606 2102 aliud,
633 2049 794 2104 quam
823 2033 1068 2089 absentia
1099 2031 1215 2102 ejus
1241 2032 1384 2102 quod
1438 2039 1520 2087 est
1553 2032 1774 2102 aliquid,
1807 2032 1912 2086 ιιιί-

323 2139 430 2194 que
457 2138 564 2178 non
587 2135 671 2177 est
709 2121 932 2190 aliquid.
965 2120 1164 2174 illalutn
1204 2121 1368 2192 igitur
1400 2135 1526 2176 vere
1553 2129 1637 2176 est
1668 2121 1820 2184 nihil,
1851 2133 1906 2176 et

325 2214 464 2268 nihil
499 2228 606 2268 non
637 2223 722 2268 est
753 2213 976 2282 aliquid,
1017 2223 1072 2267 et
1117 2222 1296 2267 tamen
1357 2211 1752 2282 quodammodo
1789 2222 1912 2268 sunt

325 2305 561 2374 aliquid,
591 2305 714 2372 quia
745 2303 824 2360 sic
851 2303 1120 2374 loquimur
1152 2301 1338 2368 dehis,
1366 2304 1518 2372 quasi
1549 2303 1656 2359 sint
1684 2304 1910 2374 aliquid,

324 2411 448 2450 cum
473 2397 702 2452 dicimus
735 2413 750 2450 :
781 2395 948 2461 Nihil,
989 2394 1072 2450 vel
1103 2394 1303 2449 malum
1331 2393 1490 2460 fecit,
1519 2405 1633 2462 aut,
1657 2397 1790 2452 nihil
1821 2405 1915 2452 aut

323 2487 528 2542 malum
564 2499 666 2552 est,
704 2487 845 2558 quod
873 2487 1000 2542 fecit
1027 2506 1038 2540 :
1069 2488 1212 2542 sicut
1235 2487 1466 2544 dicimus
1500 2503 1514 2542 :
1552 2489 1792 2559 Aliquid,
1826 2491 1908 2546 vel

327 2581 526 2634 bonum
559 2579 688 2636 fecit
709 2621 726 2646 ,
761 2589 878 2647 aut,
906 2579 1109 2650 aliquid
1147 2579 1228 2634 vel
1253 2579 1450 2635 bonum
1475 2591 1556 2636 est
1586 2583 1729 2652 quod
1761 2582 1910 2638 fecit.

325 2669 466 2725 [line
495 2680 578 2726 est
608 2671 755 2740 quod
807 2687 928 2725 cum
983 2685 1245 2742 negamus
1277 2671 1499 2725 omnino
1541 2687 1660 2728 esse
1710 2673 1910 2743 aliquid

321 2761 469 2830 quod
493 2761 628 2814 dicit
656 2761 869 2830 aliquis,
902 2761 973 2815 ita
1005 2761 1235 2815 dicimus
1263 2779 1276 2816 :
1312 2760 1422 2816 lloc
1451 2763 1594 2831 quod
1643 2762 1800 2827 dicis,
1831 2764 1913 2817 ni-

324 2849 401 2904 hil
426 2859 529 2905 est.
563 2849 693 2905 Nam
719 2851 822 2906 hoc
847 2860 899 2906 et
931 2853 1072 2921 quod
1103 2851 1322 2922 proprie
1360 2867 1464 2906 non
1518 2851 1774 2907 dicuntur
1805 2853 1910 2910 nisi

323 2941 392 2996 de
416 2957 484 2998 eo
513 2941 606 2974 ¹⁹⁹³
634 2945 779 3014 quod
814 2953 897 2998 est
941 2943 1182 3013 aliquid:
1229 2951 1283 2998 et
1335 2959 1458 2997 eum
1509 2945 1580 2998 ita
1634 2945 1908 3012 dicuntur,

321 3034 467 3088 sicut
493 3013 804 3098 mododixi,
838 3051 940 3090 non
965 3036 1217 3090 dicuntur
1249 3035 1313 3090 de
1329 3049 1394 3090 eo
1419 3037 1562 3105 quod
1589 3037 1661 3092 sit
1683 3038 1907 3108 aliquid,
1941 3013 1982 3070 Ο

319 3125 418 3178 sed
453 3125 595 3193 quod
620 3125 772 3196 quasi
800 3125 1000 3196 aliquid
1028 3126 1226 3181 dicitur
1256 3125 1367 3178 “9".
1413 3127 1560 3182 Dtsc.
1591 3127 1666 3182 De
1701 3129 1910 3186 ratione

321 3215 562 3269 nominis
592 3215 738 3280 mali,
771 3231 876 3286 qua
909 3229 996 3271 me
1021 3215 1278 3284 putabam
1326 3231 1484 3284 posse
1529 3216 1760 3284 probare
1791 3233 1908 3270 ma-

321 3307 434 3361 lum
462 3323 583 3363 esse
605 3307 826 3378 aliquid,
857 3309 1192 3364 satisfecisti.

931 3417 1158 3474 CAPUT
1197 3419 1308 3474 XII.

326 3527 484 3594 Quod
515 3527 729 3598 angelus
750 3546 782 3582 a
802 3545 866 3600 se
895 3546 996 3583 non
1028 3529 1194 3596 potuit
1239 3531 1426 3584 habere
1471 3529 1782 3585 voluntatem
1809 3532 1914 3600 pri-

395 3613 568 3662 mam;
595 3609 640 3650 et
671 3599 810 3668 quod
857 3601 1024 3670 multa
1045 3600 1292 3668 dicuntur
1348 3615 1498 3666 posse
1540 3601 1714 3654 aliena
1743 3599 1914 3670 potes-

394 3675 523 3730 tate,
561 3677 609 3721 et
641 3667 742 3721 nan
769 3685 915 3737 posse
939 3667 1111 3722 aliena
1133 3670 1458 3738 impotentia.

401 3757 594 3812 Restat
621 3773 764 3812 nunc
791 3766 850 3812 ut
879 3773 963 3812 me
985 3759 1053 3812 ad
1082 3757 1207 3823 alia,
1242 3771 1361 3826 qua:
1387 3757 1520 3812 mihi
1565 3759 1764 3812 malum
1795 3775 1914 3815 esse

325 3848 530 3918 aliquid
618 3849 946 3918 persuadere
1031 3849 1278 3904 nituntur
1309 3887 1326 3915 ,
1403 3847 1534 3917 quid
1590 3853 1916 3916 respondere

325 3941 534 3996 valeam
561 3945 811 3998 edoceas.
845 3943 987 4000 MAG.
1013 3943 1082 4000 Ut
1110 3945 1396 4000 veritatem
1431 3943 1510 3998 rei
1531 3947 1768 3999 enodare
1821 3945 1913 3983 ¹⁹⁹³

321 4033 612 4099 possimus,
669 4036 882 4106 longius
931 4037 1024 4069 ‘9’“
1092 4037 1490 4106 aliquantulum
1533 4039 1774 4095 exordiri
1816 4053 1914 4092 nos

321 4131 571 4190 oportet;
621 4126 714 4179 sed
745 4134 802 4179 et
823 4139 961 4190 opus
987 4135 1068 4180 est
1096 4135 1154 4180 ιιι
1185 4136 1238 4181 tu
1271 4143 1356 4194 ea,
1383 4145 1504 4199 qua:
1554 4129 1753 4194 dicam,
1805 4145 1910 4182 non

325 4213 400 4267 sis
428 4222 714 4270 contentus
735 4216 942 4287 singula
984 4225 1190 4270 tantum
1221 4217 1544 4289 intelligere,
1595 4219 1688 4272 sed
1719 4220 1907 4272 omnia

324 4302 490 4356 simul
521 4305 783 4360 memoria
813 4307 968 4376 quasi
1021 4308 1122 4362 sub
1151 4323 1256 4362 uno
1287 4307 1482 4363 intuitu
1516 4309 1606 4342 ¹⁹⁹⁷
1633 4309 1908 4378 colligere.

2019 1769 2352 1838 rogationem
2385 1783 2582 1821 meam.
2623 1765 2770 1821 Dtsc.
2804 1763 3122 1832 Quomodo?
3156 1761 3295 1818 MAG.
3329 1763 3440 1833 Ego
3461 1777 3611 1832 quat-

2017 1859 2164 1915 rode
2203 1857 2336 1914 nihil
2364 1857 2596 1920 volente,
2653 1865 2708 1910 et
2756 1855 2821 1909 de
2879 1861 3147 1924 potestate
3177 1867 3297 1922 qua:
3345 1851 3602 1922 praacedit

2017 1967 2170 2006 rem:
2208 1961 2264 2006 et
2299 1960 2354 2004 tu
2388 1950 2680 2018 respondes
2705 1947 2772 2002 de
2806 1947 3018 2002 volente
3043 1946 3134 1986 ‘9”
3157 1953 3211 2000 et
3236 1946 3302 2000 de
3329 1953 3597 2014 potestate

2015 2057 2134 2112 quae
2159 2041 2213 2096 ﬁt
2249 2057 2372 2096 cum
2403 2057 2480 2096 re.
2505 2038 2638 2094 Nam
2666 2053 2824 2094 omne
2849 2039 2992 2107 quod
3043 2047 3146 2103 est,
3195 2051 3260 2091 eo
3306 2043 3422 2106 ipso
3473 2037 3598 2106 quia

2015 2136 2098 2182 cst
2131 2127 2252 2192 '°°°,
2286 2137 2464 2198 potest
2507 2141 2666 2190 esse;
2725 2139 2830 2180 non
2876 2133 3056 2180 autem
3106 2139 3268 2178 omne
3312 2124 3454 2192 quod
3493 2133 3592 2188 est,

2015 2219 2188 2288 potuit
2213 2233 2355 2282 esse,
2387 2227 2677 2286 antequam
2707 2223 2852 2271 esset
2880 2214 2996 2266 ⁸⁸⁵⁸.
3047 2213 3180 2268 Cum
3230 2229 3360 2284 ergo
3409 2229 3598 2283 quaero

2017 2319 2195 2364 utrum
2249 2308 2336 2364 ille
2377 2310 2467 2378 qui
2519 2307 2650 2362 nihil
2701 2306 2837 2369 vult,
2905 2305 3074 2373 possit
3159 2304 3334 2368 velle,
3413 2319 3598 2372 quaero

2017 2407 2340 2468 potestatem
2369 2408 2493 2452 ante
2525 2397 2879 2460 voluntatem,
2905 2409 3010 2464 qua
3053 2409 3111 2449 se
3159 2394 3330 2463 possit
3381 2407 3600 2446 movere

2019 2493 2082 2546 ad
2111 2491 2464 2545 voluntatem.
2495 2488 2574 2542 Tu
2603 2503 2752 2553 vero,
2783 2501 2904 2541 cum
2937 2486 3230 2555 respondes
3255 2485 3380 2554 quia
3408 2485 3454 2538 si
3484 2483 3600 2537 vult

2017 2592 2216 2653 potest,
2245 2583 2380 2638 dicis
2409 2591 2734 2652 potestatem
2761 2595 2880 2650 qua:
2905 2577 2964 2632 ﬁt
2987 2593 3111 2634 cum
3143 2577 3260 2646 ipsa
3289 2576 3594 2630 voluntate.

2017 2675 2250 2730 Necesse
2277 2675 2419 2728 enim
2449 2683 2528 2728 est
2558 2673 2600 2727 si
2632 2671 2766 2737 vult,
2795 2681 2854 2724 ut
2879 2669 3048 2740 possit
3083 2667 3239 2722 velle.
3270 2667 3415 2722 Dtsc.
3472 2665 3599 2721 Scio

2017 2768 2149 2824 duas
2175 2781 2296 2822 esse
2323 2775 2618 2836 potestates
2649 2783 2662 2816 :
2693 2777 3026 2831 unamrquae
3049 2760 3284 2814 nomium
3313 2767 3396 2813 est
3423 2757 3476 2811 in
3507 2771 3594 2822 re;

2015 2857 2265 2922 alteram,
2295 2871 2410 2925 qua?
2433 2855 2544 2924 jam
2574 2865 2656 2910 est
2683 2856 2734 2926 in
2765 2867 2844 2906 re.
2875 2850 2978 2906 Sed
3007 2859 3063 2903 et
3112 2849 3212 2903 hoc
3239 2863 3344 2902 non
3375 2863 3597 2919 possunt

2017 2946 2248 3013 nescire,
2273 2945 2396 3016 quia
2425 2942 2685 3014 quidquid
2713 2943 2784 2996 ita
2815 2951 2992 3012 potest
3017 2953 3136 2994 esse
3163 2947 3220 2991 ut
3252 2937 3364 3006 jam
3389 2939 3486 2992 ‘sit
3505 2979 3519 3004 ,
3549 2937 3595 2992 si

2017 3036 2304 3106 aliquando
2329 3051 2436 3090 non
2467 3033 2588 3100 fuit,
2618 3033 2792 3103 potuit
2838 3033 2988 3101 prius
3011 3043 3149 3085 esse.
3183 3029 3240 3082 Si
3292 3029 3436 3082 enim
3488 3044 3594 3082 non

2015 3129 2301 3198 potuisset,
2331 3141 2604 3197 nunquam
2631 3133 2792 3180 esset.
2825 3125 2969 3178 Bene
2995 3137 3123 3191 ergo
3147 3121 3358 3176 testimo
3387 3135 3472 3174 me
3503 3137 3588 3173 re-

2015 3218 2323 3290 spondisse,
2352 3219 2478 3288 quia
2507 3219 2599 3288 qui
2629 3217 2748 3272 ideo
2775 3225 2952 3286 potest
2983 3215 3141 3280 velle,
3167 3213 3294 3282 quia
3313 3211 3430 3281 jam
3457 3213 3594 3276 \ult,

2015 3321 2242 3363 necesse
2268 3315 2351 3362 est
2377 3321 2500 3362 eum
2529 3307 2680 3375 prius
2715 3306 2978 3376 potuisse,
3017 3317 3182 3373 quam
3217 3300 3404 3356 vellet.
3453 3299 3593 3355 MAG.

2015 3397 2184 3453 Putas
2211 3397 2336 3466 quia
2365 3397 2506 3466 quod
2547 3396 2681 3452 nihil
2706 3405 2808 3462 est,
2836 3394 3060 3450 onmino
3109 3391 3244 3446 nihil
3295 3390 3486 3456 habet;
3543 3401 3597 3443 ct

2017 3488 2137 3542 ideo
2163 3486 2364 3564 nullam
2391 3487 2552 3542 habet
2577 3493 2915 3556 potestatem,
2943 3496 2998 3538 et
3024 3485 3144 3540 sine
3173 3491 3442 3555 potestate
3479 3496 3596 3536 om-

2017 3577 2148 3632 nino
2183 3577 2320 3631 nihil
2369 3585 2568 3647 potest.
2619 3577 2766 3632 Dtsc.
2817 3575 2928 3632 Hoc
2955 3591 3058 3632 non
3105 3589 3324 3645 possum
3373 3587 3593 3643 negare.

2019 3668 2158 3723 MAG.
2187 3667 2424 3724 xEstimo
2447 3669 2574 3736 quia
2602 3667 2856 3730 mundus,
2909 3658 3203 3736 antequam
3258 3665 3433 3730 iteret,
3461 3663 3596 3718 nihil

2017 3772 2154 3815 erat.
2187 3761 2328 3815 Dtsc.
2363 3759 2560 3814 Verum
2609 3759 2762 3813 dicis.
2815 3757 2952 3811 MAG.
3003 3757 3142 3826 Ergo
3189 3755 3412 3812 omnino
3465 3753 3598 3807 nihil

2015 3853 2212 3923 potuit,
2291 3863 2544 3918 nequam
2593 3859 2756 3903 esset.
2811 3850 2952 3902 Dtsc.
3009 3847 3083 3900 Ita
3132 3849 3396 3916 sequitur.
3453 3845 3606 3900 MAG.

2017 3941 2132 3996 Non
2161 3957 2290 4008 ergo
2315 3941 2491 4010 potuit
2519 3953 2660 4005 esse,
2700 3948 2989 4007 antequam
3019 3947 3184 3992 esset.
3227 3938 3374 3993 DISC.
3407 3937 3474 3991 Et
3497 3951 3597 4006 ego

2017 4033 2138 4088 dico
2167 4049 2179 4084 :
2212 4031 2267 4085 Si
2297 4045 2401 4084 non
2431 4029 2604 4100 potuit
2650 4043 2794 4092 esse,
2843 4028 3176 4097 impossibile
3225 4026 3324 4081 fuit
3371 4035 3430 4081 ut
3455 4035 3599 4081 esset

2021 4122 2333 4192 aliquando.
2367 4120 2504 4175 MAG.
2535 4119 2602 4174 Et
2633 4119 2913 4190 possibile,
2970 4127 3024 4172 et
3074 4117 3404 4188 impossibile
3455 4126 3594 4182 erat,

2018 4220 2309 4282 antequam
2337 4221 2483 4268 esset
2512 4229 2525 4267 :
2553 4222 2610 4268 et
2633 4213 2850 4282 quidem
2890 4213 2943 4266 in
2969 4210 3122 4278 cujus
3171 4220 3438 4280 potestate
3489 4225 3598 4265 non

2019 4312 2136 4359 erat
2163 4311 2222 4357 ut
2249 4301 2950 4372 esset,eratimpossibilc;
3005 4303 3098 4355 sed
3149 4301 3279 4367 Deo,
3333 4301 3387 4354 in
3436 4300 3596 4369 cujus

325 4393 476 4448 Dtsc.
527 4395 638 4465 Ego
667 4397 884 4465 quidem
931 4397 1172 4452 intentus
1226 4411 1324 4452 ero
1365 4407 1626 4468 quantmn
1677 4377 1910 4468 potero:
1947 4377 1992 4430 Ῑ)
2021 4402 2287 4464 potestate
2334 4404 2455 4449 erat
2491 4403 2552 4448 ut
2595 4395 2748 4448 tieret
2795 4391 3048 4461 possibile
3095 4400 3240 4456 erat;
3293 4392 3418 4461 quia
3468 4407 3599 4462 ergo

323 4493 700 4539 verumtamen
737 4486 780 4539 si
813 4485 866 4539 in
914 4487 1094 4556 aliquo
1147 4487 1354 4542 tardior
1394 4502 1554 4556 quam
1583 4487 1714 4544 velis
1745 4490 1911 4544 exsti-

326 4583 464 4636 tero,
499 4591 604 4629 non
623 4583 674 4629 te
699 4591 788 4630 me
815 4587 1134 4646 exspectare
1155 4577 1353 4648 pigeat,
1381 4588 1544 4648 prout
1571 4579 1770 4635 tideris
1801 4591 1910 4634 tar-

323 4665 548 4718 ditatem
585 4667 760 4721 meam
791 4679 1072 4736 expetere.
1111 4669 1251 4724 MAG.
1293 4670 1562 4726 Ponamns
1584 4685 1714 4741 ergo
1741 4673 1906 4726 Deum

321 4769 471 4810 nuttc
499 4755 679 4811 facere
703 4757 976 4828 angelum,
1012 4775 1172 4830 quem
1203 4762 1332 4816 velit
1364 4763 1544 4818 facere
1573 4763 1820 4824 beatum;
1853 4771 1910 4816 et

2017 4485 2162 4542 Deus
2189 4487 2340 4556 prius
2363 4486 2618 4540 mundmn
2655 4485 2828 4554 potuit
2852 4484 3033 4539 facere
3058 4483 3153 4514 ²⁰⁰¹
3203 4498 3370 4553 quam
3417 4482 3591 4545 ﬁeret,

2019 4578 2140 4632 ideo
2163 4585 2248 4631 est
2277 4577 2537 4640 annulus;
2569 4589 2672 4630 non
2695 4575 2822 4643 quia
2847 4575 2962 4644 ipse
2987 4576 3220 4630 mundus
3247 4574 3398 4646 prius
3425 4573 3598 4643 potuit

2018 4683 2161 4724 esse.
2195 4667 2340 4722 Disc.
2371 4665 2587 4720 Rationi
2628 4679 2732 4720 non
2784 4679 3002 4735 possum
3045 4666 3450 4728 contradicere;
3507 4665 3598 4718 sed

2021 4774 2153 4815 usus
2177 4757 2430 4828 loquendi
2461 4773 2566 4812 non
2595 4759 2885 4814 consentit.
2920 4757 3059 4813 MAG.
3087 4757 3202 4813 Non
3251 4767 3334 4814 est
3378 4757 3594 4812 mirum.

1608 4915 1840 4970 VARIAS
1873 4912 2166 4970 [Αἰξί]ΤίοΝ
2175 4913 2278 4968 ES.

397 5023 490 5055 ¹⁹⁹⁰
515 5021 669 5079 ’(Σιιηι
717 5025 820 5080 hoc
864 5043 970 5080 non
1013 5029 1082 5082 sit
1111 5045 1232 5082 nus.
1259 5043 1379 5082 cum
1405 5031 1518 5084 haec
1551 5045 1654 5082 non
1694 5031 1765 5084 sit
1839 5028 1928 5061 ‘9‘”
1966 5027 2081 5084 Non
2110 5028 2280 5092 visus,
2307 5027 2388 5080 vel
2417 5041 2542 5078 mss.
2571 5039 2674 5078 non
2707 5037 2836 5078 vero
2861 5025 3026 5087 visus,
3057 5023 3140 5076 vel

3249 5023 3340 5054 ιεοι
3366 5021 3432 5074 Et
3453 5025 3596 5089 quod

317 5093 614 5164 significat,
640 5105 884 5168 est_mss.
911 5107 956 5151 et
994 5099 1116 5168 edit.
1155 5096 1280 5152 Ven.
1305 5107 1360 5152 et
1386 5100 1527 5166 quod
1556 5099 1912 5168 signiﬁcatur,
1941 5107 2026 5151 est
2103 5097 2193 5131 ¹⁹⁸³
2216 5095 2348 5168 Nam
2377 5105 2431 5168 et
2463 5097 2563 5168 hoc
2589 5095 2728 5168 quod
2757 5095 2977 5168 proprie
3001 5109 3104 5148 non
3132 5092 3372 5168 dicitur;_
3395 5107 3511 5168 non
3533 5093 3595 5168 de

313 5175 386 5216 eo
417 5179 541 5236 mss.
571 5179 694 5217 nam
735 5165 859 5236 hoc,
890 5176 946 5220 et
972 5167 1112 5236 quod
1143 5169 1360 5236 proprie
1387 5165 1494 5221 non
1526 5165 1778 5222 dicuntur
1802 5185 1814 5222 ;
1842 5168 1942 5222 nisi
1975 5168 2042 5221 de
2071 5181 2136 5223 eo

2247 5167 2340 5244 ιθξδ
2365 5167 2524 5244 Quod.
2545 5161 3090 5244 estaliquid’dicit’t‘tr,
3114 5171 3168 5244 e_t
3207 5161 3582 5244 cantilat-lict

319 5241 432 5295 tur,
463 5233 804 5306 sicutémodo
833 5235 966 5301 dixi,
990 5229 1103 5292 'non
1135 5229 1347 5298 dicitur,
1405 5253 1468 5292 eo
1493 5238 1634 5306 quod
1671 5239 1740 5292 sit
1787 5237 2012 5306 aliquid,
2041 5239 2133 5292 sed
2163 5237 2314 5306 quasi
2365 5229 2562 5306 aliquid
2611 5229 2806 5306 dicitur
2839 5249 2964 5306 mss.
2997 5232 3149 5306 Quod
3179 5241 3260 5306 est
3288 5229 3511 5306 aliquid,
3543 5241 3593 5286 et

317 5303 546 5375 gannitu
585 5302 858 5375 dicuntur,
891 5300 1030 5375 sient.
1059 5307 1215 5360 modo
1256 5305 1387 5370 dixi,
1422 5300 1524 5360 non
1551 5309 1802 5361 dicuntur
1843 5300 1910 5362 de
1947 5300 2018 5370 eo~
2048 5300 2194 5375 (μυ)ιὶ
2241 5307 2312 5361 sit
2356 5300 2587 5375 aliquid;
2629 5305 2720 5358 sed
2767 5305 2910 5372 quod
2955 5302 3106 5375 quasi
3147 5301 3348 5370 aliquid
3399 5300 3590 5375 dicitur

318 5371 415 5447 ξξξξ
449 5371 708 5447 Enodare
749 5391 883 5447 Δηιιε.
935 5374 1070 5429 Vict.
1122 5375 1410 5447 enucleare
1485 5377 1586 5447 “’9‘?
1625 5377 1806 5446 Longe
1847 5395 1974 5430 mss.
2023 5371 2230 5447 longius
2305 5376 2391 5407 ‘9"

1555 5445 1643 5479 ¹⁰⁹⁹
1667 5441 2046 5502 υυ”ν‹›1ιιιιιειιιι
2074 5441 2139 5500 οἵ
2161 5463 2285 5500 mss.
2319 5447 2384 5500 de
2416 5445 2626 5499 voiente
2653 5453 2707 5496 et
2797 5441 2890 5472 ¹⁰⁰⁰
2935 5441 3000 5494 Et
3031 5441 3145 5509 ipso
3179 5443 3320 5508 quod
3351 5449 3433 5494 est
3467 5457 3591 5494 mss.

319 5439 568 5512 "’fQum
592 5441 860 5497 suﬂiciaut
884 5461 1006 5497 mss.
1035 5459 1154 5512 qua:
1183 5443 1452 5500 suilieiunt

2493 5389 2559 5427 no
2594 5369 2802 5428 intuitu
2826 5388 2949 5424 mss.
2974 5369 3178 5424 'Cister.
3213 5387 3320 5426 uno
3349 5372 3593 5425 contuita

314 5511 532 5586 eo_ipso
557 5512 794 5586 qui-aest
864 5515 962 5586 '°°‘_
1002 5511 1304 5586 Antequam
1337 5525 1480 5572 esset
1531 5533 1650 5572 mss.
1679 5515 1864 5572 Cistrr.
1889 5517 2200 5586 priusquam
2231 5527 2372 5571 esset
2446 5515 2538 5546 ’θεῖ’
2565 5513 2815 5567 Mundam
2846 5513 3022 5565 facere
3054 5519 3256 5580 poterat
3289 5512 3438 5584 prius
3467 5529 3590 5565 tttss.

315 5581 470 5649 prius
534 5583 790 5636 mundum
821 5583 990 5654 potuit
1019 5581 1200 5640 facere
