3926 6054
307 253 412 309 3-15

1463 249 1734 308 DIALOG.
1777 251 1865 306 DE
1899 251 2076 308 CASU
2111 253 2406 310 DIABOLI.

3475 261 3582 316 5&6

303 369 537 446 Nequeo
581 369 770 426 videre
805 366 1078 438 quomodo
1107 380 1166 421 se
1217 373 1432 421 moveat
1479 367 1544 420 ad
1595 367 1884 422 volendum
1917 373 1961 430 Α
1992 377 2199 422 tantum
2227 369 2363 425 velle
2388 371 2683 440 posuimus.
2713 373 2858 429 DISC.
2891 371 2967 428 lta
2996 381 3098 428 est.
3156 373 3295 429 MAG.
3343 375 3400 429 Si
3448 391 3580 447 ergo

307 463 454 522 aliud
481 475 646 534 quam
671 457 1088 523 beatitudinem,
1133 457 1224 526 qui
1249 456 1392 510 aliud
1441 471 1549 510 non
1601 457 1700 489 ²⁰¹³
1749 459 1890 512 vult.

303 557 442 612 Nam
487 555 531 608 si
569 551 684 606 vult
725 565 784 604 se
833 562 1052 604 movere
1091 549 1158 602 ad
1204 547 1349 602 aliud
1401 547 1728 616 volenduni,
1779 549 1894 604 vult

305 647 494 716 utique
520 643 666 698 aliud
699 641 817 695 ⁸⁸⁸⁸.
847 640 986 696 MAG.
1023 639 1176 694 Sicut
1220 653 1369 709 ergo,
1424 639 1568 693 nulla
1615 639 1892 704 voluntate

304 737 482 791 adhuc
509 735 657 796 data,
687 731 822 786 nihil
851 739 1062 800 poterat
1089 745 1186 800 per
1221 745 1280 784 se
1303 730 1439 784 velle
1487 731 1582 765 ²⁰²⁵
1603 771 1618 796 ,
1651 732 1744 798 ita,
1779 733 1892 786 sola

303 826 588 879 voluntate
613 819 966 874 beatitudinis
993 827 1238 888 accepta,
1268 819 1472 872 nullam
1535 821 1698 873 aliam
1754 837 1783 874 a
1833 833 1892 875 se

301 921 484 984 potest
511 909 712 965 habere
737 909 1093 963 voluntatem.
1130 907 1276 962 Dtsc.
1329 907 1406 962 Ita
1441 917 1544 963 est.
1573 909 1713 965 MAG.
1745 909 1893 964 Nou-

303 1021 372 1059 ne
393 1005 438 1059 si
469 1011 622 1072 putat
651 1001 912 1070 prodesse
935 999 1138 1069 aliquid
1173 1000 1241 1053 ad
1281 1000 1685 1069 adipiscendam
1720 1002 1888 1056 beati-

303 1094 569 1158 tudinem,
597 1099 774 1162 potest
803 1105 863 1144 se
892 1103 1111 1144 movere
1138 1090 1204 1143 ad
1231 1089 1518 1144 volendum
1552 1090 1716 1144 illud?
1739 1091 1885 1146 Dtsc.

299 1183 500 1238 Dubito
521 1184 650 1252 quid
683 1181 1067 1252 respondeam,
1117 1195 1244 1234 nam
1290 1181 1336 1235 si
1389 1197 1498 1236 non
1537 1192 1736 1252 potest,
1783 1201 1886 1236 non

297 1275 460 1331 video
482 1275 753 1344 quomodo
781 1273 910 1327 velit
929 1271 1024 1304 'm
1045 1272 1436 1328 beatitudinem
1460 1274 1552 1342 qui
1581 1289 1684 1328 non
1711 1283 1890 1344 potest

301 1361 442 1418 velle
493 1379 602 1434 quo
647 1377 706 1418 se
744 1361 970 1430 adipisci
1001 1375 1160 1431 posse
1209 1362 1600 1417 beatitudinem
1627 1371 1812 1433 putat;
1842 1363 1888 1417 si

296 1469 434 1508 vero
463 1461 661 1524 potest,
693 1467 800 1507 non
853 1453 1094 1523 intelligo
1119 1452 1391 1522 quomodo
1422 1468 1528 1508 non
1555 1453 1724 1524 possit
1755 1454 1890 1509 velle

295 1544 468 1600 aliud.
497 1544 638 1599 MAG.
669 1544 773 1612 Qui
801 1543 915 1597 vult
943 1543 1147 1613 aliquid
1183 1557 1290 1598 non
1339 1553 1560 1614 propter
1589 1559 1700 1599 rem
1727 1561 1887 1613 quam

293 1639 514 1694 videtur
541 1639 696 1702 velle,
721 1637 814 1693 sed
841 1647 1064 1708 pr0pter
1089 1637 1259 1704 aliud,
1288 1639 1420 1708 quid
1471 1639 1691 1710 proprie
1735 1640 1886 1711 judi-

1997 461 2084 516 ille
2113 461 2228 525 ηδε,
2257 463 2348 531 qui
2375 461 2508 516 nihil
2537 463 2694 518 vellet
2729 463 2834 518 nisi
2884 464 3188 528 commoda,
3241 479 3347 518 non
3396 477 3580 534 posset

1993 552 2194 607 habere
2223 552 2432 624 majora
2462 563 2516 608 ct
2541 553 2776 620 veriora,
2815 554 3046 608 velletne
3098 555 3306 608 minora
3354 557 3577 624 quibus-

1993 659 2212 713 cunque
2235 647 2310 700 uti
2339 645 2564 714 posset?
2589 647 2734 700 Dtsc.
2765 645 2876 700 lino
2903 661 3008 699 non
3059 655 3240 716 posset
3293 663 3398 700 non
3445 647 3579 701 velle

1992 719 2286 803 quamlibet
2312 736 2518 802 iulium,
2557 737 2602 790 si
2633 737 2837 805 majora
2887 737 2982 768 ’θη
3029 753 3134 791 non
3183 746 3383 806 posset.
3437 738 3574 795 MAG.

1991 824 2202 895 Nonne,
2229 843 2350 881 cum
2405 827 2565 882 vellet
2615 829 2896 882 commoda
2948 827 3132 882 inﬁma
3181 837 3233 882 et
3281 829 3575 896 immunda,

1992 919 2189 988 quibus
2205 919 2594 974 irrationabilia
2611 921 2860 974 animalia
2873 921 3376 981 delectantur.esset
3389 923 3574 976 eadem

1989 1009 2242 1066 voluntas
2272 1011 2468 1082 injusta
2495 1021 2549 1066 et
2577 1011 2985 1080 vituperabilis?
3015 1011 3158 1067 DISC.
3187 1011 3466 1078 Quomodo
3495 1013 3576 1066 in-

1989 1096 2134 1165 jnsta
2161 1109 2254 1152 aut
2283 1099 2721 1169 reprehendenda
2756 1102 3006 1180 voluntas
3033 1111 3210 1168 esset;
3239 1104 3361 1172 quia
3393 1104 3576 1172 vellet,

1990 1190 2131 1257 quod
2159 1205 2262 1242 non
2289 1205 2447 1258 posse
2473 1207 2578 1245 non
2608 1191 2738 1246 velle
2767 1193 3066 1262 accepisset
3092 1193 3219 1247 "‘7?
3272 1193 3411 1250 MAG.
3471 1195 3576 1250 Vo-

1991 1277 2251 1333 luntatem
2285 1289 2460 1334 tamen
2491 1281 2686 1349 ipsam,
2715 1281 2828 1336 sive
2853 1298 2974 1336 cum
3001 1283 3116 1337 vult
3161 1299 3372 1338 summa
3426 1301 3580 1341 com-

1989 1367 2171 1432 moda,
2203 1368 2316 1422 sive
2343 1383 2466 1422 cum
2495 1369 2608 1423 vult
2641 1370 2849 1434 intima,
2901 1380 3115 1426 constat
3164 1387 3286 1428 esse
3336 1389 3471 1442 Opus
3523 1383 3578 1428 el.

1989 1457 2187 1512 donum
2217 1457 2351 1524 Dei,
2381 1459 2522 1514 sicut
2548 1469 2632 1514 est
2659 1461 2766 1515 vita
2815 1469 2908 1515 aut
2934 1463 3264 1518 sensibilitas
3299 1503 3314 1528 ,
3365 1474 3420 1520 et
3469 1481 3574 1520 non

1987 1561 2108 1604 esse
2138 1550 2190 1603 in
2219 1565 2280 1604 ea
2331 1550 2426 1582 ²⁰³⁸
2445 1550 2714 1621 justitiam
2742 1551 2855 1607 sive
2883 1552 3222 1622 injustitiam.
3269 1557 3412 1612 Dtsc.
3463 1557 3576 1612 Non

1987 1649 2073 1694 est
2097 1641 2338 1696 dubium.
2369 1642 2506 1698 MAG.
2539 1643 2680 1716 Ergo
2705 1643 2758 1698 in
2783 1655 3042 1714 quantum
3083 1649 3320 1703 essentia
3369 1659 3452 1703 est
3477 1649 3580 1702 bo-

295 1731 508 1786 candus
535 1739 617 1784 est
639 1729 816 1784 velle?
851 1743 919 1782 an
953 1727 1099 1783 aliud
1153 1730 1298 1800 quod
1348 1729 1549 1786 dicitur
1592 1730 1766 1798 velle,
1816 1747 1882 1787 an
1918 1715 1966 1776 Β
1992 1745 2140 1792 num.
2168 1731 2368 1800 aliquid
2395 1741 2506 1798 est;
2535 1715 2796 1802 quantum
2827 1749 2956 1792 vero
2981 1737 3049 1792 ad
3089 1737 3358 1806 justitiam
3406 1741 3576 1808 perti-

295 1821 430 1878 illud
461 1831 680 1891 propter
706 1820 850 1890 quod
879 1818 1030 1874 vult?
1057 1819 1201 1874 Dtsc.
1233 1818 1374 1874 Illud
1397 1821 1587 1889 utique
1613 1819 1729 1884 ηπ,
1758 1837 1885 1890 pro-

295 1921 420 1982 pter
446 1911 587 1980 quod
619 1908 756 1975 vult,
783 1909 1000 1963 videtur
1051 1908 1146 1940 ³⁰²⁸
1197 1907 1356 1962 velle.
1404 1907 1548 1962 MAG.
1604 1907 1706 1976 Qui
1759 1923 1888 1980 ergo

293 2001 411 2059 vult
437 2000 643 2069 aliquid
682 2007 911 2069 propter
939 1997 1366 2064 beatitudinem,
1417 2011 1523 2052 non
1575 1997 1722 2053 aliud
1771 1999 1890 2053 vult

295 2105 462 2159 quam
489 2091 877 2146 beatitudinem
905 2108 920 2145 :
950 2105 1120 2160 quare
1143 2099 1322 2160 potest
1346 2099 1400 2144 et
1427 2089 1568 2158 quod
1591 2099 1743 2159 putat
1769 2105 1890 2160 pro-

300 2181 463 2236 desse
495 2179 562 2234 ad
591 2181 1004 2246 beatitudinem,
1033 2187 1088 2235 et
1115 2179 1285 2234 solam
1311 2179 1701 2234 beatitudinem
1729 2181 1884 2235 velle.

299 2271 448 2326 Dtsc.
483 2269 626 2327 Satis
655 2281 738 2325 est
761 2270 1006 2341 planum.
1037 2270 1178 2325 MAG.
1209 2269 1406 2336 Quaero
1445 2270 1624 2325 adhuc
1672 2285 1739 2325 an
1791 2285 1884 2327 ac-

293 2369 454 2431 cepta
481 2361 584 2415 hac
617 2360 732 2415 sola
765 2359 1048 2414 voluntate
1079 2359 1251 2428 possit
1275 2373 1382 2414 non
1409 2359 1550 2416 velle
1599 2361 1890 2415 beatitudi-

293 2468 440 2508 nem.
477 2451 624 2507 Disc.
677 2451 792 2506 Non
841 2459 1022 2520 potest
1071 2459 1362 2520 utrumque
1409 2451 1572 2506 simul
1620 2460 1678 2506 et
1723 2451 1883 2516 velle,

293 2553 352 2598 et
373 2559 480 2598 non
509 2543 662 2597 velle.
689 2541 831 2597 MAG.
859 2540 1062 2596 Verum
1095 2549 1200 2596 est.
1257 2541 1362 2596 Sed
1391 2557 1496 2596 non
1550 2543 1652 2596 hoc
1678 2557 1882 2612 quaero,

291 2636 390 2689 sed
423 2649 610 2704 quaero
632 2650 699 2688 an
727 2635 905 2704 possit
930 2633 1186 2688 deserere
1238 2632 1379 2688 hanc
1429 2631 1781 2698 voluntatem,
1833 2643 1888 2689 et

293 2741 513 2780 movere
535 2741 592 2780 se
619 2725 686 2780 de
707 2723 846 2780 velle
873 2724 940 2778 ad
971 2739 1077 2778 non
1107 2723 1244 2778 velle
1271 2723 1706 2779 beatitudinem?
1731 2723 1880 2780 Dtsc.

293 2815 573 2884 Siquidem
600 2815 706 2869 hoc
733 2813 862 2869 facit
886 2813 1098 2880 nolens,
1135 2828 1242 2866 non
1293 2814 1408 2882 ipse
1454 2813 1614 2880 facit;
1663 2813 1707 2869 si
1753 2829 1886 2869 vero

293 2907 482 2961 volens
507 2905 622 2970 “'9,
651 2904 793 2959 aliud
819 2904 932 2958 vult
958 2918 1119 2972 quam
1161 2903 1551 2957 beatitudinem
1584 2919 1600 2969 ;
1649 2905 1744 2958 sed
1773 2919 1881 2960 non

291 3001 408 3055 vult
436 2999 618 3056 aliud:
653 3013 820 3067 quare
849 2997 1198 3052 manifestum
1227 3003 1358 3066 puto
1387 2999 1514 3068 quia
1573 2995 1882 3052 nullatenus

1991 1831 2084 1876 net
2111 1823 2226 1878 sive
2251 1823 2592 1894 injustitiam,
2617 1841 2716 1882 nec
2741 1827 2880 1882 bona
2909 1844 3010 1883 nec
3035 1829 3176 1883 mala
3195 1838 3296 1884 est.
3316 1829 3458 1886 Dtsc.
3487 1830 3586 1886 Ni-

1991 1911 2065 1965 hil
2091 1913 2312 1968 clarius.
2344 1913 2482 1970 MAG.
2515 1915 2620 1972 Sed
2649 1933 2754 1972 non
2781 1917 2942 1972 debet
2966 1933 3087 1974 esse
3137 1921 3344 1986 beatus,
3395 1921 3438 1975 si
3470 1937 3586 1974 non=-

1989 1999 2374 2069 babetjustam
2399 2003 2730 2060 voluntatem
2756 2022 2781 2072 ;.
2827 2006 2934 2062 imo
2964 2021 3068 2061 non
3117 2018 3296 2078 potest
3341 2006 3578 2078 perfecte

1989 2105 2090 2145 nec
2117 2091 2462 2150 laudabiliter
2491 2109 2610 2150 esse
2635 2096 2844 2161 beatus,
2874 2098 2964 2165 qui
2995 2097 3107 2152 vult
3135 2099 3279 2168 quod
3331 2115 3433 2154 nec
3473 2115 3576 2170 po-

1989 2189 2115 2246 test,
2145 2196 2246 2237 nec
2277 2181 2436 2238 debet
2459 2199 2599 2238 esse.
2631 2184 2775 2239 Dtsc.
2807 2185 3030 2242 Multum
3057 2197 3230 2257 patet.

2579 2295 2808 2352 CAPUT
2843 2296 2986 2352 XIV.

1995 2403 2156 2477 Quod
2180 2404 2426 2458 similiter
2453 2405 2544 2477 sit,
2579 2407 2625 2460 si
2650 2406 2764 2460 sola
2792 2417 3006 2477 accepta
3031 2418 3106 2463 est
3157 2385 3394 2464 uoluntas
3421 2412 3572 2465 recti-

2063 2476 2306 2552 tudinis:
2347 2475 2960 2552 ει.ἱάεὶιηρῌιιειγιηιῳὶε
3013 2481 3328 2533 voluntatem
3377 2483 3574 2552 accepit

2059 2544 2216 2598 simul
2245 2555 2298 2596 ut
2325 2555 2372 2598 et
2392 2545 2570 2614 justus
2591 2547 2710 2614 "3’,
2737 2557 2782 2599 et
2811 2544 3077 2602 ut'beatus
3105 2559 3256 2602 esset.

2059 2633 2202 2688 MAG.
2229 2633 2647 2691 Consideremus
2675 2652 2804 2706 ergo
2831 2637 2897 2692 de
2915 2637 3143 2707 justitia:
3182 2639 3479 2694 voluntate.
3513 2641 3571 2694 Si

1987 2725 2210 2779 daretur
2235 2727 2407 2780 cidem
2437 2727 2632 2797 angelo
2667 2727 2804 2782 velle
2853 2730 3024 2782 solum
3077 2730 3218 2799 quod
3267 2747 3387 2784 eum
3433 2731 3564 2786 velle

1987 2815 2324 2881 conveniret,
2356 2831 2422 2870 an
2449 2827 2631 2884 posset
2659 2817 2802 2870 aliud
2830 2817 2992 2882 velle;
3019 2829 3110 2870 aut
3150 2818 3192 2872 si
3245 2827 3428 2886 posset
3479 2817 3582 2850 ’Μ

1987 2923 2094 2962 non
2121 2907 2258 2962 velle
2285 2923 2379 2978 per
2403 2923 2482 2975 se,
2511 2910 2655 2978 quod
2683 2909 2982 2978 accepisset
3025 2907 3200 2963 velle?
3247 2909 3394 2964 [ηερ.
3449 2909 3579 2966 (lin-

1991 2999 2118 3054 nino
2145 3001 2286 3068 quod
2315 3000 2543 3056 vidimus
2573 3001 2625 3055 in
2654 3001 2928 3056 voluntate
2951 2999 3325 3067 beatitudinis,
3354 3015 3576 3055 necesse

291 3101 474 3163 potest
495 3107 592 3162 per
616 3107 673 3146 se
700 3106 805 3145 non
853 3090 992 3144 velle
1021 3089 1073 3144 id
1102 3087 1244 3157 quod
1303 3087 1479 3143 solum
1531 3089 1628 3122 '°’°
1673 3091 1883 3160 accepit
1909 3059 1954 3123 Ο
1987 3091 2148 3145 estin
2175 3091 2276 3145 hac
2303 3107 2516 3161 quoque
2545 3091 2821 3147 voluntate
2847 3091 3082 3146 evenire.
3115 3089 3254 3145 MAG.
3287 3091 3428 3162 Ergo
3469 3107 3570 3145 nec

293 3185 450 3239 velle.
481 3183 622 3239 MAG.
651 3182 794 3237 Bene
825 3181 1109 3252 intelligis.
1143 3179 1250 3233 Sed
1283 3181 1549 3250 responde
1599 3179 1732 3234 mihi
1786 3181 1884 3237 ad-

293 3277 407 3333 huc
437 3293 452 3330 :
485 3275 541 3331 Si
581 3285 760 3346 potest
783 3289 888 3330 non
926 3275 1061 3330 velle
1085 3275 1178 3308 ¹⁰³¹
1229 3275 1649 3340 beatitudinem,
1676 3285 1881 3344 quanto

295 3365 558 3436 majorem
586 3381 702 3421 eam
729 3365 994 3436 intelliget
1019 3366 1110 3435 qui
1151 3365 1286 3420 nihil
1337 3367 1438 3422 nisi
1486 3365 1881 3421 beatitudinem

293 3457 408 3510 vult
429 3467 484 3512 et
505 3471 612 3510 non
643 3465 820 3526 potest
849 3471 954 3510 non
983 3455 1122 3510 velle
1151 3457 1246 3488 ¹⁰³²
1273 3455 1705 3511 beatitudinem?
1736 3457 1878 3511 Dtsc.

297 3547 352 3602 Si
382 3563 490 3603 non
521 3555 672 3601 tanto
699 3546 871 3617 magis
899 3545 1058 3601 vellet
1093 3547 1482 3600 beatitudinem
1515 3555 1722 3616 quanto
1771 3561 1882 3600 me-

293 3642 492 3695 liorem
520 3655 584 3694 ac
609 3640 872 3710 majorem
921 3639 1068 3692 illam
1116 3647 1362 3708 putaret,
1397 3647 1491 3693 aut
1521 3640 1742 3694 omnino
1775 3655 1880 3694 non

293 3733 458 3786 vellet
483 3733 874 3786 beatitudinem
901 3731 1014 3794 “’3,
1042 3739 1136 3786 aut
1165 3729 1321 3786 vellet
1348 3731 1551 3802 aliquid
1579 3731 1724 3786 aliud
1751 3747 1874 3801 pro-

291 3832 418 3890 pter
445 3821 588 3890 quod
616 3820 894 3875 meliorem
923 3819 1120 3886 nollet;
1155 3820 1250 3874 sed
1303 3821 1533 3876 dicimus
1581 3823 1708 3890 quia
1735 3821 1879 3875 illam

293 3913 430 3978 vult,
461 3921 516 3968 et
538 3927 644 3966 non
667 3911 831 3964 aliud.
858 3911 998 3966 MAG.
1027 3909 1148 3964 Vult
1169 3925 1297 3982 ergo
1312 3925 1432 3966 esse
1455 3911 1650 3966 beatus
1676 3921 1882 3982 quanto

291 4003 458 4056 altius
487 4003 588 4056 hoc
609 4015 732 4056 esse
763 4015 918 4070 posse
947 4000 1246 4070 cognoscit.
1277 4000 1420 4055 Dtsc.
1477 3999 1671 4055 Procul
1719 4001 1884 4056 dubio

291 4093 429 4146 vult.
460 4091 600 4148 MAG.
639 4091 783 4161 Ergo
825 4091 942 4145 vult
986 4089 1178 4145 similis
1208 4105 1329 4145 esse
1359 4089 1488 4145 Deo.
1541 4091 1690 4145 Dtsc.
1739 4089 1882 4144 Nihil

290 4187 550 4256 apertius.
579 4185 718 4242 MAG.
747 4185 884 4252 Quid
939 4185 1034 4241 tibi
1061 4187 1324 4240 videtur?
1373 4203 1438 4242 an
1490 4197 1636 4243 esset
1682 4187 1881 4257 injusta

289 4275 390 4308 ³⁸⁸³
421 4275 690 4338 voluntas,
721 4277 766 4330 si
795 4277 898 4330 hoc
941 4276 1102 4330 modo
1127 4275 1318 4331 similis
1361 4277 1523 4332 vellet
1565 4293 1686 4334 esse
1734 4279 1880 4332 Deo?

291 4364 442 4418 Dtsc.
471 4362 581 4418 Nec
604 4364 808 4433 justam
837 4365 960 4418 volo
982 4363 1185 4428 dicere,
1217 4366 1342 4433 quia
1373 4365 1533 4420 vellet
1579 4367 1720 4435 quod
1771 4383 1876 4422 non

1980 3180 2185 3250 justam
2221 3223 2236 3247 ,
2289 3197 2390 3237 nec
2441 3183 2696 3254 injustam
2750 3184 2972 3237 haberet
3023 3181 3372 3236 voluntatem.
3425 3182 3576 3236 Sicut

1986 3271 2131 3326 enim
2157 3273 2228 3326 ibi
2255 3288 2362 3328 non
2391 3281 2537 3328 esset
2561 3274 2810 3328 voluntas
2838 3273 3056 3342 injusta,
3101 3273 3144 3327 si
3173 3273 3334 3327 vellet
3389 3274 3576 3328 incon-

1985 3361 2279 3416 venientia.
2314 3363 2579 3430 Quoniam
2609 3363 2708 3418 hoc
2737 3379 2840 3416 non
2891 3371 3076 3433 posset
3125 3377 3230 3417 non
3277 3362 3449 3429 velle;
3501 3365 3574 3418 ita

1986 3454 2075 3510 hic
2109 3455 2155 3509 si
2183 3455 2343 3510 vellet
2387 3455 2846 3518 inconvenientia,
2877 3469 2984 3508 non
3033 3453 3235 3508 idcirco
3287 3453 3380 3486 ’°“
3430 3463 3577 3509 esset

1979 3545 2127 3616 justa
2155 3547 2432 3614 voluntas;
2463 3547 2719 3616 quoniam
2747 3545 2826 3601 sic
2855 3547 2957 3600 hoc
2984 3545 3303 3614 accepisset,
3357 3555 3414 3600 ut
3467 3563 3571 3599 non

1987 3652 2167 3709 posset
2197 3639 2354 3694 aliter
2380 3637 2535 3692 velle.
2567 3637 2710 3691 DISC.
2735 3636 2814 3689 ita
2848 3646 2949 3690 est.
2979 3635 3118 3692 MAG.
3148 3637 3410 3702 Quoniam
3441 3652 3574 3704 ergo

1987 3746 2090 3786 nec
2118 3730 2454 3786 solummodo
2479 3731 2573 3760 ’W
2601 3729 2831 3782 volendo
2869 3729 3282 3792 beatitudinem,
3337 3743 3436 3782 nec
3486 3745 3573 3781 su-

1987 3821 2260 3876 lummodo
2287 3821 2514 3874 volendo
2539 3819 2650 3889 69
2675 3819 2816 3888 quod
2841 3819 3114 3882 convenit,
3137 3835 3256 3872 cum
3282 3833 3347 3872 ex
3380 3833 3574 3871 neces-

1989 3911 2148 3968 sitate
2176 3913 2254 3966 sic.
2283 3911 2427 3974 velit,
2452 3909 2630 3978 justus
2657 3909 2740 3964 vel
2769 3911 3004 3978 injustas
3055 3919 3231 3978 potest
3280 3909 3576 3980 appellari;

1987 4018 2087 4057 nec
2115 4009 2291 4070 potest
2317 4015 2414 4054 nec
2441 3999 2598 4054 debet
2625 4013 2744 4053 esse
2783 3999 2976 4052 beatus
3027 3997 3130 4052 nisi
3185 3997 3334 4060 velit,
3384 4007 3438 4050 et
3467 3997 3568 4053 nisi

1981 4095 2126 4162 justo
2151 4092 2278 4146 velit
2304 4111 2317 4146 :
2349 4107 2570 4147 necesse
2597 4100 2678 4147 cst
2705 4101 2759 4147 ut
2785 4091 2862 4146 sic
2891 4091 3054 4146 faciat
3085 4091 3224 4145 Deus
3281 4099 3570 4158 utramque

1985 4183 2319 4238 voluntatem
2345 4183 2398 4238 in
2427 4183 2516 4238 illo
2544 4183 2852 4248 convenire,
2879 4191 2939 4236 ut
2963 4191 3018 4238 et
3040 4182 3230 4236 beatus
3257 4195 3379 4235 esse
3407 4181 3558 4246 velit,

1987 4285 2041 4330 et
2061 4273 2206 4345 juste
2231 4275 2360 4330 velit
2388 4291 2401 4329 :
2432 4285 2700 4345 quatenus
2723 4274 2819 4308 ¹⁰δ³
2840 4275 3020 4329 addita
3041 4274 3253 4342 jnstitia
3305 4273 3381 4328 sic
3433 4281 3572 4328 tem-

1985 4377 2138 4439 peret
2165 4367 2496 4424 voluntatem
2524 4369 2896 4434 beatitudinis,
2925 4379 2979 4424 et
3029 4377 3238 4424 resecet
3281 4369 3572 4425 voluntatis

287 4458 638 4521 conveniret;
666 4471 764 4510 nec
789 4455 1066 4524 injustam,
1095 4457 1219 4525 quia
1248 4472 1316 4511 ex
1344 4457 1668 4512 necessitate
1695 4458 1872 4513 vellet.
1915 4429 1960 4483 Β
1987 4475 2290 4528 excessum,
2311 4471 2366 4515 et
2391 4461 2686 4516 excedendi
2716 4475 2818 4514 non
2845 4467 3084 4529 amputet
3110 4469 3452 4530 potestatem,
3485 4473 3566 4526 ut,

289 4549 435 4606 MAG.
463 4551 533 4604 At
557 4563 680 4604 eum
701 4547 792 4618 qui
821 4545 934 4602 vult
957 4547 1346 4601 beatitudinem
1376 4545 1566 4614 solam,
1593 4548 1873 4604 commoda

1987 4567 2110 4607 cum
2139 4567 2236 4621 per
2259 4553 2364 4608 hoc
2389 4552 2516 4622 quia
2543 4551 2682 4606 volet
2711 4551 2806 4583 ’°“
2829 4551 3018 4605 beatus
3033 4565 3172 4613 esse,
3207 4551 3424 4606 modum
3447 4569 3570 4622 pos-

1599 4663 1832 4719 VARUE
1867 4663 2160 4721 LECTION
2167 4665 2271 4719 ES.

361 4763 616 4832 ""Quia
646 4761 789 4832 aliud
809 4773 924 4832 non
955 4774 1082 4812 mss.
1115 4757 1204 4826 qui
1234 4756 1377 4810 aliud
1407 4769 1511 4832 non
1586 4757 1853 4832 "ffuvnlt
1878 4759 2064 4832 utique
2092 4757 2234 4810 aliud
2261 4773 2359 4810 ms.
2387 4755 2574 4832 Cister.
2598 4755 2743 4832 omit.
2767 4754 2959 4832 utique.
3023 4755 3122 4832 _‘°_"
3163 4754 3308 4810 Nihil
3361 4763 3575 4832 poterat
3625 4823 3628 4828 λ

286 4852 352 4894 se
393 4826 533 4892 velle
581 4849 706 4886 mss.
737 4829 878 4884 Nihil
929 4837 1140 4897 poterat
1185 4843 1282 4895 per
1309 4841 1370 4881 se
1396 4826 1531 4880 velle

287 4907 478 4976 utique
583 4903 678 4976 ξ⁰²⁸
700 4901 851 4976 Quod
875 4898 1225 4976 vult_viilettir
1253 4897 1544 4976 msh-quod
1572 4897 1780 4976 videtur

285 4971 498 5039 voletis,
521 4973 634 5028 vult
673 4971 814 5026 aliud

1639 4825 1914 4893 m°'Quod
1950 4825 2080 4882 velit
2100 4843 2226 4879 mss.
2255 4827 2524 4894 quomodo
2553 4825 2683 4879 velit

1883 4897 1979 4928 ¹⁰²⁹
2021 4897 2078 4952 Si
2108 4911 2236 4950 vero
2264 4893 2472 4958 volens,
2501 4895 2643 4948 aliud
2674 4893 2784 4948 vult
2811 4911 2936 4948 mss.
2973 4893 3106 4948 Vict.
3129 4893 3177 4950 9’
3195 4896 3236 4950 si
3289 4911 3414 4949 vero
3445 4897 3574 4948 facit

918 4967 1012 4999 ²⁰³⁰
1037 4967 1114 5037 Ad
1147 4969 1288 5037 quod
1321 4963 1648 5037 solumimss.
1681 4968 1729 5020 id
1776 4966 1918 5036 quod
1951 4967 2125 5022 solum
2221 4965 2308 4998 ’⁰³¹
2337 4965 2392 5019 Si
2422 4981 2529 5037 _n_on
2555 4973 2730 5037 potest
2759 4963 2886 5037 non
2909 4965 3042 5037 velle
3072 4981 3196 5018 mss.
3233 4963 3378 5018 Gem.
3411 4964 3568 5017 Corb.

2787 4825 2880 4855 ¹⁰¹⁷
2907 4825 3034 4894 Illud
3069 4827 3252 4894 itaque
3287 4842 3412 4878 mss.
3444 4827 3574 4879 illtld

283 5045 414 5100 Bec.
441 5031 843 5112 si'potestvelle
873 5055 1001 5112 mss.
1037 5031 1378 5112 VictIQister.
1405 5037 1468 5112 S._
1493 5036 1655 5112 Mieh.
1686 5037 1728 5090 si
1755 5031 1932 5106 potest
1959 5053 2068 5112 non
2091 5037 2239 5112 velle
2303 5037 2396 5068 ¹⁰³¹
2421 5035 2534 5090 Νοη
2557 5031 2736 5112 potest
2790 5035 3068 5112 nisi__vell_e
3099 5051 3224 5112 mss.
3251 5051 3364 5112 _non
3397 5041 3570 5112 potest

285 5131 395 5171 noti
433 5115 566 5167 velle

285 5185 453 5240 vellet
499 5182 700 5252 aliquid
745 5179 891 5252 aliud

287 5255 354 5309 D.
383 5255 460 5308 lta
490 5246 604 5308 est:
627 5251 698 5304 M.
741 5249 796 5304 Si
844 5261 972 5317 ergo
1016 5246 1105 5300 ille

641 5111 735 5142 ’°”
771 5109 1004 5166 Omnino
1049 5107 1090 5160 si
1129 5107 1286 5160 vellet
1331 5107 1736 5170 beatitudinem,
1764 5105 1881 5160 aut
1909 5107 2069 5160 vellet
2097 5107 2240 5160 aliud
2279 5122 2404 5160 mss.
2435 5107 2654 5160 omnino
2683 5120 2787 5158 non
2831 5105 2990 5158 vellet
3028 5105 3436 5164 beatitudinem,
3477 5111 3572 5152 aut

641 5182 700 5229 id
745 5179 891 5229 aliud
1005 5177 1200 5229 m‘An
1233 5185 1372 5229 esset
1403 5175 1542 5229 iusta
1581 5191 1704 5228 mss.
1750 5192 1818 5228 an
1849 5186 1994 5229 esset
2034 5177 2230 5229 iniusta
2304 5176 2400 5208 ’⁸⁸⁸
2437 5176 2722 5229 Posuimus
2759 5175 2804 5228 si
2847 5189 2976 5229 eruo
3006 5175 3092 5228 ille
3123 5190 3248 5226 mss.
3293 5171 3572 5229 posuimus

1171 5194 1200 5230 ιι
1233 5185 1372 5230 esset
1402 5185 1542 5230 iusta
1581 5191 1704 5228 mss.
1750 5192 1818 5228 an
1849 5186 1994 5230 esset
2034 5185 2230 5230 iniusta
2304 5185 2400 5208 "'°
2437 5185 2722 5230 Posuimus
2759 5185 2804 5228 si
2847 5189 2976 5230 ergo
3006 5185 3092 5228 ille
3123 5190 3248 5226 mss.
3293 5185 3572 5230 posuimus

1189 5195 1200 5230 ι
1233 5185 1372 5230 esset
1398 5184 1542 5243 justa
1581 5191 1704 5228 mss.
1750 5192 1818 5228 an
1849 5186 1994 5230 esset
2034 5184 2230 5245 iujusta
2304 5184 2400 5208 ²⁰³⁵
2437 5184 2722 5230 Posuimus
2759 5184 2804 5228 si
2847 5189 2976 5245 ergo
3006 5184 3092 5228 ille
3123 5190 3248 5226 mss.
3291 5185 3570 5240 posuimus

1205 5246 1300 5276 ²⁰³⁶
1327 5245 1436 5299 Nec
1475 5244 1635 5298 vellet
1681 5246 1934 5314 quaelibet
1983 5247 2188 5311 infima,
2225 5247 2304 5300 sic
2343 5245 2544 5314 majora
2573 5261 2696 5298 mss.
2728 5261 2832 5314 non
2875 5244 3012 5298 velle
3039 5243 3332 5314 quamlibet
3359 5241 3570 5304 intima,

284 5325 334 5378 si
367 5321 572 5390 majora
649 5320 742 5352 ¹⁰³⁴⁷
763 5319 876 5372 Non
907 5313 1065 5390 posse
1093 5315 1228 5369 velle
1254 5313 1714 5390 accepissetmssi
1733 5331 2022 5390 nonposse
2050 5332 2154 5390 non
2187 5317 2322 5370 velle
2348 5313 2671 5390 accepisset_
2719 5313 2816 5346 ¹⁰³⁸
2839 5313 3078 5390 Aut‘pon
3111 5327 3228 5390 esse
3257 5313 3310 5364 in
3343 5327 3408 5366 eo
3439 5327 3566 5390 mss.

285 5403 342 5448 et
369 5383 477 5446 non
503 5407 625 5446 esse
653 5391 704 5444 in
732 5405 792 5444 ea
824 5383 924 5442 ms.
946 5384 1134 5456 Cister.
1167 5395 1222 5438 ct
1261 5399 1364 5456 non
1386 5383 1529 5440 ’esse
1565 5385 1616 5436 in
1663 5401 1751 5456 eo,
1801 5386 1894 5418 ²⁰³⁹
1919 5387 1984 5440 Et
2015 5387 2270 5456 utjnstus
2298 5402 2429 5456 mss.
2475 5383 2531 5438 ut
2555 5391 2610 5438 et
2652 5383 2830 5456 justus
2902 5383 2998 5415 "W
3017 5385 3122 5436 Ant
3155 5383 3198 5434 si
3239 5399 3344 5435 non
3386 5389 3572 5456 posset

283 5479 416 5516 mss.
453 5472 548 5516 ant
589 5462 633 5516 si
661 5467 842 5528 posset
918 5455 1010 5528 ¹⁰ξ¹
1038 5454 1494 5528 Invonvenieiitia,
1525 5455 1858 5528 nec_i_«_lrirco
1887 5451 2489 5528 mss._inconvcnientia,
2522 5453 2788 5528 quoniam
2809 5453 2909 5505 hoc
2937 5467 3040 5528 non
3071 5459 3252 5519 posset
3277 5467 3380 5528 non
3409 5451 3574 5528 velle,

283 5531 364 5586 ita
397 5533 486 5586 hic
519 5533 563 5586 si
587 5524 746 5584 vellet
767 5524 1165 5590 convenientia,
1199 5539 1304 5578 non
1334 5525 1532 5580 idcirco

1635 5525 1730 5555 ²⁰³²
1749 5526 1920 5580 Aliter
1947 5526 2104 5580 velle.
2130 5525 2395 5591 Quoniam
2426 5521 2555 5594 ergo
2587 5537 2684 5577 nec
2710 5521 3044 5594 solummodo
3071 5537 3221 5594 mss.__
3249 5521 3404 5576 aliter
3431 5521 3578 5576 velle

283 5601 352 5655 D.
384 5601 462 5655 lta
493 5610 596 5656 est.
633 5599 702 5652 M.
726 5596 990 5664 Quoniam
1022 5587 1159 5662 ergo
1176 5595 1511 5648 solummodo
1607 5595 1704 5626 ὀη
1745 5595 1876 5650 Esse
1905 5596 2050 5650 velit.
2087 5587 2362 5661 Quatenus
2391 5587 2519 5650 mss:
2565 5605 2686 5647 esse
2711 5589 2860 5656 velit,
2887 5599 2942 5645 et
2957 5587 3101 5659 justo
3127 5591 3272 5658 velit,
3299 5603 3578 5664 quatenus

283 5671 382 5704 ³⁸³⁵
401 5670 508 5726 Per
539 5671 639 5726 hoc
669 5663 810 5738 quod
836 5664 978 5722 volet
1011 5680 1132 5718 mss.
1161 5679 1256 5734 per
1275 5664 1374 5720 hoc
1401 5663 1524 5734 quia
1553 5665 1692 5720 volet
