3926 6054
327 185 425 243 δεῖ

866 189 925 244 S.
961 172 1260 244 ANSELMI
1295 185 1646 244 CANTUAR.
1681 179 1999 240 ARCHiEP.
2041 181 2194 242 OPP.
2226 186 2408 243 PARS
2442 187 2481 243 Ι.
2510 219 2581 231 —-
2614 188 3017 245 DOGMATICA

3487 189 3598 246 553

329 301 399 354 sit
424 298 719 366 excedere;
745 314 843 370 per
867 300 972 357 hoc
996 301 1120 370 quia
1147 298 1291 368 iuste
1318 298 1466 354 volet
1490 298 1609 363 "‘5,
1640 312 1747 351 non
1778 294 1907 351 velit
1937 297 1981 355 Δ
2009 298 2229 367 quando
2274 298 2528 354 habuisse
2566 307 2622 354 et
2665 313 2881 368 semper
2920 299 3121 354 habere
3164 306 3222 354 ut
3256 299 3452 354 habeat
3484 310 3595 355 tam

330 386 596 447 excedere
624 408 640 446 :
665 398 721 446 et
746 390 1041 459 sicjustam
1066 390 1273 446 habens
1324 388 1677 444 beatitudinis
1723 387 1911 442 volun.

331 487 519 545 tatem,
548 479 720 550 possit
743 489 797 535 et
820 479 1012 534 debeat
1037 493 1158 533 esse
1183 479 1374 534 beatus
1405 495 1418 532 :
1447 478 1539 547 qui
1593 492 1697 532 non
1724 476 1913 531 volen-

330 570 400 624 do
426 569 570 639 quod
596 584 703 624 non
729 567 889 623 debet
910 568 1067 635 velle,
1091 584 1217 624 cum
1246 576 1424 624 tamen
1450 567 1645 637 possit,
1695 581 1911 622 merea—

334 666 421 711 tur
447 667 505 714 ut
531 658 672 726 quod
696 657 833 713 velle
857 672 963 712 non
990 658 1171 725 debet,
1205 673 1483 728 nunquam
1528 656 1664 712 velle
1709 656 1908 728 possit;

332 758 385 805 et
411 763 627 819 semper
657 748 1169 817 tenendojustitiam
1196 765 1293 821 per
1344 752 1676 805 moderatam
1726 749 1915 805 volun-

331 846 497 893 tatem
525 837 670 894 nullo
695 838 854 893 modo
883 839 1148 911 indigeat;
1197 849 1291 895 aut
1317 841 1362 896 si
1413 840 1715 897 deseruerit
1757 839 1916 910 justi-

332 928 459 981 tiam
488 942 585 997 per
612 928 1024 984 immoderatam
1052 928 1409 994 voluntatem,
1438 931 1586 984 omni
1616 932 1775 985 modo
1830 934 1915 986 in-

330 1018 512 1088 digeat
533 1017 648 1072 ’°“.
676 1018 820 1073 Drsc.
853 1018 991 1072 Nihil
1020 1019 1430 1075 convenientius
1454 1018 1681 1090 cogitari
1710 1030 1910 1089 potest.

330 1107 474 1164 MAG.
506 1107 775 1162 Memento
800 1113 946 1176 quia,
977 1125 1096 1163 tu:u
1144 1110 1392 1178 superius
1440 1111 1918 1169 considerabamus

331 1198 885 1277 solam'beatitudinis
914 1200 1243 1255 voluntatem
1273 1201 1391 1257 sine
1429 1202 1531 1258 hac
1558 1212 1722 1271 meta,
1752 1218 1915 1273 quam

329 1290 657 1359 addidimus,
686 1300 745 1344 ut
767 1291 867 1346 sub
893 1291 1005 1347 Deo
1031 1305 1090 1346 se
1115 1301 1386 1360 coerceat,
1414 1294 1726 1350 dicebamus
1768 1295 1822 1349 in
1850 1311 1914 1349 ea

330 1396 436 1435 non
463 1395 583 1435 esse
603 1382 870 1452 justitiam
900 1382 982 1439 vel
1013 1382 1358 1453 injustitiam,
1414 1383 1681 1455 quidquid
1731 1385 1909 1443 vellet.

331 1470 476 1526 DISC.
507 1470 650 1527 Bene
675 1472 918 1527 memini.

758 1557 989 1614 CAPUT
1028 1557 1124 1613 xv
1164 1558 1287 1632 [al.,
1320 1559 1487 1633 xw].

757 1649 912 1714 Quod
931 1651 1147 1719 justiia
1175 1651 1238 1704 sit
1265 1651 1487 1723 aliquid.

332 1794 348 1807 η
403 1738 545 1795 MAG.
593 1739 674 1794 An
730 1748 887 1809 putas
935 1740 1136 1810 aliquid
1186 1728 1279 1775 ξονι
1323 1758 1443 1797 esse
1489 1743 1633 1813 quod
1678 1743 1916 1798 additum

330 1829 506 1884 eidem
556 1830 822 1886 voluntati
867 1840 1130 1902 temperat
1170 1833 1316 1888 illam
1364 1835 1478 1898 “‘5,
1518 1851 1585 1890 ne
1632 1835 1754 1902 plus
1792 1836 1921 1892 velit

330 1924 425 1957 ³ου
456 1941 618 1996 quam
648 1925 785 1981 velle
813 1936 1047 1996 oportet,
1079 1938 1134 1984 et
1161 1932 1418 2000 expedit?
1450 1932 1594 1987 DISC.
1624 1931 1812 1988 Nullus
1836 1934 1920 1988 in-

331 2014 575 2086 telligens
601 2057 616 2083 ,
659 2018 794 2072 nihil
826 2020 928 2074 hoc
967 2035 1088 2076 esse
1126 2022 1356 2092 putabit.
1404 2022 1545 2079 ΜΑο.
1592 2022 1743 2088 lloc,
1783 2025 1919 2081 satis

332 2108 518 2176 credo,
554 2108 943 2165 animadvertis
975 2126 1083 2165 non
1110 2112 1256 2167 aliud
1285 2128 1408 2170 esse
1440 2129 1603 2184 quam
1626 2113 1915 2183 justitiam.

330 2196 476 2252 DISC.
542 2196 687 2252 Nihil
736 2198 881 2254 aliud
945 2200 1173 2272 cogitari
1236 2212 1436 2272 potest.
1499 2204 1640 2261 Msa.
1699 2204 1919 2260 Certum

327 2297 413 2344 est
456 2288 623 2359 igitur
676 2287 945 2358 justitiam
994 2308 1117 2349 esse
1159 2293 1383 2363 aliquid.
1432 2294 1577 2351 DISC.
1622 2296 1734 2351 lmo
1764 2298 1920 2353 valde

328 2380 532 2451 aliquid
569 2382 794 2437 bonum.
835 2382 972 2438 MAG.
1015 2385 1316 2454 Antequam
1357 2387 1625 2458 acciperet
1651 2387 1919 2457 justitiam

328 2472 507 2538 hanc,
566 2472 813 2528 voluntas
868 2474 955 2528 illa
1009 2476 1241 2530 debebat
1312 2477 1448 2532 velle
1508 2487 1564 2532 et
1616 2494 1724 2539 non
1783 2480 1921 2536 velle

331 2562 631 2617 secundum
669 2560 970 2630 justitiam?
999 2564 1144 2619 Dtsc.
1194 2563 1310 2620 Non
1353 2567 1584 2621 debebat
1621 2568 1763 2636 quod
1801 2568 1920 2625 ideo

329 2670 440 2709 non
482 2654 717 2710 habebat
756 2654 874 2720 ¹⁰⁸⁰,
915 2655 1042 2725 quia
1086 2671 1193 2712 non
1230 2668 1537 2728 acceperat.
1575 2656 1722 2714 Msa.
1760 2659 1919 2715 Post-

329 2757 492 2813 quam
525 2753 707 2799 autem
744 2745 953 2816 accepit
999 2747 1091 2779 ¹⁰⁸¹
1125 2764 1139 2801 :
1173 2762 1280 2805 non
1313 2749 1529 2805 dubitas
1557 2750 1785 2817 debere,
1815 2751 1919 2807 nisi

332 2832 514 2902 aliqua
540 2833 792 2889 violentia
825 2835 1078 2891 amittat?
1105 2836 1252 2893 Dec.
1279 2837 1506 2908 Semper
1532 2854 1652 2895 eam
1681 2840 1805 2896 huic
1829 2841 1920 2896 de-

326 2922 443 2979 bito
479 2923 749 2995 alligatam
785 2934 915 2995 puto
937 2967 952 2992 ,
985 2928 1100 2983 sive
1142 2936 1326 2984 teneat
1370 2930 1512 2999 quod
1564 2932 1774 3000 accepit
1802 2932 1916 2988 sive

2015 387 2300 442 honestum
2339 387 2539 442 bonum
2585 389 2925 444 convincitur
2970 388 3084 453 "5’,
3126 404 3289 457 quam
3328 404 3449 458 qua:
3493 390 3597 445 hoc

2016 477 2112 508 ²⁰⁸⁶
2143 477 2318 548 ipsum
2348 493 2453 534 non
2485 478 2688 534 habere
2719 494 2818 533 nec
2845 478 3043 534 debere
3078 478 3368 549 aliquando
3395 494 3596 550 cogno—

2016 567 2206 623 scitur.
2259 567 2398 624 Msc.
2433 568 2576 623 Bene
2617 567 2931 623 consideras
2965 585 2978 621 :
3011 567 3106 623 sed
3149 568 3286 623 adde
3320 567 3449 623 huic
3496 578 3599 623 tua:

2016 659 2329 722 sententiae,
2363 659 2489 728 quia
2517 669 2721 729 quanto
2751 667 2976 723 natura,
3007 672 3129 726 quze
3160 658 3261 712 hoc
3289 657 3478 712 habuit
3501 658 3596 692 ⁸⁸⁸⁷

2016 758 2073 805 et
2117 749 2298 817 debet,
2347 757 2684 805 monstratur
2726 746 3069 812 laudabilior,
3127 754 3278 801 tanto
3325 761 3601 816 persona,

2017 856 2139 912 qua:
2169 856 2274 895 non
2309 840 2473 895 habet
2505 838 2646 908 quod
2679 838 2870 903 debet,
2907 837 3249 893 convincitur
3272 838 3602 907 vituperabb

2018 930 2141 985 lior.
2191 931 2337 986 DISC.
2386 931 2746 986 Vehementer
2786 929 3040 985 assentio.
3090 928 3234 985 MAG.
3281 928 3604 986 Discernere

2018 1019 2152 1074 mihi
2181 1021 2344 1083 bene,
2376 1020 2504 1089 quid
2539 1020 2610 1075 ibi
2640 1026 2908 1074 monstret
2939 1018 3035 1051 ’(⁵⁸⁸
3061 1027 3311 1095 naturam
3357 1018 3605 1075 laudabi-

2017 1106 2154 1173 lem,
2193 1108 2403 1177 etquid
2444 1107 2608 1162 faciat
2651 1122 2940 1177 personam
2981 1106 3416 1178 vituperabilem.
3448 1109 3598 1164 Disc.

2019 1198 2284 1254 Habuisse
2324 1198 2411 1253 vel
2456 1198 2658 1254 debere
2705 1207 2973 1253 monstrat
3024 1198 3328 1254 naturalem
3372 1198 3602 1269 dignita-

1989 1298 2150 1359 tem,
2181 1299 2236 1345 et
2261 1306 2369 1346 nou
2396 1290 2600 1345 habere
2640 1288 2772 1345 facit
2799 1282 3142 1360 personalem
3186 1289 3601 1346 inhonestatem.

2021 1382 2225 1439 Debere
2257 1384 2404 1438 enim
2433 1382 2551 1447 ²⁰⁸⁹,
2597 1381 2800 1438 factum
2832 1392 2919 1440 est
2948 1383 3018 1437 ab
3054 1397 3121 1439 eo
3148 1384 3240 1453 qui
3267 1382 3448 1449 dedit;
3493 1398 3602 1439 non

2018 1472 2218 1528 habere
2242 1487 2402 1539 vero,
2449 1471 2652 1528 factum
2690 1482 2776 1528 est
2820 1473 2888 1529 ab
2919 1473 3036 1542 ipso
3070 1473 3167 1543 ²⁰⁶⁴ξ
3206 1472 3297 1541 qui
3346 1473 3603 1529 deseruit.

2017 1568 2142 1624 Ideo
2173 1583 2409 1639 namque
2439 1567 2626 1632 debet,
2656 1568 2748 1639 qui
2777 1570 3021 1639 accepit;
3055 1568 3176 1624 ideo
3205 1583 3335 1624 vero
3373 1584 3477 1624 non
3510 1570 3606 1624 ha-

1950 1649 1992 1703 B
2020 1656 2131 1723 bet,
2163 1659 2287 1728 quia
2322 1658 2565 1713 deseruit
2596 1658 2711 1712 ²⁰⁶¹.
2744 1658 2885 1713 MAG.
2924 1659 3040 1714 Non
3077 1674 3208 1728 ergo
3253 1661 3605 1730 reprehendis

2021 1750 2114 1781 ²⁰ε²
2140 1749 2192 1803 in
2219 1750 2333 1819 ipsa
2363 1748 2671 1815 voluntate,
2698 1764 2819 1818 quae
2845 1765 2949 1804 non
2980 1751 3128 1805 stetit
3166 1750 3217 1804 in
3241 1750 3485 1820 justitia.
3514 1752 3607 1805 de-

2020 1838 2149 1894 bere
2198 1837 2497 1909 justitiam;
2550 1839 2644 1893 sed
2703 1853 2809 1893 non
2869 1839 3068 1893 habere
3107 1839 3397 1908 justitiam.
3458 1839 3603 1893 [)tsc.

2020 1930 2255 1986 (Imnino
2285 1929 2417 1985 nihil
2449 1930 2595 1985 aliud
2623 1932 2695 1986 ibi
2731 1932 3066 2001 reprehendo
3101 1947 3263 2002 quam
3303 1933 3602 1987 absentiam

2015 2017 2271 2088 justitite,
2301 2018 2415 2074 sive
2443 2034 2550 2073 non
2586 2019 2787 2074 habere
2809 2019 3099 2091 justitiam.
3140 2020 3300 2087 Nam,
3333 2021 3472 2076 sicut
3493 2022 3604 2091 jatn

2021 2106 2156 2172 dixi,
2188 2106 2415 2173 debere,
2447 2108 2669 2163 decorat
2700 2109 2826 2175 m';
2861 2124 2969 2164 non
3005 2111 3206 2165 habere
3233 2126 3389 2175 vero.
3426 2113 3606 2167 detur-

2020 2208 2147 2269 pat;
2177 2206 2234 2253 et
2260 2214 2368 2269 quo
2399 2200 2571 2271 magis
2600 2200 2728 2255 illud
2758 2200 2944 2267 decet,
2972 2216 3038 2257 eo
3065 2203 3236 2272 magis
3266 2202 3406 2257 istud
3441 2203 3606 2258 dede-

2022 2297 2108 2343 cet
2137 2302 2152 2342 :
2179 2288 2311 2355 imo,
2342 2304 2447 2344 non
2471 2288 2542 2345 ob
2568 2288 2713 2345 aliud
2740 2289 3068 2345 voluntatem
3092 2290 3236 2345 illam
3262 2291 3514 2360 deturpat
3537 2305 3606 2346 ex

2020 2378 2238 2450 propria
2269 2379 2427 2448 culpa
2458 2393 2565 2434 non
2595 2379 2824 2445 habere,
2857 2394 3019 2450 quam
3047 2379 3172 2449 quia
3213 2379 3357 2434 illam
3390 2381 3608 2436 decorat

2020 2484 2085 2525 ex
2118 2468 2361 2524 bonitate
2395 2469 2577 2523 dantis
2614 2469 2811 2524 debere
2846 2469 3049 2525 habere
3083 2470 3200 2523 ηαδ.
3236 2470 3376 2526 Mss.
3420 2469 3608 2527 Nonne

2015 2560 2139 2631 jam
2170 2559 2498 2615 voluntatem
2538 2561 2708 2630 ipsam
2733 2601 2749 2627 ,
2779 2576 2900 2631 quae
2936 2576 3042 2616 non
3087 2561 3251 2618 habet
3291 2560 3558 2630 justitiam
3586 2602 3603 2628 ,

2021 2663 2182 2719 quam
2214 2649 2374 2704 debet
2402 2649 2629 2713 habere.
2652 2649 2862 2719 judicas
2890 2649 3165 2718 injustam,
3198 2660 3252 2705 et
3281 2652 3335 2705 in
3364 2651 3453 2706 illa
3485 2666 3607 2708 esse

2022 2738 2384 2807 injustitiam?
2409 2740 2554 2795 DISC.
2585 2740 2719 2808 Quis
2741 2742 2949 2796 non‘ita
2973 2736 3179 2813 judicet
3196 2742 3223 2799 ?
3242 2743 3379 2800 Mtte.
3411 2744 3468 2800 Si
3498 2761 3605 2801 non

2021 2838 2166 2887 esset
2197 2829 2425 2900 injuste,
2465 2847 2568 2887 nec
2596 2843 2739 2889 esset
2779 2833 2833 2887 in
2864 2833 2951 2887 illa
2993 2835 3291 2905 injustitia;
3323 2846 3450 2906 puto
3479 2838 3603 2907 quia

2022 2919 2158 2975 nihil
2187 2919 2238 2974 in
2275 2935 2337 2975 ea
2367 2921 2814 2990 reprehenderes.
2852 2922 2997 2979 DISC.
3028 2922 3172 2978 Nihil
3195 2926 3433 2980 omnino.
3463 2926 3607 2984 MAG.

328 3024 521 3084 Sponte
557 3016 791 3071 deserat.
835 3015 977 3072 Msa.
1011 3017 1178 3073 Recte
1202 3020 1417 3089 judicas
1461 3021 1576 3072 που,
1619 3020 1724 3077 sed
1763 3024 1911 3093 quid,
1944 3001 1989 3064 C
2019 3010 2161 3082 Ergo
2189 3010 2319 3065 nihil
2350 3011 2495 3068 aliud
2523 3012 2577 3067 in
2599 3027 2663 3068 ea
2695 3013 3045 3084 reprehendis
3066 3030 3227 3084 quam
3257 3015 3601 3084 injustitiam,

329 3104 376 3161 si
413 3105 664 3164 voluntas
701 3108 887 3164 eadem
914 3108 1182 3179 justitiam
1217 3111 1561 3185 tam‘utiliter
1583 3122 1639 3168 et
1678 3121 1785 3167 tam
1817 3129 1919 3169 sa-

327 3197 542 3267 pienter
569 3201 808 3254 additam
850 3201 984 3269 sibi,
1018 3202 1164 3257 nulla
1203 3204 1497 3276 indigentia
1534 3213 1589 3261 et
1625 3205 1768 3260 nulla
1805 3207 1917 3262 vio-

330 3288 496 3344 lentia
523 3300 771 3361 cogente,
796 3292 1032 3361 deserat,
1059 3295 1259 3350 utendo
1288 3303 1479 3365 sponte
1505 3312 1600 3352 sua
1628 3306 1917 3367 potestate,

224 3390 245 3407 \
329 3378 381 3433 id
410 3387 492 3433 est
517 3378 638 3448 plus
663 3379 892 3436 volendo
920 3396 1083 3451 quam
1114 3382 1341 3438 debeat?
1363 3383 1450 3437 An
1493 3384 1794 3440 remanebit
1824 3385 1922 3439 ali-

329 3466 461 3536 quid
504 3467 647 3522 aliud
691 3485 814 3523 cum
854 3471 968 3540 ipsa
1010 3471 1324 3539 voluntate,
1376 3488 1538 3543 quam
1587 3474 1729 3542 quod
1769 3474 1919 3539 prius

331 3557 810 3611 considerabamus
851 3570 977 3614 ante
1013 3561 1441 3617 additamentum
1472 3563 1730 3633 justitize?
1767 3563 1915 3619 DISC.

332 3646 600 3713 Quoniam
633 3646 729 3679 ¹⁰⁸³
755 3647 891 3702 nihil
920 3648 1064 3703 aliud
1095 3657 1175 3705 est
1221 3648 1460 3705 additum
1488 3666 1649 3721 quam
1672 3651 1917 3721 justitia,

330 3745 581 3807 separ..ta
624 3738 834 3809 justitia
878 3740 1010 3795 nihil
1056 3740 1202 3796 aliud
1251 3751 1458 3798 certum
1509 3754 1591 3799 est
1637 3761 1921 3807 remanere

332 3844 495 3899 quam
534 3831 677 3901 quod
718 3832 869 3900 prius
906 3841 1063 3900 erat,
1114 3832 1218 3889 nisi
1258 3834 1384 3903 quia
1429 3835 1749 3893 debitricem
1791 3838 1923 3896 fecit

331 3934 452 3975 eam
506 3931 729 3993 accepta
775 3923 984 3994 justitia
1014 3966 1029 3991 ,
1083 3933 1139 3978 et
1189 3928 1343 3996 quasi
1395 3929 1642 3997 quaedam
1693 3931 1918 3999 pulchra

332 4013 560 4082 vestigia
609 4016 692 4070 sui
745 4016 966 4086 reliquit
1014 4016 1270 4071 derelicta
1320 4019 1510 4072 eadem
1553 4018 1786 4088 justitia.
1842 4024 1919 4079 Eo

333 4104 478 4159 enim
512 4104 650 4174 ipso,
677 4120 785 4175 quo
813 4106 1044 4161 debitrix
1069 4107 1294 4175 justitize
1322 4118 1625 4175 permanet,
1655 4121 1921 4169 monstra-

333 4202 422 4247 tur
464 4193 749 4250 honestate
788 4193 1013 4262 justitia:
1052 4196 1219 4252 fuisse
1266 4200 1538 4253 decorata.
1582 4198 1686 4254 Sed
1720 4211 1776 4257 et
1818 4204 1921 4260 hoc

331 4284 467 4338 satis
494 4282 702 4351 justum
736 4293 850 4350 est,
882 4294 941 4340 ut
980 4286 1120 4353 quod
1161 4286 1327 4342 semel
1370 4289 1580 4358 accepit
1605 4290 1872 4360 justitiam
1899 4334 1915 4361 ,

2015 3111 2071 3157 et
2103 3104 2230 3172 quia
2275 3103 2474 3172 injusta
2505 3115 2607 3160 est.
2649 3106 2793 3161 Dtsc.
2832 3104 2946 3160 Non
2975 3121 3195 3176 possum
3242 3108 3387 3163 aliud
3439 3112 3598 3180 quid-

2017 3209 2180 3264 quam
2222 3194 2275 3248 in
2306 3210 2369 3250 ea
2406 3196 2823 3266 reprehendere.
2861 3197 3003 3254 MAG.
3037 3196 3096 3254 Si
3127 3213 3258 3270 ergo
3288 3200 3420 3255 nihil
3458 3200 3606 3255 aliud

2018 3288 2093 3344 ibi
2125 3283 2479 3353 reprehendis
2508 3303 2669 3358 quam
2711 3289 3012 3343 absentiam
3051 3288 3346 3356 injustititn,
3374 3299 3431 3345 et
3456 3291 3602 3345 illaut

2020 3396 2125 3437 non
2156 3382 2356 3438 habere
2402 3382 2670 3453 justitiam
2695 3421 2710 3443 ,
2740 3382 2881 3436 sicut
2917 3381 3078 3451 paulo
3105 3389 3231 3435 ante
3265 3381 3448 3437 dixisti
3477 3400 3493 3449 ;
3548 3392 3605 3438 et

2018 3470 2215 3526 iterum
2245 3485 2431 3526 verum
2457 3478 2541 3526 est
2568 3470 2694 3539 quia
2726 3469 2859 3525 nihil
2883 3469 3026 3525 aliud
3053 3469 3403 3539 reprehendis
3435 3471 3486 3525 in
3514 3486 3602 3537 ea,

2019 3577 2180 3631 quam
2214 3561 2268 3616 in
2307 3561 2394 3616 illa
2425 3575 2544 3618 esse
2581 3560 2901 3628 injustitiam
2924 3602 2940 3626 ,
2976 3561 3089 3616 sive
3124 3560 3270 3615 illam
3300 3575 3422 3617 esse
3463 3563 3605 3628 inju-

2020 3661 2191 3719 stam;
2250 3653 2427 3723 palam
2460 3653 2694 3723 estquia
2734 3668 2841 3708 non
2872 3652 3015 3708 aliud
3056 3654 3110 3708 in
3144 3655 3230 3709 illa
3260 3665 3346 3710 est
3383 3656 3601 3726 injusti-

2023 3745 2096 3800 tia
2134 3754 2229 3800 aut
2265 3759 2386 3800 esse
2428 3743 2717 3813 injustam,
2761 3759 2923 3815 quam
2967 3745 3208 3801 absentia
3249 3747 3471 3816 justitia:
3511 3756 3606 3802 aut

2021 3853 2128 3896 non
2159 3837 2364 3893 habere
2380 3836 2669 3907 justitiam.
2695 3835 2842 3891 DISC.
2873 3834 3029 3890 Nullo
3058 3832 3216 3892 modo
3242 3849 3468 3907 possunt
3490 3839 3606 3893 baec

2020 3944 2143 3985 esse
2172 3930 2405 3985 diversa.
2448 3927 2589 3982 MAG.
2629 3925 2782 3981 Sicut
2817 3926 2978 3997 igitur
3007 3927 3248 3982 absentia
3290 3926 3515 3995 justitia:
3551 3940 3607 3983 et

2020 4033 2128 4074 non
2160 4017 2361 4072 habere
2382 4016 2646 4086 justitiam
2665 4055 2682 4080 ,
2712 4015 2912 4070 nullam
2946 4016 3238 4072 essentiam
3268 4016 3435 4073 habet
3460 4017 3558 4050 m'
3585 4061 3601 4085 ,

2022 4106 2096 4161 ita
2136 4105 2417 4176 injustitia,
2449 4110 2504 4160 et
2545 4118 2666 4159 esse
2710 4101 2990 4172 injustam,
3028 4104 3233 4159 nullum
3280 4105 3445 4161 habet
3485 4122 3607 4162 esse

2022 4195 2142 4263 N“,
2167 4204 2225 4250 et
2250 4195 2451 4250 idcirco
2480 4209 2589 4249 non
2615 4202 2699 4250 est
2728 4193 2965 4264 aliquid,
2998 4196 3091 4250 sed
3121 4196 3273 4250 nihil.
3309 4197 3455 4252 DISC.
3489 4197 3604 4253 Non

2021 4297 2105 4344 est
2139 4285 2558 4354 consequentius
2585 4284 2806 4354 aliquid.
2835 4284 2975 4339 Man.
3007 4285 3275 4341 Memento
3303 4287 3466 4341 etiam
3491 4287 3605 4356 jam

331 4388 449 4427 eam
481 4389 697 4444 semper
729 4375 923 4432 debeat
951 4377 1066 4442 ’°“,
1110 4377 1212 4433 nisi
1245 4353 1517 4432 violenter
1540 4353 1805 4437 amiserit.
1946 4353 1996 4414 θ
2023 4386 2275 4435 constare
2309 4353 2435 4446 quia
2466 4353 2752 4431 recedente
2787 4374 2995 4444 justitia
3018 4417 3034 4442 ,
3061 4386 3288 4447 excepto
3311 4377 3495 4434 debito
3518 4380 3607 4450 ju-

330 4475 477 4523 certe
505 4469 731 4525 multum
776 4472 989 4541 dignior
1020 4482 1211 4527 natura
1244 4473 1526 4543 probatur,
1559 4489 1677 4543 qua:
1710 4476 1788 4530 vel
1821 4478 1916 4532 ali-

2025 4468 2187 4524 stitim
2210 4508 2226 4534 ,
2258 4465 2389 4522 nihil
2426 4466 2572 4521 aliud
2601 4465 2676 4520 illi
2711 4466 2976 4522 remansit
3005 4466 3100 4498 ¹⁰⁶⁷
3129 4482 3294 4538 quam
3325 4469 3468 4536 quod
3513 4470 3609 4524 ha-

1595 4631 1830 4688 VARIZE
1874 4629 2167 4689 LECTION
2178 4629 2281 4684 ES.

399 4738 621 4816 ’°“_l’er
640 4741 903 4816 hocquod
916 4741 1059 4816 juste
1079 4743 1239 4816 volet,
1260 4745 1513 4816 nonvolet
1535 4764 1660 4801 mss.
1681 4762 1776 4815 pec
1793 4747 1895 4801 hoc
1907 4746 2031 4816 quia
2045 4747 2191 4812 juste
2212 4741 2376 4816 vole_t,_
2388 4754 2493 4816 non
2512 4738 2639 4816 velit
2712 4737 2806 4770 ²⁰⁸⁶
2821 4736 3052 4816 Omnino
3070 4738 3304 4816 indigeat
3321 4756 3451 4816 mss.
3468 4741 3603 4795 Vict.
3633 4736 3644 4752 '

329 4806 455 4884 Gem
496 4806 956 4884 Beatiorblomni
980 4806 1397 4884 modoiudigeat
1468 4815 1562 4848 ’⁸³³⁷
1585 4806 1746 4872 Μ.Ᾱιι
1774 4806 2297 4884 ρυιςιςέιιίίῖυί‹1,θι(ε.
2322 4811 2405 4884 hic
2425 4810 2602 4884 incipit
2644 4808 2906 4884 capitali).
2927 4810 2979 4861 in
3005 4824 3161 4884 mss_._
3186 4806 3301 4884 "_°‘°
3321 4809 3607 4884 Temperet

326 4878 620 4959 illam_m_ss.
656 4879 1082 4959 Vict_.‘ter_nperat
1109 4883 1252 4937 illam
1278 4878 1304 4884 ”
1328 4885 1422 4917 ὀη
1445 4883 1521 4939 Ne
1546 4886 1665 4955 plus
1684 4878 1810 4959 velit
1836 4903 1934 4940 ms.
1970 4878 2104 4939 Viét.
2151 4886 2183 4937 5
2217 4896 2316 4935 nec
2350 4880 2465 4947 plus
2492 4879 2619 4931 velit
2645 4878 2929 4959 ,βουλεᾳεερ
2952 4891 3056 4959 non
3080 4878 3308 4959 debebat
3333 4878 3605 4959 "133.71th"

326 4963 433 5026 non
468 4948 700 5026 habebat
743 4951 863 5026 _'°f‘f
888 4947 1178 5026 Pestquam
1206 4962 1387 5026 autem
1417 4969 1522 5026 n_ou
1548 4947 1761 5026 accepit
1790 4973 1916 5026 mss.
1948 4963 2234 5026 postquam
2266 4959 2448 5026 autem
2477 4947 2708 5026 accepit“
2748 4947 3037 5026 3°"ﬁccte
3071 4954 3271 5004 asseris
3310 4966 3436 5003 mss.
3470 4947 3603 5002 Vict.

328 5017 518 5073 Cister.
548 5019 713 5075 Recte
736 5019 946 5086 judicas
1017 5022 1113 5056 ¹⁰⁸³
1130 5021 1392 5077 Justitize?

1427 5015 1698 5089 Quoniaui
1734 5042 1863 5079 mss.
1891 5015 2145 5095 Ῑιιὲιὶιὶςὲξἱ
2175 5023 2235 5095 D_.
2262 5018 2526 5095 Quoniam
2608 5015 2718 5049 1°“
2739 5015 3035 5095 Justitiam,
3071 5032 3288 5074 servare
3319 5033 3605 5095 eamsem-

326 5102 426 5157 per
453 5090 647 5145 debeat
672 5106 799 5144 mss.
828 5088 1012 5143 Cister.
1038 5088 1183 5144 Gem.
1210 5091 1331 5145 Bac.
1358 5086 1514 5147 Corb.
1537 5095 1705 5148 amitt.
1730 5086 1956 5149 scrvare
2050 5092 2146 5124 ⁹⁰⁸³
2187 5088 2559 5157 Communiter
2601 5103 2727 5141 mss.
2755 5086 3159 5157 convincenturr
3184 5104 3308 5141 mss.
3354 5089 3416 5143 S.
3438 5086 3602 5157 Misit.

326 5159 736 5213 convinceretur

326 5225 423 5259 ⁶⁹⁸⁸
449 5230 576 5300 quid
609 5230 703 5284 tibi
742 5238 1005 5284 monstret
1034 5246 1160 5285 mss.
1188 5225 1315 5300 quid
1355 5232 1446 5286 tibi
1478 5225 1744 5287 monstret

844 5159 939 5191 ¹⁰⁸⁶
960 5159 1131 5225 Quam
1183 5161 1315 5238 quia
1357 5163 1459 5238 hoc
1510 5179 1637 5217 mss.
1670 5179 1833 5232 quam
1857 5178 2020 5238 quae
2057 5163 2161 5238 hoc
2269 5159 2363 5238 ’ξ’δτ
2392 5159 2772 5238 Ilabui_t,_quod
2804 5159 2862 5238 de

1855 5225 1950 5264 “3°
1976 5231 2190 5286 Habere
2223 5226 2368 5282 enim
2400 5242 2524 5279 mss.
2552 5226 2751 5280 debere
2777 5226 2920 5280 enim
3014 5225 3109 5260 ’⁰⁶⁰
3131 5225 3245 5280 Νοη
3277 5226 3500 5288 habere,
3526 5225 3606 5277 l‘a-

2269 5157 2363 5189 ¹⁰⁵⁷
2392 5155 2608 5219 Ilabuit,
2631 5157 2772 5225 quod
2804 5156 2965 5211 debet
3001 5172 3125 5209 mss.
3153 5156 3339 5212 habuit
3367 5165 3423 5210 et
3443 5155 3603 5211 debet

326 5292 482 5370 clung
505 5297 572 5351 ab
602 5300 719 5367 ipso
748 5317 871 5353 mss.
902 5315 1005 5352 non
1037 5292 1235 5355 habere
1266 5316 1415 5365 vero,
1451 5301 1648 5356 factum
1680 5310 1763 5355 est
1792 5301 1860 5354 ab
1891 5302 2009 5370 ipso
2082 5300 2173 5370 ἳ⁰⁶¹
2199 5296 2336 5364 Quia
2365 5294 2602 5370 deseruit
2628 5311 2758 5370 mss.
2793 5294 2922 5347 Vict.
2956 5292 3144 5370 Cister.
3166 5297 3291 5370 quia
3314 5294 3605 5370 dereliquit

334 5364 428 5440 res:
452 5364 838 5440 ιιρρνρῖωηιέθε
898 5370 949 5440 in
981 5386 1106 5440 mss,
1137 5364 1493 5440 reprehendis
1524 5372 1576 5424 in

329 5433 545 5487 debere
575 5453 700 5491 mss.
734 5437 880 5493 Gem.
912 5439 1033 5494 Bcc.
1064 5433 1222 5493 Gorb'.
1260 5436 1393 5492 Vict.
1441 5440 1618 5495 dantis
1667 5442 1867 5496 debere
1908 5441 2112 5495 habere

1688 5365 2021 5425 ""llabere
2071 5369 2293 5423 decorat
2339 5382 2465 5418 mss.
2493 5367 2688 5419 debere
2729 5365 2947 5419 decorat

3051 5364 3146 5396 ’°“
3182 5364 3369 5418 Dantis
3404 5365 3605 5419 habere

2221 5437 2316 5469 ²⁰⁶⁸
2358 5435 2658 5490 Essentiam
2706 5435 2903 5488 habent
2948 5449 3071 5487 mss.
3104 5432 3254 5488 Gem.
3285 5433 3409 5487 Bec.
3442 5430 3598 5486 Corb.

340 5499 480 5554 Vict.
514 5507 752 5561 essentia
807 5509 971 5565 habet
1064 5511 1158 5542 ²⁰⁶⁶
1192 5508 1406 5565 Nullum
1452 5509 1651 5567 habent
1685 5526 1806 5569 esse
1842 5526 1938 5567 ms.
1973 5509 2160 5566 Cister.
2221 5506 2422 5563 nullum
2482 5506 2642 5561 habet
2702 5518 2822 5560 esse
2912 5503 3005 5535 ²⁰⁶⁷
3031 5502 3106 5559 lbi
3169 5503 3423 5559 remansit
3476 5516 3598 5556 mss.

327 5567 403 5626 illi
436 5575 697 5629 remansit
