  <div class='ocr_page' id='page_1' title='image "/cluster/home/n/w/nwhite01/storage/ocr_20150623/158/hvd.32044054760160/181.png"; bbox 0 0 3926 6054; ppageno 0'>
   <div class='ocr_carea' id='block_1_1' title="bbox 375 223 475 279">
    <p class='ocr_par' dir='ltr' id='par_1_1' title="bbox 375 223 475 279">
     <span class='ocr_line' id='line_1_1' title="bbox 375 223 475 279; baseline 0 -1"><span class='ocrx_word' id='word_1_1' title='bbox 375 223 475 279; x_wconf 77' lang='grc'><strong>551</strong></span> 
     </span>
    </p>
   </div>
   <div class='ocr_carea' id='block_1_2' title="bbox 909 221 3090 288">
    <p class='ocr_par' dir='ltr' id='par_1_2' title="bbox 909 221 3090 288">
     <span class='ocr_line' id='line_1_2' title="bbox 909 221 3090 288; baseline 0.003 -9"><span class='ocrx_word' id='word_1_2' title='bbox 909 224 966 279; x_wconf 90' lang='grc' dir='ltr'><strong>ε.</strong></span> <span class='ocrx_word' id='word_1_3' title='bbox 1005 224 1302 280; x_wconf 74' lang='lat' dir='ltr'><strong>ANSELMI</strong></span> <span class='ocrx_word' id='word_1_4' title='bbox 1329 222 1678 280; x_wconf 66' lang='lat' dir='ltr'><strong>caurum.</strong></span> <span class='ocrx_word' id='word_1_5' title='bbox 1729 221 2050 277; x_wconf 78' lang='lat' dir='ltr'><strong>ARCHIEP.</strong></span> <span class='ocrx_word' id='word_1_6' title='bbox 2091 222 2242 278; x_wconf 69' lang='lat' dir='ltr'><strong>ore.</strong></span> <span class='ocrx_word' id='word_1_7' title='bbox 2289 224 2468 280; x_wconf 79' lang='lat' dir='ltr'><strong>PARS</strong></span> <span class='ocrx_word' id='word_1_8' title='bbox 2508 225 2548 280; x_wconf 82' lang='grc' dir='ltr'><strong>ι.</strong></span> <span class='ocrx_word' id='word_1_9' title='bbox 2576 227 3090 288; x_wconf 68' lang='lat' dir='ltr'><strong>—DOG.\lATlCA.</strong></span> 
     </span>
    </p>
   </div>
   <div class='ocr_carea' id='block_1_3' title="bbox 3527 234 3632 290">
    <p class='ocr_par' dir='ltr' id='par_1_3' title="bbox 3527 234 3632 290">
     <span class='ocr_line' id='line_1_3' title="bbox 3527 234 3632 290; baseline 0 -1"><span class='ocrx_word' id='word_1_10' title='bbox 3527 234 3632 290; x_wconf 70' lang='lat'><strong>352</strong></span> 
     </span>
    </p>
   </div>
   <div class='ocr_carea' id='block_1_4' title="bbox 374 335 3637 414">
    <p class='ocr_par' dir='ltr' id='par_1_4' title="bbox 374 335 3637 414">
     <span class='ocr_line' id='line_1_4' title="bbox 374 335 3637 414; baseline -0 -23"><span class='ocrx_word' id='word_1_11' title='bbox 374 339 488 406; x_wconf 91' lang='lat' dir='ltr'><strong>piat</strong></span> <span class='ocrx_word' id='word_1_12' title='bbox 520 337 801 408; x_wconf 76' lang='lat' dir='ltr'><strong>justitiam.</strong></span> <span class='ocrx_word' id='word_1_13' title='bbox 848 335 998 392; x_wconf 84' lang='lat' dir='ltr'><strong>linde</strong></span> <span class='ocrx_word' id='word_1_14' title='bbox 1039 338 1388 406; x_wconf 91' lang='lat' dir='ltr'><strong>consequitur</strong></span> <span class='ocrx_word' id='word_1_15' title='bbox 1423 339 1550 406; x_wconf 85' lang='lat' dir='ltr'><strong>quia</strong></span> <span class='ocrx_word' id='word_1_16' title='bbox 1597 351 1718 391; x_wconf 90' lang='lat' dir='ltr'><strong>cum</strong></span> <span class='ocrx_word' id='word_1_17' title='bbox 1752 336 1954 390; x_wconf 88' lang='lat' dir='ltr'><strong>deserit</strong></span> <span class='ocrx_word' id='word_1_18' title='bbox 1982 340 2030 396; x_wconf 79' lang='grc' dir='ltr'><strong>Α</strong></span> <span class='ocrx_word' id='word_1_19' title='bbox 2058 339 2366 393; x_wconf 87' lang='lat' dir='ltr'><strong>consensit?</strong></span> <span class='ocrx_word' id='word_1_20' title='bbox 2397 343 2541 396; x_wconf 85' lang='lat' dir='ltr'><strong>Dtsc.</strong></span> <span class='ocrx_word' id='word_1_21' title='bbox 2575 340 2716 395; x_wconf 86' lang='lat' dir='ltr'><strong>Nihil</strong></span> <span class='ocrx_word' id='word_1_22' title='bbox 2741 343 2830 397; x_wconf 92' lang='lat' dir='ltr'><strong>hic</strong></span> <span class='ocrx_word' id='word_1_23' title='bbox 2859 359 3160 414; x_wconf 84' lang='lat' dir='ltr'><strong>repugnare</strong></span> <span class='ocrx_word' id='word_1_24' title='bbox 3186 345 3282 377; x_wconf 81' lang='grc'><strong>¹⁰⁹⁹</strong></span> <span class='ocrx_word' id='word_1_25' title='bbox 3309 346 3520 400; x_wconf 80' lang='lat' dir='ltr'><strong>videtur</strong></span> <span class='ocrx_word' id='word_1_26' title='bbox 3548 363 3637 403; x_wconf 73' lang='lat' dir='ltr'><strong>ve.</strong></span> 
     </span>
    </p>
   </div>
   <div class='ocr_carea' id='block_1_5' title="bbox 373 428 1956 500">
    <p class='ocr_par' dir='ltr' id='par_1_5' title="bbox 373 428 1956 500">
     <span class='ocr_line' id='line_1_5' title="bbox 373 428 1956 500; baseline -0.001 -17"><span class='ocrx_word' id='word_1_27' title='bbox 373 440 650 500; x_wconf 74' lang='lat' dir='ltr'><strong>acceptam</strong></span> <span class='ocrx_word' id='word_1_28' title='bbox 673 429 932 498; x_wconf 72' lang='lat' dir='ltr'><strong>justitiam</strong></span> <span class='ocrx_word' id='word_1_29' title='bbox 958 430 1024 496; x_wconf 87' lang='lat' dir='ltr'><strong>(si</strong></span> <span class='ocrx_word' id='word_1_30' title='bbox 1051 429 1237 484; x_wconf 90' lang='lat' dir='ltr'><strong>eadem</strong></span> <span class='ocrx_word' id='word_1_31' title='bbox 1266 429 1500 484; x_wconf 85' lang='lat' dir='ltr'><strong>essentia</strong></span> <span class='ocrx_word' id='word_1_32' title='bbox 1525 437 1627 492; x_wconf 90' lang='lat' dir='ltr'><strong>est,</strong></span> <span class='ocrx_word' id='word_1_33' title='bbox 1659 443 1780 498; x_wconf 82' lang='lat' dir='ltr'><strong>quae</strong></span> <span class='ocrx_word' id='word_1_34' title='bbox 1806 428 1956 497; x_wconf 89' lang='lat' dir='ltr'><strong>prius</strong></span> 
     </span>
    </p>
   </div>
   <div class='ocr_carea' id='block_1_6' title="bbox 371 519 1954 588">
    <p class='ocr_par' dir='ltr' id='par_1_6' title="bbox 371 519 1954 588">
     <span class='ocr_line' id='line_1_6' title="bbox 371 519 1954 588; baseline -0.001 -13"><span class='ocrx_word' id='word_1_35' title='bbox 371 525 512 587; x_wconf 89' lang='lat' dir='ltr'><strong>erat)</strong></span> <span class='ocrx_word' id='word_1_36' title='bbox 551 523 748 575; x_wconf 89' lang='lat' dir='ltr'><strong>bonum</strong></span> <span class='ocrx_word' id='word_1_37' title='bbox 781 530 862 574; x_wconf 91' lang='lat' dir='ltr'><strong>est</strong></span> <span class='ocrx_word' id='word_1_38' title='bbox 890 519 1106 587; x_wconf 86' lang='lat' dir='ltr'><strong>aliquod</strong></span> <span class='ocrx_word' id='word_1_39' title='bbox 1137 519 1252 584; x_wconf 68' lang='lat'><strong>&quot;‘3,</strong></span> <span class='ocrx_word' id='word_1_40' title='bbox 1286 529 1547 588; x_wconf 88' lang='lat' dir='ltr'><strong>quantum</strong></span> <span class='ocrx_word' id='word_1_41' title='bbox 1585 520 1649 573; x_wconf 90' lang='lat' dir='ltr'><strong>ad</strong></span> <span class='ocrx_word' id='word_1_42' title='bbox 1683 520 1785 574; x_wconf 91' lang='lat' dir='ltr'><strong>hoc</strong></span> <span class='ocrx_word' id='word_1_43' title='bbox 1813 520 1954 587; x_wconf 91' lang='lat' dir='ltr'><strong>quod</strong></span> 
     </span>
    </p>
   </div>
   <div class='ocr_carea' id='block_1_7' title="bbox 373 610 1953 681">
    <p class='ocr_par' dir='ltr' id='par_1_7' title="bbox 373 610 1953 681">
     <span class='ocr_line' id='line_1_7' title="bbox 373 610 1953 681; baseline 0 -15"><span class='ocrx_word' id='word_1_44' title='bbox 373 624 489 677; x_wconf 88' lang='lat' dir='ltr'><strong>est;</strong></span> <span class='ocrx_word' id='word_1_45' title='bbox 529 620 786 681; x_wconf 89' lang='lat' dir='ltr'><strong>quantum</strong></span> <span class='ocrx_word' id='word_1_46' title='bbox 818 626 945 665; x_wconf 90' lang='lat' dir='ltr'><strong>vero</strong></span> <span class='ocrx_word' id='word_1_47' title='bbox 977 611 1042 662; x_wconf 91' lang='lat' dir='ltr'><strong>ad</strong></span> <span class='ocrx_word' id='word_1_48' title='bbox 1078 612 1179 665; x_wconf 93' lang='lat' dir='ltr'><strong>hoc</strong></span> <span class='ocrx_word' id='word_1_49' title='bbox 1211 611 1337 679; x_wconf 86' lang='lat' dir='ltr'><strong>quia</strong></span> <span class='ocrx_word' id='word_1_50' title='bbox 1375 611 1585 680; x_wconf 89' lang='lat' dir='ltr'><strong>justitia</strong></span> <span class='ocrx_word' id='word_1_51' title='bbox 1619 627 1738 680; x_wconf 72' lang='lat' dir='ltr'><strong>qua:</strong></span> <span class='ocrx_word' id='word_1_52' title='bbox 1770 610 1869 666; x_wconf 89' lang='lat' dir='ltr'><strong>fuit</strong></span> <span class='ocrx_word' id='word_1_53' title='bbox 1903 612 1953 666; x_wconf 91' lang='lat' dir='ltr'><strong>in</strong></span> 
     </span>
    </p>
   </div>
   <div class='ocr_carea' id='block_1_8' title="bbox 374 700 1955 769">
    <p class='ocr_par' dir='ltr' id='par_1_8' title="bbox 374 700 1955 769">
     <span class='ocr_line' id='line_1_8' title="bbox 374 700 1955 769; baseline 0 -14"><span class='ocrx_word' id='word_1_54' title='bbox 374 703 481 766; x_wconf 90' lang='lat' dir='ltr'><strong>illa,</strong></span> <span class='ocrx_word' id='word_1_55' title='bbox 519 717 621 755; x_wconf 94' lang='lat' dir='ltr'><strong>non</strong></span> <span class='ocrx_word' id='word_1_56' title='bbox 659 710 770 765; x_wconf 84' lang='lat' dir='ltr'><strong>est,</strong></span> <span class='ocrx_word' id='word_1_57' title='bbox 820 701 1014 755; x_wconf 90' lang='lat' dir='ltr'><strong>dicitur</strong></span> <span class='ocrx_word' id='word_1_58' title='bbox 1046 701 1186 754; x_wconf 89' lang='lat' dir='ltr'><strong>mala</strong></span> <span class='ocrx_word' id='word_1_59' title='bbox 1225 711 1277 755; x_wconf 92' lang='lat' dir='ltr'><strong>et</strong></span> <span class='ocrx_word' id='word_1_60' title='bbox 1319 701 1539 769; x_wconf 89' lang='lat' dir='ltr'><strong>injusta.</strong></span> <span class='ocrx_word' id='word_1_61' title='bbox 1580 700 1712 754; x_wconf 88' lang='lat' dir='ltr'><strong>Nam</strong></span> <span class='ocrx_word' id='word_1_62' title='bbox 1744 703 1788 754; x_wconf 90' lang='lat' dir='ltr'><strong>si</strong></span> <span class='ocrx_word' id='word_1_63' title='bbox 1822 702 1955 755; x_wconf 81' lang='lat' dir='ltr'><strong>velle</strong></span> 
     </span>
    </p>
   </div>
   <div class='ocr_carea' id='block_1_9' title="bbox 372 790 1955 858">
    <p class='ocr_par' dir='ltr' id='par_1_9' title="bbox 372 790 1955 858">
     <span class='ocr_line' id='line_1_9' title="bbox 372 790 1955 858; baseline -0.001 -13"><span class='ocrx_word' id='word_1_64' title='bbox 372 795 480 846; x_wconf 85' lang='lat' dir='ltr'><strong>Deo</strong></span> <span class='ocrx_word' id='word_1_65' title='bbox 505 791 732 845; x_wconf 81' lang='lat' dir='ltr'><strong>similem</strong></span> <span class='ocrx_word' id='word_1_66' title='bbox 765 807 899 846; x_wconf 90' lang='lat' dir='ltr'><strong>esse.</strong></span> <span class='ocrx_word' id='word_1_67' title='bbox 931 791 1128 844; x_wconf 88' lang='lat' dir='ltr'><strong>malum</strong></span> <span class='ocrx_word' id='word_1_68' title='bbox 1155 801 1323 858; x_wconf 90' lang='lat' dir='ltr'><strong>esset,</strong></span> <span class='ocrx_word' id='word_1_69' title='bbox 1355 791 1521 845; x_wconf 89' lang='lat' dir='ltr'><strong>Filius</strong></span> <span class='ocrx_word' id='word_1_70' title='bbox 1544 791 1634 845; x_wconf 88' lang='lat' dir='ltr'><strong>Dei</strong></span> <span class='ocrx_word' id='word_1_71' title='bbox 1660 806 1765 845; x_wconf 88' lang='lat' dir='ltr'><strong>non</strong></span> <span class='ocrx_word' id='word_1_72' title='bbox 1795 790 1955 844; x_wconf 79' lang='lat' dir='ltr'><strong>vellet</strong></span> 
     </span>
    </p>
   </div>
   <div class='ocr_carea' id='block_1_10' title="bbox 369 883 1953 953">
    <p class='ocr_par' dir='ltr' id='par_1_10' title="bbox 369 883 1953 953">
     <span class='ocr_line' id='line_1_10' title="bbox 369 883 1953 953; baseline 0 -15"><span class='ocrx_word' id='word_1_73' title='bbox 369 884 562 938; x_wconf 90' lang='lat' dir='ltr'><strong>similis</strong></span> <span class='ocrx_word' id='word_1_74' title='bbox 601 899 720 938; x_wconf 90' lang='lat' dir='ltr'><strong>esse</strong></span> <span class='ocrx_word' id='word_1_75' title='bbox 750 883 894 939; x_wconf 85' lang='lat' dir='ltr'><strong>Patri</strong></span> <span class='ocrx_word' id='word_1_76' title='bbox 927 899 940 937; x_wconf 90' lang='lat'><strong>:</strong></span> <span class='ocrx_word' id='word_1_77' title='bbox 976 893 1067 937; x_wconf 92' lang='lat' dir='ltr'><strong>aut</strong></span> <span class='ocrx_word' id='word_1_78' title='bbox 1105 883 1240 938; x_wconf 86' lang='lat' dir='ltr'><strong>velle</strong></span> <span class='ocrx_word' id='word_1_79' title='bbox 1270 883 1537 953; x_wconf 90' lang='lat' dir='ltr'><strong>quaslibet</strong></span> <span class='ocrx_word' id='word_1_80' title='bbox 1566 883 1778 938; x_wconf 85' lang='lat' dir='ltr'><strong>infimas</strong></span> <span class='ocrx_word' id='word_1_81' title='bbox 1803 884 1953 938; x_wconf 88' lang='lat' dir='ltr'><strong>volu-</strong></span> 
     </span>
    </p>
   </div>
   <div class='ocr_carea' id='block_1_11' title="bbox 367 971 1949 1041">
    <p class='ocr_par' dir='ltr' id='par_1_11' title="bbox 367 971 1949 1041">
     <span class='ocr_line' id='line_1_11' title="bbox 367 971 1949 1041; baseline 0.001 -16"><span class='ocrx_word' id='word_1_82' title='bbox 367 982 562 1041; x_wconf 85' lang='lat' dir='ltr'><strong>ptates,</strong></span> <span class='ocrx_word' id='word_1_83' title='bbox 593 983 732 1026; x_wconf 82' lang='lat' dir='ltr'><strong>esset</strong></span> <span class='ocrx_word' id='word_1_84' title='bbox 760 974 990 1038; x_wconf 85' lang='lat' dir='ltr'><strong>malum;</strong></span> <span class='ocrx_word' id='word_1_85' title='bbox 1025 972 1161 1025; x_wconf 89' lang='lat' dir='ltr'><strong>mala</strong></span> <span class='ocrx_word' id='word_1_86' title='bbox 1193 973 1463 1025; x_wconf 72' lang='lat' dir='ltr'><strong>diceretur</strong></span> <span class='ocrx_word' id='word_1_87' title='bbox 1488 971 1734 1026; x_wconf 79' lang='lat' dir='ltr'><strong>voluntas</strong></span> <span class='ocrx_word' id='word_1_88' title='bbox 1763 971 1949 1026; x_wconf 87' lang='lat' dir='ltr'><strong>bruto-</strong></span> 
     </span>
    </p>
   </div>
   <div class='ocr_carea' id='block_1_12' title="bbox 367 1063 1948 1131">
    <p class='ocr_par' dir='ltr' id='par_1_12' title="bbox 367 1063 1948 1131">
     <span class='ocr_line' id='line_1_12' title="bbox 367 1063 1948 1131; baseline -0.001 -14"><span class='ocrx_word' id='word_1_89' title='bbox 367 1080 488 1118; x_wconf 86' lang='lat' dir='ltr'><strong>rnm</strong></span> <span class='ocrx_word' id='word_1_90' title='bbox 515 1064 851 1118; x_wconf 84' lang='lat' dir='ltr'><strong>animalium.</strong></span> <span class='ocrx_word' id='word_1_91' title='bbox 885 1063 989 1119; x_wconf 85' lang='lat' dir='ltr'><strong>Sed</strong></span> <span class='ocrx_word' id='word_1_92' title='bbox 1016 1079 1115 1119; x_wconf 91' lang='lat' dir='ltr'><strong>nec</strong></span> <span class='ocrx_word' id='word_1_93' title='bbox 1135 1064 1380 1119; x_wconf 85' lang='lat' dir='ltr'><strong>voluntas</strong></span> <span class='ocrx_word' id='word_1_94' title='bbox 1405 1063 1531 1118; x_wconf 84' lang='lat' dir='ltr'><strong>Filii</strong></span> <span class='ocrx_word' id='word_1_95' title='bbox 1565 1064 1658 1118; x_wconf 89' lang='lat' dir='ltr'><strong>Dei</strong></span> <span class='ocrx_word' id='word_1_96' title='bbox 1680 1072 1764 1120; x_wconf 88' lang='lat' dir='ltr'><strong>est</strong></span> <span class='ocrx_word' id='word_1_97' title='bbox 1787 1063 1948 1131; x_wconf 89' lang='lat' dir='ltr'><strong>mala,</strong></span> 
     </span>
    </p>
   </div>
   <div class='ocr_carea' id='block_1_13' title="bbox 368 1154 1948 1224">
    <p class='ocr_par' dir='ltr' id='par_1_13' title="bbox 368 1154 1948 1224">
     <span class='ocr_line' id='line_1_13' title="bbox 368 1154 1948 1224; baseline 0.001 -18"><span class='ocrx_word' id='word_1_98' title='bbox 368 1155 491 1224; x_wconf 84' lang='lat' dir='ltr'><strong>quia</strong></span> <span class='ocrx_word' id='word_1_99' title='bbox 517 1154 792 1223; x_wconf 88' lang='lat' dir='ltr'><strong>cstjusta;</strong></span> <span class='ocrx_word' id='word_1_100' title='bbox 823 1170 920 1210; x_wconf 88' lang='lat' dir='ltr'><strong>nec</strong></span> <span class='ocrx_word' id='word_1_101' title='bbox 943 1154 1187 1209; x_wconf 83' lang='lat' dir='ltr'><strong>voluntas</strong></span> <span class='ocrx_word' id='word_1_102' title='bbox 1215 1155 1542 1209; x_wconf 85' lang='lat' dir='ltr'><strong>irrationalis</strong></span> <span class='ocrx_word' id='word_1_103' title='bbox 1570 1155 1706 1208; x_wconf 90' lang='lat' dir='ltr'><strong>mala</strong></span> <span class='ocrx_word' id='word_1_104' title='bbox 1732 1154 1948 1220; x_wconf 91' lang='lat' dir='ltr'><strong>dicitur,</strong></span> 
     </span>
    </p>
   </div>
   <div class='ocr_carea' id='block_1_14' title="bbox 366 1245 1948 1316">
    <p class='ocr_par' dir='ltr' id='par_1_14' title="bbox 366 1245 1948 1316">
     <span class='ocr_line' id='line_1_14' title="bbox 366 1245 1948 1316; baseline 0.001 -18"><span class='ocrx_word' id='word_1_105' title='bbox 366 1246 494 1316; x_wconf 78' lang='lat' dir='ltr'><strong>quia</strong></span> <span class='ocrx_word' id='word_1_106' title='bbox 523 1261 629 1301; x_wconf 91' lang='lat' dir='ltr'><strong>non</strong></span> <span class='ocrx_word' id='word_1_107' title='bbox 659 1255 739 1300; x_wconf 90' lang='lat' dir='ltr'><strong>est</strong></span> <span class='ocrx_word' id='word_1_108' title='bbox 767 1245 980 1313; x_wconf 88' lang='lat' dir='ltr'><strong>iujusta.</strong></span> <span class='ocrx_word' id='word_1_109' title='bbox 1010 1245 1164 1301; x_wconf 88' lang='lat' dir='ltr'><strong>Unde</strong></span> <span class='ocrx_word' id='word_1_110' title='bbox 1191 1246 1434 1315; x_wconf 88' lang='lat' dir='ltr'><strong>sequitur</strong></span> <span class='ocrx_word' id='word_1_111' title='bbox 1465 1246 1662 1300; x_wconf 92' lang='lat' dir='ltr'><strong>nullam</strong></span> <span class='ocrx_word' id='word_1_112' title='bbox 1699 1245 1948 1300; x_wconf 82' lang='lat' dir='ltr'><strong>volunta-</strong></span> 
     </span>
    </p>
   </div>
   <div class='ocr_carea' id='block_1_15' title="bbox 367 1338 1948 1408">
    <p class='ocr_par' dir='ltr' id='par_1_15' title="bbox 367 1338 1948 1408">
     <span class='ocr_line' id='line_1_15' title="bbox 367 1338 1948 1408; baseline -0.001 -16"><span class='ocrx_word' id='word_1_113' title='bbox 367 1347 475 1392; x_wconf 88' lang='lat' dir='ltr'><strong>tem</strong></span> <span class='ocrx_word' id='word_1_114' title='bbox 522 1353 643 1393; x_wconf 91' lang='lat' dir='ltr'><strong>esse</strong></span> <span class='ocrx_word' id='word_1_115' title='bbox 674 1339 897 1400; x_wconf 85' lang='lat' dir='ltr'><strong>malum.</strong></span> <span class='ocrx_word' id='word_1_116' title='bbox 928 1340 1022 1393; x_wconf 90' lang='lat' dir='ltr'><strong>sed</strong></span> <span class='ocrx_word' id='word_1_117' title='bbox 1061 1353 1180 1393; x_wconf 91' lang='lat' dir='ltr'><strong>esse</strong></span> <span class='ocrx_word' id='word_1_118' title='bbox 1215 1338 1413 1392; x_wconf 85' lang='lat' dir='ltr'><strong>bonum</strong></span> <span class='ocrx_word' id='word_1_119' title='bbox 1445 1339 1496 1392; x_wconf 93' lang='lat' dir='ltr'><strong>in</strong></span> <span class='ocrx_word' id='word_1_120' title='bbox 1543 1346 1802 1408; x_wconf 87' lang='lat' dir='ltr'><strong>quantum</strong></span> <span class='ocrx_word' id='word_1_121' title='bbox 1833 1345 1948 1402; x_wconf 87' lang='lat' dir='ltr'><strong>est,</strong></span> 
     </span>
    </p>
   </div>
   <div class='ocr_carea' id='block_1_16' title="bbox 364 1423 1946 1498">
    <p class='ocr_par' dir='ltr' id='par_1_16' title="bbox 364 1423 1946 1498">
     <span class='ocr_line' id='line_1_16' title="bbox 364 1423 1946 1498; baseline -0.003 -16"><span class='ocrx_word' id='word_1_122' title='bbox 364 1429 491 1496; x_wconf 89' lang='lat' dir='ltr'><strong>quia</strong></span> <span class='ocrx_word' id='word_1_123' title='bbox 521 1443 656 1498; x_wconf 89' lang='lat' dir='ltr'><strong>opus</strong></span> <span class='ocrx_word' id='word_1_124' title='bbox 691 1428 784 1482; x_wconf 89' lang='lat' dir='ltr'><strong>Dei</strong></span> <span class='ocrx_word' id='word_1_125' title='bbox 815 1437 928 1493; x_wconf 88' lang='lat' dir='ltr'><strong>est;</strong></span> <span class='ocrx_word' id='word_1_126' title='bbox 966 1442 1063 1482; x_wconf 86' lang='lat' dir='ltr'><strong>nec</strong></span> <span class='ocrx_word' id='word_1_127' title='bbox 1092 1427 1194 1481; x_wconf 91' lang='lat' dir='ltr'><strong>nisi</strong></span> <span class='ocrx_word' id='word_1_128' title='bbox 1225 1427 1276 1479; x_wconf 91' lang='lat' dir='ltr'><strong>in</strong></span> <span class='ocrx_word' id='word_1_129' title='bbox 1307 1434 1568 1495; x_wconf 89' lang='lat' dir='ltr'><strong>quantum</strong></span> <span class='ocrx_word' id='word_1_130' title='bbox 1597 1433 1680 1480; x_wconf 90' lang='lat' dir='ltr'><strong>est</strong></span> <span class='ocrx_word' id='word_1_131' title='bbox 1714 1423 1906 1492; x_wconf 76' lang='lat' dir='ltr'><strong>iniusta</strong></span> <span class='ocrx_word' id='word_1_132' title='bbox 1929 1464 1946 1492; x_wconf 90' lang='lat'><strong>,</strong></span> 
     </span>
    </p>
   </div>
   <div class='ocr_carea' id='block_1_17' title="bbox 365 1516 1948 1590">
    <p class='ocr_par' dir='ltr' id='par_1_17' title="bbox 365 1516 1948 1590">
     <span class='ocr_line' id='line_1_17' title="bbox 365 1516 1948 1590; baseline -0.004 -14"><span class='ocrx_word' id='word_1_133' title='bbox 365 1522 562 1576; x_wconf 89' lang='lat' dir='ltr'><strong>malam</strong></span> <span class='ocrx_word' id='word_1_134' title='bbox 591 1537 708 1576; x_wconf 91' lang='lat' dir='ltr'><strong>esse</strong></span> <span class='ocrx_word' id='word_1_135' title='bbox 733 1521 828 1561; x_wconf 74' lang='grc'><strong>³⁰⁶⁹</strong></span> <span class='ocrx_word' id='word_1_136' title='bbox 857 1539 869 1574; x_wconf 88' lang='lat'><strong>:</strong></span> <span class='ocrx_word' id='word_1_137' title='bbox 901 1520 1236 1590; x_wconf 91' lang='lat' dir='ltr'><strong>etquoniam</strong></span> <span class='ocrx_word' id='word_1_138' title='bbox 1267 1519 1408 1573; x_wconf 92' lang='lat' dir='ltr'><strong>nulla</strong></span> <span class='ocrx_word' id='word_1_139' title='bbox 1443 1534 1530 1573; x_wconf 87' lang='lat' dir='ltr'><strong>res</strong></span> <span class='ocrx_word' id='word_1_140' title='bbox 1561 1517 1700 1573; x_wconf 90' lang='lat' dir='ltr'><strong>mala</strong></span> <span class='ocrx_word' id='word_1_141' title='bbox 1731 1516 1948 1582; x_wconf 88' lang='lat' dir='ltr'><strong>dicitur,</strong></span> 
     </span>
    </p>
   </div>
   <div class='ocr_carea' id='block_1_18' title="bbox 367 1609 1943 1680">
    <p class='ocr_par' dir='ltr' id='par_1_18' title="bbox 367 1609 1943 1680">
     <span class='ocr_line' id='line_1_18' title="bbox 367 1609 1943 1680; baseline -0.003 -14"><span class='ocrx_word' id='word_1_142' title='bbox 367 1613 469 1667; x_wconf 93' lang='lat' dir='ltr'><strong>nisi</strong></span> <span class='ocrx_word' id='word_1_143' title='bbox 499 1613 636 1666; x_wconf 90' lang='lat' dir='ltr'><strong>mala</strong></span> <span class='ocrx_word' id='word_1_144' title='bbox 671 1613 920 1667; x_wconf 88' lang='lat' dir='ltr'><strong>voluntas</strong></span> <span class='ocrx_word' id='word_1_145' title='bbox 943 1651 957 1676; x_wconf 93' lang='lat'><strong>,</strong></span> <span class='ocrx_word' id='word_1_146' title='bbox 989 1620 1086 1664; x_wconf 89' lang='lat' dir='ltr'><strong>aut</strong></span> <span class='ocrx_word' id='word_1_147' title='bbox 1113 1618 1332 1680; x_wconf 88' lang='lat' dir='ltr'><strong>propter</strong></span> <span class='ocrx_word' id='word_1_148' title='bbox 1361 1609 1554 1663; x_wconf 87' lang='lat' dir='ltr'><strong>malam</strong></span> <span class='ocrx_word' id='word_1_149' title='bbox 1579 1609 1908 1664; x_wconf 87' lang='lat' dir='ltr'><strong>voluntatem</strong></span> <span class='ocrx_word' id='word_1_150' title='bbox 1929 1646 1943 1669; x_wconf 90' lang='lat'><strong>,</strong></span> 
     </span>
    </p>
   </div>
   <div class='ocr_carea' id='block_1_19' title="bbox 365 1697 1950 1768">
    <p class='ocr_par' dir='ltr' id='par_1_19' title="bbox 365 1697 1950 1768">
     <span class='ocr_line' id='line_1_19' title="bbox 365 1697 1950 1768; baseline -0.001 -14"><span class='ocrx_word' id='word_1_151' title='bbox 365 1710 426 1756; x_wconf 90' lang='lat' dir='ltr'><strong>nt</strong></span> <span class='ocrx_word' id='word_1_152' title='bbox 464 1701 638 1756; x_wconf 88' lang='lat' dir='ltr'><strong>malus</strong></span> <span class='ocrx_word' id='word_1_153' title='bbox 685 1703 877 1765; x_wconf 88' lang='lat' dir='ltr'><strong>homo,</strong></span> <span class='ocrx_word' id='word_1_154' title='bbox 925 1708 980 1755; x_wconf 89' lang='lat' dir='ltr'><strong>et</strong></span> <span class='ocrx_word' id='word_1_155' title='bbox 1013 1699 1152 1754; x_wconf 87' lang='lat' dir='ltr'><strong>mala</strong></span> <span class='ocrx_word' id='word_1_156' title='bbox 1195 1699 1337 1754; x_wconf 90' lang='lat' dir='ltr'><strong>actio</strong></span> <span class='ocrx_word' id='word_1_157' title='bbox 1369 1715 1382 1752; x_wconf 89' lang='lat'><strong>:</strong></span> <span class='ocrx_word' id='word_1_158' title='bbox 1414 1697 1544 1752; x_wconf 85' lang='lat' dir='ltr'><strong>nihil</strong></span> <span class='ocrx_word' id='word_1_159' title='bbox 1591 1708 1672 1753; x_wconf 91' lang='lat' dir='ltr'><strong>est</strong></span> <span class='ocrx_word' id='word_1_160' title='bbox 1711 1697 1950 1768; x_wconf 87' lang='lat' dir='ltr'><strong>apertius</strong></span> 
     </span>
    </p>
   </div>
   <div class='ocr_carea' id='block_1_20' title="bbox 364 1786 1948 1860">
    <p class='ocr_par' dir='ltr' id='par_1_20' title="bbox 364 1786 1948 1860">
     <span class='ocr_line' id='line_1_20' title="bbox 364 1786 1948 1860; baseline -0.001 -16"><span class='ocrx_word' id='word_1_161' title='bbox 364 1807 527 1860; x_wconf 90' lang='lat' dir='ltr'><strong>quam</strong></span> <span class='ocrx_word' id='word_1_162' title='bbox 567 1789 765 1844; x_wconf 83' lang='lat' dir='ltr'><strong>nullam</strong></span> <span class='ocrx_word' id='word_1_163' title='bbox 806 1805 917 1844; x_wconf 90' lang='lat' dir='ltr'><strong>rem</strong></span> <span class='ocrx_word' id='word_1_164' title='bbox 952 1804 1072 1844; x_wconf 90' lang='lat' dir='ltr'><strong>esse</strong></span> <span class='ocrx_word' id='word_1_165' title='bbox 1117 1787 1316 1842; x_wconf 90' lang='lat' dir='ltr'><strong>malum</strong></span> <span class='ocrx_word' id='word_1_166' title='bbox 1347 1787 1469 1850; x_wconf 68' lang='lat'><strong>&quot;9°,</strong></span> <span class='ocrx_word' id='word_1_167' title='bbox 1513 1801 1612 1842; x_wconf 86' lang='lat' dir='ltr'><strong>nec</strong></span> <span class='ocrx_word' id='word_1_168' title='bbox 1657 1786 1796 1841; x_wconf 90' lang='lat' dir='ltr'><strong>aliud</strong></span> <span class='ocrx_word' id='word_1_169' title='bbox 1828 1801 1948 1842; x_wconf 83' lang='lat' dir='ltr'><strong>esse</strong></span> 
     </span>
    </p>
   </div>
   <div class='ocr_carea' id='block_1_21' title="bbox 365 1879 1949 1952">
    <p class='ocr_par' dir='ltr' id='par_1_21' title="bbox 365 1879 1949 1952">
     <span class='ocr_line' id='line_1_21' title="bbox 365 1879 1949 1952; baseline -0.003 -15"><span class='ocrx_word' id='word_1_170' title='bbox 365 1884 563 1938; x_wconf 90' lang='lat' dir='ltr'><strong>malum</strong></span> <span class='ocrx_word' id='word_1_171' title='bbox 601 1900 760 1952; x_wconf 91' lang='lat' dir='ltr'><strong>quam</strong></span> <span class='ocrx_word' id='word_1_172' title='bbox 795 1883 1094 1937; x_wconf 84' lang='lat' dir='ltr'><strong>absentiam</strong></span> <span class='ocrx_word' id='word_1_173' title='bbox 1129 1881 1351 1951; x_wconf 73' lang='lat' dir='ltr'><strong>iustitia:</strong></span> <span class='ocrx_word' id='word_1_174' title='bbox 1374 1879 1644 1935; x_wconf 68' lang='lat' dir='ltr'><strong>derelictae</strong></span> <span class='ocrx_word' id='word_1_175' title='bbox 1675 1880 1727 1933; x_wconf 91' lang='lat' dir='ltr'><strong>in</strong></span> <span class='ocrx_word' id='word_1_176' title='bbox 1761 1879 1949 1934; x_wconf 86' lang='lat' dir='ltr'><strong>volun-</strong></span> 
     </span>
    </p>
   </div>
   <div class='ocr_carea' id='block_1_22' title="bbox 364 1969 1845 2042">
    <p class='ocr_par' dir='ltr' id='par_1_22' title="bbox 364 1969 1845 2042">
     <span class='ocr_line' id='line_1_22' title="bbox 364 1969 1845 2042; baseline -0.004 -14"><span class='ocrx_word' id='word_1_177' title='bbox 364 1983 496 2042; x_wconf 94' lang='lat' dir='ltr'><strong>tate,</strong></span> <span class='ocrx_word' id='word_1_178' title='bbox 526 1983 618 2028; x_wconf 91' lang='lat' dir='ltr'><strong>aut</strong></span> <span class='ocrx_word' id='word_1_179' title='bbox 645 1974 698 2029; x_wconf 87' lang='lat' dir='ltr'><strong>in</strong></span> <span class='ocrx_word' id='word_1_180' title='bbox 727 1973 902 2042; x_wconf 89' lang='lat' dir='ltr'><strong>aliqua</strong></span> <span class='ocrx_word' id='word_1_181' title='bbox 933 1988 990 2026; x_wconf 89' lang='lat' dir='ltr'><strong>re</strong></span> <span class='ocrx_word' id='word_1_182' title='bbox 1019 1980 1240 2042; x_wconf 87' lang='lat' dir='ltr'><strong>propter</strong></span> <span class='ocrx_word' id='word_1_183' title='bbox 1272 1970 1466 2025; x_wconf 87' lang='lat' dir='ltr'><strong>malam</strong></span> <span class='ocrx_word' id='word_1_184' title='bbox 1489 1969 1845 2024; x_wconf 90' lang='lat' dir='ltr'><strong>voluntatem.</strong></span> 
     </span>
    </p>
   </div>
   <div class='ocr_carea' id='block_1_23' title="bbox 963 2081 1348 2140">
    <p class='ocr_par' dir='ltr' id='par_1_23' title="bbox 963 2081 1348 2140">
     <span class='ocr_line' id='line_1_23' title="bbox 963 2081 1348 2140; baseline -0.01 0"><span class='ocrx_word' id='word_1_185' title='bbox 963 2082 1192 2140; x_wconf 83' lang='lat' dir='ltr'><strong>CAPUT</strong></span> <span class='ocrx_word' id='word_1_186' title='bbox 1229 2081 1348 2136; x_wconf 77' lang='lat' dir='ltr'><strong>XX.</strong></span> 
     </span>
    </p>
   </div>
   <div class='ocr_carea' id='block_1_24' title="bbox 361 2171 1942 2244">
    <p class='ocr_par' dir='ltr' id='par_1_24' title="bbox 361 2171 1942 2244">
     <span class='ocr_line' id='line_1_24' title="bbox 361 2171 1942 2244; baseline -0.003 -14"><span class='ocrx_word' id='word_1_187' title='bbox 361 2175 640 2242; x_wconf 83' lang='lat' dir='ltr'><strong>Quomodo</strong></span> <span class='ocrx_word' id='word_1_188' title='bbox 668 2175 808 2230; x_wconf 87' lang='lat' dir='ltr'><strong>Deus</strong></span> <span class='ocrx_word' id='word_1_189' title='bbox 833 2175 992 2244; x_wconf 82' lang='lat' dir='ltr'><strong>faciat</strong></span> <span class='ocrx_word' id='word_1_190' title='bbox 1022 2171 1190 2244; x_wconf 78' lang='lat' dir='ltr'><strong>molas</strong></span> <span class='ocrx_word' id='word_1_191' title='bbox 1210 2182 1265 2244; x_wconf 74' lang='lat' dir='ltr'><strong>et</strong></span> <span class='ocrx_word' id='word_1_192' title='bbox 1281 2171 1568 2244; x_wconf 76' lang='lat' dir='ltr'><strong>voluntates</strong></span> <span class='ocrx_word' id='word_1_193' title='bbox 1590 2171 1682 2203; x_wconf 78' lang='lat'><strong>’°&quot;</strong></span> <span class='ocrx_word' id='word_1_194' title='bbox 1709 2180 1755 2226; x_wconf 85' lang='lat' dir='ltr'><strong>et</strong></span> <span class='ocrx_word' id='word_1_195' title='bbox 1777 2171 1942 2226; x_wconf 82' lang='lat' dir='ltr'><strong>actio-</strong></span> 
     </span>
    </p>
   </div>
   <div class='ocr_carea' id='block_1_25' title="bbox 629 2241 1674 2314">
    <p class='ocr_par' dir='ltr' id='par_1_25' title="bbox 629 2241 1674 2314">
     <span class='ocr_line' id='line_1_25' title="bbox 629 2241 1674 2314; baseline -0.006 -15"><span class='ocrx_word' id='word_1_196' title='bbox 629 2263 717 2299; x_wconf 87' lang='lat' dir='ltr'><strong>nes</strong></span> <span class='ocrx_word' id='word_1_197' title='bbox 745 2262 762 2300; x_wconf 89' lang='lat'><strong><em>:</em></strong></span> <span class='ocrx_word' id='word_1_198' title='bbox 793 2241 841 2299; x_wconf 81' lang='lat' dir='ltr'><strong>et</strong></span> <span class='ocrx_word' id='word_1_199' title='bbox 869 2243 1129 2314; x_wconf 81' lang='lat' dir='ltr'><strong>quomodo</strong></span> <span class='ocrx_word' id='word_1_200' title='bbox 1155 2241 1481 2311; x_wconf 81' lang='lat' dir='ltr'><strong>accipiantur</strong></span> <span class='ocrx_word' id='word_1_201' title='bbox 1502 2241 1566 2294; x_wconf 86' lang='lat' dir='ltr'><strong>ab</strong></span> <span class='ocrx_word' id='word_1_202' title='bbox 1595 2257 1674 2294; x_wconf 82' lang='lat' dir='ltr'><strong>eo.</strong></span> 
     </span>
    </p>
   </div>
   <div class='ocr_carea' id='block_1_26' title="bbox 430 2330 1945 2404">
    <p class='ocr_par' dir='ltr' id='par_1_26' title="bbox 430 2330 1945 2404">
     <span class='ocr_line' id='line_1_26' title="bbox 430 2330 1945 2404; baseline -0.005 -13"><span class='ocrx_word' id='word_1_203' title='bbox 430 2337 576 2391; x_wconf 80' lang='lat' dir='ltr'><strong>Disc.</strong></span> <span class='ocrx_word' id='word_1_204' title='bbox 610 2335 701 2388; x_wconf 89' lang='lat' dir='ltr'><strong>Sic</strong></span> <span class='ocrx_word' id='word_1_205' title='bbox 729 2343 816 2388; x_wconf 90' lang='lat' dir='ltr'><strong>tua</strong></span> <span class='ocrx_word' id='word_1_206' title='bbox 843 2334 1134 2404; x_wconf 87' lang='lat' dir='ltr'><strong>disputatio</strong></span> <span class='ocrx_word' id='word_1_207' title='bbox 1160 2330 1322 2396; x_wconf 90' lang='lat' dir='ltr'><strong>veris,</strong></span> <span class='ocrx_word' id='word_1_208' title='bbox 1353 2339 1406 2384; x_wconf 92' lang='lat' dir='ltr'><strong>et</strong></span> <span class='ocrx_word' id='word_1_209' title='bbox 1437 2330 1761 2386; x_wconf 81' lang='lat' dir='ltr'><strong>necessariis</strong></span> <span class='ocrx_word' id='word_1_210' title='bbox 1788 2345 1945 2400; x_wconf 89' lang='lat' dir='ltr'><strong>aper-</strong></span> 
     </span>
    </p>
   </div>
   <div class='ocr_carea' id='block_1_27' title="bbox 359 2423 1943 2498">
    <p class='ocr_par' dir='ltr' id='par_1_27' title="bbox 359 2423 1943 2498">
     <span class='ocr_line' id='line_1_27' title="bbox 359 2423 1943 2498; baseline -0.003 -15"><span class='ocrx_word' id='word_1_211' title='bbox 359 2431 541 2498; x_wconf 88' lang='lat' dir='ltr'><strong>tisque</strong></span> <span class='ocrx_word' id='word_1_212' title='bbox 568 2427 864 2482; x_wconf 88' lang='lat' dir='ltr'><strong>rationibus</strong></span> <span class='ocrx_word' id='word_1_213' title='bbox 888 2433 1274 2481; x_wconf 86' lang='lat' dir='ltr'><strong>concatenatur</strong></span> <span class='ocrx_word' id='word_1_214' title='bbox 1297 2431 1354 2478; x_wconf 92' lang='lat' dir='ltr'><strong>ut</strong></span> <span class='ocrx_word' id='word_1_215' title='bbox 1375 2423 1520 2478; x_wconf 88' lang='lat' dir='ltr'><strong>nulla</strong></span> <span class='ocrx_word' id='word_1_216' title='bbox 1546 2426 1773 2487; x_wconf 86' lang='lat' dir='ltr'><strong>ratione,</strong></span> <span class='ocrx_word' id='word_1_217' title='bbox 1801 2423 1943 2494; x_wconf 89' lang='lat' dir='ltr'><strong>quod</strong></span> 
     </span>
    </p>
   </div>
   <div class='ocr_carea' id='block_1_28' title="bbox 360 2516 1941 2590">
    <p class='ocr_par' dir='ltr' id='par_1_28' title="bbox 360 2516 1941 2590">
     <span class='ocr_line' id='line_1_28' title="bbox 360 2516 1941 2590; baseline -0.004 -15"><span class='ocrx_word' id='word_1_218' title='bbox 360 2522 519 2585; x_wconf 89' lang='lat' dir='ltr'><strong>dicis,</strong></span> <span class='ocrx_word' id='word_1_219' title='bbox 561 2521 779 2576; x_wconf 81' lang='lat' dir='ltr'><strong>dissolvi</strong></span> <span class='ocrx_word' id='word_1_220' title='bbox 821 2535 981 2590; x_wconf 87' lang='lat' dir='ltr'><strong>posse</strong></span> <span class='ocrx_word' id='word_1_221' title='bbox 1027 2518 1238 2572; x_wconf 90' lang='lat' dir='ltr'><strong>videam</strong></span> <span class='ocrx_word' id='word_1_222' title='bbox 1281 2536 1293 2571; x_wconf 93' lang='lat'><strong>:</strong></span> <span class='ocrx_word' id='word_1_223' title='bbox 1339 2518 1440 2572; x_wconf 90' lang='lat' dir='ltr'><strong>nisi</strong></span> <span class='ocrx_word' id='word_1_224' title='bbox 1481 2517 1606 2586; x_wconf 92' lang='lat' dir='ltr'><strong>quia</strong></span> <span class='ocrx_word' id='word_1_225' title='bbox 1654 2516 1807 2572; x_wconf 90' lang='lat' dir='ltr'><strong>video</strong></span> <span class='ocrx_word' id='word_1_226' title='bbox 1841 2517 1941 2570; x_wconf 85' lang='lat' dir='ltr'><strong>ali-</strong></span> 
     </span>
    </p>
   </div>
   <div class='ocr_carea' id='block_1_29' title="bbox 358 2603 1940 2680">
    <p class='ocr_par' dir='ltr' id='par_1_29' title="bbox 358 2603 1940 2680">
     <span class='ocr_line' id='line_1_29' title="bbox 358 2603 1940 2680; baseline -0.003 -16"><span class='ocrx_word' id='word_1_227' title='bbox 358 2612 487 2680; x_wconf 86' lang='lat' dir='ltr'><strong>quid</strong></span> <span class='ocrx_word' id='word_1_228' title='bbox 521 2611 616 2642; x_wconf 69' lang='grc' dir='ltr'>’σθ’</span> <span class='ocrx_word' id='word_1_229' title='bbox 644 2607 936 2678; x_wconf 88' lang='lat' dir='ltr'><strong>consequi,</strong></span> <span class='ocrx_word' id='word_1_230' title='bbox 965 2607 1108 2676; x_wconf 91' lang='lat' dir='ltr'><strong>quod</strong></span> <span class='ocrx_word' id='word_1_231' title='bbox 1138 2621 1238 2661; x_wconf 89' lang='lat' dir='ltr'><strong>nec</strong></span> <span class='ocrx_word' id='word_1_232' title='bbox 1265 2605 1368 2661; x_wconf 89' lang='lat' dir='ltr'><strong>dici</strong></span> <span class='ocrx_word' id='word_1_233' title='bbox 1404 2606 1605 2661; x_wconf 85' lang='lat' dir='ltr'><strong>debere</strong></span> <span class='ocrx_word' id='word_1_234' title='bbox 1632 2603 1726 2637; x_wconf 80' lang='lat'><strong>&#39;°”</strong></span> <span class='ocrx_word' id='word_1_235' title='bbox 1747 2605 1940 2671; x_wconf 87' lang='lat' dir='ltr'><strong>credo,</strong></span> 
     </span>
    </p>
   </div>
   <div class='ocr_carea' id='block_1_30' title="bbox 356 2696 1941 2770">
    <p class='ocr_par' dir='ltr' id='par_1_30' title="bbox 356 2696 1941 2770">
     <span class='ocr_line' id='line_1_30' title="bbox 356 2696 1941 2770; baseline -0.003 -15"><span class='ocrx_word' id='word_1_236' title='bbox 356 2717 459 2755; x_wconf 89' lang='lat' dir='ltr'><strong>nec</strong></span> <span class='ocrx_word' id='word_1_237' title='bbox 489 2701 760 2770; x_wconf 86' lang='lat' dir='ltr'><strong>quomodo</strong></span> <span class='ocrx_word' id='word_1_238' title='bbox 788 2714 892 2753; x_wconf 92' lang='lat' dir='ltr'><strong>non</strong></span> <span class='ocrx_word' id='word_1_239' title='bbox 921 2698 993 2753; x_wconf 85' lang='lat' dir='ltr'><strong>sit</strong></span> <span class='ocrx_word' id='word_1_240' title='bbox 1019 2697 1115 2730; x_wconf 74' lang='lat'><strong>’°“</strong></span> <span class='ocrx_word' id='word_1_241' title='bbox 1139 2699 1183 2753; x_wconf 93' lang='lat' dir='ltr'><strong>si</strong></span> <span class='ocrx_word' id='word_1_242' title='bbox 1212 2713 1337 2752; x_wconf 87' lang='lat' dir='ltr'><strong>vera</strong></span> <span class='ocrx_word' id='word_1_243' title='bbox 1365 2707 1489 2753; x_wconf 92' lang='lat' dir='ltr'><strong>sunt</strong></span> <span class='ocrx_word' id='word_1_244' title='bbox 1514 2712 1632 2766; x_wconf 77' lang='lat' dir='ltr'><strong>qua:</strong></span> <span class='ocrx_word' id='word_1_245' title='bbox 1654 2696 1810 2762; x_wconf 90' lang='lat' dir='ltr'><strong>dicis,</strong></span> <span class='ocrx_word' id='word_1_246' title='bbox 1835 2711 1941 2751; x_wconf 89' lang='lat' dir='ltr'><strong>non</strong></span> 
     </span>
    </p>
   </div>
   <div class='ocr_carea' id='block_1_31' title="bbox 357 2788 1943 2854">
    <p class='ocr_par' dir='ltr' id='par_1_31' title="bbox 357 2788 1943 2854">
     <span class='ocr_line' id='line_1_31' title="bbox 357 2788 1943 2854; baseline 0.001 -11"><span class='ocrx_word' id='word_1_247' title='bbox 357 2790 534 2844; x_wconf 87' lang='lat' dir='ltr'><strong>video.</strong></span> <span class='ocrx_word' id='word_1_248' title='bbox 568 2789 700 2844; x_wconf 90' lang='lat' dir='ltr'><strong>Nam</strong></span> <span class='ocrx_word' id='word_1_249' title='bbox 727 2790 770 2844; x_wconf 90' lang='lat' dir='ltr'><strong>si</strong></span> <span class='ocrx_word' id='word_1_250' title='bbox 798 2789 933 2844; x_wconf 90' lang='lat' dir='ltr'><strong>velle</strong></span> <span class='ocrx_word' id='word_1_251' title='bbox 958 2804 1075 2844; x_wconf 91' lang='lat' dir='ltr'><strong>esse</strong></span> <span class='ocrx_word' id='word_1_252' title='bbox 1099 2789 1329 2844; x_wconf 89' lang='lat' dir='ltr'><strong>similem</strong></span> <span class='ocrx_word' id='word_1_253' title='bbox 1356 2789 1486 2854; x_wconf 90' lang='lat' dir='ltr'><strong>Deo,</strong></span> <span class='ocrx_word' id='word_1_254' title='bbox 1511 2805 1616 2844; x_wconf 92' lang='lat' dir='ltr'><strong>non</strong></span> <span class='ocrx_word' id='word_1_255' title='bbox 1645 2788 1815 2854; x_wconf 91' lang='lat' dir='ltr'><strong>nihil,</strong></span> <span class='ocrx_word' id='word_1_256' title='bbox 1842 2803 1943 2845; x_wconf 91' lang='lat' dir='ltr'><strong>nec</strong></span> 
     </span>
    </p>
   </div>
   <div class='ocr_carea' id='block_1_32' title="bbox 356 2879 1941 2950">
    <p class='ocr_par' dir='ltr' id='par_1_32' title="bbox 356 2879 1941 2950">
     <span class='ocr_line' id='line_1_32' title="bbox 356 2879 1941 2950; baseline 0.001 -17"><span class='ocrx_word' id='word_1_257' title='bbox 356 2879 587 2941; x_wconf 89' lang='lat' dir='ltr'><strong>malum,</strong></span> <span class='ocrx_word' id='word_1_258' title='bbox 634 2880 726 2936; x_wconf 90' lang='lat' dir='ltr'><strong>sed</strong></span> <span class='ocrx_word' id='word_1_259' title='bbox 757 2880 1024 2950; x_wconf 89' lang='lat' dir='ltr'><strong>quoddam</strong></span> <span class='ocrx_word' id='word_1_260' title='bbox 1057 2881 1255 2934; x_wconf 90' lang='lat' dir='ltr'><strong>bonum</strong></span> <span class='ocrx_word' id='word_1_261' title='bbox 1287 2888 1399 2944; x_wconf 87' lang='lat' dir='ltr'><strong>est;</strong></span> <span class='ocrx_word' id='word_1_262' title='bbox 1446 2881 1655 2935; x_wconf 87' lang='lat' dir='ltr'><strong>nonnisi</strong></span> <span class='ocrx_word' id='word_1_263' title='bbox 1684 2879 1752 2936; x_wconf 86' lang='lat' dir='ltr'><strong>ab</strong></span> <span class='ocrx_word' id='word_1_264' title='bbox 1791 2895 1883 2945; x_wconf 91' lang='lat' dir='ltr'><strong>eo,</strong></span> <span class='ocrx_word' id='word_1_265' title='bbox 1910 2895 1941 2935; x_wconf 87' lang='lat' dir='ltr'><strong>a</strong></span> 
     </span>
    </p>
   </div>
   <div class='ocr_carea' id='block_1_33' title="bbox 351 2955 1942 3043">
    <p class='ocr_par' dir='ltr' id='par_1_33' title="bbox 351 2955 1942 3043">
     <span class='ocr_line' id='line_1_33' title="bbox 351 2955 1942 3043; baseline 0.001 -20"><span class='ocrx_word' id='word_1_266' title='bbox 351 2988 462 3043; x_wconf 89' lang='lat' dir='ltr'><strong>quo</strong></span> <span class='ocrx_word' id='word_1_267' title='bbox 490 2980 573 3026; x_wconf 88' lang='lat' dir='ltr'><strong>est</strong></span> <span class='ocrx_word' id='word_1_268' title='bbox 605 2987 766 3026; x_wconf 90' lang='lat' dir='ltr'><strong>omne</strong></span> <span class='ocrx_word' id='word_1_269' title='bbox 802 2969 942 3040; x_wconf 89' lang='lat' dir='ltr'><strong>quod</strong></span> <span class='ocrx_word' id='word_1_270' title='bbox 974 2979 1057 3025; x_wconf 88' lang='lat' dir='ltr'><strong>est</strong></span> <span class='ocrx_word' id='word_1_271' title='bbox 1095 2955 1231 3036; x_wconf 42' lang='lat'><strong>&quot;9&quot;,.</strong></span> <span class='ocrx_word' id='word_1_272' title='bbox 1253 2969 1438 3025; x_wconf 90' lang='lat' dir='ltr'><strong>haberi</strong></span> <span class='ocrx_word' id='word_1_273' title='bbox 1486 2971 1678 3039; x_wconf 85' lang='lat' dir='ltr'><strong>potuit.</strong></span> <span class='ocrx_word' id='word_1_274' title='bbox 1727 2969 1783 3024; x_wconf 92' lang='lat' dir='ltr'><strong>Si</strong></span> <span class='ocrx_word' id='word_1_275' title='bbox 1815 2984 1942 3040; x_wconf 84' lang='lat' dir='ltr'><strong>ergo</strong></span> 
     </span>
    </p>
   </div>
   <div class='ocr_carea' id='block_1_34' title="bbox 2059 431 3638 506">
    <p class='ocr_par' dir='ltr' id='par_1_34' title="bbox 2059 431 3638 506">
     <span class='ocr_line' id='line_1_34' title="bbox 2059 431 3638 506; baseline 0.006 -20"><span class='ocrx_word' id='word_1_276' title='bbox 2059 431 2225 487; x_wconf 88' lang='lat' dir='ltr'><strong>ritati.</strong></span> <span class='ocrx_word' id='word_1_277' title='bbox 2259 433 2398 488; x_wconf 76' lang='lat' dir='ltr'><strong>MAG.</strong></span> <span class='ocrx_word' id='word_1_278' title='bbox 2429 433 2562 490; x_wconf 90' lang='lat' dir='ltr'><strong>Cum</strong></span> <span class='ocrx_word' id='word_1_279' title='bbox 2608 435 2776 506; x_wconf 80' lang='lat' dir='ltr'><strong>igitur</strong></span> <span class='ocrx_word' id='word_1_280' title='bbox 2812 437 3054 492; x_wconf 90' lang='lat' dir='ltr'><strong>diabolus</strong></span> <span class='ocrx_word' id='word_1_281' title='bbox 3083 439 3351 493; x_wconf 84' lang='lat' dir='ltr'><strong>convertit</strong></span> <span class='ocrx_word' id='word_1_282' title='bbox 3389 439 3638 496; x_wconf 85' lang='lat' dir='ltr'><strong>volunta-</strong></span> 
     </span>
    </p>
   </div>
   <div class='ocr_carea' id='block_1_35' title="bbox 2059 527 3638 598">
    <p class='ocr_par' dir='ltr' id='par_1_35' title="bbox 2059 527 3638 598">
     <span class='ocr_line' id='line_1_35' title="bbox 2059 527 3638 598; baseline 0.003 -18"><span class='ocrx_word' id='word_1_283' title='bbox 2059 533 2164 580; x_wconf 91' lang='lat' dir='ltr'><strong>tem</strong></span> <span class='ocrx_word' id='word_1_284' title='bbox 2197 527 2261 579; x_wconf 90' lang='lat' dir='ltr'><strong>ad</strong></span> <span class='ocrx_word' id='word_1_285' title='bbox 2291 528 2432 596; x_wconf 90' lang='lat' dir='ltr'><strong>quod</strong></span> <span class='ocrx_word' id='word_1_286' title='bbox 2456 542 2562 581; x_wconf 92' lang='lat' dir='ltr'><strong>non</strong></span> <span class='ocrx_word' id='word_1_287' title='bbox 2589 528 2794 592; x_wconf 88' lang='lat' dir='ltr'><strong>debuit,</strong></span> <span class='ocrx_word' id='word_1_288' title='bbox 2821 537 2875 582; x_wconf 91' lang='lat' dir='ltr'><strong>et</strong></span> <span class='ocrx_word' id='word_1_289' title='bbox 2902 529 3076 598; x_wconf 91' lang='lat' dir='ltr'><strong>ipsum</strong></span> <span class='ocrx_word' id='word_1_290' title='bbox 3105 529 3258 594; x_wconf 82' lang='lat' dir='ltr'><strong>velle,</strong></span> <span class='ocrx_word' id='word_1_291' title='bbox 3289 539 3343 584; x_wconf 90' lang='lat' dir='ltr'><strong>et</strong></span> <span class='ocrx_word' id='word_1_292' title='bbox 3373 531 3485 598; x_wconf 89' lang='lat' dir='ltr'><strong>ipsa</strong></span> <span class='ocrx_word' id='word_1_293' title='bbox 3513 545 3638 585; x_wconf 86' lang='lat' dir='ltr'><strong>eon-</strong></span> 
     </span>
    </p>
   </div>
   <div class='ocr_carea' id='block_1_36' title="bbox 2055 616 3637 686">
    <p class='ocr_par' dir='ltr' id='par_1_36' title="bbox 2055 616 3637 686">
     <span class='ocr_line' id='line_1_36' title="bbox 2055 616 3637 686; baseline 0.004 -18"><span class='ocrx_word' id='word_1_294' title='bbox 2055 616 2236 671; x_wconf 88' lang='lat' dir='ltr'><strong>versio</strong></span> <span class='ocrx_word' id='word_1_295' title='bbox 2281 616 2380 670; x_wconf 91' lang='lat' dir='ltr'><strong>fuit</strong></span> <span class='ocrx_word' id='word_1_296' title='bbox 2422 617 2659 686; x_wconf 91' lang='lat' dir='ltr'><strong>aliquid;</strong></span> <span class='ocrx_word' id='word_1_297' title='bbox 2694 626 2749 673; x_wconf 91' lang='lat' dir='ltr'><strong>et</strong></span> <span class='ocrx_word' id='word_1_298' title='bbox 2791 627 2966 673; x_wconf 89' lang='lat' dir='ltr'><strong>tamen</strong></span> <span class='ocrx_word' id='word_1_299' title='bbox 3008 619 3222 673; x_wconf 91' lang='lat' dir='ltr'><strong>nonnisi</strong></span> <span class='ocrx_word' id='word_1_300' title='bbox 3265 634 3293 673; x_wconf 86' lang='lat' dir='ltr'><strong>a</strong></span> <span class='ocrx_word' id='word_1_301' title='bbox 3334 620 3442 674; x_wconf 87' lang='lat' dir='ltr'><strong>Deo</strong></span> <span class='ocrx_word' id='word_1_302' title='bbox 3481 627 3537 675; x_wconf 86' lang='lat' dir='ltr'><strong>et</strong></span> <span class='ocrx_word' id='word_1_303' title='bbox 3569 619 3637 674; x_wconf 86' lang='lat' dir='ltr'><strong>de</strong></span> 
     </span>
    </p>
   </div>
   <div class='ocr_carea' id='block_1_37' title="bbox 2055 705 3636 777">
    <p class='ocr_par' dir='ltr' id='par_1_37' title="bbox 2055 705 3636 777">
     <span class='ocr_line' id='line_1_37' title="bbox 2055 705 3636 777; baseline 0.005 -17"><span class='ocrx_word' id='word_1_304' title='bbox 2055 705 2150 760; x_wconf 87' lang='lat' dir='ltr'><strong>Dei</strong></span> <span class='ocrx_word' id='word_1_305' title='bbox 2182 706 2457 761; x_wconf 88' lang='lat' dir='ltr'><strong>voluntate</strong></span> <span class='ocrx_word' id='word_1_306' title='bbox 2483 707 2682 776; x_wconf 91' lang='lat' dir='ltr'><strong>aliquid</strong></span> <span class='ocrx_word' id='word_1_307' title='bbox 2715 708 2923 772; x_wconf 90' lang='lat' dir='ltr'><strong>habuit,</strong></span> <span class='ocrx_word' id='word_1_308' title='bbox 2953 710 3207 777; x_wconf 91' lang='lat' dir='ltr'><strong>quoniam</strong></span> <span class='ocrx_word' id='word_1_309' title='bbox 3237 724 3344 763; x_wconf 87' lang='lat' dir='ltr'><strong>nec</strong></span> <span class='ocrx_word' id='word_1_310' title='bbox 3373 711 3512 766; x_wconf 85' lang='lat' dir='ltr'><strong>velle</strong></span> <span class='ocrx_word' id='word_1_311' title='bbox 3539 713 3636 768; x_wconf 82' lang='lat' dir='ltr'><strong>ali-</strong></span> 
     </span>
    </p>
   </div>
   <div class='ocr_carea' id='block_1_38' title="bbox 2055 797 3636 872">
    <p class='ocr_par' dir='ltr' id='par_1_38' title="bbox 2055 797 3636 872">
     <span class='ocr_line' id='line_1_38' title="bbox 2055 797 3636 872; baseline 0.004 -22"><span class='ocrx_word' id='word_1_312' title='bbox 2055 797 2203 866; x_wconf 91' lang='lat' dir='ltr'><strong>quid,</strong></span> <span class='ocrx_word' id='word_1_313' title='bbox 2238 813 2338 853; x_wconf 90' lang='lat' dir='ltr'><strong>nec</strong></span> <span class='ocrx_word' id='word_1_314' title='bbox 2374 813 2593 853; x_wconf 89' lang='lat' dir='ltr'><strong>movere</strong></span> <span class='ocrx_word' id='word_1_315' title='bbox 2631 799 2806 868; x_wconf 89' lang='lat' dir='ltr'><strong>potuit</strong></span> <span class='ocrx_word' id='word_1_316' title='bbox 2836 799 3199 862; x_wconf 87' lang='lat' dir='ltr'><strong>voluntatem,</strong></span> <span class='ocrx_word' id='word_1_317' title='bbox 3247 800 3349 855; x_wconf 91' lang='lat' dir='ltr'><strong>nisi</strong></span> <span class='ocrx_word' id='word_1_318' title='bbox 3382 802 3472 856; x_wconf 92' lang='lat' dir='ltr'><strong>illo</strong></span> <span class='ocrx_word' id='word_1_319' title='bbox 3514 817 3636 872; x_wconf 87' lang='lat' dir='ltr'><strong>pcr-</strong></span> 
     </span>
    </p>
   </div>
   <div class='ocr_carea' id='block_1_39' title="bbox 2055 886 3637 955">
    <p class='ocr_par' dir='ltr' id='par_1_39' title="bbox 2055 886 3637 955">
     <span class='ocr_line' id='line_1_39' title="bbox 2055 886 3637 955; baseline 0.003 -15"><span class='ocrx_word' id='word_1_320' title='bbox 2055 887 2326 950; x_wconf 89' lang='lat' dir='ltr'><strong>mittente,</strong></span> <span class='ocrx_word' id='word_1_321' title='bbox 2357 887 2447 955; x_wconf 92' lang='lat' dir='ltr'><strong>qui</strong></span> <span class='ocrx_word' id='word_1_322' title='bbox 2494 886 2622 942; x_wconf 86' lang='lat' dir='ltr'><strong>fecit</strong></span> <span class='ocrx_word' id='word_1_323' title='bbox 2650 901 2838 943; x_wconf 90' lang='lat' dir='ltr'><strong>omnes</strong></span> <span class='ocrx_word' id='word_1_324' title='bbox 2868 888 2964 921; x_wconf 82' lang='grc'>¹¹⁶⁰</span> <span class='ocrx_word' id='word_1_325' title='bbox 2993 897 3217 944; x_wconf 89' lang='lat' dir='ltr'><strong>naturas</strong></span> <span class='ocrx_word' id='word_1_326' title='bbox 3255 890 3637 946; x_wconf 85' lang='lat' dir='ltr'><strong>substantiales</strong></span> 
     </span>
    </p>
   </div>
   <div class='ocr_carea' id='block_1_40' title="bbox 2053 978 3635 1044">
    <p class='ocr_par' dir='ltr' id='par_1_40' title="bbox 2053 978 3635 1044">
     <span class='ocr_line' id='line_1_40' title="bbox 2053 978 3635 1044; baseline 0.004 -11"><span class='ocrx_word' id='word_1_327' title='bbox 2053 987 2110 1033; x_wconf 90' lang='lat' dir='ltr'><strong>et</strong></span> <span class='ocrx_word' id='word_1_328' title='bbox 2153 978 2507 1035; x_wconf 89' lang='lat' dir='ltr'><strong>accidentales</strong></span> <span class='ocrx_word' id='word_1_329' title='bbox 2533 1018 2549 1044; x_wconf 91' lang='lat'><strong>,</strong></span> <span class='ocrx_word' id='word_1_330' title='bbox 2601 979 2937 1035; x_wconf 87' lang='lat' dir='ltr'><strong>universales</strong></span> <span class='ocrx_word' id='word_1_331' title='bbox 2972 989 3027 1036; x_wconf 89' lang='lat' dir='ltr'><strong>et</strong></span> <span class='ocrx_word' id='word_1_332' title='bbox 3070 981 3374 1037; x_wconf 89' lang='lat' dir='ltr'><strong>individuas</strong></span> <span class='ocrx_word' id='word_1_333' title='bbox 3418 983 3530 1036; x_wconf 76' lang='lat'><strong>“°‘.</strong></span> <span class='ocrx_word' id='word_1_334' title='bbox 3576 982 3635 1040; x_wconf 82' lang='lat' dir='ltr'><strong>In</strong></span> 
     </span>
    </p>
   </div>
   <div class='ocr_carea' id='block_1_41' title="bbox 2054 1066 3636 1137">
    <p class='ocr_par' dir='ltr' id='par_1_41' title="bbox 2054 1066 3636 1137">
     <span class='ocr_line' id='line_1_41' title="bbox 2054 1066 3636 1137; baseline 0.003 -15"><span class='ocrx_word' id='word_1_335' title='bbox 2054 1076 2313 1137; x_wconf 90' lang='lat' dir='ltr'><strong>quantum</strong></span> <span class='ocrx_word' id='word_1_336' title='bbox 2344 1068 2489 1121; x_wconf 89' lang='lat' dir='ltr'><strong>enim</strong></span> <span class='ocrx_word' id='word_1_337' title='bbox 2522 1066 2772 1122; x_wconf 89' lang='lat' dir='ltr'><strong>voluntas</strong></span> <span class='ocrx_word' id='word_1_338' title='bbox 2797 1108 2809 1130; x_wconf 89' lang='lat'><strong>,</strong></span> <span class='ocrx_word' id='word_1_339' title='bbox 2843 1077 2897 1122; x_wconf 90' lang='lat' dir='ltr'><strong>et</strong></span> <span class='ocrx_word' id='word_1_340' title='bbox 2933 1069 3218 1122; x_wconf 87' lang='lat' dir='ltr'><strong>conversio</strong></span> <span class='ocrx_word' id='word_1_341' title='bbox 3244 1111 3257 1129; x_wconf 92' lang='lat'><strong>,</strong></span> <span class='ocrx_word' id='word_1_342' title='bbox 3301 1070 3415 1124; x_wconf 88' lang='lat' dir='ltr'><strong>sive</strong></span> <span class='ocrx_word' id='word_1_343' title='bbox 3457 1080 3636 1126; x_wconf 84' lang='lat' dir='ltr'><strong>motus</strong></span> 
     </span>
    </p>
   </div>
   <div class='ocr_carea' id='block_1_42' title="bbox 2052 1156 3631 1225">
    <p class='ocr_par' dir='ltr' id='par_1_42' title="bbox 2052 1156 3631 1225">
     <span class='ocr_line' id='line_1_42' title="bbox 2052 1156 3631 1225; baseline 0.001 -14"><span class='ocrx_word' id='word_1_344' title='bbox 2052 1157 2342 1212; x_wconf 89' lang='lat' dir='ltr'><strong>voluntatis</strong></span> <span class='ocrx_word' id='word_1_345' title='bbox 2383 1166 2468 1211; x_wconf 83' lang='lat' dir='ltr'><strong>est</strong></span> <span class='ocrx_word' id='word_1_346' title='bbox 2509 1156 2710 1225; x_wconf 91' lang='lat' dir='ltr'><strong>aliquid</strong></span> <span class='ocrx_word' id='word_1_347' title='bbox 2738 1196 2753 1220; x_wconf 92' lang='lat'><strong>,</strong></span> <span class='ocrx_word' id='word_1_348' title='bbox 2793 1157 2992 1210; x_wconf 91' lang='lat' dir='ltr'><strong>bonum</strong></span> <span class='ocrx_word' id='word_1_349' title='bbox 3033 1165 3148 1222; x_wconf 90' lang='lat' dir='ltr'><strong>est,</strong></span> <span class='ocrx_word' id='word_1_350' title='bbox 3194 1166 3248 1211; x_wconf 90' lang='lat' dir='ltr'><strong>et</strong></span> <span class='ocrx_word' id='word_1_351' title='bbox 3289 1157 3384 1212; x_wconf 92' lang='lat' dir='ltr'><strong>Dei</strong></span> <span class='ocrx_word' id='word_1_352' title='bbox 3419 1169 3542 1221; x_wconf 89' lang='lat' dir='ltr'><strong>est;</strong></span> <span class='ocrx_word' id='word_1_353' title='bbox 3580 1159 3631 1212; x_wconf 93' lang='lat' dir='ltr'><strong>in</strong></span> 
     </span>
    </p>
   </div>
   <div class='ocr_carea' id='block_1_43' title="bbox 2053 1247 3630 1319">
    <p class='ocr_par' dir='ltr' id='par_1_43' title="bbox 2053 1247 3630 1319">
     <span class='ocr_line' id='line_1_43' title="bbox 2053 1247 3630 1319; baseline 0 -16"><span class='ocrx_word' id='word_1_354' title='bbox 2053 1256 2312 1319; x_wconf 90' lang='lat' dir='ltr'><strong>quantum</strong></span> <span class='ocrx_word' id='word_1_355' title='bbox 2333 1263 2464 1304; x_wconf 88' lang='lat' dir='ltr'><strong>vero</strong></span> <span class='ocrx_word' id='word_1_356' title='bbox 2482 1247 2689 1318; x_wconf 91' lang='lat' dir='ltr'><strong>justitia</strong></span> <span class='ocrx_word' id='word_1_357' title='bbox 2713 1256 2895 1313; x_wconf 75' lang='lat' dir='ltr'><strong>caret,</strong></span> <span class='ocrx_word' id='word_1_358' title='bbox 2912 1249 3028 1304; x_wconf 87' lang='lat' dir='ltr'><strong>sine</strong></span> <span class='ocrx_word' id='word_1_359' title='bbox 3054 1263 3160 1318; x_wconf 88' lang='lat' dir='ltr'><strong>qua</strong></span> <span class='ocrx_word' id='word_1_360' title='bbox 3185 1263 3304 1304; x_wconf 88' lang='lat' dir='ltr'><strong>esse</strong></span> <span class='ocrx_word' id='word_1_361' title='bbox 3328 1264 3434 1304; x_wconf 91' lang='lat' dir='ltr'><strong>non</strong></span> <span class='ocrx_word' id='word_1_362' title='bbox 3455 1249 3630 1314; x_wconf 89' lang='lat' dir='ltr'><strong>debet,</strong></span> 
     </span>
    </p>
   </div>
   <div class='ocr_carea' id='block_1_44' title="bbox 2052 1337 3637 1408">
    <p class='ocr_par' dir='ltr' id='par_1_44' title="bbox 2052 1337 3637 1408">
     <span class='ocr_line' id='line_1_44' title="bbox 2052 1337 3637 1408; baseline 0.001 -13"><span class='ocrx_word' id='word_1_363' title='bbox 2052 1355 2160 1395; x_wconf 90' lang='lat' dir='ltr'><strong>non</strong></span> <span class='ocrx_word' id='word_1_364' title='bbox 2191 1339 2509 1408; x_wconf 91' lang='lat' dir='ltr'><strong>simpliciter</strong></span> <span class='ocrx_word' id='word_1_365' title='bbox 2541 1337 2740 1393; x_wconf 91' lang='lat' dir='ltr'><strong>malum</strong></span> <span class='ocrx_word' id='word_1_366' title='bbox 2770 1378 2784 1402; x_wconf 92' lang='lat'><strong>,</strong></span> <span class='ocrx_word' id='word_1_367' title='bbox 2815 1338 2908 1394; x_wconf 77' lang='lat' dir='ltr'><strong>sed</strong></span> <span class='ocrx_word' id='word_1_368' title='bbox 2939 1338 3142 1408; x_wconf 87' lang='lat' dir='ltr'><strong>aliquid</strong></span> <span class='ocrx_word' id='word_1_369' title='bbox 3173 1339 3373 1393; x_wconf 91' lang='lat' dir='ltr'><strong>malum</strong></span> <span class='ocrx_word' id='word_1_370' title='bbox 3402 1352 3481 1396; x_wconf 90' lang='lat' dir='ltr'><strong>est</strong></span> <span class='ocrx_word' id='word_1_371' title='bbox 3525 1359 3539 1394; x_wconf 88' lang='lat'><strong>:</strong></span> <span class='ocrx_word' id='word_1_372' title='bbox 3581 1348 3637 1396; x_wconf 90' lang='lat' dir='ltr'><strong>et</strong></span> 
     </span>
    </p>
   </div>
   <div class='ocr_carea' id='block_1_45' title="bbox 2052 1428 3636 1500">
    <p class='ocr_par' dir='ltr' id='par_1_45' title="bbox 2052 1428 3636 1500">
     <span class='ocr_line' id='line_1_45' title="bbox 2052 1428 3636 1500; baseline -0.001 -15"><span class='ocrx_word' id='word_1_373' title='bbox 2052 1430 2196 1500; x_wconf 89' lang='lat' dir='ltr'><strong>quod</strong></span> <span class='ocrx_word' id='word_1_374' title='bbox 2228 1429 2427 1484; x_wconf 88' lang='lat' dir='ltr'><strong>malum</strong></span> <span class='ocrx_word' id='word_1_375' title='bbox 2455 1437 2559 1491; x_wconf 88' lang='lat' dir='ltr'><strong>est,</strong></span> <span class='ocrx_word' id='word_1_376' title='bbox 2591 1444 2696 1484; x_wconf 91' lang='lat' dir='ltr'><strong>non</strong></span> <span class='ocrx_word' id='word_1_377' title='bbox 2728 1429 2845 1494; x_wconf 59' lang='lat' dir='ltr'><strong>Dei&#39;,</strong></span> <span class='ocrx_word' id='word_1_378' title='bbox 2873 1430 2966 1484; x_wconf 87' lang='lat' dir='ltr'><strong>sed</strong></span> <span class='ocrx_word' id='word_1_379' title='bbox 2998 1428 3246 1492; x_wconf 89' lang='lat' dir='ltr'><strong>volentis,</strong></span> <span class='ocrx_word' id='word_1_380' title='bbox 3275 1429 3392 1485; x_wconf 89' lang='lat' dir='ltr'><strong>sive</strong></span> <span class='ocrx_word' id='word_1_381' title='bbox 3417 1445 3636 1485; x_wconf 86' lang='lat' dir='ltr'><strong>moven-</strong></span> 
     </span>
    </p>
   </div>
   <div class='ocr_carea' id='block_1_46' title="bbox 2053 1519 3636 1591">
    <p class='ocr_par' dir='ltr' id='par_1_46' title="bbox 2053 1519 3636 1591">
     <span class='ocr_line' id='line_1_46' title="bbox 2053 1519 3636 1591; baseline -0.001 -14"><span class='ocrx_word' id='word_1_382' title='bbox 2053 1523 2124 1577; x_wconf 88' lang='lat' dir='ltr'><strong>tis</strong></span> <span class='ocrx_word' id='word_1_383' title='bbox 2149 1521 2476 1578; x_wconf 90' lang='lat' dir='ltr'><strong>voluntatem</strong></span> <span class='ocrx_word' id='word_1_384' title='bbox 2504 1521 2598 1555; x_wconf 79' lang='grc' dir='ltr'><strong>²¹ο¹</strong></span> <span class='ocrx_word' id='word_1_385' title='bbox 2627 1531 2729 1576; x_wconf 91' lang='grc' dir='ltr'>εει.</span> <span class='ocrx_word' id='word_1_386' title='bbox 2778 1519 3017 1591; x_wconf 79' lang='lat' dir='ltr'><strong>Simplex</strong></span> <span class='ocrx_word' id='word_1_387' title='bbox 3052 1521 3250 1590; x_wconf 86' lang='lat' dir='ltr'><strong>quippe</strong></span> <span class='ocrx_word' id='word_1_388' title='bbox 3281 1520 3477 1575; x_wconf 90' lang='lat' dir='ltr'><strong>malum</strong></span> <span class='ocrx_word' id='word_1_389' title='bbox 3504 1561 3519 1588; x_wconf 94' lang='lat'><strong>,</strong></span> <span class='ocrx_word' id='word_1_390' title='bbox 3550 1529 3636 1575; x_wconf 87' lang='lat' dir='ltr'><strong>est</strong></span> 
     </span>
    </p>
   </div>
   <div class='ocr_carea' id='block_1_47' title="bbox 2051 1609 3632 1684">
    <p class='ocr_par' dir='ltr' id='par_1_47' title="bbox 2051 1609 3632 1684">
     <span class='ocr_line' id='line_1_47' title="bbox 2051 1609 3632 1684; baseline -0.003 -16"><span class='ocrx_word' id='word_1_391' title='bbox 2051 1612 2346 1684; x_wconf 70' lang='lat' dir='ltr'><strong>iniustitia;</strong></span> <span class='ocrx_word' id='word_1_392' title='bbox 2367 1613 2623 1683; x_wconf 89' lang='lat' dir='ltr'><strong>quoniam</strong></span> <span class='ocrx_word' id='word_1_393' title='bbox 2653 1626 2758 1666; x_wconf 90' lang='lat' dir='ltr'><strong>non</strong></span> <span class='ocrx_word' id='word_1_394' title='bbox 2781 1619 2865 1663; x_wconf 88' lang='lat' dir='ltr'><strong>est</strong></span> <span class='ocrx_word' id='word_1_395' title='bbox 2892 1609 3036 1664; x_wconf 88' lang='lat' dir='ltr'><strong>aliud</strong></span> <span class='ocrx_word' id='word_1_396' title='bbox 3058 1625 3219 1680; x_wconf 89' lang='lat' dir='ltr'><strong>quam</strong></span> <span class='ocrx_word' id='word_1_397' title='bbox 3243 1609 3467 1674; x_wconf 87' lang='lat' dir='ltr'><strong>malum,</strong></span> <span class='ocrx_word' id='word_1_398' title='bbox 3491 1611 3632 1679; x_wconf 89' lang='lat' dir='ltr'><strong>quod</strong></span> 
     </span>
    </p>
   </div>
   <div class='ocr_carea' id='block_1_48' title="bbox 1979 1678 3632 1774">
    <p class='ocr_par' dir='ltr' id='par_1_48' title="bbox 1979 1678 3632 1774">
     <span class='ocr_line' id='line_1_48' title="bbox 1979 1678 3632 1774; baseline -0.002 -16"><span class='ocrx_word' id='word_1_399' title='bbox 1979 1678 2024 1734; x_wconf 77' lang='grc' dir='ltr'><strong>Β</strong></span> <span class='ocrx_word' id='word_1_400' title='bbox 2052 1678 2186 1759; x_wconf 83' lang='lat' dir='ltr'><strong>nihil</strong></span> <span class='ocrx_word' id='word_1_401' title='bbox 2215 1678 2564 1774; x_wconf 42' lang='lat' dir='ltr'><strong>estut-liquid</strong></span> <span class='ocrx_word' id='word_1_402' title='bbox 2595 1716 2723 1757; x_wconf 89' lang='lat' dir='ltr'><strong>vero</strong></span> <span class='ocrx_word' id='word_1_403' title='bbox 2748 1702 2843 1734; x_wconf 76' lang='lat' dir='ltr'><strong>&#39;m</strong></span> <span class='ocrx_word' id='word_1_404' title='bbox 2871 1678 3178 1756; x_wconf 31' lang='lat' dir='ltr'><strong>malumvest</strong></span> <span class='ocrx_word' id='word_1_405' title='bbox 3203 1709 3418 1765; x_wconf 89' lang='lat' dir='ltr'><strong>natura,</strong></span> <span class='ocrx_word' id='word_1_406' title='bbox 3444 1678 3632 1769; x_wconf 84' lang='lat' dir='ltr'><strong>inqua</strong></span> 
     </span>
    </p>
   </div>
   <div class='ocr_carea' id='block_1_49' title="bbox 2049 1790 3634 1865">
    <p class='ocr_par' dir='ltr' id='par_1_49' title="bbox 2049 1790 3634 1865">
     <span class='ocr_line' id='line_1_49' title="bbox 2049 1790 3634 1865; baseline -0.004 -14"><span class='ocrx_word' id='word_1_407' title='bbox 2049 1804 2134 1851; x_wconf 87' lang='lat' dir='ltr'><strong>est</strong></span> <span class='ocrx_word' id='word_1_408' title='bbox 2166 1794 2422 1865; x_wconf 87' lang='lat' dir='ltr'><strong>injustitia</strong></span> <span class='ocrx_word' id='word_1_409' title='bbox 2448 1834 2464 1859; x_wconf 92' lang='lat'><strong>,</strong></span> <span class='ocrx_word' id='word_1_410' title='bbox 2504 1792 2627 1863; x_wconf 88' lang='lat' dir='ltr'><strong>quia</strong></span> <span class='ocrx_word' id='word_1_411' title='bbox 2675 1802 2758 1848; x_wconf 90' lang='lat' dir='ltr'><strong>est</strong></span> <span class='ocrx_word' id='word_1_412' title='bbox 2787 1792 2988 1862; x_wconf 86' lang='lat' dir='ltr'><strong>aliquid</strong></span> <span class='ocrx_word' id='word_1_413' title='bbox 3018 1800 3075 1846; x_wconf 89' lang='lat' dir='ltr'><strong>et</strong></span> <span class='ocrx_word' id='word_1_414' title='bbox 3112 1790 3252 1847; x_wconf 87' lang='lat' dir='ltr'><strong>aliud</strong></span> <span class='ocrx_word' id='word_1_415' title='bbox 3283 1807 3443 1861; x_wconf 81' lang='lat' dir='ltr'><strong>quam</strong></span> <span class='ocrx_word' id='word_1_416' title='bbox 3491 1791 3634 1861; x_wconf 87' lang='lat' dir='ltr'><strong>inju-</strong></span> 
     </span>
    </p>
   </div>
   <div class='ocr_carea' id='block_1_50' title="bbox 2048 1878 3631 1952">
    <p class='ocr_par' dir='ltr' id='par_1_50' title="bbox 2048 1878 3631 1952">
     <span class='ocr_line' id='line_1_50' title="bbox 2048 1878 3631 1952; baseline -0.003 -13"><span class='ocrx_word' id='word_1_417' title='bbox 2048 1883 2196 1939; x_wconf 84' lang='lat' dir='ltr'><strong>stitia</strong></span> <span class='ocrx_word' id='word_1_418' title='bbox 2220 1924 2236 1948; x_wconf 91' lang='lat'><strong>,</strong></span> <span class='ocrx_word' id='word_1_419' title='bbox 2267 1897 2387 1952; x_wconf 70' lang='lat' dir='ltr'><strong>quae</strong></span> <span class='ocrx_word' id='word_1_420' title='bbox 2429 1881 2628 1936; x_wconf 88' lang='lat' dir='ltr'><strong>malum</strong></span> <span class='ocrx_word' id='word_1_421' title='bbox 2656 1890 2711 1936; x_wconf 87' lang='lat' dir='ltr'><strong>et</strong></span> <span class='ocrx_word' id='word_1_422' title='bbox 2740 1880 2873 1934; x_wconf 88' lang='lat' dir='ltr'><strong>nihil</strong></span> <span class='ocrx_word' id='word_1_423' title='bbox 2911 1887 3012 1935; x_wconf 85' lang='lat' dir='ltr'><strong>est.</strong></span> <span class='ocrx_word' id='word_1_424' title='bbox 3045 1878 3224 1946; x_wconf 83' lang='lat' dir='ltr'><strong>Quare</strong></span> <span class='ocrx_word' id='word_1_425' title='bbox 3252 1879 3393 1948; x_wconf 89' lang='lat' dir='ltr'><strong>quod</strong></span> <span class='ocrx_word' id='word_1_426' title='bbox 3428 1879 3631 1949; x_wconf 87' lang='lat' dir='ltr'><strong>aliquid</strong></span> 
     </span>
    </p>
   </div>
   <div class='ocr_carea' id='block_1_51' title="bbox 2045 1969 3632 2040">
    <p class='ocr_par' dir='ltr' id='par_1_51' title="bbox 2045 1969 3632 2040">
     <span class='ocr_line' id='line_1_51' title="bbox 2045 1969 3632 2040; baseline -0.002 -12"><span class='ocrx_word' id='word_1_427' title='bbox 2045 1981 2151 2038; x_wconf 88' lang='lat' dir='ltr'><strong>est,</strong></span> <span class='ocrx_word' id='word_1_428' title='bbox 2179 1989 2208 2027; x_wconf 88' lang='lat' dir='ltr'><strong>a</strong></span> <span class='ocrx_word' id='word_1_429' title='bbox 2240 1971 2350 2027; x_wconf 92' lang='lat' dir='ltr'><strong>Deo</strong></span> <span class='ocrx_word' id='word_1_430' title='bbox 2377 1972 2457 2037; x_wconf 84' lang='lat' dir='ltr'><strong>fit,</strong></span> <span class='ocrx_word' id='word_1_431' title='bbox 2484 1982 2538 2027; x_wconf 91' lang='lat' dir='ltr'><strong>et</strong></span> <span class='ocrx_word' id='word_1_432' title='bbox 2565 1971 2656 2025; x_wconf 88' lang='lat' dir='ltr'><strong>Dei</strong></span> <span class='ocrx_word' id='word_1_433' title='bbox 2683 1980 2765 2025; x_wconf 91' lang='lat' dir='ltr'><strong>est</strong></span> <span class='ocrx_word' id='word_1_434' title='bbox 2789 1987 2803 2036; x_wconf 91' lang='lat'><strong>;</strong></span> <span class='ocrx_word' id='word_1_435' title='bbox 2836 1971 2982 2040; x_wconf 91' lang='lat' dir='ltr'><strong>quod</strong></span> <span class='ocrx_word' id='word_1_436' title='bbox 3018 1984 3147 2024; x_wconf 90' lang='lat' dir='ltr'><strong>vero</strong></span> <span class='ocrx_word' id='word_1_437' title='bbox 3170 1969 3303 2023; x_wconf 91' lang='lat' dir='ltr'><strong>nihil</strong></span> <span class='ocrx_word' id='word_1_438' title='bbox 3333 1979 3436 2034; x_wconf 91' lang='lat' dir='ltr'><strong>est,</strong></span> <span class='ocrx_word' id='word_1_439' title='bbox 3469 1971 3520 2025; x_wconf 95' lang='lat' dir='ltr'><strong>id</strong></span> <span class='ocrx_word' id='word_1_440' title='bbox 3545 1978 3632 2025; x_wconf 87' lang='lat' dir='ltr'><strong>est</strong></span> 
     </span>
    </p>
   </div>
   <div class='ocr_carea' id='block_1_52' title="bbox 2046 2061 3631 2132">
    <p class='ocr_par' dir='ltr' id='par_1_52' title="bbox 2046 2061 3631 2132">
     <span class='ocr_line' id='line_1_52' title="bbox 2046 2061 3631 2132; baseline -0.003 -14"><span class='ocrx_word' id='word_1_441' title='bbox 2046 2063 2281 2130; x_wconf 92' lang='lat' dir='ltr'><strong>malum,</strong></span> <span class='ocrx_word' id='word_1_442' title='bbox 2313 2065 2380 2119; x_wconf 90' lang='lat' dir='ltr'><strong>ab</strong></span> <span class='ocrx_word' id='word_1_443' title='bbox 2410 2062 2609 2131; x_wconf 74' lang='lat' dir='ltr'><strong>iniusto</strong></span> <span class='ocrx_word' id='word_1_444' title='bbox 2640 2061 2732 2128; x_wconf 87' lang='lat' dir='ltr'><strong>lit,</strong></span> <span class='ocrx_word' id='word_1_445' title='bbox 2769 2070 2824 2116; x_wconf 89' lang='lat' dir='ltr'><strong>et</strong></span> <span class='ocrx_word' id='word_1_446' title='bbox 2849 2061 2966 2132; x_wconf 81' lang='lat' dir='ltr'><strong>ejus</strong></span> <span class='ocrx_word' id='word_1_447' title='bbox 3001 2069 3102 2116; x_wconf 89' lang='lat' dir='ltr'><strong>est.</strong></span> <span class='ocrx_word' id='word_1_448' title='bbox 3142 2061 3287 2117; x_wconf 81' lang='lat' dir='ltr'><strong>DISC.</strong></span> <span class='ocrx_word' id='word_1_449' title='bbox 3329 2061 3481 2128; x_wconf 84' lang='lat' dir='ltr'><strong>Quod</strong></span> <span class='ocrx_word' id='word_1_450' title='bbox 3510 2061 3631 2130; x_wconf 86' lang='lat' dir='ltr'><strong>qui-</strong></span> 
     </span>
    </p>
   </div>
   <div class='ocr_carea' id='block_1_53' title="bbox 2046 2148 3627 2216">
    <p class='ocr_par' dir='ltr' id='par_1_53' title="bbox 2046 2148 3627 2216">
     <span class='ocr_line' id='line_1_53' title="bbox 2046 2148 3627 2216; baseline -0.003 -8"><span class='ocrx_word' id='word_1_451' title='bbox 2046 2153 2168 2209; x_wconf 88' lang='lat' dir='ltr'><strong>dem</strong></span> <span class='ocrx_word' id='word_1_452' title='bbox 2206 2153 2346 2208; x_wconf 90' lang='lat' dir='ltr'><strong>Deus</strong></span> <span class='ocrx_word' id='word_1_453' title='bbox 2373 2161 2593 2207; x_wconf 89' lang='lat' dir='ltr'><strong>naturas</strong></span> <span class='ocrx_word' id='word_1_454' title='bbox 2621 2165 2800 2206; x_wconf 90' lang='lat' dir='ltr'><strong>rerum</strong></span> <span class='ocrx_word' id='word_1_455' title='bbox 2842 2149 3083 2205; x_wconf 91' lang='lat' dir='ltr'><strong>omnium</strong></span> <span class='ocrx_word' id='word_1_456' title='bbox 3122 2150 3322 2216; x_wconf 87' lang='lat' dir='ltr'><strong>faciat,</strong></span> <span class='ocrx_word' id='word_1_457' title='bbox 3353 2148 3627 2204; x_wconf 70' lang='lat' dir='ltr'><strong>fatendum</strong></span> 
     </span>
    </p>
   </div>
   <div class='ocr_carea' id='block_1_54' title="bbox 2044 2240 3628 2316">
    <p class='ocr_par' dir='ltr' id='par_1_54' title="bbox 2044 2240 3628 2316">
     <span class='ocr_line' id='line_1_54' title="bbox 2044 2240 3628 2316; baseline -0.004 -15"><span class='ocrx_word' id='word_1_458' title='bbox 2044 2256 2159 2311; x_wconf 87' lang='lat' dir='ltr'><strong>est;</strong></span> <span class='ocrx_word' id='word_1_459' title='bbox 2184 2247 2325 2316; x_wconf 87' lang='lat' dir='ltr'><strong>quod</strong></span> <span class='ocrx_word' id='word_1_460' title='bbox 2349 2260 2474 2299; x_wconf 90' lang='lat' dir='ltr'><strong>vero</strong></span> <span class='ocrx_word' id='word_1_461' title='bbox 2504 2244 2741 2315; x_wconf 83' lang='lat' dir='ltr'><strong>singulas</strong></span> <span class='ocrx_word' id='word_1_462' title='bbox 2767 2244 3007 2298; x_wconf 82' lang='lat' dir='ltr'><strong>actiones</strong></span> <span class='ocrx_word' id='word_1_463' title='bbox 3031 2257 3408 2312; x_wconf 78' lang='lat' dir='ltr'><strong>perversurum</strong></span> <span class='ocrx_word' id='word_1_464' title='bbox 3439 2240 3628 2296; x_wconf 86' lang='lat' dir='ltr'><strong>volun-</strong></span> 
     </span>
    </p>
   </div>
   <div class='ocr_carea' id='block_1_55' title="bbox 2047 2333 3628 2406">
    <p class='ocr_par' dir='ltr' id='par_1_55' title="bbox 2047 2333 3628 2406">
     <span class='ocr_line' id='line_1_55' title="bbox 2047 2333 3628 2406; baseline -0.003 -14"><span class='ocrx_word' id='word_1_465' title='bbox 2047 2347 2247 2403; x_wconf 89' lang='lat' dir='ltr'><strong>tatmn,</strong></span> <span class='ocrx_word' id='word_1_466' title='bbox 2277 2338 2423 2391; x_wconf 92' lang='lat' dir='ltr'><strong>velut</strong></span> <span class='ocrx_word' id='word_1_467' title='bbox 2456 2337 2628 2406; x_wconf 89' lang='lat' dir='ltr'><strong>ipsum</strong></span> <span class='ocrx_word' id='word_1_468' title='bbox 2669 2350 2893 2406; x_wconf 88' lang='lat' dir='ltr'><strong>pravum</strong></span> <span class='ocrx_word' id='word_1_469' title='bbox 2937 2342 3143 2389; x_wconf 92' lang='lat' dir='ltr'><strong>motum</strong></span> <span class='ocrx_word' id='word_1_470' title='bbox 3171 2333 3492 2396; x_wconf 89' lang='lat' dir='ltr'><strong>voluntatis,</strong></span> <span class='ocrx_word' id='word_1_471' title='bbox 3520 2346 3628 2402; x_wconf 86' lang='lat' dir='ltr'><strong>quo</strong></span> 
     </span>
    </p>
   </div>
   <div class='ocr_carea' id='block_1_56' title="bbox 2046 2422 3627 2501">
    <p class='ocr_par' dir='ltr' id='par_1_56' title="bbox 2046 2422 3627 2501">
     <span class='ocr_line' id='line_1_56' title="bbox 2046 2422 3627 2501; baseline -0.006 -15"><span class='ocrx_word' id='word_1_472' title='bbox 2046 2431 2160 2501; x_wconf 88' lang='lat' dir='ltr'><strong>ipsa</strong></span> <span class='ocrx_word' id='word_1_473' title='bbox 2193 2429 2332 2484; x_wconf 89' lang='lat' dir='ltr'><strong>mala</strong></span> <span class='ocrx_word' id='word_1_474' title='bbox 2359 2428 2606 2483; x_wconf 88' lang='lat' dir='ltr'><strong>voluntas</strong></span> <span class='ocrx_word' id='word_1_475' title='bbox 2633 2442 2692 2483; x_wconf 88' lang='lat' dir='ltr'><strong>se</strong></span> <span class='ocrx_word' id='word_1_476' title='bbox 2725 2434 2932 2488; x_wconf 88' lang='lat' dir='ltr'><strong>movet,</strong></span> <span class='ocrx_word' id='word_1_477' title='bbox 2967 2424 3146 2489; x_wconf 78' lang='lat' dir='ltr'><strong>faciat,</strong></span> <span class='ocrx_word' id='word_1_478' title='bbox 3175 2425 3296 2492; x_wconf 90' lang='lat' dir='ltr'><strong>quis</strong></span> <span class='ocrx_word' id='word_1_479' title='bbox 3322 2422 3627 2477; x_wconf 78' lang='lat' dir='ltr'><strong>concedat?</strong></span> 
     </span>
    </p>
   </div>
   <div class='ocr_carea' id='block_1_57' title="bbox 2045 2511 3626 2587">
    <p class='ocr_par' dir='ltr' id='par_1_57' title="bbox 2045 2511 3626 2587">
     <span class='ocr_line' id='line_1_57' title="bbox 2045 2511 3626 2587; baseline -0.006 -11"><span class='ocrx_word' id='word_1_480' title='bbox 2045 2519 2186 2576; x_wconf 76' lang='lat' dir='ltr'><strong>Msa.</strong></span> <span class='ocrx_word' id='word_1_481' title='bbox 2216 2519 2358 2587; x_wconf 85' lang='lat' dir='ltr'><strong>Quid</strong></span> <span class='ocrx_word' id='word_1_482' title='bbox 2383 2519 2600 2583; x_wconf 92' lang='lat' dir='ltr'><strong>mirum,</strong></span> <span class='ocrx_word' id='word_1_483' title='bbox 2638 2517 2684 2572; x_wconf 90' lang='lat' dir='ltr'><strong>si</strong></span> <span class='ocrx_word' id='word_1_484' title='bbox 2712 2516 2939 2571; x_wconf 90' lang='lat' dir='ltr'><strong>dicimus</strong></span> <span class='ocrx_word' id='word_1_485' title='bbox 2971 2513 3139 2569; x_wconf 91' lang='lat' dir='ltr'><strong>Deum</strong></span> <span class='ocrx_word' id='word_1_486' title='bbox 3168 2512 3348 2569; x_wconf 82' lang='lat' dir='ltr'><strong>facere</strong></span> <span class='ocrx_word' id='word_1_487' title='bbox 3389 2511 3626 2582; x_wconf 80' lang='lat' dir='ltr'><strong>singulas</strong></span> 
     </span>
    </p>
   </div>
   <div class='ocr_carea' id='block_1_58' title="bbox 2045 2600 3626 2678">
    <p class='ocr_par' dir='ltr' id='par_1_58' title="bbox 2045 2600 3626 2678">
     <span class='ocr_line' id='line_1_58' title="bbox 2045 2600 3626 2678; baseline -0.007 -13"><span class='ocrx_word' id='word_1_488' title='bbox 2045 2609 2314 2674; x_wconf 85' lang='lat' dir='ltr'><strong>actiones,</strong></span> <span class='ocrx_word' id='word_1_489' title='bbox 2347 2623 2468 2678; x_wconf 62' lang='lat' dir='ltr'><strong>quae</strong></span> <span class='ocrx_word' id='word_1_490' title='bbox 2507 2608 2641 2662; x_wconf 87' lang='lat' dir='ltr'><strong>fiunt</strong></span> <span class='ocrx_word' id='word_1_491' title='bbox 2678 2605 2814 2660; x_wconf 88' lang='lat' dir='ltr'><strong>mala</strong></span> <span class='ocrx_word' id='word_1_492' title='bbox 2845 2604 3123 2659; x_wconf 86' lang='lat' dir='ltr'><strong>voluntate</strong></span> <span class='ocrx_word' id='word_1_493' title='bbox 3149 2643 3164 2668; x_wconf 93' lang='lat'><strong>,</strong></span> <span class='ocrx_word' id='word_1_494' title='bbox 3207 2617 3328 2657; x_wconf 93' lang='lat' dir='ltr'><strong>cum</strong></span> <span class='ocrx_word' id='word_1_495' title='bbox 3361 2600 3626 2656; x_wconf 82' lang='lat' dir='ltr'><strong>fateamur</strong></span> 
     </span>
    </p>
   </div>
   <div class='ocr_carea' id='block_1_59' title="bbox 2045 2689 3625 2766">
    <p class='ocr_par' dir='ltr' id='par_1_59' title="bbox 2045 2689 3625 2766">
     <span class='ocr_line' id='line_1_59' title="bbox 2045 2689 3625 2766; baseline -0.009 -11"><span class='ocrx_word' id='word_1_496' title='bbox 2045 2700 2139 2732; x_wconf 69' lang='grc'>⁸⁸⁸⁸</span> <span class='ocrx_word' id='word_1_497' title='bbox 2167 2713 2290 2754; x_wconf 91' lang='lat' dir='ltr'><strong>eum</strong></span> <span class='ocrx_word' id='word_1_498' title='bbox 2336 2698 2517 2753; x_wconf 88' lang='lat' dir='ltr'><strong>facere</strong></span> <span class='ocrx_word' id='word_1_499' title='bbox 2546 2696 2785 2766; x_wconf 86' lang='lat' dir='ltr'><strong>singulas</strong></span> <span class='ocrx_word' id='word_1_500' title='bbox 2821 2693 3181 2756; x_wconf 90' lang='lat' dir='ltr'><strong>substantias,</strong></span> <span class='ocrx_word' id='word_1_501' title='bbox 3221 2707 3342 2761; x_wconf 70' lang='lat' dir='ltr'><strong>qum</strong></span> <span class='ocrx_word' id='word_1_502' title='bbox 3373 2690 3505 2744; x_wconf 87' lang='lat' dir='ltr'><strong>fiunt</strong></span> <span class='ocrx_word' id='word_1_503' title='bbox 3544 2689 3625 2742; x_wconf 90' lang='lat' dir='ltr'><strong>iu-</strong></span> 
     </span>
    </p>
   </div>
   <div class='ocr_carea' id='block_1_60' title="bbox 2039 2779 3622 2862">
    <p class='ocr_par' dir='ltr' id='par_1_60' title="bbox 2039 2779 3622 2862">
     <span class='ocr_line' id='line_1_60' title="bbox 2039 2779 3622 2862; baseline -0.009 -17"><span class='ocrx_word' id='word_1_504' title='bbox 2039 2791 2184 2862; x_wconf 83' lang='lat' dir='ltr'><strong>justa</strong></span> <span class='ocrx_word' id='word_1_505' title='bbox 2233 2788 2510 2843; x_wconf 90' lang='lat' dir='ltr'><strong>voluntate</strong></span> <span class='ocrx_word' id='word_1_506' title='bbox 2562 2796 2618 2842; x_wconf 92' lang='lat' dir='ltr'><strong>et</strong></span> <span class='ocrx_word' id='word_1_507' title='bbox 2668 2787 2950 2840; x_wconf 88' lang='lat' dir='ltr'><strong>inhonesta</strong></span> <span class='ocrx_word' id='word_1_508' title='bbox 3006 2782 3260 2837; x_wconf 88' lang='lat' dir='ltr'><strong>actione?</strong></span> <span class='ocrx_word' id='word_1_509' title='bbox 3310 2781 3454 2834; x_wconf 86' lang='lat' dir='ltr'><strong>Dtsc.</strong></span> <span class='ocrx_word' id='word_1_510' title='bbox 3511 2779 3622 2830; x_wconf 78' lang='lat' dir='ltr'><strong>Non</strong></span> 
     </span>
    </p>
   </div>
   <div class='ocr_carea' id='block_1_61' title="bbox 2045 2873 3621 2948">
    <p class='ocr_par' dir='ltr' id='par_1_61' title="bbox 2045 2873 3621 2948">
     <span class='ocr_line' id='line_1_61' title="bbox 2045 2873 3621 2948; baseline -0.009 -15"><span class='ocrx_word' id='word_1_511' title='bbox 2045 2879 2219 2934; x_wconf 85' lang='lat' dir='ltr'><strong>habeo</strong></span> <span class='ocrx_word' id='word_1_512' title='bbox 2245 2878 2373 2948; x_wconf 93' lang='lat' dir='ltr'><strong>quid</strong></span> <span class='ocrx_word' id='word_1_513' title='bbox 2403 2875 2772 2932; x_wconf 88' lang='lat' dir='ltr'><strong>contradicam</strong></span> <span class='ocrx_word' id='word_1_514' title='bbox 2796 2891 2810 2926; x_wconf 87' lang='lat'><strong>:</strong></span> <span class='ocrx_word' id='word_1_515' title='bbox 2837 2873 3034 2942; x_wconf 89' lang='lat' dir='ltr'><strong>quippe</strong></span> <span class='ocrx_word' id='word_1_516' title='bbox 3062 2887 3160 2926; x_wconf 90' lang='lat' dir='ltr'><strong>nec</strong></span> <span class='ocrx_word' id='word_1_517' title='bbox 3185 2885 3380 2940; x_wconf 85' lang='lat' dir='ltr'><strong>negare</strong></span> <span class='ocrx_word' id='word_1_518' title='bbox 3407 2884 3621 2939; x_wconf 80' lang='lat' dir='ltr'><strong>possunt</strong></span> 
     </span>
    </p>
   </div>
   <div class='ocr_carea' id='block_1_62' title="bbox 2044 2959 3620 3039">
    <p class='ocr_par' dir='ltr' id='par_1_62' title="bbox 2044 2959 3620 3039">
     <span class='ocr_line' id='line_1_62' title="bbox 2044 2959 3620 3039; baseline -0.009 -14"><span class='ocrx_word' id='word_1_519' title='bbox 2044 2986 2174 3026; x_wconf 90' lang='lat' dir='ltr'><strong>vere</strong></span> <span class='ocrx_word' id='word_1_520' title='bbox 2199 2967 2399 3039; x_wconf 90' lang='lat' dir='ltr'><strong>aliquid</strong></span> <span class='ocrx_word' id='word_1_521' title='bbox 2425 2982 2545 3023; x_wconf 87' lang='lat' dir='ltr'><strong>esse</strong></span> <span class='ocrx_word' id='word_1_522' title='bbox 2571 2967 2667 2999; x_wconf 75' lang='grc'><strong>’⁸⁸⁸</strong></span> <span class='ocrx_word' id='word_1_523' title='bbox 2688 2964 2985 3036; x_wconf 90' lang='lat' dir='ltr'><strong>quamlibet</strong></span> <span class='ocrx_word' id='word_1_524' title='bbox 3011 2963 3308 3026; x_wconf 88' lang='lat' dir='ltr'><strong>actionem;</strong></span> <span class='ocrx_word' id='word_1_525' title='bbox 3336 2975 3436 3015; x_wconf 89' lang='lat' dir='ltr'><strong>nec</strong></span> <span class='ocrx_word' id='word_1_526' title='bbox 3464 2959 3620 3019; x_wconf 83' lang='lat' dir='ltr'><strong>fateri</strong></span> 
     </span>
    </p>
   </div>
   <div class='ocr_carea' id='block_1_63' title="bbox 352 3050 3624 3129">
    <p class='ocr_par' dir='ltr' id='par_1_63' title="bbox 352 3050 3624 3129">
     <span class='ocr_line' id='line_1_63' title="bbox 352 3050 3624 3129; baseline -0.003 -15"><span class='ocrx_word' id='word_1_527' title='bbox 352 3059 576 3128; x_wconf 85' lang='lat' dir='ltr'><strong>angelus</strong></span> <span class='ocrx_word' id='word_1_528' title='bbox 604 3075 708 3114; x_wconf 91' lang='lat' dir='ltr'><strong>non</strong></span> <span class='ocrx_word' id='word_1_529' title='bbox 740 3058 928 3114; x_wconf 89' lang='lat' dir='ltr'><strong>habuit</strong></span> <span class='ocrx_word' id='word_1_530' title='bbox 954 3059 1096 3129; x_wconf 88' lang='lat' dir='ltr'><strong>quod</strong></span> <span class='ocrx_word' id='word_1_531' title='bbox 1128 3074 1232 3113; x_wconf 92' lang='lat' dir='ltr'><strong>non</strong></span> <span class='ocrx_word' id='word_1_532' title='bbox 1264 3058 1503 3128; x_wconf 88' lang='lat' dir='ltr'><strong>accepit,</strong></span> <span class='ocrx_word' id='word_1_533' title='bbox 1542 3059 1682 3128; x_wconf 82' lang='lat' dir='ltr'><strong>quod</strong></span> <span class='ocrx_word' id='word_1_534' title='bbox 1714 3059 1935 3125; x_wconf 89' lang='lat' dir='ltr'><strong>habuit,</strong></span> <span class='ocrx_word' id='word_1_535' title='bbox 1967 3050 2009 3108; x_wconf 88' lang='lat' dir='ltr'><strong>C</strong></span> <span class='ocrx_word' id='word_1_536' title='bbox 2044 3061 2163 3116; x_wconf 89' lang='lat' dir='ltr'><strong>volo</strong></span> <span class='ocrx_word' id='word_1_537' title='bbox 2186 3075 2289 3115; x_wconf 81' lang='lat' dir='ltr'><strong>non</strong></span> <span class='ocrx_word' id='word_1_538' title='bbox 2313 3059 2430 3114; x_wconf 82' lang='lat' dir='ltr'><strong>fieri</strong></span> <span class='ocrx_word' id='word_1_539' title='bbox 2457 3073 2486 3112; x_wconf 91' lang='lat' dir='ltr'><strong>a</strong></span> <span class='ocrx_word' id='word_1_540' title='bbox 2515 3057 2643 3123; x_wconf 87' lang='lat' dir='ltr'><strong>Deo,</strong></span> <span class='ocrx_word' id='word_1_541' title='bbox 2666 3057 2812 3127; x_wconf 88' lang='lat' dir='ltr'><strong>quod</strong></span> <span class='ocrx_word' id='word_1_542' title='bbox 2840 3068 2968 3110; x_wconf 89' lang='lat' dir='ltr'><strong>vere</strong></span> <span class='ocrx_word' id='word_1_543' title='bbox 2995 3054 3231 3122; x_wconf 88' lang='lat' dir='ltr'><strong>aliquam</strong></span> <span class='ocrx_word' id='word_1_544' title='bbox 3255 3052 3418 3106; x_wconf 86' lang='lat' dir='ltr'><strong>habet</strong></span> <span class='ocrx_word' id='word_1_545' title='bbox 3441 3064 3624 3105; x_wconf 49' lang='lat' dir='ltr'><strong>esset»</strong></span> 
     </span>
    </p>
   </div>
   <div class='ocr_carea' id='block_1_64' title="bbox 353 3147 1942 3220">
    <p class='ocr_par' dir='ltr' id='par_1_64' title="bbox 353 3147 1942 3220">
     <span class='ocr_line' id='line_1_64' title="bbox 353 3147 1942 3220; baseline 0 -17"><span class='ocrx_word' id='word_1_546' title='bbox 353 3151 422 3204; x_wconf 91' lang='lat' dir='ltr'><strong>ab</strong></span> <span class='ocrx_word' id='word_1_547' title='bbox 459 3150 550 3206; x_wconf 93' lang='lat' dir='ltr'><strong>illo</strong></span> <span class='ocrx_word' id='word_1_548' title='bbox 576 3150 783 3220; x_wconf 88' lang='lat' dir='ltr'><strong>accepit</strong></span> <span class='ocrx_word' id='word_1_549' title='bbox 807 3165 836 3204; x_wconf 91' lang='lat' dir='ltr'><strong>a</strong></span> <span class='ocrx_word' id='word_1_550' title='bbox 865 3164 970 3219; x_wconf 92' lang='lat' dir='ltr'><strong>quo</strong></span> <span class='ocrx_word' id='word_1_551' title='bbox 1001 3149 1206 3204; x_wconf 89' lang='lat' dir='ltr'><strong>habuit.</strong></span> <span class='ocrx_word' id='word_1_552' title='bbox 1238 3147 1375 3216; x_wconf 85' lang='lat' dir='ltr'><strong>Quid</strong></span> <span class='ocrx_word' id='word_1_553' title='bbox 1407 3157 1585 3202; x_wconf 92' lang='lat' dir='ltr'><strong>autem</strong></span> <span class='ocrx_word' id='word_1_554' title='bbox 1616 3148 1682 3203; x_wconf 93' lang='lat' dir='ltr'><strong>ab</strong></span> <span class='ocrx_word' id='word_1_555' title='bbox 1725 3147 1815 3203; x_wconf 92' lang='lat' dir='ltr'><strong>illo</strong></span> <span class='ocrx_word' id='word_1_556' title='bbox 1849 3163 1942 3203; x_wconf 89' lang='lat' dir='ltr'><strong>ac-</strong></span> 
     </span>
    </p>
   </div>
   <div class='ocr_carea' id='block_1_65' title="bbox 360 3238 1942 3310">
    <p class='ocr_par' dir='ltr' id='par_1_65' title="bbox 360 3238 1942 3310">
     <span class='ocr_line' id='line_1_65' title="bbox 360 3238 1942 3310; baseline 0.003 -18"><span class='ocrx_word' id='word_1_557' title='bbox 360 3241 544 3309; x_wconf 88' lang='lat' dir='ltr'><strong>cepit,</strong></span> <span class='ocrx_word' id='word_1_558' title='bbox 579 3243 720 3310; x_wconf 87' lang='lat' dir='ltr'><strong>quod</strong></span> <span class='ocrx_word' id='word_1_559' title='bbox 758 3239 844 3294; x_wconf 92' lang='lat' dir='ltr'><strong>ille</strong></span> <span class='ocrx_word' id='word_1_560' title='bbox 889 3257 995 3296; x_wconf 88' lang='lat' dir='ltr'><strong>non</strong></span> <span class='ocrx_word' id='word_1_561' title='bbox 1040 3240 1224 3294; x_wconf 86' lang='lat' dir='ltr'><strong>dedit?</strong></span> <span class='ocrx_word' id='word_1_562' title='bbox 1261 3238 1440 3305; x_wconf 86' lang='lat' dir='ltr'><strong>Quare</strong></span> <span class='ocrx_word' id='word_1_563' title='bbox 1484 3255 1543 3294; x_wconf 89' lang='lat' dir='ltr'><strong>se</strong></span> <span class='ocrx_word' id='word_1_564' title='bbox 1581 3239 1770 3294; x_wconf 86' lang='lat' dir='ltr'><strong>habuit</strong></span> <span class='ocrx_word' id='word_1_565' title='bbox 1804 3239 1942 3297; x_wconf 87' lang='lat' dir='ltr'><strong>velle</strong></span> 
     </span>
    </p>
   </div>
   <div class='ocr_carea' id='block_1_66' title="bbox 352 3331 1936 3402">
    <p class='ocr_par' dir='ltr' id='par_1_66' title="bbox 352 3331 1936 3402">
     <span class='ocr_line' id='line_1_66' title="bbox 352 3331 1936 3402; baseline 0.001 -19"><span class='ocrx_word' id='word_1_566' title='bbox 352 3347 474 3386; x_wconf 88' lang='lat' dir='ltr'><strong>esse</strong></span> <span class='ocrx_word' id='word_1_567' title='bbox 508 3333 737 3388; x_wconf 86' lang='lat' dir='ltr'><strong>similem</strong></span> <span class='ocrx_word' id='word_1_568' title='bbox 782 3332 893 3387; x_wconf 88' lang='lat' dir='ltr'><strong>Deo</strong></span> <span class='ocrx_word' id='word_1_569' title='bbox 923 3373 938 3398; x_wconf 93' lang='lat'><strong>,</strong></span> <span class='ocrx_word' id='word_1_570' title='bbox 978 3333 1098 3387; x_wconf 90' lang='lat' dir='ltr'><strong>ideo</strong></span> <span class='ocrx_word' id='word_1_571' title='bbox 1139 3333 1361 3398; x_wconf 91' lang='lat' dir='ltr'><strong>habuit,</strong></span> <span class='ocrx_word' id='word_1_572' title='bbox 1410 3333 1534 3402; x_wconf 90' lang='lat' dir='ltr'><strong>quia</strong></span> <span class='ocrx_word' id='word_1_573' title='bbox 1586 3331 1728 3387; x_wconf 88' lang='lat' dir='ltr'><strong>Deus</strong></span> <span class='ocrx_word' id='word_1_574' title='bbox 1772 3332 1936 3387; x_wconf 91' lang='lat' dir='ltr'><strong>dedit.</strong></span> 
     </span>
    </p>
   </div>
   <div class='ocr_carea' id='block_1_67' title="bbox 352 3418 1940 3489">
    <p class='ocr_par' dir='ltr' id='par_1_67' title="bbox 352 3418 1940 3489">
     <span class='ocr_line' id='line_1_67' title="bbox 352 3418 1940 3489; baseline -0.001 -16"><span class='ocrx_word' id='word_1_575' title='bbox 352 3419 494 3474; x_wconf 75' lang='lat' dir='ltr'><strong>MAG.</strong></span> <span class='ocrx_word' id='word_1_576' title='bbox 529 3419 666 3486; x_wconf 90' lang='lat' dir='ltr'><strong>Quid</strong></span> <span class='ocrx_word' id='word_1_577' title='bbox 714 3420 908 3474; x_wconf 90' lang='lat' dir='ltr'><strong>mirum</strong></span> <span class='ocrx_word' id='word_1_578' title='bbox 937 3460 951 3484; x_wconf 91' lang='lat'><strong>,</strong></span> <span class='ocrx_word' id='word_1_579' title='bbox 985 3421 1029 3474; x_wconf 92' lang='lat' dir='ltr'><strong>si</strong></span> <span class='ocrx_word' id='word_1_580' title='bbox 1066 3420 1514 3489; x_wconf 90' lang='lat' dir='ltr'><strong>quemadmodum</strong></span> <span class='ocrx_word' id='word_1_581' title='bbox 1560 3420 1699 3475; x_wconf 90' lang='lat' dir='ltr'><strong>Deus</strong></span> <span class='ocrx_word' id='word_1_582' title='bbox 1743 3418 1940 3473; x_wconf 88' lang='lat' dir='ltr'><strong>dicitur</strong></span> 
     </span>
    </p>
   </div>
   <div class='ocr_carea' id='block_1_68' title="bbox 353 3509 1938 3579">
    <p class='ocr_par' dir='ltr' id='par_1_68' title="bbox 353 3509 1938 3579">
     <span class='ocr_line' id='line_1_68' title="bbox 353 3509 1938 3579; baseline 0.001 -17"><span class='ocrx_word' id='word_1_583' title='bbox 353 3509 612 3562; x_wconf 90' lang='lat' dir='ltr'><strong>inducere</strong></span> <span class='ocrx_word' id='word_1_584' title='bbox 637 3509 733 3540; x_wconf 81' lang='grc'><strong>“⁰⁹⁶</strong></span> <span class='ocrx_word' id='word_1_585' title='bbox 765 3509 816 3562; x_wconf 92' lang='lat' dir='ltr'><strong>in</strong></span> <span class='ocrx_word' id='word_1_586' title='bbox 850 3511 1222 3575; x_wconf 89' lang='lat' dir='ltr'><strong>tentationem,</strong></span> <span class='ocrx_word' id='word_1_587' title='bbox 1254 3510 1468 3579; x_wconf 90' lang='lat' dir='ltr'><strong>quando</strong></span> <span class='ocrx_word' id='word_1_588' title='bbox 1511 3525 1615 3563; x_wconf 91' lang='lat' dir='ltr'><strong>non</strong></span> <span class='ocrx_word' id='word_1_589' title='bbox 1652 3509 1843 3564; x_wconf 89' lang='lat' dir='ltr'><strong>liberat</strong></span> <span class='ocrx_word' id='word_1_590' title='bbox 1871 3510 1938 3564; x_wconf 93' lang='lat' dir='ltr'><strong>ab</strong></span> 
     </span>
    </p>
   </div>
   <div class='ocr_carea' id='block_1_69' title="bbox 349 3597 1934 3666">
    <p class='ocr_par' dir='ltr' id='par_1_69' title="bbox 349 3597 1934 3666">
     <span class='ocr_line' id='line_1_69' title="bbox 349 3597 1934 3666; baseline 0 -14"><span class='ocrx_word' id='word_1_591' title='bbox 349 3613 415 3652; x_wconf 88' lang='lat' dir='ltr'><strong>ea</strong></span> <span class='ocrx_word' id='word_1_592' title='bbox 445 3597 539 3629; x_wconf 82' lang='grc'><strong>¹⁰⁹⁷</strong></span> <span class='ocrx_word' id='word_1_593' title='bbox 568 3638 582 3661; x_wconf 94' lang='grc'><strong>,</strong></span> <span class='ocrx_word' id='word_1_594' title='bbox 617 3599 687 3652; x_wconf 90' lang='lat' dir='ltr'><strong>ita</strong></span> <span class='ocrx_word' id='word_1_595' title='bbox 721 3597 955 3652; x_wconf 82' lang='lat' dir='ltr'><strong>fatemur</strong></span> <span class='ocrx_word' id='word_1_596' title='bbox 1005 3615 1126 3653; x_wconf 91' lang='lat' dir='ltr'><strong>cum</strong></span> <span class='ocrx_word' id='word_1_597' title='bbox 1161 3599 1288 3654; x_wconf 90' lang='lat' dir='ltr'><strong>dare</strong></span> <span class='ocrx_word' id='word_1_598' title='bbox 1320 3599 1650 3653; x_wconf 85' lang='lat' dir='ltr'><strong>voluntatem</strong></span> <span class='ocrx_word' id='word_1_599' title='bbox 1701 3599 1892 3652; x_wconf 87' lang='lat' dir='ltr'><strong>malam</strong></span> <span class='ocrx_word' id='word_1_600' title='bbox 1918 3640 1934 3666; x_wconf 94' lang='lat'><strong>,</strong></span> 
     </span>
    </p>
   </div>
   <div class='ocr_carea' id='block_1_70' title="bbox 354 3691 1935 3762">
    <p class='ocr_par' dir='ltr' id='par_1_70' title="bbox 354 3691 1935 3762">
     <span class='ocr_line' id='line_1_70' title="bbox 354 3691 1935 3762; baseline 0.001 -19"><span class='ocrx_word' id='word_1_601' title='bbox 354 3706 459 3743; x_wconf 90' lang='lat' dir='ltr'><strong>non</strong></span> <span class='ocrx_word' id='word_1_602' title='bbox 491 3691 826 3759; x_wconf 88' lang='lat' dir='ltr'><strong>prohibendo</strong></span> <span class='ocrx_word' id='word_1_603' title='bbox 856 3705 974 3744; x_wconf 89' lang='lat' dir='ltr'><strong>eam</strong></span> <span class='ocrx_word' id='word_1_604' title='bbox 1013 3706 1136 3746; x_wconf 91' lang='lat' dir='ltr'><strong>cum</strong></span> <span class='ocrx_word' id='word_1_605' title='bbox 1181 3700 1360 3762; x_wconf 86' lang='lat' dir='ltr'><strong>potest</strong></span> <span class='ocrx_word' id='word_1_606' title='bbox 1393 3710 1403 3744; x_wconf 95' lang='lat'>:</span> <span class='ocrx_word' id='word_1_607' title='bbox 1449 3692 1779 3762; x_wconf 66' lang='lat' dir='ltr'><strong>prtesertim,</strong></span> <span class='ocrx_word' id='word_1_608' title='bbox 1811 3707 1935 3746; x_wconf 89' lang='lat' dir='ltr'><strong>cum</strong></span> 
     </span>
    </p>
   </div>
   <div class='ocr_carea' id='block_1_71' title="bbox 350 3781 1936 3850">
    <p class='ocr_par' dir='ltr' id='par_1_71' title="bbox 350 3781 1936 3850">
     <span class='ocr_line' id='line_1_71' title="bbox 350 3781 1936 3850; baseline 0.002 -18"><span class='ocrx_word' id='word_1_609' title='bbox 350 3789 590 3850; x_wconf 80' lang='lat' dir='ltr'><strong>potestas</strong></span> <span class='ocrx_word' id='word_1_610' title='bbox 636 3782 841 3836; x_wconf 71' lang='lat' dir='ltr'><strong>valendi</strong></span> <span class='ocrx_word' id='word_1_611' title='bbox 879 3782 1140 3850; x_wconf 84' lang='lat' dir='ltr'><strong>quidlibet</strong></span> <span class='ocrx_word' id='word_1_612' title='bbox 1177 3784 1272 3814; x_wconf 77' lang='grc'><strong>²⁰⁹⁸</strong></span> <span class='ocrx_word' id='word_1_613' title='bbox 1322 3783 1531 3838; x_wconf 85' lang='lat' dir='ltr'><strong>nonnisi</strong></span> <span class='ocrx_word' id='word_1_614' title='bbox 1579 3784 1646 3838; x_wconf 87' lang='lat' dir='ltr'><strong>ab</strong></span> <span class='ocrx_word' id='word_1_615' title='bbox 1690 3783 1778 3836; x_wconf 89' lang='lat' dir='ltr'><strong>illo</strong></span> <span class='ocrx_word' id='word_1_616' title='bbox 1825 3781 1936 3836; x_wconf 84' lang='lat' dir='ltr'><strong>sit?</strong></span> 
     </span>
    </p>
   </div>
   <div class='ocr_carea' id='block_1_72' title="bbox 353 3870 1932 3928">
    <p class='ocr_par' dir='ltr' id='par_1_72' title="bbox 353 3870 1932 3928">
     <span class='ocr_line' id='line_1_72' title="bbox 353 3870 1932 3928; baseline 0 -2"><span class='ocrx_word' id='word_1_617' title='bbox 353 3873 498 3928; x_wconf 85' lang='lat' dir='ltr'><strong>Dtsc.</strong></span> <span class='ocrx_word' id='word_1_618' title='bbox 527 3872 637 3926; x_wconf 93' lang='lat' dir='ltr'><strong>lloc</strong></span> <span class='ocrx_word' id='word_1_619' title='bbox 666 3872 823 3928; x_wconf 92' lang='lat' dir='ltr'><strong>modo</strong></span> <span class='ocrx_word' id='word_1_620' title='bbox 847 3888 952 3927; x_wconf 86' lang='lat' dir='ltr'><strong>non</strong></span> <span class='ocrx_word' id='word_1_621' title='bbox 984 3874 1193 3928; x_wconf 88' lang='lat' dir='ltr'><strong>videtur</strong></span> <span class='ocrx_word' id='word_1_622' title='bbox 1220 3889 1338 3928; x_wconf 86' lang='lat' dir='ltr'><strong>esse</strong></span> <span class='ocrx_word' id='word_1_623' title='bbox 1368 3873 1766 3928; x_wconf 88' lang='lat' dir='ltr'><strong>inconveniens.</strong></span> <span class='ocrx_word' id='word_1_624' title='bbox 1794 3870 1932 3928; x_wconf 73' lang='lat' dir='ltr'><strong>MAG.</strong></span> 
     </span>
    </p>
   </div>
   <div class='ocr_carea' id='block_1_73' title="bbox 351 3964 1934 4035">
    <p class='ocr_par' dir='ltr' id='par_1_73' title="bbox 351 3964 1934 4035">
     <span class='ocr_line' id='line_1_73' title="bbox 351 3964 1934 4035; baseline 0 -19"><span class='ocrx_word' id='word_1_625' title='bbox 351 3964 407 4016; x_wconf 88' lang='lat' dir='ltr'><strong>Si</strong></span> <span class='ocrx_word' id='word_1_626' title='bbox 435 3977 560 4033; x_wconf 84' lang='lat' dir='ltr'><strong>ergo</strong></span> <span class='ocrx_word' id='word_1_627' title='bbox 583 3964 726 4018; x_wconf 76' lang='lat' dir='ltr'><strong>datio</strong></span> <span class='ocrx_word' id='word_1_628' title='bbox 751 3980 855 4019; x_wconf 92' lang='lat' dir='ltr'><strong>non</strong></span> <span class='ocrx_word' id='word_1_629' title='bbox 879 3973 962 4019; x_wconf 88' lang='lat' dir='ltr'><strong>est</strong></span> <span class='ocrx_word' id='word_1_630' title='bbox 979 3967 1094 4020; x_wconf 91' lang='lat' dir='ltr'><strong>sine</strong></span> <span class='ocrx_word' id='word_1_631' title='bbox 1113 3966 1462 4035; x_wconf 85' lang='lat' dir='ltr'><strong>acceptione:</strong></span> <span class='ocrx_word' id='word_1_632' title='bbox 1485 3965 1934 4033; x_wconf 86' lang='lat' dir='ltr'><strong>quemadmodum</strong></span> 
     </span>
    </p>
   </div>
   <div class='ocr_carea' id='block_1_74' title="bbox 349 4056 1932 4126">
    <p class='ocr_par' dir='ltr' id='par_1_74' title="bbox 349 4056 1932 4126">
     <span class='ocr_line' id='line_1_74' title="bbox 349 4056 1932 4126; baseline 0.003 -18"><span class='ocrx_word' id='word_1_633' title='bbox 349 4070 455 4108; x_wconf 90' lang='lat' dir='ltr'><strong>non</strong></span> <span class='ocrx_word' id='word_1_634' title='bbox 494 4056 748 4110; x_wconf 89' lang='lat' dir='ltr'><strong>inusitate</strong></span> <span class='ocrx_word' id='word_1_635' title='bbox 777 4057 975 4110; x_wconf 75' lang='lat' dir='ltr'><strong>dicitur</strong></span> <span class='ocrx_word' id='word_1_636' title='bbox 1019 4059 1178 4121; x_wconf 89' lang='lat' dir='ltr'><strong>dare,</strong></span> <span class='ocrx_word' id='word_1_637' title='bbox 1207 4067 1263 4112; x_wconf 90' lang='lat' dir='ltr'><strong>et</strong></span> <span class='ocrx_word' id='word_1_638' title='bbox 1298 4059 1388 4126; x_wconf 93' lang='lat' dir='ltr'><strong>qui</strong></span> <span class='ocrx_word' id='word_1_639' title='bbox 1425 4067 1613 4126; x_wconf 89' lang='lat' dir='ltr'><strong>sponte</strong></span> <span class='ocrx_word' id='word_1_640' title='bbox 1647 4058 1932 4124; x_wconf 89' lang='lat' dir='ltr'><strong>concedit,</strong></span> 
     </span>
    </p>
   </div>
   <div class='ocr_carea' id='block_1_75' title="bbox 345 4144 1933 4218">
    <p class='ocr_par' dir='ltr' id='par_1_75' title="bbox 345 4144 1933 4218">
     <span class='ocr_line' id='line_1_75' title="bbox 345 4144 1933 4218; baseline 0.004 -22"><span class='ocrx_word' id='word_1_641' title='bbox 345 4152 404 4196; x_wconf 89' lang='lat' dir='ltr'><strong>et</strong></span> <span class='ocrx_word' id='word_1_642' title='bbox 435 4144 522 4211; x_wconf 93' lang='lat' dir='ltr'><strong>qui</strong></span> <span class='ocrx_word' id='word_1_643' title='bbox 556 4159 658 4197; x_wconf 94' lang='lat' dir='ltr'><strong>non</strong></span> <span class='ocrx_word' id='word_1_644' title='bbox 705 4144 1050 4213; x_wconf 88' lang='lat' dir='ltr'><strong>approbando</strong></span> <span class='ocrx_word' id='word_1_645' title='bbox 1079 4147 1372 4213; x_wconf 88' lang='lat' dir='ltr'><strong>permittit,</strong></span> <span class='ocrx_word' id='word_1_646' title='bbox 1407 4147 1476 4199; x_wconf 89' lang='lat' dir='ltr'><strong>ita</strong></span> <span class='ocrx_word' id='word_1_647' title='bbox 1503 4162 1610 4200; x_wconf 86' lang='lat' dir='ltr'><strong>non</strong></span> <span class='ocrx_word' id='word_1_648' title='bbox 1639 4145 1933 4218; x_wconf 81' lang='lat' dir='ltr'><strong>incongrue</strong></span> 
     </span>
    </p>
   </div>
   <div class='ocr_carea' id='block_1_76' title="bbox 349 4235 1932 4309">
    <p class='ocr_par' dir='ltr' id='par_1_76' title="bbox 349 4235 1932 4309">
     <span class='ocr_line' id='line_1_76' title="bbox 349 4235 1932 4309; baseline 0.004 -23"><span class='ocrx_word' id='word_1_649' title='bbox 349 4235 596 4302; x_wconf 78' lang='lat' dir='ltr'><strong>accipere</strong></span> <span class='ocrx_word' id='word_1_650' title='bbox 625 4235 842 4294; x_wconf 85' lang='lat' dir='ltr'><strong>dicitur.</strong></span> <span class='ocrx_word' id='word_1_651' title='bbox 868 4245 922 4289; x_wconf 85' lang='lat' dir='ltr'><strong>et</strong></span> <span class='ocrx_word' id='word_1_652' title='bbox 947 4236 1036 4303; x_wconf 90' lang='lat' dir='ltr'><strong>qui</strong></span> <span class='ocrx_word' id='word_1_653' title='bbox 1067 4251 1324 4291; x_wconf 86' lang='lat' dir='ltr'><strong>concessa</strong></span> <span class='ocrx_word' id='word_1_654' title='bbox 1357 4239 1603 4308; x_wconf 86' lang='lat' dir='ltr'><strong>suscipit,</strong></span> <span class='ocrx_word' id='word_1_655' title='bbox 1628 4247 1684 4293; x_wconf 91' lang='lat' dir='ltr'><strong>et</strong></span> <span class='ocrx_word' id='word_1_656' title='bbox 1709 4241 1799 4309; x_wconf 93' lang='lat' dir='ltr'><strong>qui</strong></span> <span class='ocrx_word' id='word_1_657' title='bbox 1832 4239 1932 4292; x_wconf 86' lang='lat' dir='ltr'><strong>illi-</strong></span> 
     </span>
    </p>
   </div>
   <div class='ocr_carea' id='block_1_77' title="bbox 346 4325 1934 4399">
    <p class='ocr_par' dir='ltr' id='par_1_77' title="bbox 346 4325 1934 4399">
     <span class='ocr_line' id='line_1_77' title="bbox 346 4325 1934 4399; baseline 0.005 -21"><span class='ocrx_word' id='word_1_658' title='bbox 346 4325 455 4379; x_wconf 82' lang='lat' dir='ltr'><strong>cita</strong></span> <span class='ocrx_word' id='word_1_659' title='bbox 488 4326 783 4394; x_wconf 73' lang='lat' dir='ltr'><strong>przesumit.</strong></span> <span class='ocrx_word' id='word_1_660' title='bbox 831 4327 975 4382; x_wconf 80' lang='grc' dir='ltr'>ῡιεε.</span> <span class='ocrx_word' id='word_1_661' title='bbox 1015 4326 1123 4382; x_wconf 83' lang='grc' dir='ltr'>Νεε</span> <span class='ocrx_word' id='word_1_662' title='bbox 1159 4327 1544 4399; x_wconf 86' lang='lat' dir='ltr'><strong>incongruum,</strong></span> <span class='ocrx_word' id='word_1_663' title='bbox 1573 4345 1672 4386; x_wconf 91' lang='lat' dir='ltr'><strong>nec</strong></span> <span class='ocrx_word' id='word_1_664' title='bbox 1708 4331 1934 4386; x_wconf 91' lang='lat' dir='ltr'><strong>inusita-</strong></span> 
     </span>
    </p>
   </div>
   <div class='ocr_carea' id='block_1_78' title="bbox 2045 3140 3620 3220">
    <p class='ocr_par' dir='ltr' id='par_1_78' title="bbox 2045 3140 3620 3220">
     <span class='ocr_line' id='line_1_78' title="bbox 2045 3140 3620 3220; baseline -0.01 -14"><span class='ocrx_word' id='word_1_665' title='bbox 2045 3151 2193 3207; x_wconf 90' lang='lat' dir='ltr'><strong>tiam.</strong></span> <span class='ocrx_word' id='word_1_666' title='bbox 2227 3149 2410 3220; x_wconf 84' lang='lat' dir='ltr'><strong>Neque</strong></span> <span class='ocrx_word' id='word_1_667' title='bbox 2440 3149 2543 3204; x_wconf 90' lang='lat' dir='ltr'><strong>ista</strong></span> <span class='ocrx_word' id='word_1_668' title='bbox 2573 3157 2664 3203; x_wconf 90' lang='lat' dir='ltr'><strong>tua</strong></span> <span class='ocrx_word' id='word_1_669' title='bbox 2700 3146 2839 3202; x_wconf 87' lang='lat' dir='ltr'><strong>ratio</strong></span> <span class='ocrx_word' id='word_1_670' title='bbox 2865 3143 3160 3210; x_wconf 67' lang='lat' dir='ltr'><strong>ullo,modo</strong></span> <span class='ocrx_word' id='word_1_671' title='bbox 3187 3150 3407 3198; x_wconf 87' lang='lat' dir='ltr'><strong>accusat</strong></span> <span class='ocrx_word' id='word_1_672' title='bbox 3431 3140 3620 3204; x_wconf 88' lang='lat' dir='ltr'><strong>Deum,</strong></span> 
     </span>
    </p>
   </div>
   <div class='ocr_carea' id='block_1_79' title="bbox 2041 3233 3623 3302">
    <p class='ocr_par' dir='ltr' id='par_1_79' title="bbox 2041 3233 3623 3302">
     <span class='ocr_line' id='line_1_79' title="bbox 2041 3233 3623 3302; baseline -0.007 -6"><span class='ocrx_word' id='word_1_673' title='bbox 2041 3251 2132 3296; x_wconf 90' lang='lat' dir='ltr'><strong>aut</strong></span> <span class='ocrx_word' id='word_1_674' title='bbox 2170 3250 2395 3296; x_wconf 76' lang='lat' dir='ltr'><strong>excusat</strong></span> <span class='ocrx_word' id='word_1_675' title='bbox 2423 3238 2736 3294; x_wconf 80' lang='lat' dir='ltr'><strong>diabolum?</strong></span> <span class='ocrx_word' id='word_1_676' title='bbox 2778 3237 2874 3292; x_wconf 86' lang='lat' dir='ltr'><strong>sed</strong></span> <span class='ocrx_word' id='word_1_677' title='bbox 2915 3233 3341 3298; x_wconf 71' lang='lat' dir='ltr'><strong>omnino,Deum</strong></span> <span class='ocrx_word' id='word_1_678' title='bbox 3382 3233 3483 3302; x_wconf 77' lang='lat'><strong>71</strong></span> <span class='ocrx_word' id='word_1_679' title='bbox 3529 3246 3623 3286; x_wconf 76' lang='lat' dir='ltr'><strong>ex-</strong></span> 
     </span>
    </p>
   </div>
   <div class='ocr_carea' id='block_1_80' title="bbox 2038 3326 3619 3395">
    <p class='ocr_par' dir='ltr' id='par_1_80' title="bbox 2038 3326 3619 3395">
     <span class='ocr_line' id='line_1_80' title="bbox 2038 3326 3619 3395; baseline -0.008 -6"><span class='ocrx_word' id='word_1_680' title='bbox 2038 3343 2209 3395; x_wconf 85' lang='lat' dir='ltr'><strong>cusat,</strong></span> <span class='ocrx_word' id='word_1_681' title='bbox 2243 3341 2299 3386; x_wconf 90' lang='lat' dir='ltr'><strong>et</strong></span> <span class='ocrx_word' id='word_1_682' title='bbox 2327 3332 2601 3387; x_wconf 89' lang='lat' dir='ltr'><strong>diabolum</strong></span> <span class='ocrx_word' id='word_1_683' title='bbox 2631 3338 2875 3386; x_wconf 89' lang='lat' dir='ltr'><strong>accusat.</strong></span> <span class='ocrx_word' id='word_1_684' title='bbox 2907 3328 3015 3384; x_wconf 88' lang='lat' dir='ltr'><strong>Sed</strong></span> <span class='ocrx_word' id='word_1_685' title='bbox 3048 3326 3238 3381; x_wconf 85' lang='lat' dir='ltr'><strong>vellem</strong></span> <span class='ocrx_word' id='word_1_686' title='bbox 3269 3327 3410 3380; x_wconf 87' lang='lat' dir='ltr'><strong>scire</strong></span> <span class='ocrx_word' id='word_1_687' title='bbox 3441 3334 3619 3379; x_wconf 86' lang='lat' dir='ltr'><strong>utrum</strong></span> 
     </span>
    </p>
   </div>
   <div class='ocr_carea' id='block_1_81' title="bbox 2040 3416 3407 3492">
    <p class='ocr_par' dir='ltr' id='par_1_81' title="bbox 2040 3416 3407 3492">
     <span class='ocr_line' id='line_1_81' title="bbox 2040 3416 3407 3492; baseline -0.006 -15"><span class='ocrx_word' id='word_1_688' title='bbox 2040 3423 2180 3478; x_wconf 89' lang='lat' dir='ltr'><strong>idem</strong></span> <span class='ocrx_word' id='word_1_689' title='bbox 2213 3422 2457 3477; x_wconf 88' lang='lat' dir='ltr'><strong>desertor</strong></span> <span class='ocrx_word' id='word_1_690' title='bbox 2486 3420 2709 3492; x_wconf 75' lang='lat' dir='ltr'><strong>angelus</strong></span> <span class='ocrx_word' id='word_1_691' title='bbox 2740 3419 2843 3475; x_wconf 90' lang='lat' dir='ltr'><strong>ista</strong></span> <span class='ocrx_word' id='word_1_692' title='bbox 2873 3420 2939 3473; x_wconf 91' lang='lat' dir='ltr'><strong>de</strong></span> <span class='ocrx_word' id='word_1_693' title='bbox 2967 3433 3023 3472; x_wconf 89' lang='lat' dir='ltr'><strong>se</strong></span> <span class='ocrx_word' id='word_1_694' title='bbox 3050 3416 3407 3488; x_wconf 74' lang='lat' dir='ltr'><strong>pnesciverit.</strong></span> 
     </span>
    </p>
   </div>
   <div class='ocr_carea' id='block_1_82' title="bbox 2623 3527 3032 3585">
    <p class='ocr_par' dir='ltr' id='par_1_82' title="bbox 2623 3527 3032 3585">
     <span class='ocr_line' id='line_1_82' title="bbox 2623 3527 3032 3585; baseline -0.017 0"><span class='ocrx_word' id='word_1_695' title='bbox 2623 3528 2852 3585; x_wconf 85' lang='lat' dir='ltr'><strong>CAPUT</strong></span> <span class='ocrx_word' id='word_1_696' title='bbox 2892 3527 3032 3583; x_wconf 82' lang='lat' dir='ltr'><strong>XXI.</strong></span> 
     </span>
    </p>
   </div>
   <div class='ocr_carea' id='block_1_83' title="bbox 2040 3618 3616 3692">
    <p class='ocr_par' dir='ltr' id='par_1_83' title="bbox 2040 3618 3616 3692">
     <span class='ocr_line' id='line_1_83' title="bbox 2040 3618 3616 3692; baseline -0.008 -14"><span class='ocrx_word' id='word_1_697' title='bbox 2040 3623 2192 3690; x_wconf 82' lang='lat' dir='ltr'><strong>Quod</strong></span> <span class='ocrx_word' id='word_1_698' title='bbox 2220 3621 2390 3676; x_wconf 84' lang='lat' dir='ltr'><strong>malus</strong></span> <span class='ocrx_word' id='word_1_699' title='bbox 2417 3620 2631 3692; x_wconf 78' lang='lat' dir='ltr'><strong>angelus</strong></span> <span class='ocrx_word' id='word_1_700' title='bbox 2662 3637 2765 3674; x_wconf 83' lang='lat' dir='ltr'><strong>non</strong></span> <span class='ocrx_word' id='word_1_701' title='bbox 2791 3620 2957 3688; x_wconf 83' lang='lat' dir='ltr'><strong>potuit</strong></span> <span class='ocrx_word' id='word_1_702' title='bbox 2985 3618 3232 3689; x_wconf 76' lang='lat' dir='ltr'><strong>prwsct&#39;re</strong></span> <span class='ocrx_word' id='word_1_703' title='bbox 3273 3632 3328 3670; x_wconf 83' lang='lat' dir='ltr'><strong>se</strong></span> <span class='ocrx_word' id='word_1_704' title='bbox 3372 3630 3616 3668; x_wconf 79' lang='lat' dir='ltr'><strong>casurum</strong></span> 
     </span>
    </p>
   </div>
   <div class='ocr_carea' id='block_1_84' title="bbox 2766 3705 2899 3743">
    <p class='ocr_par' dir='ltr' id='par_1_84' title="bbox 2766 3705 2899 3743">
     <span class='ocr_line' id='line_1_84' title="bbox 2766 3705 2899 3743; baseline 0 0"><span class='ocrx_word' id='word_1_705' title='bbox 2766 3705 2899 3743; x_wconf 72' lang='lat'><strong>€888.</strong></span> 
     </span>
    </p>
   </div>
   <div class='ocr_carea' id='block_1_85' title="bbox 2108 3779 3615 3853">
    <p class='ocr_par' dir='ltr' id='par_1_85' title="bbox 2108 3779 3615 3853">
     <span class='ocr_line' id='line_1_85' title="bbox 2108 3779 3615 3853; baseline -0.007 -13"><span class='ocrx_word' id='word_1_706' title='bbox 2108 3784 2248 3840; x_wconf 79' lang='lat' dir='ltr'><strong>MAG.</strong></span> <span class='ocrx_word' id='word_1_707' title='bbox 2280 3784 2416 3840; x_wconf 89' lang='lat' dir='ltr'><strong>Cum</strong></span> <span class='ocrx_word' id='word_1_708' title='bbox 2471 3783 2672 3853; x_wconf 64' lang='lat' dir='ltr'><strong>quaeris</strong></span> <span class='ocrx_word' id='word_1_709' title='bbox 2700 3791 2880 3836; x_wconf 90' lang='lat' dir='ltr'><strong>utrum</strong></span> <span class='ocrx_word' id='word_1_710' title='bbox 2941 3781 3030 3836; x_wconf 90' lang='lat' dir='ltr'><strong>ille</strong></span> <span class='ocrx_word' id='word_1_711' title='bbox 3083 3780 3331 3850; x_wconf 81' lang='lat' dir='ltr'><strong>angelus,</strong></span> <span class='ocrx_word' id='word_1_712' title='bbox 3365 3779 3455 3847; x_wconf 89' lang='lat' dir='ltr'><strong>qui</strong></span> <span class='ocrx_word' id='word_1_713' title='bbox 3512 3792 3615 3830; x_wconf 92' lang='lat' dir='ltr'><strong>non</strong></span> 
     </span>
    </p>
   </div>
   <div class='ocr_carea' id='block_1_86' title="bbox 2038 3873 3615 3942">
    <p class='ocr_par' dir='ltr' id='par_1_86' title="bbox 2038 3873 3615 3942">
     <span class='ocr_line' id='line_1_86' title="bbox 2038 3873 3615 3942; baseline -0.008 -8"><span class='ocrx_word' id='word_1_714' title='bbox 2038 3878 2186 3934; x_wconf 91' lang='lat' dir='ltr'><strong>stetit</strong></span> <span class='ocrx_word' id='word_1_715' title='bbox 2258 3877 2311 3931; x_wconf 93' lang='lat' dir='ltr'><strong>in</strong></span> <span class='ocrx_word' id='word_1_716' title='bbox 2359 3876 2632 3941; x_wconf 85' lang='lat' dir='ltr'><strong>veritate,</strong></span> <span class='ocrx_word' id='word_1_717' title='bbox 2691 3873 3028 3942; x_wconf 65' lang='lat' dir='ltr'><strong>praesciverit</strong></span> <span class='ocrx_word' id='word_1_718' title='bbox 3078 3887 3136 3927; x_wconf 89' lang='lat' dir='ltr'><strong>se</strong></span> <span class='ocrx_word' id='word_1_719' title='bbox 3179 3887 3300 3926; x_wconf 90' lang='lat' dir='ltr'><strong>esse</strong></span> <span class='ocrx_word' id='word_1_720' title='bbox 3363 3885 3615 3925; x_wconf 89' lang='lat' dir='ltr'><strong>casurum</strong></span> 
     </span>
    </p>
   </div>
   <div class='ocr_carea' id='block_1_87' title="bbox 2035 3958 3614 4032">
    <p class='ocr_par' dir='ltr' id='par_1_87' title="bbox 2035 3958 3614 4032">
     <span class='ocr_line' id='line_1_87' title="bbox 2035 3958 3614 4032; baseline -0.007 -11"><span class='ocrx_word' id='word_1_721' title='bbox 2035 3967 2164 4032; x_wconf 82' lang='grc'><strong>¹¹⁰⁶,</strong></span> <span class='ocrx_word' id='word_1_722' title='bbox 2195 3965 2610 4020; x_wconf 89' lang='lat' dir='ltr'><strong>discernendum</strong></span> <span class='ocrx_word' id='word_1_723' title='bbox 2635 3971 2718 4017; x_wconf 89' lang='lat' dir='ltr'><strong>est</strong></span> <span class='ocrx_word' id='word_1_724' title='bbox 2743 3963 2808 4016; x_wconf 93' lang='lat' dir='ltr'><strong>de</strong></span> <span class='ocrx_word' id='word_1_725' title='bbox 2831 3977 2935 4030; x_wconf 90' lang='lat' dir='ltr'><strong>qua</strong></span> <span class='ocrx_word' id='word_1_726' title='bbox 2963 3961 3187 4016; x_wconf 87' lang='lat' dir='ltr'><strong>scientia</strong></span> <span class='ocrx_word' id='word_1_727' title='bbox 3217 3960 3386 4014; x_wconf 90' lang='lat' dir='ltr'><strong>dicas.</strong></span> <span class='ocrx_word' id='word_1_728' title='bbox 3413 3958 3545 4010; x_wconf 88' lang='lat' dir='ltr'><strong>Nam</strong></span> <span class='ocrx_word' id='word_1_729' title='bbox 3569 3958 3614 4010; x_wconf 88' lang='lat' dir='ltr'><strong>si</strong></span> 
     </span>
    </p>
   </div>
   <div class='ocr_carea' id='block_1_88' title="bbox 2035 4049 3614 4120">
    <p class='ocr_par' dir='ltr' id='par_1_88' title="bbox 2035 4049 3614 4120">
     <span class='ocr_line' id='line_1_88' title="bbox 2035 4049 3614 4120; baseline -0.005 -10"><span class='ocrx_word' id='word_1_730' title='bbox 2035 4056 2101 4110; x_wconf 89' lang='lat' dir='ltr'><strong>de</strong></span> <span class='ocrx_word' id='word_1_731' title='bbox 2130 4054 2220 4108; x_wconf 90' lang='lat' dir='ltr'><strong>illa</strong></span> <span class='ocrx_word' id='word_1_732' title='bbox 2249 4053 2474 4108; x_wconf 89' lang='lat' dir='ltr'><strong>scientia</strong></span> <span class='ocrx_word' id='word_1_733' title='bbox 2510 4052 2799 4120; x_wconf 65' lang='lat' dir='ltr'><strong>quaeritur,</strong></span> <span class='ocrx_word' id='word_1_734' title='bbox 2829 4066 2950 4120; x_wconf 64' lang='lat' dir='ltr'><strong>quae</strong></span> <span class='ocrx_word' id='word_1_735' title='bbox 2983 4065 3086 4104; x_wconf 90' lang='lat' dir='ltr'><strong>non</strong></span> <span class='ocrx_word' id='word_1_736' title='bbox 3117 4059 3202 4104; x_wconf 86' lang='lat' dir='ltr'><strong>est</strong></span> <span class='ocrx_word' id='word_1_737' title='bbox 3230 4050 3332 4103; x_wconf 91' lang='lat' dir='ltr'><strong>nisi</strong></span> <span class='ocrx_word' id='word_1_738' title='bbox 3372 4049 3464 4080; x_wconf 83' lang='grc'><strong>¹¹⁰⁷</strong></span> <span class='ocrx_word' id='word_1_739' title='bbox 3492 4065 3614 4102; x_wconf 87' lang='lat' dir='ltr'><strong>cum</strong></span> 
     </span>
    </p>
   </div>
   <div class='ocr_carea' id='block_1_89' title="bbox 2035 4140 3617 4213">
    <p class='ocr_par' dir='ltr' id='par_1_89' title="bbox 2035 4140 3617 4213">
     <span class='ocr_line' id='line_1_89' title="bbox 2035 4140 3617 4213; baseline -0.005 -12"><span class='ocrx_word' id='word_1_740' title='bbox 2035 4155 2183 4201; x_wconf 92' lang='lat' dir='ltr'><strong>certa</strong></span> <span class='ocrx_word' id='word_1_741' title='bbox 2205 4145 2412 4199; x_wconf 88' lang='lat' dir='ltr'><strong>ratione</strong></span> <span class='ocrx_word' id='word_1_742' title='bbox 2444 4143 2645 4213; x_wconf 90' lang='lat' dir='ltr'><strong>aliquid</strong></span> <span class='ocrx_word' id='word_1_743' title='bbox 2676 4143 3020 4213; x_wconf 89' lang='lat' dir='ltr'><strong>intelligitur,</strong></span> <span class='ocrx_word' id='word_1_744' title='bbox 3057 4143 3278 4197; x_wconf 92' lang='lat' dir='ltr'><strong>omnino</strong></span> <span class='ocrx_word' id='word_1_745' title='bbox 3317 4140 3617 4210; x_wconf 80' lang='lat' dir='ltr'><strong>respondeo</strong></span> 
     </span>
    </p>
   </div>
   <div class='ocr_carea' id='block_1_90' title="bbox 2034 4230 3614 4307">
    <p class='ocr_par' dir='ltr' id='par_1_90' title="bbox 2034 4230 3614 4307">
     <span class='ocr_line' id='line_1_90' title="bbox 2034 4230 3614 4307; baseline -0.006 -15"><span class='ocrx_word' id='word_1_746' title='bbox 2034 4252 2140 4292; x_wconf 88' lang='lat' dir='ltr'><strong>non</strong></span> <span class='ocrx_word' id='word_1_747' title='bbox 2172 4250 2328 4307; x_wconf 86' lang='lat' dir='ltr'><strong>posse</strong></span> <span class='ocrx_word' id='word_1_748' title='bbox 2351 4235 2477 4290; x_wconf 88' lang='lat' dir='ltr'><strong>sciri</strong></span> <span class='ocrx_word' id='word_1_749' title='bbox 2500 4234 2595 4267; x_wconf 80' lang='grc'><strong>²¹⁰⁸</strong></span> <span class='ocrx_word' id='word_1_750' title='bbox 2621 4234 2762 4304; x_wconf 88' lang='lat' dir='ltr'><strong>quod</strong></span> <span class='ocrx_word' id='word_1_751' title='bbox 2787 4243 2964 4304; x_wconf 88' lang='lat' dir='ltr'><strong>potest</strong></span> <span class='ocrx_word' id='word_1_752' title='bbox 2989 4249 3092 4288; x_wconf 93' lang='lat' dir='ltr'><strong>non</strong></span> <span class='ocrx_word' id='word_1_753' title='bbox 3117 4247 3257 4288; x_wconf 81' lang='lat' dir='ltr'><strong>esse.</strong></span> <span class='ocrx_word' id='word_1_754' title='bbox 3289 4232 3442 4299; x_wconf 90' lang='lat' dir='ltr'><strong>Quod</strong></span> <span class='ocrx_word' id='word_1_755' title='bbox 3471 4230 3614 4285; x_wconf 87' lang='lat' dir='ltr'><strong>enim</strong></span> 
     </span>
    </p>
   </div>
   <div class='ocr_carea' id='block_1_91' title="bbox 2035 4321 3615 4397">
    <p class='ocr_par' dir='ltr' id='par_1_91' title="bbox 2035 4321 3615 4397">
     <span class='ocr_line' id='line_1_91' title="bbox 2035 4321 3615 4397; baseline -0.006 -15"><span class='ocrx_word' id='word_1_756' title='bbox 2035 4344 2140 4384; x_wconf 90' lang='lat' dir='ltr'><strong>non</strong></span> <span class='ocrx_word' id='word_1_757' title='bbox 2171 4341 2292 4382; x_wconf 85' lang='lat' dir='ltr'><strong>esse</strong></span> <span class='ocrx_word' id='word_1_758' title='bbox 2319 4333 2498 4397; x_wconf 89' lang='lat' dir='ltr'><strong>potest</strong></span> <span class='ocrx_word' id='word_1_759' title='bbox 2519 4340 2640 4380; x_wconf 89' lang='lat' dir='ltr'><strong>esse</strong></span> <span class='ocrx_word' id='word_1_760' title='bbox 2672 4339 3012 4394; x_wconf 88' lang='lat' dir='ltr'><strong>nequaquam</strong></span> <span class='ocrx_word' id='word_1_761' title='bbox 3040 4332 3187 4378; x_wconf 90' lang='lat' dir='ltr'><strong>certa</strong></span> <span class='ocrx_word' id='word_1_762' title='bbox 3219 4330 3396 4391; x_wconf 90' lang='lat' dir='ltr'><strong>potest</strong></span> <span class='ocrx_word' id='word_1_763' title='bbox 3439 4321 3615 4389; x_wconf 80' lang='lat' dir='ltr'><strong>colligi</strong></span> 
     </span>
    </p>
   </div>
   <div class='ocr_carea' id='block_1_92' title="bbox 347 4397 3618 4488">
    <p class='ocr_par' dir='ltr' id='par_1_92' title="bbox 347 4397 3618 4488">
     <span class='ocr_line' id='line_1_92' title="bbox 347 4397 3618 4488; baseline -0.002 -19"><span class='ocrx_word' id='word_1_764' title='bbox 347 4425 460 4470; x_wconf 88' lang='lat' dir='ltr'><strong>tum</strong></span> <span class='ocrx_word' id='word_1_765' title='bbox 491 4415 620 4470; x_wconf 90' lang='lat' dir='ltr'><strong>mihi</strong></span> <span class='ocrx_word' id='word_1_766' title='bbox 661 4416 872 4472; x_wconf 90' lang='lat' dir='ltr'><strong>videtur</strong></span> <span class='ocrx_word' id='word_1_767' title='bbox 907 4419 1048 4488; x_wconf 88' lang='lat' dir='ltr'><strong>quod</strong></span> <span class='ocrx_word' id='word_1_768' title='bbox 1078 4418 1230 4474; x_wconf 86' lang='lat' dir='ltr'><strong>dicis.</strong></span> <span class='ocrx_word' id='word_1_769' title='bbox 1272 4397 1410 4474; x_wconf 61' lang='lat' dir='ltr'><strong>Mite.</strong></span> <span class='ocrx_word' id='word_1_770' title='bbox 1458 4419 1596 4486; x_wconf 88' lang='lat' dir='ltr'><strong>Quid</strong></span> <span class='ocrx_word' id='word_1_771' title='bbox 1634 4435 1763 4488; x_wconf 85' lang='lat' dir='ltr'><strong>ergo</strong></span> <span class='ocrx_word' id='word_1_772' title='bbox 1793 4421 1928 4476; x_wconf 87' lang='lat' dir='ltr'><strong>dici-</strong></span> <span class='ocrx_word' id='word_1_773' title='bbox 1964 4397 2008 4452; x_wconf 77' lang='grc' dir='ltr'><strong>Ῐ)</strong></span> <span class='ocrx_word' id='word_1_774' title='bbox 2036 4421 2264 4475; x_wconf 88' lang='lat' dir='ltr'><strong>ratione.</strong></span> <span class='ocrx_word' id='word_1_775' title='bbox 2291 4417 2634 4488; x_wconf 85' lang='lat' dir='ltr'><strong>Quapropter</strong></span> <span class='ocrx_word' id='word_1_776' title='bbox 2655 4415 3030 4471; x_wconf 91' lang='lat' dir='ltr'><strong>constatillum</strong></span> <span class='ocrx_word' id='word_1_777' title='bbox 3049 4413 3352 4468; x_wconf 90' lang='lat' dir='ltr'><strong>nullatenus</strong></span> <span class='ocrx_word' id='word_1_778' title='bbox 3377 4412 3618 4482; x_wconf 87' lang='lat' dir='ltr'><strong>potuisse</strong></span> 
     </span>
    </p>
   </div>
   <div class='ocr_carea' id='block_1_93' title="bbox 346 4508 1930 4575">
    <p class='ocr_par' dir='ltr' id='par_1_93' title="bbox 346 4508 1930 4575">
     <span class='ocr_line' id='line_1_93' title="bbox 346 4508 1930 4575; baseline 0.006 -18"><span class='ocrx_word' id='word_1_779' title='bbox 346 4522 467 4561; x_wconf 90' lang='lat' dir='ltr'><strong>mus</strong></span> <span class='ocrx_word' id='word_1_780' title='bbox 494 4516 680 4562; x_wconf 88' lang='lat' dir='ltr'><strong>contra</strong></span> <span class='ocrx_word' id='word_1_781' title='bbox 717 4508 1000 4563; x_wconf 92' lang='lat' dir='ltr'><strong>veritatem</strong></span> <span class='ocrx_word' id='word_1_782' title='bbox 1025 4550 1041 4575; x_wconf 90' lang='lat'><strong>,</strong></span> <span class='ocrx_word' id='word_1_783' title='bbox 1071 4509 1116 4563; x_wconf 91' lang='lat' dir='ltr'><strong>si</strong></span> <span class='ocrx_word' id='word_1_784' title='bbox 1147 4509 1378 4564; x_wconf 84' lang='lat' dir='ltr'><strong>dicimus</strong></span> <span class='ocrx_word' id='word_1_785' title='bbox 1404 4525 1526 4564; x_wconf 92' lang='lat' dir='ltr'><strong>cum</strong></span> <span class='ocrx_word' id='word_1_786' title='bbox 1566 4510 1812 4564; x_wconf 88' lang='lat' dir='ltr'><strong>diabolus</strong></span> <span class='ocrx_word' id='word_1_787' title='bbox 1837 4525 1930 4566; x_wconf 84' lang='lat' dir='ltr'><strong>vo-</strong></span> 
     </span>
    </p>
   </div>
   <div class='ocr_carea' id='block_1_94' title="bbox 345 4595 1926 4670">
    <p class='ocr_par' dir='ltr' id='par_1_94' title="bbox 345 4595 1926 4670">
     <span class='ocr_line' id='line_1_94' title="bbox 345 4595 1926 4670; baseline 0.006 -24"><span class='ocrx_word' id='word_1_788' title='bbox 345 4595 445 4648; x_wconf 88' lang='lat' dir='ltr'><strong>luit</strong></span> <span class='ocrx_word' id='word_1_789' title='bbox 483 4598 622 4663; x_wconf 90' lang='lat' dir='ltr'><strong>quod</strong></span> <span class='ocrx_word' id='word_1_790' title='bbox 649 4612 754 4651; x_wconf 90' lang='lat' dir='ltr'><strong>non</strong></span> <span class='ocrx_word' id='word_1_791' title='bbox 785 4598 990 4664; x_wconf 90' lang='lat' dir='ltr'><strong>debuit,</strong></span> <span class='ocrx_word' id='word_1_792' title='bbox 1019 4597 1119 4652; x_wconf 91' lang='lat' dir='ltr'><strong>hoc</strong></span> <span class='ocrx_word' id='word_1_793' title='bbox 1151 4598 1296 4652; x_wconf 91' lang='lat' dir='ltr'><strong>illum</strong></span> <span class='ocrx_word' id='word_1_794' title='bbox 1326 4609 1380 4654; x_wconf 91' lang='lat' dir='ltr'><strong>et</strong></span> <span class='ocrx_word' id='word_1_795' title='bbox 1409 4614 1439 4652; x_wconf 91' lang='lat' dir='ltr'><strong>a</strong></span> <span class='ocrx_word' id='word_1_796' title='bbox 1469 4599 1576 4654; x_wconf 85' lang='lat' dir='ltr'><strong>Deo</strong></span> <span class='ocrx_word' id='word_1_797' title='bbox 1611 4601 1887 4670; x_wconf 89' lang='lat' dir='ltr'><strong>accepisse</strong></span> <span class='ocrx_word' id='word_1_798' title='bbox 1910 4640 1926 4664; x_wconf 89' lang='lat'><strong>,</strong></span> 
     </span>
    </p>
   </div>
   <div class='ocr_carea' id='block_1_95' title="bbox 342 4684 1923 4759">
    <p class='ocr_par' dir='ltr' id='par_1_95' title="bbox 342 4684 1923 4759">
     <span class='ocr_line' id='line_1_95' title="bbox 342 4684 1923 4759; baseline 0.006 -24"><span class='ocrx_word' id='word_1_799' title='bbox 342 4684 470 4753; x_wconf 87' lang='lat' dir='ltr'><strong>quia</strong></span> <span class='ocrx_word' id='word_1_800' title='bbox 501 4685 641 4740; x_wconf 89' lang='lat' dir='ltr'><strong>Deus</strong></span> <span class='ocrx_word' id='word_1_801' title='bbox 671 4687 953 4755; x_wconf 88' lang='lat' dir='ltr'><strong>permisit;</strong></span> <span class='ocrx_word' id='word_1_802' title='bbox 987 4695 1041 4743; x_wconf 89' lang='lat' dir='ltr'><strong>et</strong></span> <span class='ocrx_word' id='word_1_803' title='bbox 1084 4703 1191 4742; x_wconf 85' lang='lat' dir='ltr'><strong>non</strong></span> <span class='ocrx_word' id='word_1_804' title='bbox 1219 4689 1511 4759; x_wconf 84' lang='lat' dir='ltr'><strong>accepisse,</strong></span> <span class='ocrx_word' id='word_1_805' title='bbox 1545 4691 1668 4759; x_wconf 88' lang='lat' dir='ltr'><strong>quia</strong></span> <span class='ocrx_word' id='word_1_806' title='bbox 1702 4689 1788 4743; x_wconf 92' lang='lat' dir='ltr'><strong>ille</strong></span> <span class='ocrx_word' id='word_1_807' title='bbox 1819 4707 1923 4744; x_wconf 91' lang='lat' dir='ltr'><strong>non</strong></span> 
     </span>
    </p>
   </div>
   <div class='ocr_carea' id='block_1_96' title="bbox 2032 4510 3618 4580">
    <p class='ocr_par' dir='ltr' id='par_1_96' title="bbox 2032 4510 3618 4580">
     <span class='ocr_line' id='line_1_96' title="bbox 2032 4510 3618 4580; baseline -0.005 -17"><span class='ocrx_word' id='word_1_808' title='bbox 2032 4510 2285 4580; x_wconf 62' lang='lat' dir='ltr'><strong>pratscire</strong></span> <span class='ocrx_word' id='word_1_809' title='bbox 2311 4522 2497 4564; x_wconf 90' lang='lat' dir='ltr'><strong>casum</strong></span> <span class='ocrx_word' id='word_1_810' title='bbox 2519 4521 2674 4562; x_wconf 87' lang='lat' dir='ltr'><strong>suum</strong></span> <span class='ocrx_word' id='word_1_811' title='bbox 2695 4547 2709 4570; x_wconf 88' lang='lat'><strong>,</strong></span> <span class='ocrx_word' id='word_1_812' title='bbox 2740 4521 2900 4575; x_wconf 90' lang='lat' dir='ltr'><strong>quem</strong></span> <span class='ocrx_word' id='word_1_813' title='bbox 2935 4520 3155 4561; x_wconf 88' lang='lat' dir='ltr'><strong>necesse</strong></span> <span class='ocrx_word' id='word_1_814' title='bbox 3194 4520 3301 4559; x_wconf 88' lang='lat' dir='ltr'><strong>non</strong></span> <span class='ocrx_word' id='word_1_815' title='bbox 3337 4513 3457 4558; x_wconf 89' lang='lat' dir='ltr'><strong>erat</strong></span> <span class='ocrx_word' id='word_1_816' title='bbox 3497 4517 3618 4557; x_wconf 88' lang='lat' dir='ltr'><strong>esse</strong></span> 
     </span>
    </p>
   </div>
   <div class='ocr_carea' id='block_1_97' title="bbox 2031 4594 3616 4655">
    <p class='ocr_par' dir='ltr' id='par_1_97' title="bbox 2031 4594 3616 4655">
     <span class='ocr_line' id='line_1_97' title="bbox 2031 4594 3616 4655; baseline -0.006 0"><span class='ocrx_word' id='word_1_817' title='bbox 2031 4601 2272 4655; x_wconf 90' lang='lat' dir='ltr'><strong>futurum</strong></span> <span class='ocrx_word' id='word_1_818' title='bbox 2303 4599 2420 4651; x_wconf 75' lang='grc' dir='ltr'>ἰοθ.</span> <span class='ocrx_word' id='word_1_819' title='bbox 2442 4596 2712 4652; x_wconf 87' lang='lat' dir='ltr'><strong>Ponamus</strong></span> <span class='ocrx_word' id='word_1_820' title='bbox 2747 4596 2889 4652; x_wconf 90' lang='lat' dir='ltr'><strong>enim</strong></span> <span class='ocrx_word' id='word_1_821' title='bbox 2921 4611 3029 4651; x_wconf 92' lang='lat' dir='ltr'><strong>non</strong></span> <span class='ocrx_word' id='word_1_822' title='bbox 3061 4595 3228 4650; x_wconf 91' lang='lat' dir='ltr'><strong>fuisse</strong></span> <span class='ocrx_word' id='word_1_823' title='bbox 3254 4594 3492 4648; x_wconf 90' lang='lat' dir='ltr'><strong>futurum</strong></span> <span class='ocrx_word' id='word_1_824' title='bbox 3521 4607 3616 4648; x_wconf 89' lang='lat' dir='ltr'><strong>ca-</strong></span> 
     </span>
    </p>
   </div>
   <div class='ocr_carea' id='block_1_98' title="bbox 2030 4682 3616 4758">
    <p class='ocr_par' dir='ltr' id='par_1_98' title="bbox 2030 4682 3616 4758">
     <span class='ocr_line' id='line_1_98' title="bbox 2030 4682 3616 4758; baseline -0.007 -12"><span class='ocrx_word' id='word_1_825' title='bbox 2030 4707 2150 4746; x_wconf 83' lang='lat' dir='ltr'><strong>sum</strong></span> <span class='ocrx_word' id='word_1_826' title='bbox 2179 4689 2360 4756; x_wconf 88' lang='lat' dir='ltr'><strong>illum;</strong></span> <span class='ocrx_word' id='word_1_827' title='bbox 2398 4704 2466 4743; x_wconf 91' lang='lat' dir='ltr'><strong>an</strong></span> <span class='ocrx_word' id='word_1_828' title='bbox 2491 4688 2673 4758; x_wconf 88' lang='lat' dir='ltr'><strong>itaque</strong></span> <span class='ocrx_word' id='word_1_829' title='bbox 2695 4695 2852 4757; x_wconf 85' lang='lat' dir='ltr'><strong>putas</strong></span> <span class='ocrx_word' id='word_1_830' title='bbox 2880 4685 3122 4758; x_wconf 84' lang='lat' dir='ltr'><strong>praesciri</strong></span> <span class='ocrx_word' id='word_1_831' title='bbox 3146 4685 3384 4757; x_wconf 88' lang='lat' dir='ltr'><strong>potuisse</strong></span> <span class='ocrx_word' id='word_1_832' title='bbox 3406 4723 3420 4747; x_wconf 90' lang='lat'><strong>,</strong></span> <span class='ocrx_word' id='word_1_833' title='bbox 3447 4683 3494 4738; x_wconf 92' lang='lat' dir='ltr'><strong>si</strong></span> <span class='ocrx_word' id='word_1_834' title='bbox 3534 4682 3616 4736; x_wconf 58' lang='lat' dir='ltr'><strong>fu-</strong></span> 
     </span>
    </p>
   </div>
   <div class='ocr_carea' id='block_1_99' title="bbox 1616 4825 2287 4884">
    <p class='ocr_par' dir='ltr' id='par_1_99' title="bbox 1616 4825 2287 4884">
     <span class='ocr_line' id='line_1_99' title="bbox 1616 4825 2287 4884; baseline 0 -6"><span class='ocrx_word' id='word_1_835' title='bbox 1616 4825 1845 4880; x_wconf 65' lang='lat' dir='ltr'><strong>VARIE</strong></span> <span class='ocrx_word' id='word_1_836' title='bbox 1884 4825 2287 4884; x_wconf 83' lang='lat' dir='ltr'><strong>LECTIONES.</strong></span> 
     </span>
    </p>
   </div>
   <div class='ocr_carea' id='block_1_100' title="bbox 418 4955 2046 5028">
    <p class='ocr_par' dir='ltr' id='par_1_100' title="bbox 418 4955 2046 5028">
     <span class='ocr_line' id='line_1_100' title="bbox 418 4955 2046 5028; baseline 0.003 -20"><span class='ocrx_word' id='word_1_837' title='bbox 418 4955 877 5028; x_wconf 24' lang='lat' dir='ltr'><strong>&#39;“fAEratbonntn</strong></span> <span class='ocrx_word' id='word_1_838' title='bbox 917 4955 1153 5024; x_wconf 89' lang='lat' dir='ltr'><strong>aliquod.</strong></span> <span class='ocrx_word' id='word_1_839' title='bbox 1187 4973 1313 5028; x_wconf 85' lang='lat' dir='ltr'><strong>mss.</strong></span> <span class='ocrx_word' id='word_1_840' title='bbox 1346 4967 1484 5018; x_wconf 88' lang='lat' dir='ltr'><strong>erat,</strong></span> <span class='ocrx_word' id='word_1_841' title='bbox 1520 4958 1719 5012; x_wconf 90' lang='lat' dir='ltr'><strong>bonum</strong></span> <span class='ocrx_word' id='word_1_842' title='bbox 1743 4969 1824 5014; x_wconf 90' lang='lat' dir='ltr'><strong>est</strong></span> <span class='ocrx_word' id='word_1_843' title='bbox 1847 4959 2046 5028; x_wconf 87' lang='lat' dir='ltr'><strong>aliquid</strong></span> 
     </span>
    </p>
   </div>
   <div class='ocr_carea' id='block_1_101' title="bbox 1481 5026 2899 5083">
    <p class='ocr_par' dir='ltr' id='par_1_101' title="bbox 1481 5026 2899 5083">
     <span class='ocr_line' id='line_1_101' title="bbox 1481 5026 2899 5083; baseline 0 -3"><span class='ocrx_word' id='word_1_844' title='bbox 1481 5029 1571 5059; x_wconf 60' lang='grc' dir='ltr'><strong>ὀν’</strong></span> <span class='ocrx_word' id='word_1_845' title='bbox 1607 5028 1772 5082; x_wconf 82' lang='lat' dir='ltr'><strong>Malas</strong></span> <span class='ocrx_word' id='word_1_846' title='bbox 1802 5026 2106 5083; x_wconf 85' lang='lat' dir='ltr'><strong>voluntates</strong></span> <span class='ocrx_word' id='word_1_847' title='bbox 2137 5045 2262 5080; x_wconf 90' lang='lat' dir='ltr'><strong>mss.</strong></span> <span class='ocrx_word' id='word_1_848' title='bbox 2315 5027 2489 5081; x_wconf 87' lang='lat' dir='ltr'><strong>malas</strong></span> <span class='ocrx_word' id='word_1_849' title='bbox 2519 5035 2571 5078; x_wconf 89' lang='lat' dir='ltr'><strong>et</strong></span> <span class='ocrx_word' id='word_1_850' title='bbox 2598 5026 2899 5080; x_wconf 78' lang='lat' dir='ltr'><strong>voluntates</strong></span> 
     </span>
    </p>
   </div>
   <div class='ocr_carea' id='block_1_102' title="bbox 343 5025 1380 5080">
    <p class='ocr_par' dir='ltr' id='par_1_102' title="bbox 343 5025 1380 5080">
     <span class='ocr_line' id='line_1_102' title="bbox 343 5025 1380 5080; baseline -0.001 0"><span class='ocrx_word' id='word_1_851' title='bbox 343 5028 441 5059; x_wconf 68' lang='lat'><strong>“9°</strong></span> <span class='ocrx_word' id='word_1_852' title='bbox 486 5026 615 5080; x_wconf 85' lang='lat' dir='ltr'><strong>Esse</strong></span> <span class='ocrx_word' id='word_1_853' title='bbox 638 5025 830 5079; x_wconf 91' lang='lat' dir='ltr'><strong>malam</strong></span> <span class='ocrx_word' id='word_1_854' title='bbox 877 5043 1001 5078; x_wconf 91' lang='lat' dir='ltr'><strong>mss.</strong></span> <span class='ocrx_word' id='word_1_855' title='bbox 1036 5041 1153 5079; x_wconf 90' lang='lat' dir='ltr'><strong>esse</strong></span> <span class='ocrx_word' id='word_1_856' title='bbox 1185 5026 1380 5079; x_wconf 89' lang='lat' dir='ltr'><strong>malum</strong></span> 
     </span>
    </p>
   </div>
   <div class='ocr_carea' id='block_1_103' title="bbox 346 5093 722 5164">
    <p class='ocr_par' dir='ltr' id='par_1_103' title="bbox 346 5093 722 5164">
     <span class='ocr_line' id='line_1_103' title="bbox 346 5093 722 5164; baseline 0 -16"><span class='ocrx_word' id='word_1_857' title='bbox 346 5100 502 5150; x_wconf 81' lang='lat' dir='ltr'><strong>video</strong></span> <span class='ocrx_word' id='word_1_858' title='bbox 525 5093 722 5164; x_wconf 86' lang='lat' dir='ltr'><strong>aliquid</strong></span> 
     </span>
    </p>
   </div>
   <div class='ocr_carea' id='block_1_104' title="bbox 345 5165 1863 5230">
    <p class='ocr_par' dir='ltr' id='par_1_104' title="bbox 345 5165 1863 5230">
     <span class='ocr_line' id='line_1_104' title="bbox 345 5165 1863 5230; baseline -0.001 -8"><span class='ocrx_word' id='word_1_859' title='bbox 345 5184 453 5222; x_wconf 82' lang='lat' dir='ltr'><strong>non</strong></span> <span class='ocrx_word' id='word_1_860' title='bbox 486 5169 554 5222; x_wconf 89' lang='lat' dir='ltr'><strong>sit</strong></span> <span class='ocrx_word' id='word_1_861' title='bbox 626 5166 719 5197; x_wconf 79' lang='grc'><strong>¹⁰⁹³</strong></span> <span class='ocrx_word' id='word_1_862' title='bbox 751 5165 920 5219; x_wconf 91' lang='lat' dir='ltr'><strong>Omne</strong></span> <span class='ocrx_word' id='word_1_863' title='bbox 963 5166 1184 5228; x_wconf 92' lang='lat' dir='ltr'><strong>bonum,</strong></span> <span class='ocrx_word' id='word_1_864' title='bbox 1233 5167 1374 5230; x_wconf 90' lang='lat' dir='ltr'><strong>quod</strong></span> <span class='ocrx_word' id='word_1_865' title='bbox 1420 5179 1504 5220; x_wconf 91' lang='lat' dir='ltr'><strong>est</strong></span> <span class='ocrx_word' id='word_1_866' title='bbox 1541 5183 1663 5219; x_wconf 69' lang='lat' dir='ltr'><strong>mss.</strong></span> <span class='ocrx_word' id='word_1_867' title='bbox 1703 5184 1863 5220; x_wconf 86' lang='lat' dir='ltr'><strong>omne</strong></span> 
     </span>
    </p>
   </div>
   <div class='ocr_carea' id='block_1_105' title="bbox 343 5235 3002 5306">
    <p class='ocr_par' dir='ltr' id='par_1_105' title="bbox 343 5235 3002 5306">
     <span class='ocr_line' id='line_1_105' title="bbox 343 5235 3002 5306; baseline -0.001 -17"><span class='ocrx_word' id='word_1_868' title='bbox 343 5252 472 5290; x_wconf 83' lang='lat' dir='ltr'><strong>cere</strong></span> <span class='ocrx_word' id='word_1_869' title='bbox 543 5237 636 5274; x_wconf 77' lang='grc'><strong>²⁰⁹⁷</strong></span> <span class='ocrx_word' id='word_1_870' title='bbox 658 5235 875 5289; x_wconf 88' lang='lat' dir='ltr'><strong>Liberat</strong></span> <span class='ocrx_word' id='word_1_871' title='bbox 902 5236 968 5306; x_wconf 87' lang='lat' dir='ltr'><strong>de</strong></span> <span class='ocrx_word' id='word_1_872' title='bbox 994 5251 1056 5289; x_wconf 90' lang='lat' dir='ltr'><strong>ea</strong></span> <span class='ocrx_word' id='word_1_873' title='bbox 1087 5252 1212 5288; x_wconf 89' lang='lat' dir='ltr'><strong>mss.</strong></span> <span class='ocrx_word' id='word_1_874' title='bbox 1243 5235 1432 5289; x_wconf 90' lang='lat' dir='ltr'><strong>liberat</strong></span> <span class='ocrx_word' id='word_1_875' title='bbox 1454 5239 1520 5288; x_wconf 88' lang='lat' dir='ltr'><strong>ab</strong></span> <span class='ocrx_word' id='word_1_876' title='bbox 1541 5252 1601 5288; x_wconf 91' lang='lat' dir='ltr'><strong>ea</strong></span> <span class='ocrx_word' id='word_1_877' title='bbox 1660 5237 1779 5306; x_wconf 12' lang='lat'><strong>7&quot;”</strong></span> <span class='ocrx_word' id='word_1_878' title='bbox 1807 5235 2026 5291; x_wconf 82' lang='lat' dir='ltr'><strong>Volendi</strong></span> <span class='ocrx_word' id='word_1_879' title='bbox 2058 5237 2310 5306; x_wconf 60' lang='lat' dir='ltr'><strong>quaflihet</strong></span> <span class='ocrx_word' id='word_1_880' title='bbox 2349 5235 2719 5306; x_wconf 90' lang='lat' dir='ltr'><strong>mss._vo|endi</strong></span> <span class='ocrx_word' id='word_1_881' title='bbox 2741 5235 3002 5304; x_wconf 81' lang='lat' dir='ltr'><strong>quidlibet</strong></span> 
     </span>
    </p>
   </div>
   <div class='ocr_carea' id='block_1_106' title="bbox 833 5094 2319 5154">
    <p class='ocr_par' dir='ltr' id='par_1_106' title="bbox 833 5094 2319 5154">
     <span class='ocr_line' id='line_1_106' title="bbox 833 5094 2319 5154; baseline 0.003 -8"><span class='ocrx_word' id='word_1_882' title='bbox 833 5096 926 5126; x_wconf 78' lang='grc'>²⁰⁹³</span> <span class='ocrx_word' id='word_1_883' title='bbox 950 5094 1056 5149; x_wconf 84' lang='grc' dir='ltr'>Νεε</span> <span class='ocrx_word' id='word_1_884' title='bbox 1079 5096 1182 5149; x_wconf 91' lang='lat' dir='ltr'><strong>dici</strong></span> <span class='ocrx_word' id='word_1_885' title='bbox 1213 5097 1407 5152; x_wconf 90' lang='lat' dir='ltr'><strong>debere</strong></span> <span class='ocrx_word' id='word_1_886' title='bbox 1433 5114 1558 5150; x_wconf 88' lang='lat' dir='ltr'><strong>mss.</strong></span> <span class='ocrx_word' id='word_1_887' title='bbox 1589 5095 1644 5150; x_wconf 90' lang='lat' dir='ltr'><strong>S.</strong></span> <span class='ocrx_word' id='word_1_888' title='bbox 1665 5097 1827 5150; x_wconf 82' lang='lat' dir='ltr'><strong>Mich.</strong></span> <span class='ocrx_word' id='word_1_889' title='bbox 1853 5100 1957 5154; x_wconf 91' lang='lat' dir='ltr'><strong>dici</strong></span> <span class='ocrx_word' id='word_1_890' title='bbox 1989 5115 2092 5152; x_wconf 89' lang='lat' dir='ltr'><strong>non</strong></span> <span class='ocrx_word' id='word_1_891' title='bbox 2123 5098 2319 5152; x_wconf 87' lang='lat' dir='ltr'><strong>debere</strong></span> 
     </span>
    </p>
   </div>
   <div class='ocr_carea' id='block_1_107' title="bbox 1915 5165 3618 5237">
    <p class='ocr_par' dir='ltr' id='par_1_107' title="bbox 1915 5165 3618 5237">
     <span class='ocr_line' id='line_1_107' title="bbox 1915 5165 3618 5237; baseline -0.002 -17"><span class='ocrx_word' id='word_1_892' title='bbox 1915 5171 2056 5237; x_wconf 88' lang='lat' dir='ltr'><strong>quod</strong></span> <span class='ocrx_word' id='word_1_893' title='bbox 2103 5177 2187 5222; x_wconf 86' lang='lat' dir='ltr'><strong>est</strong></span> <span class='ocrx_word' id='word_1_894' title='bbox 2261 5167 2355 5197; x_wconf 79' lang='grc'><strong>¹⁰⁹⁶</strong></span> <span class='ocrx_word' id='word_1_895' title='bbox 2401 5166 2607 5219; x_wconf 84' lang='lat' dir='ltr'><strong>Dicitur</strong></span> <span class='ocrx_word' id='word_1_896' title='bbox 2634 5165 3041 5237; x_wconf 78' lang='lat' dir='ltr'><strong>induceremss.</strong></span> <span class='ocrx_word' id='word_1_897' title='bbox 3072 5165 3431 5237; x_wconf 68' lang='lat' dir='ltr'><strong>Deusdicitur</strong></span> <span class='ocrx_word' id='word_1_898' title='bbox 3465 5165 3618 5216; x_wconf 79' lang='lat' dir='ltr'><strong>indu-</strong></span> 
     </span>
    </p>
   </div>
   <div class='ocr_carea' id='block_1_108' title="bbox 2153 4953 3617 5080">
    <p class='ocr_par' dir='ltr' id='par_1_108' title="bbox 2153 4953 3617 5080">
     <span class='ocr_line' id='line_1_108' title="bbox 2153 4953 3617 5023; baseline 0 -13"><span class='ocrx_word' id='word_1_899' title='bbox 2153 4957 2246 4990; x_wconf 81' lang='grc'><strong>²⁰⁶⁹</strong></span> <span class='ocrx_word' id='word_1_900' title='bbox 2290 4955 2486 5020; x_wconf 84' lang='lat' dir='ltr'><strong>lnjusta</strong></span> <span class='ocrx_word' id='word_1_901' title='bbox 2513 4954 2713 5010; x_wconf 86' lang='lat' dir='ltr'><strong>malum</strong></span> <span class='ocrx_word' id='word_1_902' title='bbox 2745 4971 2867 5011; x_wconf 88' lang='lat' dir='ltr'><strong>esse</strong></span> <span class='ocrx_word' id='word_1_903' title='bbox 2896 4973 3020 5010; x_wconf 64' lang='lat' dir='ltr'><strong>mss.</strong></span> <span class='ocrx_word' id='word_1_904' title='bbox 3047 4955 3244 5023; x_wconf 75' lang='lat' dir='ltr'><strong>iniusta</strong></span> <span class='ocrx_word' id='word_1_905' title='bbox 3273 4953 3468 5009; x_wconf 90' lang='lat' dir='ltr'><strong>malam</strong></span> <span class='ocrx_word' id='word_1_906' title='bbox 3496 4969 3617 5010; x_wconf 85' lang='lat' dir='ltr'><strong>esse</strong></span> 
     </span>
     <span class='ocr_line' id='line_1_109' title="bbox 2153 5025 3615 5080; baseline -0.001 0"><span class='ocrx_word' id='word_1_907' title='bbox 2153 5045 2262 5080; x_wconf 88' lang='lat' dir='ltr'><strong>nss.</strong></span> <span class='ocrx_word' id='word_1_908' title='bbox 2315 5027 2489 5080; x_wconf 86' lang='lat' dir='ltr'><strong>malas</strong></span> <span class='ocrx_word' id='word_1_909' title='bbox 2519 5035 2571 5078; x_wconf 87' lang='grc' dir='ltr'><strong>ει</strong></span> <span class='ocrx_word' id='word_1_910' title='bbox 2598 5026 2899 5080; x_wconf 78' lang='lat' dir='ltr'><strong>voluntates</strong></span> <span class='ocrx_word' id='word_1_911' title='bbox 2998 5027 3092 5058; x_wconf 81' lang='grc'><strong>¹⁶⁹¹</strong></span> <span class='ocrx_word' id='word_1_912' title='bbox 3122 5026 3289 5080; x_wconf 87' lang='lat' dir='ltr'><strong>Video</strong></span> <span class='ocrx_word' id='word_1_913' title='bbox 3315 5025 3458 5079; x_wconf 85' lang='lat' dir='ltr'><strong>aliud</strong></span> <span class='ocrx_word' id='word_1_914' title='bbox 3491 5043 3615 5078; x_wconf 87' lang='lat' dir='ltr'><strong>mss.</strong></span> 
     </span>
    </p>
   </div>
   <div class='ocr_carea' id='block_1_109' title="bbox 3170 5041 3615 5079">
    <p class='ocr_par' dir='ltr' id='par_1_109' title="bbox 3170 5041 3615 5079">
     <span class='ocr_line' id='line_1_110' title="bbox 3170 5041 3615 5079; baseline -0.002 0"><span class='ocrx_word' id='word_1_915' title='bbox 3170 5041 3289 5079; x_wconf 84' lang='lat' dir='ltr'><strong>meo</strong></span> <span class='ocrx_word' id='word_1_916' title='bbox 3315 5041 3458 5079; x_wconf 86' lang='lat' dir='ltr'><strong>anuu</strong></span> <span class='ocrx_word' id='word_1_917' title='bbox 3491 5043 3615 5078; x_wconf 80' lang='lat' dir='ltr'><strong>mss.</strong></span> 
     </span>
    </p>
   </div>
   <div class='ocr_carea' id='block_1_110' title="bbox 2425 5095 3654 5164">
    <p class='ocr_par' dir='ltr' id='par_1_110' title="bbox 2425 5095 3654 5164">
     <span class='ocr_line' id='line_1_111' title="bbox 2425 5095 3654 5164; baseline -0.001 -17"><span class='ocrx_word' id='word_1_918' title='bbox 2425 5097 2522 5129; x_wconf 69' lang='grc' dir='ltr'><strong>⁸⁰⁹δ</strong></span> <span class='ocrx_word' id='word_1_919' title='bbox 2560 5096 2840 5161; x_wconf 87' lang='lat' dir='ltr'><strong>Quomodo</strong></span> <span class='ocrx_word' id='word_1_920' title='bbox 2883 5112 2990 5149; x_wconf 90' lang='lat' dir='ltr'><strong>non</strong></span> <span class='ocrx_word' id='word_1_921' title='bbox 3021 5104 3144 5150; x_wconf 91' lang='lat' dir='ltr'><strong>sunt</strong></span> <span class='ocrx_word' id='word_1_922' title='bbox 3193 5112 3318 5149; x_wconf 87' lang='lat' dir='ltr'><strong>mss.</strong></span> <span class='ocrx_word' id='word_1_923' title='bbox 3348 5095 3617 5164; x_wconf 86' lang='lat' dir='ltr'><strong>quomodo</strong></span> <span class='ocrx_word' id='word_1_924' title='bbox 3651 5141 3654 5146; x_wconf 88' lang='lat'><strong>.</strong></span> 
     </span>
    </p>
   </div>
   <div class='ocr_carea' id='block_1_111' title="bbox 3105 5233 3618 5288">
    <p class='ocr_par' dir='ltr' id='par_1_111' title="bbox 3105 5233 3618 5288">
     <span class='ocr_line' id='line_1_112' title="bbox 3105 5233 3618 5288; baseline 0.008 -4"><span class='ocrx_word' id='word_1_925' title='bbox 3105 5236 3200 5267; x_wconf 67' lang='lat'><strong>&quot;99</strong></span> <span class='ocrx_word' id='word_1_926' title='bbox 3226 5233 3366 5287; x_wconf 81' lang='lat' dir='ltr'><strong>Nihil</strong></span> <span class='ocrx_word' id='word_1_927' title='bbox 3402 5235 3503 5287; x_wconf 86' lang='lat' dir='ltr'><strong>hoc</strong></span> <span class='ocrx_word' id='word_1_928' title='bbox 3533 5249 3618 5288; x_wconf 86' lang='lat' dir='ltr'><strong>re-</strong></span> 
     </span>
    </p>
   </div>
   <div class='ocr_carea' id='block_1_112' title="bbox 346 5303 3615 5428">
    <p class='ocr_par' dir='ltr' id='par_1_112' title="bbox 346 5303 3615 5428">
     <span class='ocr_line' id='line_1_113' title="bbox 346 5303 3615 5428; baseline 0 -73"><span class='ocrx_word' id='word_1_929' title='bbox 346 5321 589 5374; x_wconf 78' lang='lat' dir='ltr'><strong>pugnare</strong></span> <span class='ocrx_word' id='word_1_930' title='bbox 611 5323 735 5360; x_wconf 88' lang='lat' dir='ltr'><strong>mss.</strong></span> <span class='ocrx_word' id='word_1_931' title='bbox 762 5305 891 5359; x_wconf 91' lang='lat' dir='ltr'><strong>nihil</strong></span> <span class='ocrx_word' id='word_1_932' title='bbox 920 5305 1005 5358; x_wconf 92' lang='lat' dir='ltr'><strong>hic</strong></span> <span class='ocrx_word' id='word_1_933' title='bbox 1031 5321 1331 5372; x_wconf 84' lang='lat' dir='ltr'><strong>repugnare</strong></span> <span class='ocrx_word' id='word_1_934' title='bbox 1404 5306 1617 5428; x_wconf 49' lang='grc' dir='ltr'><strong>ἰοθ9ιί</strong></span> <span class='ocrx_word' id='word_1_935' title='bbox 1650 5305 1777 5360; x_wconf 85' lang='lat' dir='ltr'><strong>fecit</strong></span> <span class='ocrx_word' id='word_1_936' title='bbox 1799 5323 1987 5360; x_wconf 88' lang='lat' dir='ltr'><strong>omnes</strong></span> <span class='ocrx_word' id='word_1_937' title='bbox 2009 5303 2108 5359; x_wconf 77' lang='lat' dir='ltr'><strong>ms.</strong></span> <span class='ocrx_word' id='word_1_938' title='bbox 2133 5305 2320 5358; x_wconf 79' lang='lat' dir='ltr'><strong>Cister.</strong></span> <span class='ocrx_word' id='word_1_939' title='bbox 2356 5307 2446 5374; x_wconf 92' lang='lat' dir='ltr'><strong>qui</strong></span> <span class='ocrx_word' id='word_1_940' title='bbox 2479 5304 2607 5359; x_wconf 83' lang='lat' dir='ltr'><strong>facit</strong></span> <span class='ocrx_word' id='word_1_941' title='bbox 2632 5303 2822 5358; x_wconf 85' lang='lat' dir='ltr'><strong>omnes</strong></span> <span class='ocrx_word' id='word_1_942' title='bbox 2895 5306 2986 5336; x_wconf 80' lang='grc'><strong>²²⁰¹</strong></span> <span class='ocrx_word' id='word_1_943' title='bbox 3017 5306 3081 5359; x_wconf 82' lang='lat' dir='ltr'><strong>Et</strong></span> <span class='ocrx_word' id='word_1_944' title='bbox 3107 5303 3458 5359; x_wconf 87' lang='lat' dir='ltr'><strong>individuales</strong></span> <span class='ocrx_word' id='word_1_945' title='bbox 3489 5319 3615 5358; x_wconf 78' lang='lat' dir='ltr'><strong>mss.</strong></span> 
     </span>
     <span class='ocr_line' id='line_1_114' title="bbox 346 5373 3615 5428; baseline -0 -2"><span class='ocrx_word' id='word_1_946' title='bbox 346 5385 405 5426; x_wconf 86' lang='lat' dir='ltr'><strong>et</strong></span> <span class='ocrx_word' id='word_1_947' title='bbox 439 5375 734 5428; x_wconf 81' lang='lat' dir='ltr'><strong>individuus</strong></span> <span class='ocrx_word' id='word_1_948' title='bbox 806 5377 898 5407; x_wconf 80' lang='grc'>²²⁰²</span> <span class='ocrx_word' id='word_1_949' title='bbox 934 5375 1297 5428; x_wconf 85' lang='lat' dir='ltr'><strong>Voluntatem.</strong></span> <span class='ocrx_word' id='word_1_950' title='bbox 1329 5392 1452 5428; x_wconf 89' lang='lat' dir='ltr'><strong>mss.</strong></span> <span class='ocrx_word' id='word_1_951' title='bbox 1558 5377 1644 5428; x_wconf 76' lang='grc' dir='ltr'>εει.</span> <span class='ocrx_word' id='word_1_952' title='bbox 1672 5375 1793 5428; x_wconf 87' lang='lat' dir='ltr'><strong>Bec.</strong></span> <span class='ocrx_word' id='word_1_953' title='bbox 1833 5375 1978 5428; x_wconf 80' lang='lat' dir='ltr'><strong>Gem.</strong></span> <span class='ocrx_word' id='word_1_954' title='bbox 2013 5376 2168 5428; x_wconf 60' lang='grc' dir='ltr'><strong>(λοισι).</strong></span> <span class='ocrx_word' id='word_1_955' title='bbox 2203 5385 2248 5427; x_wconf 89' lang='lat' dir='ltr'><strong>et</strong></span> <span class='ocrx_word' id='word_1_956' title='bbox 2287 5373 2432 5428; x_wconf 79' lang='lat' dir='ltr'><strong>Edit.</strong></span> <span class='ocrx_word' id='word_1_957' title='bbox 2467 5374 2620 5428; x_wconf 76' lang='lat' dir='ltr'><strong>Colit.</strong></span> <span class='ocrx_word' id='word_1_958' title='bbox 2668 5375 2996 5428; x_wconf 86' lang='lat' dir='ltr'><strong>voluntatem</strong></span> <span class='ocrx_word' id='word_1_959' title='bbox 3020 5385 3122 5428; x_wconf 89' lang='lat' dir='ltr'><strong>est.</strong></span> <span class='ocrx_word' id='word_1_960' title='bbox 3201 5374 3294 5405; x_wconf 81' lang='grc'><strong>¹¹⁰³</strong></span> <span class='ocrx_word' id='word_1_961' title='bbox 3317 5373 3472 5428; x_wconf 84' lang='lat' dir='ltr'><strong>Aliud</strong></span> <span class='ocrx_word' id='word_1_962' title='bbox 3491 5388 3615 5425; x_wconf 90' lang='lat' dir='ltr'><strong>vero</strong></span> 
     </span>
    </p>
   </div>
   <div class='ocr_carea' id='block_1_113' title="bbox 345 5375 1452 5430">
    <p class='ocr_par' dir='ltr' id='par_1_113' title="bbox 345 5375 1452 5430">
     <span class='ocr_line' id='line_1_115' title="bbox 345 5375 1452 5430; baseline 0.002 -4"><span class='ocrx_word' id='word_1_963' title='bbox 345 5385 405 5426; x_wconf 86' lang='lat' dir='ltr'><strong>et</strong></span> <span class='ocrx_word' id='word_1_964' title='bbox 439 5375 734 5430; x_wconf 81' lang='lat' dir='ltr'><strong>individuus</strong></span> <span class='ocrx_word' id='word_1_965' title='bbox 806 5377 898 5407; x_wconf 82' lang='grc'><strong>”⁰²</strong></span> <span class='ocrx_word' id='word_1_966' title='bbox 934 5375 1297 5429; x_wconf 85' lang='lat' dir='ltr'><strong>Voluntatem.</strong></span> <span class='ocrx_word' id='word_1_967' title='bbox 1329 5392 1452 5428; x_wconf 89' lang='lat' dir='ltr'><strong>mss.</strong></span> 
     </span>
    </p>
   </div>
   <div class='ocr_carea' id='block_1_114' title="bbox 1558 5373 3122 5430">
    <p class='ocr_par' dir='ltr' id='par_1_114' title="bbox 1558 5373 3122 5430">
     <span class='ocr_line' id='line_1_116' title="bbox 1558 5373 3122 5430; baseline -0.001 -2"><span class='ocrx_word' id='word_1_968' title='bbox 1558 5377 1644 5428; x_wconf 76' lang='grc' dir='ltr'>εει.</span> <span class='ocrx_word' id='word_1_969' title='bbox 1672 5375 1793 5429; x_wconf 87' lang='lat' dir='ltr'><strong>Bec.</strong></span> <span class='ocrx_word' id='word_1_970' title='bbox 1833 5375 1978 5430; x_wconf 80' lang='lat' dir='ltr'><strong>Gem.</strong></span> <span class='ocrx_word' id='word_1_971' title='bbox 2013 5376 2168 5429; x_wconf 60' lang='grc' dir='ltr'><strong>(λοισι).</strong></span> <span class='ocrx_word' id='word_1_972' title='bbox 2203 5385 2248 5427; x_wconf 89' lang='lat' dir='ltr'><strong>et</strong></span> <span class='ocrx_word' id='word_1_973' title='bbox 2287 5373 2432 5428; x_wconf 79' lang='lat' dir='ltr'><strong>Edit.</strong></span> <span class='ocrx_word' id='word_1_974' title='bbox 2467 5374 2620 5428; x_wconf 76' lang='lat' dir='ltr'><strong>Colit.</strong></span> <span class='ocrx_word' id='word_1_975' title='bbox 2668 5375 2996 5428; x_wconf 86' lang='lat' dir='ltr'><strong>voluntatem</strong></span> <span class='ocrx_word' id='word_1_976' title='bbox 3020 5385 3122 5428; x_wconf 89' lang='lat' dir='ltr'><strong>est.</strong></span> 
     </span>
    </p>
   </div>
   <div class='ocr_carea' id='block_1_115' title="bbox 3201 5373 3620 5428">
    <p class='ocr_par' dir='ltr' id='par_1_115' title="bbox 3201 5373 3620 5428">
     <span class='ocr_line' id='line_1_117' title="bbox 3201 5373 3620 5428; baseline -0.007 0"><span class='ocrx_word' id='word_1_977' title='bbox 3201 5374 3294 5405; x_wconf 82' lang='grc'><strong>¹¹⁰³</strong></span> <span class='ocrx_word' id='word_1_978' title='bbox 3317 5373 3472 5428; x_wconf 84' lang='lat' dir='ltr'><strong>Aliud</strong></span> <span class='ocrx_word' id='word_1_979' title='bbox 3491 5388 3620 5425; x_wconf 89' lang='lat' dir='ltr'><strong>vero</strong></span> 
     </span>
    </p>
   </div>
   <div class='ocr_carea' id='block_1_116' title="bbox 347 5440 3620 5514">
    <p class='ocr_par' dir='ltr' id='par_1_116' title="bbox 347 5440 3620 5514">
     <span class='ocr_line' id='line_1_118' title="bbox 347 5440 3620 5514; baseline 0.001 -20"><span class='ocrx_word' id='word_1_980' title='bbox 347 5458 477 5495; x_wconf 81' lang='lat' dir='ltr'><strong>mss.</strong></span> <span class='ocrx_word' id='word_1_981' title='bbox 511 5443 723 5514; x_wconf 70' lang='lat' dir='ltr'><strong>Aliquid</strong></span> <span class='ocrx_word' id='word_1_982' title='bbox 767 5461 896 5500; x_wconf 89' lang='lat' dir='ltr'><strong>vero</strong></span> <span class='ocrx_word' id='word_1_983' title='bbox 968 5445 1061 5477; x_wconf 66' lang='lat'><strong>“°‘</strong></span> <span class='ocrx_word' id='word_1_984' title='bbox 1097 5445 1227 5499; x_wconf 87' lang='lat' dir='ltr'><strong>Cum</strong></span> <span class='ocrx_word' id='word_1_985' title='bbox 1254 5446 1486 5500; x_wconf 84' lang='lat' dir='ltr'><strong>fatemur</strong></span> <span class='ocrx_word' id='word_1_986' title='bbox 1528 5462 1650 5498; x_wconf 86' lang='lat' dir='ltr'><strong>mss.</strong></span> <span class='ocrx_word' id='word_1_987' title='bbox 1671 5462 1790 5499; x_wconf 91' lang='lat' dir='ltr'><strong>cum</strong></span> <span class='ocrx_word' id='word_1_988' title='bbox 1813 5447 2078 5500; x_wconf 86' lang='lat' dir='ltr'><strong>fateamur</strong></span> <span class='ocrx_word' id='word_1_989' title='bbox 2148 5446 2239 5477; x_wconf 77' lang='lat'><strong>“°&quot;</strong></span> <span class='ocrx_word' id='word_1_990' title='bbox 2259 5444 2392 5499; x_wconf 83' lang='lat' dir='ltr'><strong>Vere</strong></span> <span class='ocrx_word' id='word_1_991' title='bbox 2408 5445 2550 5498; x_wconf 88' lang='lat' dir='ltr'><strong>aliud</strong></span> <span class='ocrx_word' id='word_1_992' title='bbox 2574 5459 2690 5499; x_wconf 88' lang='lat' dir='ltr'><strong>esse</strong></span> <span class='ocrx_word' id='word_1_993' title='bbox 2714 5461 2837 5497; x_wconf 85' lang='lat' dir='ltr'><strong>mss.</strong></span> <span class='ocrx_word' id='word_1_994' title='bbox 2872 5459 2997 5500; x_wconf 85' lang='lat' dir='ltr'><strong>vere</strong></span> <span class='ocrx_word' id='word_1_995' title='bbox 3029 5445 3206 5512; x_wconf 87' lang='lat' dir='ltr'><strong>alquid</strong></span> <span class='ocrx_word' id='word_1_996' title='bbox 3235 5460 3355 5499; x_wconf 84' lang='lat' dir='ltr'><strong>csse</strong></span> <span class='ocrx_word' id='word_1_997' title='bbox 3427 5442 3521 5514; x_wconf 43' lang='lat'><strong>3&#39;“</strong></span> <span class='ocrx_word' id='word_1_998' title='bbox 3544 5440 3620 5514; x_wconf 86' lang='lat' dir='ltr'><strong>Se</strong></span> 
     </span>
    </p>
   </div>
   <div class='ocr_carea' id='block_1_117' title="bbox 345 5515 1459 5570">
    <p class='ocr_par' dir='ltr' id='par_1_117' title="bbox 345 5515 1459 5570">
     <span class='ocr_line' id='line_1_119' title="bbox 345 5515 1459 5570; baseline 0.007 -10"><span class='ocrx_word' id='word_1_999' title='bbox 345 5527 471 5563; x_wconf 74' lang='lat' dir='ltr'><strong>esse</strong></span> <span class='ocrx_word' id='word_1_1000' title='bbox 503 5529 752 5568; x_wconf 84' lang='lat' dir='ltr'><strong>casurum</strong></span> <span class='ocrx_word' id='word_1_1001' title='bbox 780 5533 875 5568; x_wconf 89' lang='lat' dir='ltr'><strong>ms.</strong></span> <span class='ocrx_word' id='word_1_1002' title='bbox 936 5515 1122 5570; x_wconf 83' lang='lat' dir='ltr'><strong>Cister.</strong></span> <span class='ocrx_word' id='word_1_1003' title='bbox 1153 5519 1296 5568; x_wconf 85' lang='lat' dir='ltr'><strong>omit.</strong></span> <span class='ocrx_word' id='word_1_1004' title='bbox 1339 5529 1459 5568; x_wconf 86' lang='lat' dir='ltr'><strong>esse</strong></span> 
     </span>
    </p>
   </div>
   <div class='ocr_carea' id='block_1_118' title="bbox 1568 5514 2740 5584">
    <p class='ocr_par' dir='ltr' id='par_1_118' title="bbox 1568 5514 2740 5584">
     <span class='ocr_line' id='line_1_120' title="bbox 1568 5514 2740 5584; baseline 0 -18"><span class='ocrx_word' id='word_1_1005' title='bbox 1568 5515 1660 5546; x_wconf 82' lang='grc'>²¹⁰⁷</span> <span class='ocrx_word' id='word_1_1006' title='bbox 1689 5515 1803 5581; x_wconf 85' lang='lat' dir='ltr'><strong>Qua</strong></span> <span class='ocrx_word' id='word_1_1007' title='bbox 1837 5534 1940 5570; x_wconf 89' lang='lat' dir='ltr'><strong>non</strong></span> <span class='ocrx_word' id='word_1_1008' title='bbox 1973 5515 2073 5570; x_wconf 88' lang='lat' dir='ltr'><strong>nisi</strong></span> <span class='ocrx_word' id='word_1_1009' title='bbox 2102 5533 2224 5569; x_wconf 88' lang='lat' dir='ltr'><strong>mss.</strong></span> <span class='ocrx_word' id='word_1_1010' title='bbox 2252 5532 2372 5584; x_wconf 79' lang='lat' dir='ltr'><strong>quze</strong></span> <span class='ocrx_word' id='word_1_1011' title='bbox 2393 5532 2497 5570; x_wconf 89' lang='lat' dir='ltr'><strong>non</strong></span> <span class='ocrx_word' id='word_1_1012' title='bbox 2527 5525 2608 5568; x_wconf 87' lang='lat' dir='ltr'><strong>est</strong></span> <span class='ocrx_word' id='word_1_1013' title='bbox 2640 5514 2740 5568; x_wconf 89' lang='lat' dir='ltr'><strong>nisi</strong></span> 
     </span>
    </p>
   </div>
   <div class='ocr_carea' id='block_1_119' title="bbox 2853 5513 3616 5586">
    <p class='ocr_par' dir='ltr' id='par_1_119' title="bbox 2853 5513 3616 5586">
     <span class='ocr_line' id='line_1_121' title="bbox 2853 5513 3616 5586; baseline -0.007 -17"><span class='ocrx_word' id='word_1_1014' title='bbox 2853 5514 2946 5586; x_wconf 67' lang='grc' dir='ltr'><strong>ξ¹⁰⁸</strong></span> <span class='ocrx_word' id='word_1_1015' title='bbox 2991 5514 3106 5569; x_wconf 91' lang='lat' dir='ltr'><strong>Non</strong></span> <span class='ocrx_word' id='word_1_1016' title='bbox 3135 5531 3294 5586; x_wconf 88' lang='lat' dir='ltr'><strong>posse</strong></span> <span class='ocrx_word' id='word_1_1017' title='bbox 3323 5513 3452 5570; x_wconf 86' lang='lat' dir='ltr'><strong>sciri</strong></span> <span class='ocrx_word' id='word_1_1018' title='bbox 3489 5513 3616 5567; x_wconf 77' lang='lat' dir='ltr'><strong>edit.</strong></span> 
     </span>
    </p>
   </div>
   <div class='ocr_carea' id='block_1_120' title="bbox 345 5579 3084 5656">
    <p class='ocr_par' dir='ltr' id='par_1_120' title="bbox 345 5579 3084 5656">
     <span class='ocr_line' id='line_1_122' title="bbox 345 5579 3084 5656; baseline 0.003 -25"><span class='ocrx_word' id='word_1_1019' title='bbox 345 5579 508 5634; x_wconf 71' lang='lat' dir='ltr'><strong>Cum.</strong></span> <span class='ocrx_word' id='word_1_1020' title='bbox 534 5597 637 5636; x_wconf 92' lang='lat' dir='ltr'><strong>non</strong></span> <span class='ocrx_word' id='word_1_1021' title='bbox 669 5599 825 5656; x_wconf 88' lang='lat' dir='ltr'><strong>posse</strong></span> <span class='ocrx_word' id='word_1_1022' title='bbox 851 5586 990 5641; x_wconf 85' lang='lat' dir='ltr'><strong>scire</strong></span> <span class='ocrx_word' id='word_1_1023' title='bbox 1063 5585 1157 5618; x_wconf 79' lang='grc'><strong>¹¹⁰⁹</strong></span> <span class='ocrx_word' id='word_1_1024' title='bbox 1179 5583 1410 5641; x_wconf 84' lang='lat' dir='ltr'><strong>Necesse</strong></span> <span class='ocrx_word' id='word_1_1025' title='bbox 1438 5599 1544 5641; x_wconf 86' lang='lat' dir='ltr'><strong>non</strong></span> <span class='ocrx_word' id='word_1_1026' title='bbox 1569 5594 1689 5641; x_wconf 89' lang='lat' dir='ltr'><strong>erat</strong></span> <span class='ocrx_word' id='word_1_1027' title='bbox 1716 5579 1964 5642; x_wconf 83' lang='lat' dir='ltr'><strong>futurum</strong></span> <span class='ocrx_word' id='word_1_1028' title='bbox 1998 5603 2122 5641; x_wconf 84' lang='lat' dir='ltr'><strong>mss.</strong></span> <span class='ocrx_word' id='word_1_1029' title='bbox 2156 5579 2373 5642; x_wconf 73' lang='lat' dir='ltr'><strong>necesse</strong></span> <span class='ocrx_word' id='word_1_1030' title='bbox 2412 5602 2516 5641; x_wconf 91' lang='lat' dir='ltr'><strong>non</strong></span> <span class='ocrx_word' id='word_1_1031' title='bbox 2544 5593 2660 5642; x_wconf 87' lang='lat' dir='ltr'><strong>erat</strong></span> <span class='ocrx_word' id='word_1_1032' title='bbox 2690 5599 2812 5640; x_wconf 80' lang='lat' dir='ltr'><strong>esse</strong></span> <span class='ocrx_word' id='word_1_1033' title='bbox 2846 5583 3084 5640; x_wconf 87' lang='lat' dir='ltr'><strong>futurum</strong></span> 
     </span>
    </p>
   </div>
  </div>
