3926 6054
412 136 435 177 ἔ

386 321 495 380 355
546 291 556 304 ’

927 323 986 378 S.
1035 321 1334 380 ANSELMI
1373 324 1721 383 CANTUAR.
1768 325 2088 383 ARCHIEP.
2126 325 2276 383 OPP.
2321 326 2524 385 PARS.
2566 330 2605 383 l.
2638 358 2707 371 --
2745 331 3171 390 ῡΟϐΜΑΤΙΟΛ.

3542 341 3649 399 556

386 436 536 495 Drsc.
565 435 665 505 Qui
716 435 1002 507 diligenter
1036 437 1286 507 intelligit
1331 438 1472 508 quod
1501 438 1671 503 dicis,
1720 447 1969 509 patenter
1996 475 2044 533 Α
2073 447 2316 495 tuturum
2345 440 2472 508 “3‘,
2530 448 2626 496 aut
2675 441 2721 497 si
2763 443 2939 499 factus
2984 446 3220 501 nondum
3280 448 3442 506 homo
3493 464 3651 523 erat,

384 530 531 585 videt
556 528 680 598 quia
706 527 849 583 nullo
881 529 1039 583 modo
1064 529 1204 583 scire
1228 528 1306 583 vel
1334 538 1522 597 putare
1547 531 1721 601 potuit
1744 531 1968 601 angelus

384 617 558 673 malus
588 631 647 671 se
671 614 938 672 facturum
972 619 1113 687 quod
1150 617 1293 672 male
1313 617 1463 674 fecit.

951 729 1180 786 CAPUT
1217 730 1385 785 XXII.

384 837 537 904 Quod
560 839 702 893 scivit
725 854 779 911 se
799 855 903 893 non
926 840 1111 911 debere
1134 839 1259 895 velle
1280 841 1377 895 hoc
1394 842 1533 911 quod
1550 841 1770 897 valendo
1793 859 1967 911 pecca-

698 910 801 977 vit;
831 919 878 963 et
909 908 1092 963 debere
1109 912 1289 979 puniri
1318 912 1364 965 si
1392 908 1649 981 peccaret.

453 1022 558 1078 Sed
586 1023 767 1079 ethoc
786 1022 908 1078 volo
937 1032 995 1077 ut
1038 1024 1243 1093 pariter
1270 1025 1560 1092 ostendas,
1601 1025 1648 1079 si
1700 1026 1863 1080 scivit
1909 1039 1969 1081 se

382 1126 489 1166 non
519 1112 715 1167 debere
740 1113 876 1167 velle
904 1114 1045 1181 quod
1070 1114 1471 1183 praevaricando
1504 1114 1692 1169 voluit.
1729 1116 1871 1173 MAG.
1907 1116 1963 1171 In

380 1202 483 1256 hoc
501 1202 748 1259 dubitare
786 1219 890 1257 non
915 1204 1104 1267 debes,
1154 1204 1202 1259 si
1247 1220 1410 1275 supra
1438 1205 1583 1259 dicta
1628 1205 1962 1260 consideras.

381 1288 437 1343 Si
465 1289 609 1342 enim
641 1290 899 1344 nescisset
922 1305 981 1345 se
1007 1305 1111 1344 non
1142 1290 1339 1345 debere
1386 1290 1525 1345 velle
1573 1290 1715 1359 quod
1767 1291 1965 1361 injuste

382 1380 545 1433 voluit
563 1420 577 1444 ,
609 1380 910 1451 ignorasset
937 1396 995 1436 se
1015 1382 1212 1440 debere
1234 1380 1567 1435 voluntatem
1592 1389 1776 1436 tenere
1801 1395 1963 1452 quam

378 1475 633 1531 deseruit.
663 1476 1004 1547 Quapropter
1024 1491 1123 1531 nec
1149 1476 1327 1547 justus
1352 1484 1499 1532 esset
1548 1476 1810 1541 tenendo,
1863 1492 1965 1533 nec

380 1567 611 1637 injustas
634 1569 936 1624 deserendo
955 1566 1257 1635 justitiam,
1294 1583 1455 1637 quam
1492 1568 1778 1623 nesciisset
1806 1581 1822 1621 :
1855 1568 1963 1622 imo

344 1658 349 1661 Α
377 1676 479 1716 nec
506 1670 718 1731 poterat
747 1677 853 1715 non
882 1660 1022 1716 velle
1047 1661 1169 1731 plus
1186 1675 1348 1730 quam
1376 1661 1641 1725 habebat,
1671 1660 1717 1714 si
1750 1659 1959 1715 nescie-

376 1752 471 1805 bat
514 1767 573 1806 se
595 1752 792 1807 debere
845 1766 971 1807 esse
1015 1760 1325 1806 contentum
1375 1764 1442 1805 eo
1470 1749 1612 1820 quod
1654 1760 1957 1820 acceperat.

376 1841 650 1909 Denique,
681 1841 806 1908 quia
833 1840 924 1871 “3‘
957 1841 1030 1895 ita
1062 1839 1339 1894 rationalis
1366 1849 1486 1894 erat
1515 1847 1572 1894 ut
1593 1838 1738 1893 nulla
1763 1854 1871 1909 rep

375 1931 658 1986 biberetur
680 1932 755 1985 uti
792 1932 1028 1997 ratione,
1086 1945 1191 1985 non
1223 1930 1510 2000 ignorabat
1562 1930 1692 2000 quid
1736 1931 1961 1986 deberet

375 2020 458 2073 vel
483 2035 585 2074 non
614 2020 1003 2076 deberctvelle.
1031 2021 1173 2075 DISC.
1196 2019 1643 2074 Rationemtuam
1664 2035 1768 2073 non
1801 2019 1958 2075 video

371 2110 834 2179 posseinlirmari;
865 2110 959 2166 sed
978 2117 1158 2164 tamen
1176 2109 1301 2163 inde
1323 2109 1454 2163 mihi
1481 2110 1692 2164 videtur
1712 2111 1958 2179 quaedam

372 2198 502 2253 oriri
533 2200 777 2269 quaestio.
805 2200 863 2255 Si
885 2199 1030 2255 enim
1053 2199 1261 2255 sciebat
1280 2214 1337 2255 se
1361 2214 1464 2254 non
1481 2200 1680 2255 debere
1705 2200 1959 2256 deserere

373 2290 517 2359 quod
545 2300 852 2362 acceperat,
871 2292 1059 2361 utique
1092 2291 1664 2347 sciebatnihilmninus
1685 2307 1744 2348 se.
1764 2284 1960 2349 debere

373 2370 583 2448 puniri,
623 2381 668 2436 si
698 2382 988 2437 desereret.
1020 2380 1301 2447 Quomodo
1326 2382 1488 2452 igitur
1533 2390 1725 2451 sponte
1786 2383 1961 2451 potuit

373 2468 509 2524 velle
533 2471 675 2526 unde
697 2472 859 2527 miser
880 2478 1054 2534 esset,
1098 2471 1191 2540 qui
1217 2478 1504 2552 acceperat
1530 2470 1960 2541 inseparabiliter

374 2561 512 2617 velle
541 2571 599 2617 ut
628 2563 816 2618 beatus
836 2572 982 2618 esset
1009 2563 1126 2617 “3'.

937 2694 1165 2752 CAPUT
1206 2695 1389 2751 XXlll.

373 2790 527 2859 Quod
573 2810 674 2849 non
712 2794 887 2848 debuit
923 2797 1057 2850 scire
1098 2797 1221 2865 quia
1259 2797 1305 2851 si
1345 2808 1611 2867 peccaret,
1659 2800 1951 2870 puniretur.

441 2904 583 2959 MAG.
616 2904 998 2961 Sicutcerlum
1025 2916 1106 2962 est
1145 2909 1269 2977 quia
1309 2909 1507 2964 debere
1556 2925 1615 2965 se
1656 2902 1870 2981 puniri,
1899 2914 1953 2981 .si

368 3005 652 3061 peccaret,
688 2994 938 3064 ignorare
976 3010 1079 3050 non
1118 2997 1329 3065 potuit;
1360 2997 1433 3051 ita
1463 2999 1590 3068 quia
1628 3001 1950 3070 puniretur,

370 3084 414 3137 si
445 3095 724 3153 peccaret,
773 3087 915 3143 seire
962 3103 1067 3143 non
1096 3089 1297 3143 debuit.
1333 3089 1480 3145 DISC.
1532 3092 1812 3158 Quomodo
1846 3094 1952 3152 hoc

2071 531 2240 585 multo
2271 532 2448 587 minus
2469 544 2663 603 putare
2690 543 2871 603 posset
2894 537 2960 591 ad
2990 538 3395 597 subtitutionem
3424 545 3652 603 alterius

2070 620 2279 678 natura:
2308 623 2456 678 illum
2486 640 2607 680 esse
2640 623 2971 680 faciendum.
3008 628 3097 694 Si,
3150 629 3403 699 inquam,
3455 634 3653 705 aliquis

2069 714 2171 770 h0e
2200 715 2386 780 dicat,
2431 730 2552 785 quae
2604 716 3039 772 inconvenientia
3089 719 3272 776 inest?
3307 713 3467 779 'Disc.
3518 723 3652 782 Mihi

2068 808 2287 876 quidem
2319 808 2533 864 videtur
2572 810 2744 880 magis
2777 811 3152 867 convenientia
3199 829 3361 884 quam
3388 816 3651 874 inconve~

2067 898 2292 953 nientia.
2323 898 2466 955 MAG.
2500 898 2804 956 Redeamus
2840 902 2933 934 ¹¹³⁷
2963 903 3029 956 ad
3060 903 3162 959 hoc
3189 905 3332 974 quod
3369 907 3648 973 dixeram,

2067 986 2216 1042 illum
2245 988 2481 1055 scilicet,
2523 990 2665 1046 hanc
2689 1006 2793 1045 non
2824 992 3078 1048 debuisse
3113 995 3312 1050 habere
3342 996 3647 1053 scientiam.

2068 1077 2124 1133 Si
2154 1080 2299 1133 enim
2339 1081 2636 1146 scivisset,
2701 1097 2806 1138 non
2863 1095 3044 1152 posset
3096 1084 3284 1141 volens
3335 1096 3390 1143 et
3446 1089 3651 1148 habens

2068 1168 2455 1224 beatitudinem
2491 1181 2682 1241 sponte
2712 1171 2849 1226 velle
2878 1173 3019 1227 unde
3058 1173 3223 1229 miser
3247 1184 3393 1231 esset
3427 1194 3441 1230 :
3483 1194 3654 1247 quare

2066 1274 2173 1314 non
2204 1260 2573 1329 essetjustus,
2608 1276 2713 1316 non
2753 1262 2978 1318 volendo
3029 1265 3173 1333 quod
3227 1281 3332 1320 non
3384 1268 3646 1337 deberet,

2066 1349 2320 1418 quoniam
2357 1365 2461 1404 non
2487 1362 2667 1420 posset
2694 1351 2853 1407 velle.
2914 1353 3019 1408 Sed
3049 1364 3105 1409 et
3131 1356 3234 1410 hac
3273 1358 3486 1414 ratione
3523 1376 3642 1415 con-

2066 1440 2244 1494 sidera
2276 1449 2456 1494 utrum
2500 1442 2677 1506 seire,
2725 1445 2868 1513 quod
2898 1446 3097 1513 quaeris
3123 1487 3138 1511 ,
3198 1447 3480 1504 debuerit:
3523 1467 3646 1507 nam

2066 1529 2111 1583 si
2160 1531 2407 1597 sciisset,
2464 1543 2559 1586 aut
2600 1543 2909 1603 peccasset,
2969 1544 3061 1589 aut
3091 1536 3245 1591 non?
3287 1538 3431 1594 DISC.
3471 1541 3647 1597 Unum

2066 1620 2260 1675 horum
2288 1632 2450 1678 esset.
2485 1623 2625 1678 ΜΑς.
2683 1624 2740 1679 Si
2788 1626 3014 1694 praevisa
3058 1637 3205 1683 tanta
3254 1646 3413 1701 poma
3441 1671 3456 1698 ,
3497 1634 3648 1689 nulla

2066 1712 2364 1782 indigentia
2396 1723 2450 1769 et
2475 1715 2620 1770 nulla
2648 1731 2708 1771 re
2730 1727 2955 1788 cogente
2983 1731 3264 1789 peccasset
3289 1739 3304 1789 ;
3350 1732 3500 1779 tanto
3534 1740 3648 1780 ma-

1877 1854 1959 1894 ro_
1994 1825 2036 1885 Β
2065 1807 2147 1877 gis
2170 1807 2471 1877 puniendus
2501 1817 2668 1864 esset.
2704 1810 2852 1865 Disc.
2895 1811 2971 1866 Ita
3011 1821 3116 1867 est.
3157 1812 3296 1869 MAG.
3360 1815 3476 1871 Non
3519 1831 3649 1888 ergo

2062 1894 2177 1949 haec
2198 1897 2539 1965 przescientia
2563 1897 2638 1952 illi
2663 1900 3005 1969 expediebat.
3029 1901 3172 1955 Disc.
3201 1900 3338 1957 Vere
3358 1915 3650 1974 peccaturo

2063 2001 2171 2039 non
2205 1987 2525 2056 expediebat
2547 1990 2799 2059 praescire
2824 2005 3059 2059 poenam.
3093 1993 3232 2049 MAG.
3275 1994 3426 2062 Quod
3464 1996 3509 2050 si
3540 2012 3645 2052 non

2060 2086 2376 2145 peccasset,
2412 2079 2640 2134 autsola
2674 2081 2812 2135 bona
2855 2082 3132 2139 voluntate
3183 2102 3288 2140 non
3335 2097 3644 2156 peccasset,

2061 2176 2155 2221 aut
2181 2168 2374 2224 timore
2403 2184 2593 2238 pusum.
2628 2170 2769 2226 DISC.
2799 2171 2944 2228 Nihil
2965 2173 3111 2229 aliud
3131 2175 3236 2230 dici
3264 2186 3467 2247 potest.
3499 2175 3645 2234 MAG.

2062 2255 2169 2313 Sed
2211 2260 2467 2329 quoniam
2519 2277 2625 2316 non
2683 2264 2920 2319 cavisset
2968 2276 3253 2336 peceatum
3294 2269 3410 2324 solo
3463 2283 3649 2325 amore

2054 2348 2309 2418 justitize,
2338 2352 2454 2424 ipso
2483 2369 2645 2425 opere
2678 2359 3021 2413 monstravit.
3057 2358 3200 2416 DISC.
3253 2360 3370 2417 Non
3428 2372 3512 2418 est
3556 2363 3647 2418 du-

2060 2443 2230 2498 bium.
2279 2444 2419 2502 MAG.
2473 2446 2529 2502 Si
2579 2461 2710 2504 vero
2768 2449 2960 2507 timore
3006 2453 3276 2521 cavisset,
3335 2468 3443 2510 non
3497 2464 3645 2512 esset

2058 2534 2258 2606 justus.

2446 2651 2678 2712 CAPUT
2718 2654 2888 2713 xxxv
2914 2653 3009 2729 [αι.
3037 2655 3248 2731 xxm].

2131 2761 2284 2829 Quod
2316 2764 2474 2821 etiam
2500 2768 2665 2822 bonus
2694 2768 2911 2838 angelus
2946 2772 3044 2825 hoc
3080 2771 3213 2826 scire
3239 2788 3343 2826 non
3369 2771 3568 2828 debuit.

2129 2880 2274 2937 DISC.
2331 2881 2517 2936 Palam
2564 2892 2645 2938 est
2677 2883 2772 2917 ⁸³³⁸
2827 2883 2973 2940 nullo
3014 2882 3173 2941 modo
3227 2901 3351 2942 eum
3394 2887 3644 2944 debuisse

2056 2971 2198 3027 scire
2224 2973 2482 3028 indictam
2507 2974 2607 3029 sibi
2638 2975 2732 3007 ’⁸³⁸
2761 2990 2976 3046 prunam
3000 2991 3155 3032 suum
3184 2988 3493 3034 secuturam
3521 2994 3645 3051 pec-

2057 3072 2258 3119 eatum.
2292 3066 2397 3122 Sed
2425 3067 2680 3136 quoniam
2711 3078 2765 3121 et
2789 3081 2914 3122 eum
2940 3068 3036 3101 ““
3067 3070 3316 3140 angelum
3340 3071 3432 3140 qui
3464 3072 3636 3140 stetit,

373 3175 681 3246 ignoravit,
713 3179 758 3234 si
790 3179 866 3234 ita
903 3180 1182 3236 rationalis
1203 3189 1350 3245 erat,
1386 3192 1445 3237 ut
1482 3181 1598 3252 ejus
1620 3186 1954 3244 rationalitas
1980 3180 2025 3241 C
2134 3172 2256 3252 eum
2277 3159 2508 3252 q“i_"°n
2539 3160 2772 3252 “clibi”
2811 3161 3039 3252 τθτῖιειιθ
3062 3203 3076 3226 ’
3114 3162 3231 3231 pari
3258 3162 3481 3218 seiemia
3505 3178 3641 3233 ρκ’

369 3281 475 3321 non
522 3267 872 3337 impediretur
901 3271 1182 3326 veritatem
1231 3286 1587 3343 cognoscere,
1628 3275 1770 3330 sicut
1806 3292 1949 3347 saepe

367 3366 554 3411 nostra
588 3358 900 3426 impeditur,
930 3360 1036 3429 72
1068 3370 1329 3431 gravante
1352 3363 1445 3394 ³³³³
1466 3366 1800 3435 corruptibili
1830 3382 1953 3422 eor-

364 3447 541 3515 porc?
572 3447 709 3503 MAG.
750 3447 883 3515 Quia
915 3450 1192 3506 rationalis
1231 3461 1385 3519 erat,
1431 3454 1606 3523 potuit
1650 3455 1952 3528 intelligere

368 3536 495 3616 quia
518 3537 688 3607 juste,
744 3539 790 3593 si
841 3548 1111 3608 peccaret,
1162 3542 1462 3611 puniretur.
1500 3542 1644 3608 Sed,
1695 3547 1950 3616 quoniam

358 3613 564 3694 judicia
599 3627 692 3682 Dei
739 3631 968 3700 abyssus
1011 3631 1179 3687 multa
1238 3632 1332 3664 ’⁸³³
1375 3632 1547 3702 (Psal.
1578 3613 1741 3704 xxxv,
1776 3636 1851 3709 7),
1897 3648 1952 3693 et

363 3715 766 3786 investigabiles
791 3717 891 3772 via:
919 3720 1036 3788 ejus
1067 3720 1240 3792 (Rom.
1264 3739 1343 3788 xt,
1375 3723 1466 3795 55)
1486 3765 1500 3789 ,
1533 3729 1771 3797 nequivit
1799 3745 1949 3786 com-

362 3805 697 3873 prehendere
718 3822 784 3861 an
812 3807 953 3864 Deus
980 3809 1181 3866 faceret
1205 3814 1349 3882 quod
1372 3813 1519 3882 juste
1541 3814 1721 3878 facere
1743 3830 1945 3887 posset.

364 3891 471 3947 Sed
506 3902 561 3948 et
590 3894 634 3949 si
660 3898 781 3965 quis
809 3897 955 3952 dicat
992 3899 1117 3969 quia
1160 3900 1467 3957 nullatenus
1505 3905 1727 3961 credere
1775 3909 1950 3976 potuit

361 3980 530 4037 Deum
560 3993 867 4040 creaturam
899 4002 1053 4042 suam
1082 3999 1301 4061 propter
1329 3991 1444 4059 ejus
1473 3993 1683 4063 culpam
1715 3994 1947 4051 damna.

362 4079 545 4127 turum
573 4115 588 4141 ,
618 4091 780 4146 quam
813 4087 959 4133 tanta
981 4095 1076 4134 sua
1095 4082 1334 4136 bonitate
1350 4084 1552 4138 fecerat
1576 4104 1590 4140 :
1618 4088 1941 4155 praesertim,

358 4176 482 4218 cum
510 4164 715 4220 nullum
747 4169 1049 4239 exemplum
1090 4170 1319 4239 justitiee
1369 4173 1683 4233 ulciscentis
1730 4177 1945 4247 injusti-

361 4252 493 4309 tiam
523 4258 922 4326 praecessisset,
958 4269 1014 4316 et
1039 4270 1219 4318 certus
1245 4276 1389 4320 esset
1412 4283 1692 4323 numerum
1715 4309 1730 4336 ,
1756 4270 1808 4324 in
1837 4288 1944 4341 quo

360 4343 438 4400 illi
471 4346 597 4402 facti
628 4359 783 4403 erant
815 4350 942 4421 ἰδ’,
1002 4354 1092 4424 qui
1143 4354 1251 4410 Deo
1290 4355 1393 4412 frui
1439 4358 1736 4423 deberent,
1794 4370 1941 4417 tanta

358 4436 623 4506 sapientia
651 4455 773 4496 esse
798 4442 1159 4510 praestitutum
1188 4463 1201 4499 :
1232 4455 1320 4513 ut,
1369 4447 1509 4501 sicut
1547 4448 1681 4504 nihil
1707 4449 1943 4508 habebat

2057 3248 2198 3303 ditos
2230 3249 2284 3301 in
2306 3249 2480 3318 prima
2506 3248 2815 3305 conditione
2846 3251 3119 3306 credimus
3142 3292 3159 3317 ,
3198 3266 3304 3306 non
3343 3253 3502 3307 video
3543 3266 3641 3308 cur

2057 3338 2130 3393 illi
2166 3347 2357 3410 negata
2382 3341 2455 3395 sit
2478 3340 2704 3395 scientia
2735 3341 2869 3409 ista,
2911 3343 2997 3398 cui
3041 3352 3148 3397 tam
3177 3352 3334 3398 tenax
3366 3344 3469 3400 erit
3499 3345 3641 3399 bona

2056 3424 2304 3484 voluntas
2331 3440 2391 3485 ut
2415 3430 2685 3487 sulliceret
2729 3434 2795 3487 ad
2827 3434 3125 3489 cavendum
3163 3445 3465 3504 peccatum.
3495 3435 3636 3492 MAG.

2052 3521 2171 3576 Non
2203 3532 2380 3578 tamen
2413 3535 2630 3594 posset,
2663 3541 2767 3582 nec
2789 3529 3012 3583 deberet
3032 3537 3378 3585 contemnere
3398 3545 3635 3600 pmnam,

2052 3628 2213 3683 quam
2234 3616 2581 3684 prmsciisset.
2608 3619 2757 3674 DISC.
2787 3619 2877 3674 Sic
2908 3620 3138 3675 videtur.
3166 3620 3306 3678 MAG.
3334 3621 3486 3678 Sicut
3507 3636 3637 3694 ergo

2052 3701 2200 3757 solus
2228 3717 2379 3757 amor
2394 3703 2617 3774 justitia:
2638 3723 2651 3771 ;
2674 3707 2746 3761 ita
2762 3708 2934 3762 solum
2958 3711 3139 3763 odium
3168 3725 3343 3779 poenas
3365 3711 3638 3768 suﬂiceret

2051 3789 2117 3844 ad
2141 3806 2246 3846 non
2278 3795 2629 3862 peccandum.
2665 3797 2810 3853 Drsc.
2842 3797 2983 3852 Nihil
3030 3798 3258 3867 planius.
3299 3800 3439 3857 MAG.
3492 3802 3637 3859 Duas

2053 3880 2214 3950 igitur
2246 3881 2520 3938 habuisset
2544 3899 2735 3941 causas
2767 3900 2871 3941 non
2916 3888 3173 3956 peccandi
3206 3906 3219 3943 :
3260 3905 3423 3946 unam
3468 3893 3637 3949 bone-

2049 3978 2187 4024 stam
2210 3982 2265 4025 et
2281 3974 2486 4038 utilem;
2512 3975 2736 4029 alteram
2753 3991 2857 4031 non
2874 3977 3153 4033 honestam
3183 3979 3276 4011 ““
3298 3982 3632 4049 etinutilem,

2049 4060 2101 4115 id
2131 4070 2214 4115 est
2242 4077 2480 4119 amorem
2518 4064 2744 4133 iustitiae
2777 4069 3042 4124 etodium
3091 4084 3286 4141 paenae.
3341 4072 3475 4131 Nam
3525 4089 3632 4129 non

2047 4160 2128 4205 est
2158 4151 2442 4208 honestum
2470 4157 2562 4188 ""
2600 4158 2716 4213 solo
2743 4159 2869 4214 odio
2896 4176 3071 4229 ptenaa
3119 4178 3223 4218 non
3267 4179 3494 4235 peccare
3521 4183 3536 4233 ;
3579 4174 3635 4221 et

2047 4240 2114 4293 ad
2148 4256 2251 4296 non
2291 4246 2862 4318 peecandumjnutile
2904 4259 2989 4306 est
3042 4253 3226 4307 odium
3273 4270 3478 4326 prrnze,
3540 4256 3631 4313 ubi

2046 4335 2192 4390 solus
2221 4350 2372 4391 amor
2388 4337 2612 4407 justitia:
2643 4340 2859 4395 sullicit.
2906 4344 3048 4399 DISC.
3082 4343 3197 4401 Non
3224 4356 3308 4401 est
3336 4349 3478 4416 quod
3508 4363 3631 4418 pos-

2044 4427 2146 4482 sim
2174 4428 2429 4495 objicere.
2462 4429 2601 4486 ΜΑσ.
2637 4432 2775 4497 Quid
2800 4435 2963 4504 ergo?
2993 4434 3181 4491 Nonne
3213 4437 3381 4492 multo
3410 4438 3632 4495 nitidius

359 4526 724 4594 superﬂuum,
778 4532 852 4586 ila
891 4533 937 4587 si
970 4534 1306 4591 minuerem,
1355 4537 1704 4605 ίηιρρτςθοιηε
1758 4551 1937 4608 esset;
1976 4514 2020 4569 D
2046 4521 2223 4593 placet
2247 4524 2366 4593 ejus
2388 4527 2814 4594 perseverantia,
2845 4543 2969 4582 cum
2995 4528 3083 4583 illa
3112 4529 3225 4584 sola
3244 4531 3628 4598 perseverandi

358 4628 457 4669 nec
487 4625 593 4671 tam
619 4621 936 4688 przeclarum
978 4639 1112 4694 opus
1146 4626 1239 4681 Dei
1285 4641 1350 4682 ex
1396 4626 1573 4698 aliqua
1613 4638 1769 4699 parte
1811 4647 1936 4700 per-

358 4716 673 4761 mansurum
722 4709 1140 4779 imperl‘ectum;
1210 4731 1309 4772 nec
1381 4717 1487 4771 ulla
1544 4720 1752 4775 ratione
1798 4721 1938 4777 seire

354 4803 540 4863 posset
559 4796 604 4851 si
629 4797 792 4853 homo
829 4799 941 4868 jam
992 4801 1170 4861 factus
1218 4816 1380 4874 erat,
1429 4807 1595 4863 Deum
1645 4809 1934 4865 humanam

355 4894 605 4943 naturam
633 4904 730 4959 pro
756 4892 1000 4961 angelica
1021 4937 1035 4963 ,
1088 4905 1179 4951 aut
1203 4898 1501 4969 angelicam
1531 4915 1629 4969 pro
1658 4904 1891 4958 humana
1915 4943 1930 4966 ,

2045 4625 2207 4667 causa
2230 4613 2443 4667 videtur
2472 4614 2523 4667 in
2550 4613 2670 4678 illo,
2699 4609 2817 4683 quae
2843 4617 2992 4672 utilis
3035 4625 3119 4673 est
3163 4627 3219 4673 et
3245 4619 3469 4673 honesta
3499 4618 3629 4688 quia

2042 4716 2373 4774 spontanea,
2403 4722 2565 4777 quam
2597 4707 2641 4761 si
2676 4706 2836 4762 simul
2858 4723 2978 4764 sese
3003 4708 3091 4763 illa
3118 4710 3468 4776 ostenderet,
3507 4725 3628 4780 quae

2041 4796 2246 4852 inutilis
2293 4808 2344 4853 et
2395 4797 2712 4864 inhonesta,
2763 4800 2887 4869 quia
2916 4800 3223 4856 necessaria
3265 4801 3626 4871 intelligitur?

2040 4888 2135 4920 ωδ
2159 4889 2300 4942 DISC.
2333 4887 2423 4942 Sic
2452 4897 2597 4957 patet
2627 4889 2771 4957 quod
2799 4889 2966 4956 dicis,
3000 4899 3058 4944 ut
3096 4891 3240 4961 quod
3291 4891 3450 4960 paulo
3500 4902 3629 4947 ante

2044 4980 2286 5035 volebam
2307 4994 2429 5034 eum
2457 4979 2698 5044 scivisse,
2719 4995 2863 5035 nunc
2878 4983 3141 5051 gaudeam
3163 4997 3288 5038 eum
3308 4984 3623 5048 nescivisse;

315 5008 321 5013 ~
353 4975 400 5033 si
423 4977 660 5046 caderet,
687 4980 1099 5040 substituturum
1130 4989 1260 5044 :sed
1292 4991 1473 5060 potius
1497 5007 1934 5062 unamquamque

352 5068 411 5126 in
438 5069 521 5137 id,
552 5070 621 5127 ad
650 5074 791 5143 quod
814 5074 954 5131 facta
978 5086 1131 5144 erat,
1156 5094 1255 5149 pro
1276 5095 1335 5136 se
1352 5122 1367 5147 ,
1396 5097 1503 5136 non
1528 5096 1626 5152 pro
1648 5082 1752 5137 alia
1776 5080 1936 5139 resti-

1627 5194 1862 5250 VARIJE
1937 5188 2336 5250 LECTION‘ES.

424 5284 517 5317 ⁹¹³¹
553 5285 796 5356 Denique
848 5285 973 5355 quia
1016 5302 1144 5341 mss.
1179 5287 1422 5358 Denique
1475 5288 1753 5358 quoniam
1806 5287 1939 5358 fi”
1988 5285 2143 5342 Unde
2188 5284 2585 5358 beatushesset
2627 5298 2753 5338 mss.
2797 5293 2856 5337 ut
2892 5283 3082 5358 beatus
3136 5294 3295 5358 esset_
3390 5282 3485 5358 ’ξπ
3520 5279 3624 5334 Re-

351 5364 553 5424 gnante
580 5349 725 5411 mss:
759 5349 1022 5427 gravante
1123 5357 1218 5389 ἠδ
1249 5349 1532 5427 ῡεῖωιιιιὶι
1565 5374 1690 5412 mss.
1726 5356 1817 5414 Dei
1848 5357 2077 5427 abyssus
2107 5353 2276 5408 multa
2394 5349 2490 5382 ""
2518 5350 2675 5427 Esset
2704 5353 3083 5427 riuntert_ls_,_in
3113 5367 3221 5427 quo
3271 5354 3434 5427 futuri
3467 5358 3626 5405 erant

353 5422 485 5477 ἧκε.
512 5437 661 5480 esset
690 5427 742 5480 in
763 5422 1143 5497 humerumin
1175 5441 1284 5497 quo
1312 5426 1388 5481 illi
1421 5428 1549 5497 laeti
1580 5436 1739 5482 erant
1790 5427 1905 5497 7"”
1920 5422 2253 5497 Restitutum
2281 5438 2406 5475 mss.
2426 5422 2807 5497 restituturum
2878 5423 2969 5497 ¹ξ³⁷
2998 5423 3181 5497 Inest!
3197 5425 3291 5497 sed
3316 5425 3621 5497 redeamus,

351 5499 465 5575 etc.
494 5509 620 5547 mss.
652 5495 917 5575 inest?_D.
954 5496 1083 5551 mihi
1118 5487 1353 5575 quidem
1403 5496 1849 5575 videturAinagis
1879 5493 2285 5575 convenientia,
2326 5506 2494 5575 quam.
2530 5492 3005 5575 inconvel‘iientia.‘
3029 5491 3455 5575 ML‘Be‘deamns
3510 5487 3626 5575 7'“?

352 5559 537 5614 Palam
564 5572 673 5635 est,
694 5575 801 5619 etc.
835 5566 889 5619 in
918 5583 1042 5620 mss.
1074 5559 1166 5620 hic
1186 5566 1369 5635 incipit
1420 5575 1576 5635 caput
1614 5566 1683 5619 24
1752 5559 1850 5599 "’°
1883 5566 2140 5635 lndictatn
2168 5562 2278 5635 sibi
2306 5559 2403 5615 nis.
2433 5560 2873 5635 Cister.indit_ant
2906 5561 3006 5635 sibi
3057 5562 3175 5635 _”‘°
3201 5563 3466 5630 Quoniam
3498 5574 3623 5614 cum

352 5646 478 5683 mss.
512 5634 768 5699 quoniam
795 5644 852 5688 et
889 5651 1013 5689 eum
1088 5637 1180 5668 ¹¹ι¹
1225 5630 1567 5691 Ιιιῐιοηθειέιηι
1609 5651 1736 5690 mss.
1772 5635 1920 5691 Gem.
1977 5634 2094 5690 Bec.
2128 5648 2236 5691 non
2265 5633 2549 5688 honestam
2627 5632 2721 5664 ²¹⁶¹
2750 5630 2866 5689 Νοη
2897 5631 3029 5691 satis
3055 5631 3343 5692 honestum
3381 5642 3466 5689 est
3493 5645 3620 5685 mss.

353 5700 521 5753 omiu.
549 5701 680 5757 satis
754 5702 846 5735 ²¹³³
874 5703 937 5758 Ι).
975 5706 1053 5760 sic
1086 5715 1233 5778 patet
1264 5706 1316 5761 in
1341 5722 1468 5763 mss.
1501 5706 1839 5761 continuatur
1866 5714 2021 5775 caput
2046 5704 2140 5764 23.

2044 5074 2168 5145 quia
2194 5086 2336 5127 nunc
2356 5070 2599 5125 eamdem
2623 5086 2745 5127 cum
2768 5087 2966 5144 negare
2990 5090 3094 5128 non
3117 5088 3405 5144 possumus
3424 5074 3626 5129 habere
