3926 6054
283 321 395 378 357

1473 319 1740 376 DIALOG.
1775 319 1864 374 DE
1893 319 2070 375 CASU
2107 320 2392 376 DIABOLI.

3461 326 3562 384 558

293 431 608 496 scientiam,
653 446 814 500 quam
881 433 996 503 ipso
1049 435 1226 504 angeli
1291 435 1566 504 peccantis
1622 433 1868 502 exemplo
1899 439 1946 498 Α
1977 436 2197 490 daturus
2229 443 2349 488 erat
2389 436 2527 490 Deus
2555 435 2801 491 eamdem
2845 436 3124 493 scientiam
3155 439 3349 493 merito
3372 456 3560 510 persen-

293 527 542 596 ignorare
565 542 668 580 non
698 533 890 594 petest.
917 524 1051 579 Mite.
1079 525 1230 592 Quod
1251 541 1390 579 nunc
1417 535 1641 594 uterque
1665 525 1875 580 scilicet

293 617 464 672 bonus
484 617 706 686 angelus
735 625 790 670 et
811 617 1020 678 malus,
1064 625 1245 670 certus
1273 623 1358 670 est
1394 615 1516 684 quia
1570 615 1727 670 talem
1761 615 1876 669 cul—

293 721 414 776 pain
447 707 571 760 talis
595 707 842 774 sequitur
868 721 1024 774 ptena
1048 723 1062 771 ;
1094 706 1234 760 sicut
1259 706 1484 760 scientia
1511 715 1594 760 est
1615 706 1878 760 ambobus

292 797 540 860 diversa,
589 797 660 850 ita
697 805 782 851 est
810 797 1046 850 scientiae
1069 811 1232 852 causa
1261 812 1370 850 non
1399 796 1620 864 eadem,
1672 805 1725 852 et
1757 796 1879 851 linis

293 885 592 940 dissimilis.
617 885 751 939 Nam
773 886 918 955 quod
950 885 1040 940 ille
1077 887 1181 940 scit
1209 887 1326 956 ipso
1356 887 1437 942 sui
1473 887 1876 957 experimento,

291 975 394 1030 hac
436 977 536 1030 iste
580 977 768 1032 didicit
797 976 911 1030 solo
941 977 1168 1031 alterius
1219 978 1466 1048 exemplo
1499 992 1513 1031 :
1551 977 1644 1032 sed
1675 977 1763 1031 ille
1789 976 1880 1030 illo

295 1068 455 1122 modo
477 1067 602 1131 ωδ,
642 1066 768 1136 quia
795 1083 900 1122 non
931 1069 1334 1135 perseveravit;
1385 1069 1488 1122 iste
1540 1067 1648 1120 alio
1677 1067 1836 1120 modo
1864 1106 1878 1131 ,

294 1159 416 1226 quia
467 1159 877 1226 perseveravit..
943 1157 1325 1228 Quapropter,
1396 1161 1538 1216 sicut
1605 1161 1677 1214 illi
1744 1173 1880 1230 quo-

295 1249 442 1302 niam
474 1249 900 1319 vituperabiliter
937 1267 1040 1325 non
1079 1252 1466 1320 perseveravit,
1511 1253 1734 1306 scientia
1783 1269 1880 1308 sua

295 1350 381 1392 est
405 1338 470 1392 ad
499 1339 876 1393 contumeliam
911 1339 1002 1370 ἠδ
1028 1358 1042 1406 ;
1077 1341 1146 1393 ita
1173 1341 1258 1395 isti
1282 1341 1536 1410 quoniam
1559 1342 1654 1373 ““
1697 1357 1882 1406 perse-

295 1431 538 1495 veravit,
589 1429 815 1484 scientia
866 1446 962 1484 sua
1015 1441 1098 1484 est
1146 1431 1238 1472 “‘7
1286 1432 1352 1484 ad
1388 1431 1632 1500 gloriam.
1666 1431 1723 1485 Si
1753 1446 1881 1501 ergo

295 1519 385 1572 isti
419 1517 513 1548 ³³⁸⁵⁸
541 1517 740 1571 dicitur
767 1518 870 1572 hoc
891 1517 1024 1580 solo,
1072 1505 1196 1588 quia
1220 1519 1362 1574 hanc
1391 1519 1552 1572 habet
1577 1519 1879 1584 scientiam,

295 1607 404 1661 iam
437 1621 662 1676 peccare
685 1622 789 1660 non
817 1621 1003 1676 posse;
1056 1609 1188 1662 satis
1213 1617 1358 1676 patet
1398 1607 1552 1677 quia,
1605 1608 1745 1662 sicut
1771 1608 1884 1678 glo-

297 1701 443 1753 riosa
483 1708 566 1754 est
597 1698 818 1752 scientia
842 1714 960 1766 quae
983 1715 1050 1754 ex
1079 1699 1334 1760 laudabili
1361 1699 1766 1769 perseverantia
1801 1707 1882 1755 est

1979 525 2266 586 verantiaz,
2297 523 2400 577 alio
2433 525 2589 578 modo
2613 525 2728 578 sine
2751 525 2979 595 alicujus
3017 528 3260 583 cadentis
3287 531 3559 601 exemplo.

1979 615 2169 669 Nullus
2197 613 2339 668 enim
2371 616 2512 669 dicet
2543 615 2637 647 ³³⁵³
2667 615 2834 671 Deum
2867 632 2972 671 non
3007 618 3113 672 alio
3141 620 3301 675 modo
3327 623 3568 688 potuisse

1982 705 2187 774 angelis
2231 705 2343 760 suis
2375 707 2514 759 hanc
2571 707 2700 760 dare
2752 706 3056 762 scientiam.
3115 710 3248 762 Cum
3292 724 3424 778 ergo
3476 711 3568 768 ille

1982 798 2266 866 peccavit,
2296 797 2543 866 exemplo
2565 795 2678 864 ejus
2705 797 2866 851 istum
2912 799 3093 852 docuit
3128 801 3271 867 quod
3309 802 3571 857 ἀοι-1111⁸115

1983 896 2132 954 erat;
2185 905 2290 944 non
2315 889 2662 957 impotentia,
2714 889 2836 958 quia
2884 887 2990 943 alio
3015 889 3172 944 modo
3213 907 3319 944 non
3349 893 3568 960 potuit;

1985 980 2078 1034 sed
2111 981 2316 1051 majore
2351 981 2586 1050 potentia
2616 1019 2632 1043 ,
2675 997 2777 1048 qua
2835 981 2900 1035 de
2945 980 3086 1034 malo
3141 982 3339 1035 bomnn
3384 982 3570 1040 facere

1983 1069 2190 1139 potuit,
2239 1077 2297 1124 ut
2329 1086 2429 1125 nec
2457 1071 2654 1124 malum
2687 1070 3051 1124 inordinatum
3101 1071 3150 1124 in
3193 1085 3358 1138 regno
3395 1074 3573 1126 omni-

1985 1159 2220 1226 potentis
2269 1159 2547 1230 sapicnlia:
2603 1167 2966 1227 permaneret.
3009 1159 3150 1214 Dtsc.
3216 1160 3398 1215 Placet
3437 1163 3571 1216 mihi

1985 1248 2140 1302 valde
2176 1249 2318 1318 quod
2350 1251 2502 1304 dicis.
2537 1249 2676 1304 MAG.
2723 1249 2879 1304 Patet
2929 1249 3112 1319 itaque
3139 1251 3186 1306 si
3209 1251 3382 1307 bonus
3411 1269 3578 1325 ange-

1989 1339 2071 1394 lus
2098 1341 2198 1394 hoc
2225 1340 2338 1392 solo
2372 1339 2482 1408 jam
2513 1355 2738 1407 peccare
2767 1356 2869 1394 non
2903 1351 3114 1411 posset,
3157 1345 3279 1410 quia
3312 1345 3413 1396 scit
3449 1360 3575 1413 p:c-

1987 1437 2166 1482 catum
2192 1428 2314 1482 mali
2338 1429 2510 1499 angeli
2534 1443 2750 1498 poenam
2779 1438 3019 1486 secutam
3050 1443 3172 1486 esse
3197 1446 3213 1496 ;
3258 1447 3366 1501 quo
3395 1441 3575 1487 tamen

1985 1520 2097 1574 hate
2130 1520 2442 1588 impotentia
2467 1535 2572 1574 non
2604 1521 2672 1574 illi
2699 1531 2842 1576 esset
2889 1521 2952 1573 ad
2999 1522 3428 1576 imminutionem
3461 1522 3578 1574 lar-

1987 1607 2068 1662 dis
2092 1607 2218 1674 “5‘;
2261 1609 2354 1663 sed
2387 1610 2454 1663 ad
2481 1609 2757 1676 pra-mium
2789 1615 3018 1664 servatae
3041 1607 3284 1676 justitue.
3328 1610 3434 1664 Sed
3463 1611 3575 1664 scis

1987 1697 2112 1764 quia
2144 1712 2308 1766 supra
2341 1697 2534 1751 claruit
2560 1712 2682 1752 eum
2733 1697 2935 1752 idcirco
2973 1711 3198 1766 peccare
3232 1714 3334 1752 non
3369 1713 3527 1770 posse
3556 1741 3574 1768 ,

295 1799 644 1860 comparata;
686 1790 764 1844 sic
790 1793 854 1842 ad
885 1790 1110 1859 gloriam
1141 1799 1224 1846 est
1251 1791 1566 1859 impotentia
1597 1791 1879 1859 peccandi,
1918 1796 1962 1850 Β
1987 1786 2244 1855 quoniam
2288 1787 2482 1841 merito
2527 1788 2944 1856 perseverantiae
3001 1787 3137 1842 adeo
3172 1797 3460 1858 provectus
3481 1787 3576 1820 ²¹³⁸

295 1897 420 1952 qua:
460 1895 526 1935 ex
553 1881 801 1950 gloriosa
851 1882 1076 1936 scientia
1109 1890 1192 1938 est
1221 1892 1369 1935 nata.
1418 1881 1878 1948 Quemadmodum

297 1971 624 2041 ergomalus
650 1972 871 2042 angelus
887 1971 1270 2042 vituperandus
1294 1980 1398 2036 est,
1427 1972 1552 2041 quia
1579 1985 1684 2025 non
1705 1980 1885 2040 potest

297 2064 367 2116 ad
385 2063 646 2131 justitiam
679 2063 887 2128 redire;
912 2063 984 2116 ita
1009 2063 1108 2117 iste
1137 2062 1434 2117 laudandus
1462 2070 1572 2128 est,
1614 2061 1738 2130 quia
1777 2076 1884 2114 non

299 2162 475 2224 potest
501 2153 668 2208 abire.
701 2152 852 2207 Sicut
878 2155 1021 2208 enim
1049 2153 1135 2206 1110
1156 2151 1267 2220 jam
1297 2152 1473 2207 redire
1507 2167 1615 2206 non
1665 2161 1878 2220 p0test,

301 2246 426 2314 quia
453 2243 564 2298 sola
597 2244 734 2297 mala
759 2243 1032 2298 voluntate
1059 2244 1222 2309 abiit;
1256 2243 1334 2298 sic
1362 2243 1462 2296 iste
1478 2241 1590 2310 jam
1615 2243 1764 2296 abire
1779 2257 1883 2296 non

305 2341 518 2402 potest,
551 2334 674 2403 quia
704 2333 815 2388 sola
861 2335 999 2388 bona
1031 2333 1308 2388 voluntate
1353 2333 1668 2403 permansit.
1702 2331 1884 2387 Palam

305 2423 470 2492 igitur
497 2432 580 2478 est
613 2423 738 2492 quia
777 2423 916 2478 sicut
944 2423 1018 2477 illi
1047 2439 1148 2478 non
1171 2439 1330 2492 posse
1351 2437 1674 2493 recuperare
1697 2464 1712 2490 ,
1743 2422 1888 2491 quod

303 2513 576 2580 deseruit,
602 2521 684 2568 est
703 2527 862 2582 paena
885 2514 1093 2584 peccati
1117 2553 1132 2578 ,
1164 2513 1238 2568 ita
1269 2514 1396 2568 huic
1419 2529 1524 2569 non
1553 2526 1710 2583 posse
1737 2513 1890 2569 dese-

305 2619 428 2660 rere
449 2605 589 2674 quod
619 2605 817 2673 tenuit,
841 2611 925 2660 est
943 2605 1222 2674 praimium
1246 2604 1494 2674 justitiae.

881 2713 1110 2771 CAPUT
1147 2715 1314 2772 XXV.

306 2831 464 2898 Quod
485 2830 575 2884 ille
597 2832 798 2884 etiamsi
823 2834 919 2884 hoc
941 2830 1051 2883 solo
1088 2831 1284 2882 dicitur
1309 2829 1426 2898 jam
1459 2847 1560 2883 non
1601 2846 1749 2894 posse
1773 2845 1890 2899 pec-

379 2917 502 2954 care
525 2941 541 2966 ,
570 2902 694 2970 quia
727 2917 864 2953 nunc
893 2901 1041 2970 liabet
1065 2903 1199 2970 hanc
1228 2901 1498 2952 scientiam
1521 2899 1614 2931 “‘9
1643 2915 1718 2954 ἐει
1761 2916 1890 2952 casu

375 2969 598 3032 diaboli,
653 2981 826 3024 tamen
847 2969 924 3022 illi
954 2969 1018 3023 sit
1045 2971 1112 3022 ad
1140 2969 1382 3038 gloriam.

378 3079 545 3135 Valde
567 3079 788 3150 pulchra
817 3088 960 3160 esset
984 3079 1143 3149 hujus
1167 3079 1407 3134 scicntia:
1430 3086 1590 3147 atque
1621 3079 1890 3148 impoten-

305 3171 398 3224 tia:
423 3177 516 3224 tua
542 3149 645 3223 ista
671 3156 1086 3238 tontempIatio,
1117 3169 1162 3224 si
1187 3168 1638 3236 quemadmodum
1667 3169 1890 3236 asseris,
1919 3149 1961 3206 (ἶ

307 3260 428 3314 ideo
459 3262 598 3312 bono
631 3259 820 3329 angelo
849 3258 1038 3313 eadem
1070 3258 1294 3313 scientia
1323 3266 1378 3313 et
1403 3258 1740 3328 impotentia,
1767 3259 1894 3328 quia

307 3349 707 3420 perseveravit"
743 3349 1117 3418 contigissent.
1169 3346 1286 3402 Non
1335 3347 1479 3402 enim
1529 3363 1623 3402 eas
1669 3348 1895 3417 adeptus

305 3454 432 3494 esse
455 3439 696 3500 videtur,
749 3438 872 3506 quia
921 3437 1036 3505 ipse
1065 3436 1432 3505 perseveravit
1461 3435 1595 3500 ¹¹¹⁵⁰;
1629 3436 1722 3490 sed
1766 3439 1893 3504 quia

308 3533 558 3584 desertor
587 3543 690 3583 non
721 3528 1108 3598 perseveravit.
1140 3527 1278 3582 111110.
1311 3527 1368 3582 Si
1399 3527 1472 3580 ita
1503 3535 1587 3582 est
1627 3535 1685 3582 ut
1727 3527 1891 3596 dicis,

309 3621 546 3688 gaudere
575 3627 752 3688 potest
775 3621 950 3675 bonus
982 3619 1204 3690 angelus
1232 3619 1298 3673 de
1343 3633 1470 3673 casu
1507 3627 1768 3688 apostatte
1799 3633 1898 3672 an-

309 3711 445 3782 geli,
473 3719 654 3779 utpote
681 3711 766 3765 cui
795 3711 1115 3780 expediebat
1143 3719 1200 3764 ut
1224 3709 1312 3764 ille
1341 3709 1562 3764 caderet
1589 3725 1604 3774 ;
1637 3709 1894 3780 quoniam

309 3819 340 3856 11
367 3805 540 3870 Ξεριιιε
567 3811 651 3856 est
695 3803 835 3856 hanc
868 3801 1186 3866 scientiam,
1228 3816 1332 3870 qua
1367 3815 1465 3855 nec
1493 3815 1723 3870 peccare
1746 3841 1760 3865 ,
1796 3815 1894 3855 nec

311 3893 478 3945 miser
493 3907 611 3946 esse
635 3891 864 3960 amplius
883 3891 1080 3962 possit;
1109 3907 1215 3946 non
1233 3891 1358 3962 quia
1384 3892 1495 3959 ipse
1515 3891 1653 3946 bene
1675 3891 1894 3957 meruii,

310 3983 408 4035 sed
443 3982 566 4050 quia
595 3981 734 4037 alius
757 3983 894 4036 male
921 3982 1120 4036 meruit
1147 3999 1160 4035 :
1213 3996 1332 4051 qua:
1368 3981 1548 4037 omnia
1577 3988 1702 4036 sunt
1730 3981 1896 4036 nimia

311 4073 648 4126 absurditate
671 4072 849 4142 plena.
883 4073 1030 4128 Dtsc.
1063 4072 1280 4139 Quanto
1319 4071 1606 4128 absurdius
1637 4071 1852 4126 videtur
1878 4112 1893 4138 ,

311 4166 458 4220 sicut
494 4175 547 4218 tu
583 4173 852 4222 monstras
878 4204 892 4230 ,
937 4166 1102 4219 stanti
1159 4165 1352 4236 angelo
1407 4163 1674 4234 profuisse
1713 4179 1896 4219 casum

311 4257 610 4326 peccantis;
639 4265 788 4310 tanto
810 4255 982 4326 magis
1011 4257 1384 4312 necessarium
1413 4255 1507 4288 ²¹⁵¹
1536 4264 1618 4312 est
1641 4265 1696 4310 ut
1719 4265 1900 4312 osten-

311 4349 414 4402 das
437 4348 595 4404 istum
619 4363 724 4402 non
759 4347 879 4402 ideo
906 4348 1158 4416 adeptum
1181 4362 1304 4403 esse
1326 4347 1606 4402 scientiam
1623 4389 1636 4412 ,
1687 4347 1753 4400 de
1792 4361 1898 4415 qua

311 4441 495 4508 agitur
521 4479 538 4504 ,
583 4440 710 4509 quia
746 4438 838 4494 ille
862 4439 1128 4509 peccavit.
1177 4438 1317 4493 MAG.
1359 4437 1474 4492 Non
1515 4438 1678 4492 debes
1715 4437 1898 4492 dicere

1990 1885 2104 1938 est,
2139 1884 2196 1929 ut
2218 1876 2330 1946 jam
2371 1893 2478 1932 non
2521 1877 2703 1931 videat
2729 1877 2856 1946 qttid
2885 1876 3006 1946 plus
3035 1877 3171 1930 velle
3203 1887 3384 1945 queat.
3431 1879 3575 1933 Dtsc.

1991 1963 2130 2019 Nihil
2155 1965 2354 2019 excidit
2383 1979 2571 2020 eorum
2591 1979 2712 2034 quae
2739 1979 2923 2034 supra,
2957 1965 3169 2019 ratione
3197 1963 3576 2034 investigante,

1987 2055 2353 2126 comperimus
2376 2097 2391 2123 ,
2422 2071 2452 2111 a
2481 2057 2741 2111 memoria
2770 2069 2909 2110 mea.

2476 2187 2581 2257 73
2607 2184 2847 2242 «CAPUT
2886 2184 3076 2240 xxvr.

1991 2297 2132 2364 Quid
2171 2299 2442 2353 horremus
2470 2299 2564 2330 ²¹⁵⁶
2608 2299 2793 2352 audito
2836 2298 3042 2365 nomine
3075 2296 3202 2350 mali
3225 2313 3238 2350 :
3263 2306 3311 2351 et
3350 2297 3581 2367 0111111⁸11-

2063 2370 2238 2422 051²¹¹⁵²
2271 2386 2446 2436 opera,
2469 2385 2585 2439 qua:
2607 2367 2800 2439 dicitur
2821 2367 2915 2399 ²¹⁸³
2944 2367 3209 2436 injustitia
3243 2367 3436 2436 facere,
3459 2383 3580 2422 cum

2058 2441 2169 2508 ipsa
2197 2448 2244 2492 et
2287 2438 2486 2491 malum
2519 2438 2648 2490 nili-il
2677 2439 2766 2490 sit.

2065 2551 2174 2608 Sed
2209 2567 2331 2606 cum
2361 2550 2610 2606 omnibus
2639 2548 3028 2620 qttmstionibus
3057 2549 3192 2606 meis
3225 2549 3578 2618 satisfeceris,

1993 2642 2122 2698 illud
2154 2642 2330 2696 adhuc
2355 2649 2608 2710 exspecto
2631 2639 2830 2708 aperiri
2865 2640 2989 2708 quid
3017 2639 3088 2694 sit
3113 2641 3361 2708 quod’m
3393 2644 3580 2697 horre-

1991 2748 2112 2788 mus
2160 2731 2344 2785 audito
2373 2730 2592 2785 nomine
2624 2729 2782 2794 ntali;
2810 2736 2866 2782 et
2899 2728 3030 2796 quid
3057 2728 3221 2784 faciat
3247 2747 3431 2800 opera,
3463 2745 3584 2802 qua!

1992 2823 2045 2875 in
2069 2819 2309 2890 justitia,
2341 2833 2460 2888 qua:
2499 2817 2700 2872 malum
2748 2825 2853 2882 est,
2893 2817 3112 2871 videtur
3163 2817 3363 2884 facere,
3413 2827 3490 2884 ut,
3524 2820 3578 2874 in

1995 2923 2230 2980 raptore,
2268 2909 2324 2963 in
2374 2909 2658 2964 libidinoso
2697 2922 2818 2960 cum
2869 2907 3069 2961 tnalttm
3115 2907 3250 2962 nihil
3293 2910 3386 2962 sit.
3435 2909 3575 2964 MAG.

1993 3002 2236 3058 Breviter
2267 3001 2361 3056 tibi
2402 3000 2700 3070 respondeo
2725 2999 2840 3050 “6°.
2873 2997 3090 3064 Malum,
3123 3000 3265 3068 quod
3296 3009 3378 3052 est
3419 2999 3584 3068 justi-

1996 3095 2088 3160 tia,
2113 3101 2334 3161 semper
2359 3091 2492 3144 nihil
2519 3097 2600 3144 est
2624 3105 2638 3154 ;
2665 3089 2862 3142 malum
2893 3103 3042 3150 vero,
3083 3088 3224 3156 quod
3251 3096 3334 3142 est
3379 3089 3586 3144 incom-

1996 3183 2241 3245 moditas,
2275 3179 2564 3248 aliquando
2591 3179 2710 3232 sine
2740 3178 2902 3232 dubio
2931 3187 3011 3230 est
3043 3173 3200 3242 nihil,
3237 3185 3293 3228 ut
3330 3177 3579 3242 caecitas;

1997 3273 2288 3342 aliquando
2311 3279 2394 3326 cst
2423 3269 2648 3339 aliquid,
2681 3276 2740 3322 ut
2779 3267 2998 3322 tristitia
3044 3274 3097 3320 et
3127 3265 3298 3321 dolor.
3335 3265 3400 3319 Et
3439 3267 3583 3320 hanc

1995 3361 2513 3424 incommoditatem,
2544 3375 2662 3426 qua:
2696 3367 2779 3412 est
2808 3357 3029 3426 aliquid,
3059 3371 3275 3426 semper
3314 3357 3440 3410 odio
3482 3357 3574 3410 ha-
3643 3423 3648 3428 _

1993 3451 2206 3505 bemus.
2240 3448 2372 3504 Cum
2399 3449 2578 3516 itaque
2621 3448 2868 3500 audimus
2911 3461 3107 3500 nomen
3141 3445 3302 3508 mali;
3335 3459 3583 3498 1101111111-

2012 3556 2104 3596 um
2157 3541 2300 3609 quod
2363 3537 2496 3593 nihil
2539 3547 2649 3604 est,
2697 3537 2992 3601 timemus;
3050 3535 3144 3589 sed
3193 3536 3392 3588 traltnn
3442 3535 3584 3603 quol

1997 3629 2198 3698 aliquid
2228 3638 2331 3693 est,
2356 3629 2496 3697 quod
2521 3617 2822 3682 absentiam
2867 3627 2990 3680 boni
3032 3627 3309 3695 sequitur.
3339 3624 3472 3679 Nam
3506 3625 3587 3677 iu-

1991 3720 2258 3788 justitiarn
2297 3730 2350 3773 ct
2380 3720 2704 3782 catcitatem,
2733 3733 2855 3786 quae
2907 3717 3110 3771 malum
3149 3725 3204 3771 et
3248 3715 3382 3769 nihil
3429 3724 3582 3776 sunt,

1995 3817 2298 3878 sequuntur
2336 3807 2502 3862 multa
2533 3808 3030 3874 incommoda,qute
3061 3806 3257 3860 malum
3288 3815 3342 3858 et
3387 3805 3588 3873 aliquid

1995 3897 2120 3952 sunt
2145 3914 2158 3949 :
2181 3903 2234 3950 et
2258 3895 2371 3948 haec
2394 3904 2516 3948 sunt
2546 3910 2664 3963 qua:
2685 3895 2968 3948 horremus
2989 3895 3173 3948 audito
3195 3893 3412 3947 nomine
3435 3891 3578 3946 mali.

1997 3990 2129 4045 Cum
2164 3996 2342 4041 autem
2368 3986 2600 4040 dicimus
2637 3986 2761 4054 quia
2815 3983 3085 4052 injustitia
3144 3982 3280 4036 facit
3319 3983 3586 4051 rapinam,

1998 4089 2090 4134 aut
2115 4078 2331 4134 caecitas
2363 4075 2493 4130 facit
2519 4077 2788 4132 hominem
2817 4075 3010 4130 cadere
3045 4075 3096 4126 in
3121 4071 3356 4132 foveam.
3387 4086 3588 4138 nequa-

1999 4183 2160 4240 quam
2201 4165 2604 4235 intclligendum
2644 4174 2728 4219 est
2775 4164 2918 4233 quod
2961 4162 3222 4233 injustitia
3255 4171 3348 4214 aut
3377 4160 3590 4215 caecitas

1999 4256 2419 4324 faciantaliquid
2454 4271 2470 4320 ;
2502 4255 2595 4331 sed
2627 4256 2768 4325 quod
2793 4255 2836 4308 si
2860 4253 3071 4323 justitia
3095 4253 3186 4284 ³³⁸³
3232 4260 3379 4306 esset
3405 4251 3458 4304 in
3497 4265 3590 4304 vo-

1999 4348 2226 4410 luntate,
2284 4355 2338 4399 ct
2393 4345 2538 4399 visus
2583 4345 2635 4398 in
2679 4345 2876 4410 oculo,
2916 4359 3013 4398 nec
3037 4345 3222 4412 rapina
3253 4341 3442 4404 ﬁeret,
3487 4355 3588 4393 nec

2001 4455 2160 4494 casus
2188 4444 2238 4495 in
2271 4441 2498 4496 foveam.
2551 4434 2679 4490 Tale
2701 4444 2802 4498 est,
2857 4449 2979 4488 eum
3031 4433 3295 4487 dicimus:
3326 4429 3588 4483 Abscntia

313 4507 440 4584 ideo
461 4507 659 4585 bonum
683 4507 932 4600 angelum
961 4531 1028 4585 ad
1071 4530 1356 4585 'scientiam
1399 4528 1692 4598 profecisse
1730 4529 1898 4596 hanc,
1929 4507 1982 4566 Β
2005 4530 2352 4598 gubernaculi
2385 4528 2610 4598 impellit
2639 4541 2830 4580 navem
2869 4525 2921 4577 in
2968 4521 3241 4591 scepulos,
3270 4531 3360 4574 aut
3399 4521 3590 4573 altsrn-

315 4621 444 4690 quia
476 4621 647 4677 malus
675 4622 921 4692 peccavit
945 4638 960 4688 ;
989 4621 1084 4677 sed
1113 4622 1313 4677 bonum
1341 4620 1590 4691 angelum
1628 4619 1746 4676 ideo
1769 4635 1897 4690 pro-

315 4706 515 4765 fecisse
551 4712 618 4766 ad
663 4713 804 4767 hanc
834 4711 1119 4767 scientiam
1157 4710 1401 4781 exemplo
1444 4709 1721 4776 cadentis,
1773 4709 1900 4778 quia

315 4799 410 4856 ille
437 4803 682 4870 peccavit
707 4803 824 4856 “5’.
855 4801 910 4858 Si
937 4803 1080 4858 enim
1111 4811 1302 4858 neuter
1339 4810 1644 4871 peccasset,
1685 4802 1899 4871 utrique

2009 4619 2080 4672 tia
2109 4618 2244 4675 freni
2274 4619 2406 4674 facit
2429 4634 2626 4688 equum
2665 4618 2971 4672 discurrere
2997 4630 3014 4669 :
3037 4615 3180 4682 quo!
3207 4618 3416 4665 nonest
3446 4609 3592 4664 aliud

2005 4725 2168 4780 quam
2206 4711 2250 4766 si
2281 4710 2704 4782 gubernaculum
2743 4709 2958 4762 adesset
3005 4706 3128 4759 navi
3158 4703 3251 4734 ¹³⁶²
3285 4711 3340 4756 et
3377 4702 3590 4756 frenum

2003 4815 2165 4871 equo,
2195 4817 2294 4856 nec
2332 4803 2478 4855 venti
2521 4816 2710 4856 navem
2763 4799 3120 4870 impellerent,
3135 4808 3236 4850 nec
3271 4809 3442 4863 equus
3477 4792 3593 4846 dis.

1709 4907 1942 4963 VARIA‘I
1985 4906 2389 4965 LECTIONES.

393 5002 492 5034 "“
516 5003 609 5059 llle
637 5003 692 5059 id
721 5018 785 5058 eo
829 5003 989 5058 modo
1010 5019 1136 5057 mss.
1165 5001 1252 5056 ille
1281 5001 1372 5056 illo
1401 5001 1560 5055 modo

1663 4999 1757 5071 ἰε’-⁸
1783 5000 1868 5054 Ad
1912 5017 2125 5071 patriam
2155 5001 2370 5071 niss.ad
2393 5001 2774 5056 contumeliam

2885 5000 2978 5036 “is
3011 4999 3102 5052 Sic
3127 4997 3210 5052 isti
3242 4995 3331 5065 qui
3361 5009 3490 5053 mss.
3523 4994 3598 5048 ita

319 5073 412 5126 isti
444 5075 697 5138 quoniam
771 5073 865 5105 ²¹⁵⁷
903 5073 1143 5128 Scientia
1179 5081 1263 5126 cst
1291 5089 1388 5125 ms.
1423 5069 1615 5126 Cister.
1667 5065 2023 5126 scientia'sua
2051 5081 2135 5125 est
2208 5070 2301 5102 “"3
2335 5071 2389 5124 Si
2423 5085 2553 5140 ergo
2585 5071 2669 5123 ille
2693 5087 2818 5124 mss.
2866 5069 2994 5122 Vict.
3027 5069 3212 5122 Cister.
3254 5067 3298 5121 si
3331 5081 3462 5140 ergo
3492 5065 3598 5118 iste

317 5142 416 5175 ³¹¹⁶⁹
450 5141 586 5208 Quia
635 5159 780 5198 nunc
817 5142 1293 5197 habetscientiam
1339 5158 1466 5195 mss.
1505 5141 1630 5210 quia
1683 5155 1826 5194 nunc
1864 5141 2032 5195 habet
2079 5142 2220 5195 hanc
2250 5141 2531 5194 scientiam

2639 5141 2730 5172 ²¹⁸⁰
2764 5141 2898 5206 Quia
2938 5140 3052 5207 ipse
3097 5137 3459 5206 perseveravit
3494 5151 3593 5186 ms.

318 5207 514 5266 Cister.
560 5214 704 5282 omit.
739 5213 854 5282 ipse
925 5212 1017 5244 ¹¹⁵¹
1049 5211 1202 5265 Sicut
1245 5219 1300 5264 tu
1341 5207 1642 5276 monstras,
1676 5225 1861 5282 casum
1897 5214 2173 5282 peccantis
2220 5211 2391 5280 angeli
2419 5207 2695 5282 profuisse
2714 5210 2878 5263 stanti
2911 5224 2926 5262 :
2959 5215 3116 5282 tanto
3145 5207 3314 5273 magis
3349 5217 3598 5282 necessu:

321 5283 468 5334 rium
511 5298 607 5335 ms.
649 5277 836 5336 (ἐξιὼν.
885 5281 1026 5336 sicut
1070 5289 1122 5332 tu
1161 5289 1430 5350 monstras
1463 5282 1628 5334 stanti
1673 5280 1862 5349 angelo
1898 5277 2167 5350 profuisse
2215 5277 2935 5350 cas—um—peccantis,_tanlo
2975 5277 3398 5350 magis__necesse

319 5351 583 5422 (Qadentis
626 5353 751 5422 quia
803 5351 890 5422 ille
931 5349 1556 5422 peccavit_3its_._ACist_er.
1590 5349 1833 5422 cadentis
1863 5349 1989 5420 quia
2026 5351 2114 5406 ille
2141 5349 2522 5422 nonpeccavit

3505 5273 3597 5302 11Ξὺ

2624 5349 2718 5380 ²¹⁵³
2755 5347 2942 5400 Nullus
2964 5340 3106 5400 enim
3137 5345 3270 5398 dicit
3299 5359 3422 5395 mss.
3461 5340 3592 5394 Vict.

319 5421 516 5474 Cister.
551 5412 730 5475 nullus
760 5412 901 5475 enim
931 5412 1077 5474 'dicet
1167 5419 1262 5449 'm
1297 5417 1646 5473 Minutionein
1677 5418 1849 5474 laudis
1881 5412 2472 5474 niss.imtiiuttiti011cnt
2503 5417 2682 5473 laudis
2773 5417 2867 5449 ²¹⁵⁸
2909 5416 2953 5470 Δ
2999 5412 3404 5481 00011011001119
3441 5427 3566 5480 mss.

321 5491 466 5544 adeo
511 5500 796 5560 provectus
899 5490 993 5560 ἰδέ

323 5559 546 5614 videtur
591 5577 716 5614 mss.
770 5575 890 5628 quae
943 5559 1142 5614 dicitur

321 5630 629 5698 respondeo

323 5711 449 5754 sent
481 5717 604 5753 mss.
634 5701 744 5754 Ita'c
768 5701 913 5754 omit.

1036 5489 1191 5556 Quod
1243 5487 1529 5552 horremus
1578 5505 1704 5541 mss.
1759 5487 1898 5553 Quid
1927 5491 2216 5544 horremus
2288 5489 2379 5520 “‘7
2429 5487 2566 5555 Quid
2603 5489 2765 5542 faciat
2793 5503 2920 5540 mss.
2953 5485 3081 5556 quid
3111 5483 3242 5536 facit

1247 5559 1341 5589 ms
1368 5559 1521 5624 Quod
1553 5559 1626 5628 sit
1665 5557 1808 5628 quod
1843 5573 1970 5628 mss.
2011 5559 2240 5628 quidsit
2269 5559 2414 5627 quod

729 5627 820 5660 "‘1
850 5629 958 5714 Sed
987 5629 1030 5685 si
1055 5628 1267 5699 justitia
1314 5643 1439 5714 mss:
1471 5627 1566 5684 sed
1601 5627 1744 5698 quod
1767 5628 1812 5683 si
1839 5627 2048 5712 justitia

3345 5481 3439 5512 H58
3471 5481 3548 5530 0"

2515 5489 2566 5542 id
2603 5489 2765 5542 faciat
2793 5503 2920 5540 mss.
2953 5485 3079 5554 quid
3111 5483 3242 5536 facit
3345 5481 3439 5512 “‘3
3471 5481 3600 5546 Qua:

2509 5559 2603 5589 ¹¹⁶⁰
2635 5557 2758 5612 Tibi
2801 5553 3138 5624 respondebo
3163 5569 3287 5624 mss.
3335 5549 3599 5624 Virtutibi

2157 5627 2248 5661 ³¹⁶¹
2275 5619 2442 5686 Abest
2471 5629 2596 5684 navi
2621 5645 2746 5684 mss.
2781 5619 2995 5683 adesset
3021 5624 3163 5680 navi.
3197 5621 3326 5690 Qua:
3352 5622 3396 5678 si
3439 5619 3596 5676 ades—
