3926 6054
335 285 441 341 539

896 282 951 338 S.
1006 283 1306 339 ANSEIMI
1338 275 1966 336 CANTUAR.‘AR’CHII

2046 317 2049 330 .
2088 274 2245 333 OPP.
2285 274 2469 333 PARS
2499 275 2539 331 I.
2581 305 2651 317 --
2684 273 3106 332 DOGMATICA.

3501 273 3612 335 360

337 408 603 459 curreret.
636 398 786 453 Sicut
815 413 1046 469 namque
1089 395 1451 469 gubernaculo
1478 394 1652 460 navis,
1677 401 1731 450 et
1760 374 1915 447 freno
1944 394 1994 453 Α
2019 390 2208 456 seruit,
2238 398 2425 460 aperte
2448 391 2680 447 ostendo
2701 407 2800 447 cur
2827 398 2881 446 et
2905 391 3180 461 quomodo
3211 387 3357 444 illam
3386 391 3480 424 ’πί
3517 396 3613 450 αθ.

340 494 551 562 regitur
577 506 747 560 equus
771 506 786 554 ;
831 489 910 545 sic
934 489 1142 561 justitia
1182 488 1518 558 gubernatur
1544 486 1801 542 voluntas
1829 485 1927 540 ho-

343 585 529 650 minis,
561 592 617 637 et
644 582 762 636 visu
797 582 980 652 pedes.

895 669 1123 728 CAPUT
1152 668 1359 728 XXVII.

380 764 529 820 Unde
559 762 691 816 venit
711 761 806 794 ¹¹⁶³
840 761 1037 816 malum
1066 762 1121 815 in
1156 758 1429 829 angelum,
1451 760 1542 830 qui
1563 760 1725 816 bonus
1758 769 1888 816 erat.

416 856 561 909 DISC.
609 855 700 908 Sic
736 852 869 908 mihi
922 854 987 908 de
1034 853 1198 920 malo,
1232 855 1373 925 quod
1400 861 1484 909 est
1513 851 1609 893 "0‘
1646 852 1929 922 injustitia,

343 940 678 1005 satisfecisti,
707 951 764 995 ut
788 941 897 1009 jam
929 942 1104 997 omnis
1134 942 1184 996 in
1214 945 1379 998 corde
1409 957 1551 1007 meo,
1585 956 1705 1011 quas
1731 942 1797 997 de
1839 941 1931 996 illo

344 1032 524 1086 inesse
564 1029 791 1097 solebat,
818 1031 1045 1100 quaestio
1076 1032 1147 1085 sit
1187 1030 1499 1087 decisam“.
1535 1032 1610 1086 De
1656 1032 1761 1087 boc
1785 1030 1931 1086 enim

346 1121 488 1175 malo
514 1122 742 1190 quasstio
770 1120 917 1174 nasci
959 1120 1196 1188 videtur,
1228 1122 1485 1191 quoniam
1512 1122 1557 1176 si
1584 1129 1727 1177 esset
1751 1120 1932 1190 aliqua

344 1212 598 1275 essentia,
627 1219 769 1267 esset
797 1227 826 1264 a
866 1210 991 1275 Deo,
1025 1227 1055 1265 a
1085 1226 1192 1282 quo
1218 1225 1439 1267 necesse
1467 1219 1550 1266 est
1597 1225 1719 1266 esse
1750 1224 1932 1274 omne,

346 1303 489 1373 quod
516 1302 720 1371 aliquid
763 1311 865 1364 est.
896 1309 950 1357 et
989 1302 1320 1371 impossibile
1349 1311 1449 1371 est,
1480 1318 1603 1358 esse
1621 1303 1716 1335 “5°
1740 1317 1935 1372 pecca-

348 1405 460 1445 tum
483 1393 597 1446 sive
620 1391 963 1461 injustitiam.
1001 1391 1076 1445 De
1098 1390 1240 1446 malo
1265 1406 1413 1456 vero,
1444 1392 1589 1461 quod
1618 1400 1701 1447 est
1727 1391 1936 1447 incom-

350 1485 618 1546 moditas,
653 1482 695 1537 si
739 1472 1033 1553 aliquando
1076 1493 1158 1538 est
1204 1484 1410 1553 aliquid
1436 1485 1561 1549 ²¹⁶⁷,
1596 1485 1731 1540 nihil
1780 1486 1938 1540 video

355 1583 513 1627 rectae
563 1572 683 1626 lidci
718 1573 965 1629 obviare.
998 1573 1127 1639 Sed,
1160 1589 1227 1628 ne
1269 1576 1461 1629 taedeat
1491 1585 1544 1629 te
1590 1574 1829 1629 breviter
1856 1591 1939 1630 re-

351 1664 617 1733 spondere
644 1661 806 1717 fatuae
831 1664 1240 1735 interrogationi
1275 1679 1427 1730 meae,
1474 1673 1534 1720 ut
1561 1665 1732 1720 sciam
1759 1665 1936 1736 quali-

354 1764 435 1809 ter
461 1755 565 1810 boc
594 1756 766 1824 ipsum
797 1756 1164 1826 quaerentibus
1194 1756 1579 1825 respondeam:
1605 1758 1803 1827 quippe
1832 1771 1937 1814 non

352 1860 566 1916 semper
593 1845 750 1901 facile
779 1856 861 1901 est
893 1846 1168 1916 insipienti
1201 1847 1627 1918 insipienter““
1653 1848 1938 1920 quaerenti,

354 1937 629 2005 sapienter
670 1938 1018 2008 respondere.
1054 1936 1248 2003 Quaero
1298 1936 1464 2007 igitur
1516 1938 1658 1993 unde
1705 1938 1941 2008 primum

354 2026 502 2080 venit
537 2024 758 2092 malum,
790 2027 933 2095 quod
973 2028 1174 2082 dicitur
1198 2026 1485 2097 iniustitia,
1518 2026 1631 2083 sive
1660 2037 1944 2098 peccatum

356 2119 408 2172 in
436 2116 708 2187 angelum,
741 2118 831 2187 qui
865 2118 1039 2173 factus
1068 2127 1151 2174 est
1178 2118 1358 2189 justus
1384 2119 1409 2172 ?
1445 2119 1583 2174 ΜΑσ.
1613 2120 1711 2175 Dic
1734 2130 1788 2175 tu
1814 2122 1946 2177 mihi

355 2208 499 2262 unde
528 2207 673 2261 venit
725 2208 856 2263 nihil
888 2209 941 2263 in
987 2209 1244 2279 aliquid?
1271 2208 1416 2265 Dtsc.
1460 2208 1605 2265 Nihil
1636 2225 1735 2267 nec
1775 2212 1944 2281 venit,

357 2314 458 2354 nec
502 2301 725 2357 recedit.
759 2299 900 2355 ΜΑα.
960 2300 1070 2355 Cur
1095 2315 1225 2371 ergo
1252 2301 1454 2371 quaeris
1477 2302 1619 2357 unde
1666 2302 1816 2358 venit
1859 2302 1946 2359 iu-

353 2387 591 2456 justitia,
641 2404 762 2459 quae
806 2389 940 2443 nihil
963 2398 1048 2444 est
1072 2388 1095 2442 ?
1119 2388 1266 2444 DISC.
1305 2389 1442 2457 Quia
1492 2391 1710 2461 quando
1735 2390 1948 2461 justitia

361 2483 571 2535 recedit
601 2482 722 2536 inde
752 2481 845 2513 ²¹⁶⁹
873 2481 960 2535 ubi
993 2490 1135 2546 erat,
1179 2481 1411 2537 dicimus
1438 2484 1698 2538 accedere
1731 2483 1947 2553 injusti-

362 2573 513 2626 tiam.
540 2571 679 2626 MAG.
712 2572 808 2626 Dic
839 2585 967 2641 ergo
994 2571 1137 2640 quod
1173 2572 1343 2642 magis
1368 2573 1585 2643 preprie
1615 2581 1670 2628 et
1708 2574 1949 2644 apertius

360 2661 588 2725 dicitur;
615 2669 669 2714 et
700 2675 882 2730 qurere
912 2660 978 2713 de
1004 2659 1100 2692 '"°
1122 2660 1378 2718 abscessu
1400 2661 1640 2733 iustitiae.
1670 2662 1949 2734 Siquidem

361 2766 503 2820 saepe
563 2760 687 2820 apta
735 2750 1081 2822 interrogatio
1132 2754 1352 2825 expedit
1397 2746 1839 2827 responsionem,
1897 2767 1954 2813 et

362 2844 543 2913 inepta
587 2843 762 2898 reddit
793 2843 1209 2912 impeditiorem.
1240 2845 1386 2901 Disc.
1413 2847 1523 2903 Cur
1551 2863 1681 2919 ergo
1724 2849 1953 2903 recessit

362 2936 432 2990 ab
467 2934 658 3005 angelo
679 2932 829 3027 justo
867 2934 1075 3005 justitia
1103 2935 1127 2990 ?
1156 2935 1295 2992 Mac.
1324 2937 1380 2992 Si
1421 2939 1638 3008 proprie
1668 2940 1750 2995 vis
1782 2937 1949 3027 103m,

2028 483 2215 538 seruit.
2256 481 2389 537 Nam
2428 482 2546 537 ideo
2603 482 2750 536 illam
2796 481 3055 546 deseruit,
3100 481 3227 551 quia
3258 480 3425 536 voluit
3473 486 3615 554 quod

2028 572 2165 628 velle
2193 586 2296 626 non
2323 571 2508 625 debuit
2534 587 2551 637 ;
2578 579 2634 626 et
2659 572 2760 627 hoc
2805 570 2965 626 modo
2991 570 3047 626 id
3079 570 3309 627 volendo
3340 574 3484 643 quod
3510 589 3619 630 non

2029 663 2215 720 debuit
2237 662 2380 717 illam
2411 662 2668 717 deseruit.
2698 663 2846 718 Dtsc.
2869 662 2982 719 Cur
3005 662 3176 717 voluit
3204 664 3348 733 quod
3376 678 3481 718 non
3525 665 3621 721 de-

2030 754 2138 810 buit
2167 754 2351 809 ?MAG.
2386 753 2539 809 Nulla
2578 769 2738 809 causa
2774 754 3050 823 praecessit
3081 754 3221 809 banc
3262 755 3616 822 voluntatem,

2030 845 2134 901 nisi
2158 845 2284 916 quia
2323 844 2462 900 velle
2488 844 2685 916 potuit.
2705 846 2853 900 DISC.
2884 844 2966 899 An
3002 845 3124 900 ideo
3147 846 3334 910 voluit,
3367 847 3493 916 quia
3524 863 3617 917 po-

2034 935 2172 990 tuit?
2199 935 2337 992 ΜΑθ.
2372 936 2525 1003 Νοη;
2555 936 2683 1006 quia
2715 926 3172 1008 similiter'potuit
3200 937 3372 993 bonus
3395 940 3491 971 ¹¹⁷²
3517 954 3618 993 an-

2033 1025 2182 1096 gelus
2225 1027 2398 1092 velle;
2437 1042 2537 1082 nec
2583 1036 2761 1083 tamen
2812 1027 2997 1082 voluit.
3045 1027 3181 1081 Nam
3245 1027 3427 1084 nullus
3471 1029 3615 1096 vult,

2034 1119 2177 1189 quod
2203 1117 2336 1173 velle
2360 1126 2570 1188 potest,
2601 1119 2723 1173 ideo
2764 1119 2889 1186 quia
2922 1126 3123 1188 potest.
3168 1118 3312 1175 DISC.
3340 1119 3451 1174 Cur
3492 1134 3621 1191 ergo

2033 1209 2246 1265 voluit?
2273 1208 2412 1265 MAG.
2442 1208 2664 1264 Nonnisi
2696 1210 2824 1279 quia
2857 1210 3043 1263 voluit.
3072 1209 3206 1263 Nam
3237 1210 3353 1264 haec
3376 1210 3623 1265 voluntas

2037 1301 2236 1356 nullam
2262 1301 2422 1356 aliam
2452 1301 2641 1356 habuit
2671 1315 2914 1366 causam,
2958 1316 3063 1370 qua
3098 1301 3472 1370 impelleretur
3523 1300 3626 1355 ali-

2037 1401 2324 1466 quatenus,
2353 1402 2447 1448 aut
2492 1393 2898 1458 attraheretur;
2938 1393 3033 1447 sed
3087 1392 3202 1462 ipsa
3249 1392 3353 1447 sibi
3386 1392 3482 1424 ¹¹⁷⁸
3508 1391 3627 1447 cill-

2035 1485 2188 1542 cieus
2216 1500 2379 1541 causa
2409 1484 2532 1550 fuit,
2569 1484 2614 1540 si
2645 1484 2751 1539 dici
2776 1492 2975 1554 potest,
3002 1493 3056 1539 et
3081 1483 3305 1540 ell’ectus
3328 1483 3423 1515 “7‘

2581 1584 2818 1651 CAPUT
2845 1593 3079 1651 XXVIII.

1975 1727 2019 1784 Β
2047 1686 2201 1755 Quod
2252 1697 2478 1784 potesqu
2527 1686 2731 1784 valendi;
2764 1687 2904 1784 quod
2957 1703 3061 1741 non
3099 1687 3293 1784 debuit,
3340 1688 3473 1784 bona
3527 1688 3629 1756 fuit

2115 1774 2344 1827 semper,
2370 1769 2416 1812 el
2436 1759 2606 1826 ipsum
2635 1757 2782 1823 velle,
2807 1759 3026 1823 bonum,
3057 1769 3307 1829 quantum
3336 1759 3405 1811 ad
3427 1774 3554 1812 esse.

2117 1851 2263 1906 DlSC.
2297 1849 2352 1904 Si
2390 1858 2633 1919 potestas
2662 1849 2777 1918 ipsa
2810 1848 3019 1905 volendi
3052 1857 3103 1904 et
3139 1848 3314 1918 ipsum
3342 1849 3500 1914 velle,
3529 1847 3631 1902 fuit

2047 1942 2248 2012 aliquid
2272 1979 2289 2006 ,
2319 1940 2522 1996 bonum
2566 1939 2667 1993 fuit
2701 1947 2757 1994 et
2790 1955 2819 1993 a
2862 1941 2973 1994 Deo
2988 1938 3106 1994 “".
3136 1938 3276 1993 hinc.
3332 1937 3631 2008 Utrumque

2047 2033 2150 2087 fuit
2173 2031 2372 2102 aliquid
2405 2046 2421 2088 :
2452 2040 2508 2086 et
2537 2038 2778 2100 potestas
2811 2029 3029 2098 quidem
3059 2029 3273 2085 nonnisi
3297 2029 3496 2085 bonum
3528 2028 3630 2083 ali-

2049 2124 2201 2194 quid,
2229 2133 2283 2179 et
2316 2130 2671 2191 spontaneum
2714 2120 2916 2177 donum
2972 2120 3099 2187 Dei;
3133 2120 3267 2175 velle
3299 2129 3502 2184 autem,
3548 2135 3632 2175 se-

2049 2213 2283 2269 cundum
2315 2212 2628 2276 essentiam,
2654 2212 2858 2268 bonum
2878 2227 2892 2265 :
2916 2212 3010 2267 sed
3032 2212 3286 2281 quoniam
3318 2210 3514 2283 injuste
3538 2210 3633 2243 ³³⁷⁸

2053 2306 2254 2363 factum
2296 2314 2384 2361 est
2431 2304 2655 2370 malum,
2680 2311 2736 2358 et
2778 2312 2958 2358 tamen
2991 2318 3022 2358 a
3052 2304 3161 2359 Deo
3196 2303 3316 2367 fuit,
3349 2319 3378 2357 a
3419 2318 3526 2373 quo
3553 2311 3632 2358 est

2050 2411 2211 2452 omne
2240 2396 2382 2465 quod
2410 2394 2611 2465 aliquid
2640 2403 2742 2451 est.
2768 2393 2973 2463 Nempe
2997 2407 3103 2449 non
3128 2394 3304 2450 solum
3338 2393 3440 2449 hoc
3474 2394 3632 2448 habet

2052 2487 2250 2557 aliquis
2285 2501 2316 2542 a
2359 2485 2492 2553 Deo,
2546 2485 2691 2556 quod
2740 2484 2884 2540 Deus
2915 2493 3107 2554 sponte
3151 2485 3278 2550 dat;
3327 2485 3422 2540 sed
3466 2485 3634 2540 etiam

2052 2588 2193 2658 quod
2222 2587 2419 2657 injuste
2443 2585 2614 2655 rapit,
2642 2585 2754 2640 Deo
2782 2584 3150 2654 permittente.
3175 2583 3242 2639 Et
3270 2584 3410 2639 sicut
3436 2583 3635 2639 dicitur

2053 2676 2198 2732 Deus
2237 2676 2442 2741 facere,
2478 2676 2620 2744 quod
2668 2674 2936 2743 permittit
2963 2674 3080 2729 ﬁeri
3110 2690 3126 2741 ;
3159 2675 3230 2729 ita
3255 2674 3455 2728 dicitur
3479 2674 3636 2738 dare,

2054 2763 2197 2833 quod
2243 2762 2508 2833 permittit
2543 2761 2682 2831 rapi.
2732 2759 2999 2827 Quoniam
3053 2759 3238 2828 igitur,
3295 2760 3636 2829 permittente

2056 2852 2183 2915 Deo,
2215 2851 2438 2922 angelus
2478 2850 2653 2906 malus
2689 2864 2786 2920 per
2815 2848 3060 2919 rapinam
3095 2852 3226 2905 usus
3261 2858 3347 2905 est
3376 2858 3637 2919 potestate

2057 2958 2086 2997 a
2123 2941 2235 2997 Deo
2254 2950 2443 3012 sponte
2470 2941 2595 2996 data
2612 2981 2627 3008 ,
2653 2955 2683 2994 a
2711 2939 2824 2996 Deo
2846 2939 3034 2994 habuit
3055 2940 3230 3011 ipsum
3260 2940 3336 2995 uti
3358 2940 3473 3004 “7’,
3496 2941 3637 3010 quod

363 3042 470 3083 non
502 3028 728 3082 recessit
755 3026 823 3082 ab
853 3042 920 3082 eo
950 3043 965 3095 ;
994 3029 1087 3084 sed
1116 3029 1231 3099 ipse
1259 3028 1502 3086 deseruit
1547 3047 1693 3098 eam,
1723 3026 1953 3089 volendo
1980 3071 2025 3133 Ο
2058 3048 2164 3088 non
2195 3043 2280 3089 est
2305 3033 2452 3089 aliud
2478 3049 2641 3102 quam
2667 3032 2844 3104 ipsum
2874 3033 3033 3090 velle.
3063 3033 3181 3089 Non
3210 3040 3297 3089 est
3328 3032 3471 3088 enim
3495 3030 3643 3086 aliud

362 3120 504 3188 quod
554 3135 657 3174 non
712 3119 916 3175 debuit.
966 3119 1111 3177 Dtsc.
1161 3120 1271 3175 Cur
1308 3122 1548 3177 deseruit
1590 3122 1764 3178 eam?
1807 3121 1948 3178 MAG.

361 3211 495 3265 Cum
521 3209 644 3265 dico
686 3211 813 3280 quia
858 3210 1091 3267 volendo
1127 3214 1272 3283 quod
1306 3229 1412 3269 non
1441 3211 1648 3281 debuit,
1684 3229 1805 3270 eam
1853 3212 1946 3268 de-

2057 3124 2194 3180 velle
2217 3139 2381 3195 quam
2411 3124 2489 3179 uti
2511 3132 2781 3194 potestate
2805 3123 3020 3180 volendi
3046 3140 3063 3190 ;
3094 3124 3238 3181 sicut
3265 3123 3406 3178 idem
3435 3130 3521 3177 est
3563 3120 3648 3177 lo—

2022 3244 2025 3245 ν
2056 3214 2171 3284 qui,
2202 3223 2256 3269 et
2280 3213 2356 3268 uti
2387 3221 2659 3284 potestate
2685 3213 2963 3284 loquendi.

1169 3523 1851 3640 SANGTI
1964 3524 2781 3641 ANSELMI

426 3774 487 3791 -ν
608 3748 611 3749 ⁷
1656 3724 1966 3822 LIBRI

2078 3730 2327 3825 DUO

1325 3926 1645 4057 CUR
1725 3926 2139 4056 DEUS
2228 3926 2683 4055 HOMO

1644 4122 2406 4325 ΡΒῘΈ-ὗιῖἷιο

441 4395 552 4471 74
573 4393 741 4436 ἰη-⁷⁸
766 4392 913 4466 Opus
964 4392 1239 4449 subditum
1283 4398 1504 4462 propter
1541 4386 1636 4419 ¹¹⁸⁰
1664 4385 1950 4456 quosdam.

374 4488 464 4562 qui
485 4498 773 4559 antequam
795 4485 1093 4558 perfectum
1120 4497 1173 4542 et
1199 4481 1526 4554 exquisitum
1557 4486 1721 4543 esset,
1746 4477 1951 4549 primas

2061 4394 2246 4455 partes
2265 4384 2402 4457 ejus,
2431 4404 2519 4445 me
2539 4390 2837 4456 nesciente,
2875 4389 2979 4446 sibi
3007 4390 3455 4458 transcribebant,
3487 4391 3639 4449 festi.

2059 4478 2277 4533 nantius
2307 4494 2471 4549 quam
2510 4480 2642 4535 mihi
2669 4491 3029 4551 opportunum
3059 4489 3225 4547 esset,
3271 4494 3337 4537 ac
3370 4479 3492 4537 ideo
3511 4479 3637 4537 bre-

1669 4612 1757 4667 VA
1768 4611 1903 4666 IIle
1945 4611 2346 4669 LECTIONES.

442 4726 539 4759 ¹¹⁶³
586 4726 727 4780 unde
765 4726 949 4781 veniat
983 4742 1108 4779 mss.
1149 4724 1281 4778 Vict.
1313 4722 1374 4778 8.
1409 4720 1573 4776 Mich.
1606 4720 1749 4776 unde
1779 4720 1928 4774 venit
2000 4721 2094 4754 ⁸⁸⁸⁸
2119 4721 2280 4787 Malo,
2307 4736 2425 4790 quae
2451 4728 2535 4775 est
2563 4738 2687 4791 mss.
2720 4721 2883 4785 malo,
2906 4720 3054 4791 quod
3084 4730 3169 4777 est
3241 4720 3334 4753 ¹¹⁶⁵
3361 4716 3561 4775 Omnes
3589 4718 3642 4791 in

372 4798 538 4853 corde
585 4811 728 4860 meo,
751 4811 871 4864 quae
917 4795 983 4849 de
1011 4796 1101 4850 illo
1130 4795 1308 4850 inesse
1360 4792 1626 4864 solebant,
1660 4793 1987 4864 quaestiones
2016 4792 2152 4864 sint
2172 4788 2552 4864 detersam”.
2598 4790 2786 4845 Cister.
2813 4802 2860 4846 et
2894 4788 2953 4864 8.
2986 4790 3150 4864 Miclt.
3184 4791 3448 4864 omniain
3481 4788 3647 4864 corde

374 4882 516 4931 meo,
548 4881 668 4937 quae
695 4858 887 4937 de'illo
915 4865 1094 4937 inesse
1118 4858 1715 4937 solebat__quae_stio__s_i:t
1740 4862 1919 4937 decisa
2020 4862 2115 4937 mf
2136 4861 2467 4937 [inpossibile
2490 4869 2587 4937 est
2612 4875 2731 4937 esse
2760 4878 2857 4915 ms.
2891 4860 3078 4937 (lister.
3112 4861 3443 4937 impossibile
3468 4858 3645 4937 εει-9⁸12

374 4882 516 4931 meo,
548 4881 668 4937 quae
695 4878 761 4920 ae
797 4878 887 4919 tuo
920 4880 1094 4920 messe
1122 4878 1330 4919 setenat
1370 4878 1598 4931 quaesuo
1645 4878 1715 4915 stt
1740 4878 1919 4915 deetsa
2021 4878 2115 4894 ἠν
2136 4878 2467 4983 ιιηΐοεειυιιθ
2502 4878 2587 4913 eat
2612 4878 2731 4915 esse
2760 4878 2857 4915 ms.
2891 4878 3078 4915 outer.
3112 4878 3443 4929 tmpossruue
3468 4878 3551 4913 es:
3576 4878 3645 4910 an

372 4953 439 4993 eo
478 4953 598 4992 esse
671 4935 765 4968 ²¹⁶⁷
798 4934 853 4989 Si
879 4933 1168 5003 aliquando
1190 4943 1281 5003 est
1306 4931 1694 5003 aliquid,inihil_
1734 4931 1897 5003 video
1929 4948 2034 5003 mss
2075 4929 2136 4986 8.
2172 4929 2207 5003 ᾗ
2236 4931 2353 5003 ἱιςιι.Δ
2379 4931 2424 4983 si
2455 4929 2750 5003 aliquando
2774 4942 2857 5003 est
2886 4930 3285 5003 nillillaliqnid
3318 4930 3477 5003 video
3549 4927 3645 4960 ¹¹⁸⁸

374 5005 649 5078 Insipienti
698 4999 1017 5078 insipienter
1043 5020 1141 5057 ms.
1173 4999 1811 5078 Cister.onti_l._ins‘pienti
1863 5002 1979 5078 ff”
2004 5001 2242 5057 Recedet
2267 5000 2389 5054 inde
2414 5015 2541 5078 mss.
2571 5001 2779 5078 recedit
2807 5000 2975 5078 i_nd_e_
3002 5000 3097 5031 ’⁸⁷⁸
3126 5000 3192 5078 [ξι
3220 5014 3392 5068 quare
3423 4999 3487 5054 de
3514 5013 3641 5078 ut“.

373 5066 520 5133 Geni.
554 5077 677 5132 Bac.
710 5076 769 5131 S.
798 5066 959 5128 Mich.
1009 5084 1064 5128 et
1102 5087 1283 5142 quaere
1305 5074 1371 5126 de
1423 5140 1433 5142 Α
1466 5072 1561 5142 ’Ψ
1584 5066 1830 5139 Et‘quam
1863 5072 2006 5125 illam
2038 5087 2163 5142 mss.
2192 5080 2247 5123 ct
2273 5068 2542 5142 quomodo
2565 5068 2713 5142 illam
2814 5071 2906 5142 ft"
2938 5069 3122 5124 Petest
3148 5066 3323 5124 borius
3366 5085 3491 5121 mss.
3516 5066 3640 5142 ρας.

374 5144 524 5203 Gem.
566 5146 625 5201 S.
652 5144 811 5200 Mich.
844 5144 1020 5213 potuit
1047 5135 1218 5198 bonus
1292 5142 1387 5213 ’"f
1412 5140 1517 5195 Sed
1552 5141 1666 5213 ipse
1690 5135 1793 5194 sibi
1823 5157 1947 5213 mss.
1973 5141 2065 5213 sed
2109 5141 2231 5213 ipsa
2254 5135 2355 5193 sibi
2431 5138 2529 5213 "ff
2565 5136 3150 5213 Polest_ell‘ec1us‘nrss.
3184 5147 3361 5213 potest
3402 5147 3452 5191 et
3482 5135 3645 5213 etl‘ec-

376 5232 463 5273 tus
536 5217 631 5251 ²¹⁷³
677 5215 803 5271 Fuit
831 5205 1048 5283 aliquod
1079 5215 1320 5283 bonum:
1354 5211 1513 5283 I‘uitia
1542 5205 1659 5264 Deo
1675 5225 1806 5283 mss.
1825 5210 1935 5283 iuit
1963 5205 2189 5283 aliquid,
2217 5209 2418 5283 bonum
2455 5207 2580 5283 fuit,
2609 5218 2662 5262 et
2691 5224 2720 5263 a
2742 5210 2874 5283 pec.
2900 5277 2928 5283 _
2947 5210 3063 5283 ὐἱ
3071 5205 3335 5283 Quoniam
3362 5222 3467 5262 non
3497 5205 3645 5273 iuste

372 5303 497 5342 mss.
529 5287 785 5358 quoniam
808 5275 1005 5358 injuste
1025 5353 1046 5358 _
1076 5282 1487 5358 “'_"_ll:_tbuit_uti
1510 5295 1635 5358 mss.
1675 5279 1865 5358 habuit
1895 5275 2069 5358 ipsum
2090 5277 2174 5358 inti
2251 5275 2564 5358 ιιτεξςςτρςιαςί
2587 5279 2859 5358 suutﬂlibri
2888 5277 3163 5358 Curﬂeus
3183 5278 3343 5358 Ito-11.1.0.
3352 5292 3479 5358 _cu_m
3511 5290 3640 5358 ms}:

373 5340 960 5411 trilittsTVvictorinis'P.
987 5353 1075 5418 I9,
1117 5350 1209 5406 RR
1236 5352 1290 5413 3,
1317 5361 1364 5404 et
1392 5348 1487 5403 EE
1516 5351 1606 5413 15,
1638 5363 1744 5403 uno
1781 5340 1983 5405 domini
2011 5347 2305 5418 Joly;_rmo
2335 5345 2657 5418 bibliotheca:
2685 5348 3072 5418 Cisterciensis;
3110 5364 3213 5400 uno
3239 5345 3557 5418 bibliotheca’
3579 5340 3639 5396 S.

375 5423 650 5480 Michaelis
675 5428 733 5480 in
756 5424 987 5493 periculo
1015 5416 1206 5493 muris;
1236 5431 1316 5493 ειΔ
1331 5435 1450 5493 cum
1494 5420 1659 5474 tribus
1705 5417 1824 5493 aliis
1865 5434 1999 5493 mss:
2024 5416 2603 5493 tu_m_6eytme_t_iccns_is,
2637 5417 3049 5493 ινα-Βεεθσαβὴ
3077 5416 3404 5493 uacuasterii,
3446 5422 3493 5493 et
3521 5428 3642 5492 cunt

374 5495 600 5549 editione
638 5480 879 5550 Gotliica.
923 5495 1025 5549 Ms.
1065 5480 1222 5549 ϐοαὶ.
1276 5489 1339 5545 C.
1390 5490 1488 5560 19.7
1517 5499 1568 5560 et
1594 5506 1691 5560 ηιξ.
1744 5486 1933 5560 ςὶειεν.
1980 5487 2332 5560 Ιιιρὶρὶιηβῳς
2364 5485 2506 5560 Deus
2536 5480 3201 5560 homo,‘Liber‘Anselmi_
3230 5480 3641 5560 Anchiepiseopi

375 5561 800 5619 Cantuariensis.
829 5580 929 5619 ms.
961 5563 1019 5619 S.
1054 5563 1217 5618 Mich.
1248 5562 1311 5616 D.
1334 5558 1594 5623 Anselmi,
1620 5558 1733 5613 Cur
1757 5559 1894 5628 Deus
1918 5553 2110 5628 homo'
2153 5558 2247 5590 ⁸⁸⁷⁵
2274 5557 2373 5628 illa.
2403 5554 2548 5628 Jolg,
2580 5556 2771 5628 Incipit
2797 5556 3041 5628 przefatio
3063 5557 3136 5620 in,
3162 5555 3269 5611 Cur
3286 5555 3432 5628 petis
3456 5553 3639 5628 homo,

376 5572 800 5619 Uantuariensis.
829 5580 929 5619 ms.
961 5572 1019 5619 8.
1054 5572 1217 5618 uicit.
1250 5572 1311 5616 D.
1334 5572 1594 5623 Ansetmt,
1620 5572 1733 5613 uur
1757 5572 1894 5613 ueus
1920 5572 2080 5615 nomo
2153 5572 2247 5590 δι”
2274 5572 2373 5610 an.
2403 5572 2491 5610 ⁸ιοι
2533 5597 2548 5619 ,
2580 5572 2771 5626 meiptt
2797 5572 3041 5628 przetano
3063 5574 3136 5620 m,
3162 5572 3269 5611 bur
3294 5572 3432 5610 ueus
3456 5572 3639 5617 nomo,

376 5631 574 5686 librum
620 5635 859 5688 Anselmi
913 5632 1321 5688 Cantuariensis
1364 5627 1766 5698 Archiepiscopi
1792 5644 1889 5681 ms.
1923 5627 2070 5684 Gem.
2111 5628 2171 5684 C.
2198 5628 2252 5684 9.
2284 5572 2753 5695 lncipit$raefatio
2803 5632 2856 5682 in
2901 5627 3119 5685 librum.
3145 5628 3254 5683 Cur
3286 5623 3428 5681 Deus
3480 5623 3643 5679 homo

379 5701 475 5736 ⁸⁸⁸*
500 5700 787 5761 Subditum
817 5705 961 5773 quod
996 5712 1220 5773 propter
1255 5718 1379 5758 mss.
1418 5700 1688 5757 subditum
1720 5706 1938 5768 propter
