3926 6054
203 259 312 335 3m

1367 283 1505 340 cun
1548 282 1726 340 DEUS
1763 249 1971 340 nouo.
2002 315 2069 326 —
2107 281 2237 340 LIB.
2277 281 2318 338 ι.
2375 241 2378 244 ’

3356 285 3461 346 361

203 395 328 448 vius
356 406 519 462 quam
567 391 761 448 vellem
791 407 908 448 sum
939 401 1183 457 coactus,
1220 401 1279 449 ut
1322 394 1488 464 potui,
1531 409 1784 451 consum-
1813 399 1857 454 A
1897 394 2012 450 sine
2054 395 2163 452 illo.
2213 396 2270 451 In
2315 391 2552 452 secundo
2600 401 2778 450 autem
2808 394 2944 451 libro
2993 397 3259 462 similiter,
3303 403 3459 468 quasi

204 495 376 537 mare.
407 480 542 535 Nam
580 480 754 550 plura,
787 496 908 552 qua:
945 482 1111 547 tacui,
1157 482 1505 537 inseruissem
1531 491 1588 538 et
1631 483 1787 538 addi-

205 571 430 632 dissem,
477 569 524 624 si
579 570 631 625 in
660 571 841 639 quiete
883 581 938 626 et
983 585 1222 643 congruo
1260 570 1432 640 spatio
1474 571 1602 626 illud
1655 573 1786 628 mihi

204 661 367 714 edere
391 660 652 716 licuisset.
678 661 736 714 In
783 676 976 732 magna
1016 664 1162 716 enim
1207 663 1388 718 cordis
1414 662 1783 728 tribulatione,

203 765 366 816 quam
401 751 541 804 unde
586 761 642 804 et
685 766 785 805 cur
810 765 1003 821 passus
1033 752 1135 806 sim
1180 753 1331 806 novit
1375 752 1543 818 Deus,
1577 752 1705 808 illud
1733 753 1784 806 in

204 840 399 911 Anglia
427 841 520 873 ³⁸⁸³
552 850 770 913 rogatus
793 842 1030 912 incmpi,
1063 851 1118 898 et
1143 843 1196 897 iu
1225 842 1478 914 Capuana
1507 842 1784 912 provincia

203 933 531 1003 peregrinus
580 933 810 1005 perfeci.
841 934 996 1002 Quod
1039 935 1335 990 secundum
1382 937 1688 1002 materiam,
1718 937 1785 992 de

201 1035 312 1090 qua
335 1022 544 1078 editum
575 1033 681 1090 est,
702 1021 811 1079 Cur
829 1025 968 1079 Deus
1000 1026 1153 1079 homo
1183 1025 1474 1093 nominavi,
1496 1035 1549 1081 et
1569 1025 1624 1081 in
1651 1028 1786 1081 duos

205 1110 420 1168 libellos
455 1113 700 1168 distinxi.
746 1113 986 1181 Quorum
1035 1115 1198 1184 prior.
1223 1116 1438 1185 quidem
1488 1115 1784 1172 inﬁdelium

204 1200 577 1269 respuentium
598 1201 964 1258 Christianam
995 1203 1177 1270 ﬁdem,
1211 1205 1338 1275 quia
1369 1206 1565 1262 rationi
1595 1214 1786 1276 putant

205 1287 354 1342 illam
403 1303 725 1362 repugnare,
777 1293 1021 1348 continet
1071 1294 1402 1362 obiectiones
1445 1303 1502 1352 et
1547 1295 1783 1352 ﬁdelium

202 1379 621 1448 responsiones:
645 1397 709 1437 ac
735 1383 950 1438 tandem
973 1393 1182 1441 remoto
1207 1386 1424 1442 Christo
1445 1385 1623 1457 (quasi
1653 1402 1791 1441 nun-

203 1482 370 1537 quam
402 1471 604 1542 aliquid
649 1471 813 1528 fuerit
843 1474 909 1528 de
950 1474 1060 1544 illo)
1108 1475 1300 1544 probat
1350 1476 1651 1532 rationibus
1693 1492 1788 1533 ne.

198 1560 461 1616 cessariis
501 1575 623 1618 esse
661 1561 996 1632 impossibile
1045 1564 1212 1620 ullum
1264 1566 1539 1622 hominem
1585 1557 1780 1620 salvari

306 1741 3222 1768 MM

1894 485 2026 540 nihil
2041 487 2244 543 sciatur
2262 488 2330 543 de
2350 489 2584 553 Christo,
2601 495 2933 542 monstratur
2953 502 3061 544 non
3084 491 3260 545 minus
3276 500 3460 560 aperta

1893 577 2098 644 ratione
2125 578 2415 634 etveritate
2436 586 2685 637 naturam
2701 577 2992 633 humanam
3019 578 3087 632 ad
3113 580 3216 635 hoc
3243 578 3459 634 institu-

1894 673 2000 719 tam
2047 680 2186 731 esse,
2219 676 2278 722 ut
2330 668 2619 737 aliquando
2669 670 3076 726 immortalitate
3130 669 3289 726 beata
3321 681 3463 728 totus

1892 755 2072 825 homo,
2099 756 2150 811 id
2177 765 2262 812 est
2291 758 2346 812 in
2379 773 2605 829 corpore
2632 770 2686 816 et
2731 760 2787 815 in
2813 760 2994 816 anima
3019 761 3112 793 ἰδ’
3139 761 3414 817 frueretur
3447 780 3459 816 :

1893 860 1956 900 ac
1979 861 2203 904 necesse
2225 863 2346 905 esse
2378 857 2439 905 ut
2464 852 2568 907 hoc
2605 853 2698 906 ﬁat
2721 853 2787 907 de
2815 853 3054 920 homine,
3076 861 3296 922 propter
3318 854 3460 924 quod

1890 933 2065 991 factus
2097 946 2210 1002 est;
2243 939 2336 994 sed
2379 940 2592 999 nonnisi
2629 956 2726 1012 per
2757 943 3028 998 hominem
3077 943 3265 1009 Deum,
3297 951 3460 1012 atque

1889 1037 1958 1079 ex
2008 1027 2328 1082 necessitate
2372 1030 2587 1094 omnia,
2618 1045 2740 1099 qua:
2788 1030 2856 1085 de
2910 1029 3125 1086 Christo
3167 1031 3460 1098 credimus,

1891 1112 2006 1168 ﬁeri
2033 1116 2488 1183 oportere..llanc
2533 1117 3000 1188 praefatiunculam
3049 1135 3174 1175 cum
3210 1120 3462 1190 capitulis

1893 1205 2056 1262 totius
2084 1207 2282 1276 operis,
2322 1224 2532 1276 omnes,
2571 1212 2663 1280 qui
2708 1211 2904 1266 librum
2933 1213 3076 1266 hunc
3104 1212 3464 1267 transcribere

1889 1297 2090 1366 volent,
2123 1308 2249 1355 ante
2272 1298 2389 1370 ejus
2417 1302 2761 1372 principium,
2784 1313 2842 1357 ut
2876 1303 3177 1376 praeﬁgant,
3202 1303 3415 1374 postulo
3443 1318 3458 1359 :

1888 1397 2154 1457 quatenus
2203 1390 2258 1444 in
2312 1391 2680 1462 cujuscunque
2726 1408 2918 1449 manus
2959 1394 3188 1460 venerit,
3224 1394 3381 1464 quasi
3409 1394 3461 1448 in

1887 1473 2004 1543 ejus
2049 1475 2226 1532 fronte
2254 1479 2476 1550 aspiciat
2501 1480 2547 1536 si
2582 1481 2710 1551 quid
2741 1482 2794 1536 in
2824 1490 2937 1538 toto
2963 1495 3191 1553 corpore
3215 1485 3287 1539 sit
3317 1484 3460 1554 quod

1888 1578 1996 1620 non
2027 1565 2302 1635 despiciat.

3223 1753 3439 1774 με’-ή-

1329 1897 1682 1990 LIBER
1758 1899 2244 1988 PRIMUS.

719 2130 950 2190 CAPUT
985 2131 1278 2189 PRIMUM.

481 2234 714 2307 Quwstio
749 2243 814 2296 de
836 2260 940 2313 qua
963 2253 1126 2298 totum
1154 2257 1282 2314 opus
1301 2243 1506 2314 pendet.

271 2325 431 2400 Saepe
454 2339 508 2384 et
529 2331 923 2388 studiosissime
952 2333 1051 2365 ¹¹⁸³
1079 2350 1108 2386 a
1135 2333 1318 2390 multis
1345 2342 1564 2405 rogatus
1589 2345 1706 2388 sum
1732 2341 1788 2389 et

205 2423 414 2486 Verbis,
443 2433 495 2478 et
520 2421 714 2478 litteris
732 2464 748 2488 ,
774 2433 1040 2493 quatenus
1067 2423 1348 2494 cujusdam
1377 2426 1692 2494 quaestionis
1721 2426 1787 2481 de

206 2512 315 2567 ﬁde
341 2521 527 2567 nostra
548 2512 805 2580 rationes,
823 2526 974 2584 quas
1002 2515 1148 2570 soleo
1171 2515 1499 2586 respondere
1539 2531 1785 2586 quaeren-

205 2600 374 2665 tibus,
419 2602 694 2656 memoriae
739 2602 1031 2660 scribendo
1070 2603 1504 2660 commendarem
1534 2603 1629 2637 ¹¹⁸⁴
1659 2622 1672 2658 :
1700 2604 1785 2659 di-

204 2701 338 2747 cunt
366 2693 513 2747 enim
538 2693 639 2748 sibi
683 2692 896 2763 placere
945 2708 1056 2759 eas,
1086 2703 1140 2750 et
1184 2682 1522 2750 arbitrantur
1570 2694 1785 2751 satisfa-

204 2795 350 2837 cere.
380 2781 534 2849 Quod
573 2784 900 2853 petunt“",
943 2799 1051 2839 non
1099 2793 1158 2839 ut
1187 2799 1285 2854 per
1323 2785 1589 2839 rationem
1627 2786 1694 2840 ad
1723 2783 1784 2839 ﬁ-

203 2873 329 2928 dem
368 2874 663 2940 accedant,
702 2873 796 2929 sed
835 2883 895 2929 ut
944 2888 1154 2942 eorum,
1181 2889 1300 2945 quae
1347 2876 1596 2944 credunt,
1629 2877 1787 2934 intel-

201 2961 348 3018 lectu
379 2973 434 3019 et
479 2966 928 3034 contemplatione
968 2966 1302 3023 delectentur
1328 2967 1423 3000 ἠ’
1454 3008 1470 3034 ,
1499 2977 1554 3023 et
1593 2975 1651 3024 ut
1677 2970 1786 3024 sint

203 3065 468 3124 quantum
498 3065 721 3125 possunt
741 3055 859 3122 Μ’,
891 3059 1064 3128 parati
1104 3072 1323 3128 semper
1349 3059 1417 3114 ad
1457 3058 1783 3115 satisfactio-

203 3161 328 3201 nem
358 3146 504 3199 omni
535 3147 775 3216 poscenti
804 3163 863 3203 se
891 3150 1152 3205 rationem
1181 3149 1247 3204 de
1275 3164 1356 3216 ea,
1386 3164 1507 3219 quae
1544 3149 1598 3203 in
1631 3150 1783 3205 nobis

201 3246 442 3306 est,spe.
457 3236 624 3304 Quam
653 3239 1002 3308 quaestionem
1026 3239 1200 3296 solent
1227 3249 1281 3296 et
1311 3240 1657 3296 inﬁdeles’m
1689 3256 1785 3296 no-

203 3329 307 3394 bis,
351 3330 750 3400 simplicitatem
793 3331 1162 3388 Christianam
1191 3333 1343 3402 quasi
1392 3333 1595 3388 fatuam
1643 3332 1784 3390 deri-

205 3418 418 3482 dentes,
443 3419 680 3486 objicere
704 3459 718 3482 ,
751 3427 805 3474 et
834 3419 1019 3476 fideles
1045 3421 1195 3474 multi
1225 3421 1278 3475 in
1322 3421 1484 3477 corde
1524 3435 1739 3477 versare
1765 3439 1778 3475 :

1821 2137 1864 2191 Β
1890 2129 2196 2206 dignabitur
2229 2135 2462 2206 aperire,
2516 2141 2823 2208 petentibus
2871 2144 3174 2202 oStendere.
3215 2147 3278 2202 Et
3324 2158 3431 2218 quo

1891 2225 2036 2280 niam
2063 2239 2126 2280 ea
2157 2226 2270 2292 "9‘,
2302 2241 2421 2296 quae
2448 2243 2544 2299 per
2562 2231 3041 2303 interrogationem
3069 2245 3124 2291 et
3155 2239 3458 2307 responsio-

1891 2327 2014 2369 nem
2063 2314 2475 2386 investigantur,
2513 2319 2696 2374 multis
2738 2329 2794 2376 et
2842 2323 3081 2379 maxime
3127 2326 3457 2383 tardioribus

1891 2402 2119 2472 ingeniis
2147 2406 2317 2474 magis
2357 2415 2564 2476 patent,
2600 2418 2654 2463 et
2685 2410 2806 2465 ideo
2851 2412 2970 2481 plus
3018 2413 3457 2483 placent:unum

1893 2495 1988 2527 ⁸⁸⁸⁸
2017 2511 2087 2551 ex
2141 2495 2244 2552 illis
2299 2500 2390 2569 qui
2439 2500 2544 2556 hoc
2592 2501 2852 2572 flagitant,
2900 2505 2990 2572 qui
3024 2506 3164 2562 inter
3188 2508 3324 2564 alios
3380 2509 3459 2562 ins

1887 2587 2121 2642 stantius
2160 2587 2229 2642 ad
2272 2589 2374 2644 hoc
2399 2604 2487 2646 me
2515 2590 2770 2648 sollicitat
2796 2588 2908 2660 ³⁸⁸⁸,
2937 2596 3196 2666 accipiam
3244 2613 3453 2654 mecum

1887 2679 2252 2749 disputantem
2278 2685 2294 2734 ξ
2321 2689 2382 2735 ιιι
2417 2679 2556 2737 Bosa
2578 2691 2806 2753 quazrat,
2836 2693 2895 2740 et
2924 2687 3200 2742 Amemus
3230 2701 3457 2758 respone

1885 2768 2010 2824 deat
2029 2767 2131 2824 hoc
2161 2769 2337 2825 modo.

2497 2841 2724 2901 CAPUT
2771 2844 2836 2899 ll.

1959 2951 2232 3018 Quomodo
2265 2955 2568 3026 accipienda
2595 2965 2716 3011 sunt
2737 2973 2799 3010 ea
2853 2969 2970 3027 qua:
2993 2953 3214 3012 dicenda
3244 2967 3385 3014 sunt.

1907 3077 1909 3080 ‹
1955 3043 2079 3099 Bos.
2125 3045 2277 3102 Sicut
2313 3056 2496 3103 rectus
2532 3048 2666 3103 ordo
2701 3049 2868 3120 exigit
2907 3057 2966 3103 ut
3003 3050 3266 3119 profunda
3297 3052 3454 3108 Chris

1885 3132 2074 3188 stianae
2109 3132 2233 3188 ﬁdei
2282 3136 2586 3200 credamus,
2625 3136 2936 3206 priusquam
2968 3151 3029 3190 ea
3067 3151 3453 3206 praesumamus

1885 3224 2097 3278 ratione
2141 3225 2440 3291 discutere,
2484 3226 2559 3280 ita
2596 3227 2917 3297 negligentia
2953 3222 3082 3282 mihi
3108 3230 3339 3296 videtur,
3383 3231 3452 3297 si,

1884 3321 2168 3382 postquam
2205 3315 2514 3370 conﬁrmati
2543 3331 2728 3372 smnus
2777 3318 2832 3371 in
2877 3317 3002 3386 ﬁde,
3033 3331 3137 3375 non
3173 3322 3450 3376 studemus

1885 3402 2026 3472 quod
2075 3404 2347 3459 credimus
2403 3404 2722 3477 intelligere.
2773 3405 3112 3478 Quapropter
3157 3410 3445 3480 quoniam,

203 3516 310 3576 qua
344 3508 552 3562 scilicet
598 3508 809 3563 ratione
848 3510 931 3564 vel
972 3511 1294 3568 necessitate
1325 3513 1463 3567 Deus
1491 3514 1652 3568 homo
1703 3511 1782 3567 fa-

1886 3494 2054 3564 gratia
2097 3494 2190 3550 Dei
2226 3496 2607 3564 praeveniente,
2649 3497 2808 3552 ﬁdem
2842 3507 3040 3554 nostra;
3074 3501 3455 3571 redemptionis

204 3605 326 3652 ctus
357 3597 457 3662 sit,
485 3608 540 3652 et
565 3607 741 3653 morte
771 3614 888 3666 sua,
906 3599 1048 3655 sicut
1071 3615 1169 3656 nos
1193 3603 1565 3658 credimus’m
1578 3612 1632 3659 et
1658 3619 1786 3660 con-

206 3687 445 3752 fitemur,
482 3690 680 3744 mundo
711 3689 872 3743 vitam
895 3690 1208 3746 reddiderit.
1234 3692 1368 3747 Cum
1399 3693 1503 3750 hoc
1543 3703 1638 3749 aut
1688 3709 1787 3764 per

204 3775 366 3828 aliam
388 3790 695 3844 personam,
727 3780 841 3834 sive
867 3779 1163 3848 angelicam
1181 3819 1196 3846 ,
1219 3780 1334 3835 sive
1356 3781 1645 3837 humanam
1667 3784 1782 3849 “’°,

203 3875 296 3919 aut
324 3867 436 3922 sola
477 3869 750 3926 voluntate
771 3869 952 3926 facere
980 3873 1239 3942 potuerit,
1272 3873 1338 3928 de
1359 3888 1463 3941 qua
1491 3876 1785 3944 quaestione

202 3971 310 4009 non
341 3956 512 4012 solum
549 3959 791 4030 litterati,
824 3965 916 4020 sed
956 3965 1118 4018 etiam
1150 3963 1412 4020 illitterati
1447 3964 1599 4020 multi
1629 3981 1776 4036 quae-

203 4057 332 4102 runt
383 4059 439 4103 et
485 4051 752 4108 rationem
797 4055 913 4124 ejus
957 4055 1289 4122 desiderant,
1331 4055 1594 4121 Quoniam
1648 4068 1777 4125 ergo

201 4138 357 4193 multi
390 4141 455 4194 de
483 4141 582 4196 hac
613 4145 830 4200 tractari
857 4145 1130 4216 postulant
1156 4145 1250 4177 ““
1272 4186 1286 4211 ,
1318 4154 1371 4201 et
1403 4145 1527 4201 licet
1547 4146 1600 4201 in
1629 4161 1778 4216 quae-

199 4232 371 4287 rendo
399 4234 493 4265 ἠ’
517 4236 668 4290 valde
709 4237 953 4293 videatur
999 4237 1232 4293 difficilis
1257 4279 1271 4304 ,
1306 4238 1359 4291 in
1396 4237 1651 4293 solvendo
1691 4246 1774 4292 ta-

201 4338 324 4379 men
353 4325 606 4381 omnibus
634 4336 716 4381 est
750 4327 1123 4398 intelligibilis,
1153 4339 1208 4383 et
1247 4335 1467 4398 propter
1487 4329 1773 4382 utilitatem

198 4415 537 4484 rationisque
575 4418 1031 4485 pulchritudinem
1063 4419 1156 4452 "’3
1212 4419 1479 4474 amabilis.
1512 4419 1773 4486 Quamvis

197 4521 226 4558 a
257 4509 465 4562 sanctis
508 4507 756 4566 Patribus
786 4511 928 4574 inde,
966 4513 1107 4580 quod
1148 4511 1400 4566 suflicere
1448 4511 1660 4577 debeat,
1695 4512 1775 4566 di-

196 4606 344 4651 ctum
377 4599 446 4653 sit
465 4609 692 4669 ,,tamen
715 4603 780 4658 de
808 4603 894 4657 illa
927 4603 1032 4673 75
1061 4603 1280 4670 curabo,
1307 4603 1449 4672 quod
1478 4603 1606 4656 mihi
1632 4603 1773 4658 Deus

1883 3584 1964 3638 sic
1990 3591 2118 3653 puto
2147 3599 2233 3640 me
2274 3594 2488 3651 tenere,
2532 3594 2592 3641 ut
2618 3586 2782 3642 etiam
2819 3587 2864 3643 si
2899 3588 3045 3644 nulla
3075 3590 3284 3646 ratione
3316 3595 3458 3660 quod

1883 3676 2048 3730 credo
2084 3675 2288 3744 possim
2313 3677 2800 3746 comprehendere,
2835 3679 2970 3734 nihil
2991 3689 3184 3735 tamen
3211 3682 3283 3736 sit
3315 3684 3456 3751 quod

1883 3779 1970 3820 me
1991 3765 2060 3820 ab
2089 3764 2206 3833 ejus
2234 3765 2489 3821 ﬁrmitate
2519 3767 2690 3822 valeat
2725 3769 2954 3823 evellere
2978 3783 2992 3823 τ
3021 3784 3051 3823 a
3085 3779 3136 3825 te
3171 3780 3296 3840 peto
3323 3772 3456 3826 mihi

1883 3857 2079 3927 aperiri
2102 3857 2265 3927 quod,
2297 3866 2356 3910 ut
2375 3857 2500 3922 scis,
2526 3859 2708 3927 plures
2734 3875 2942 3915 mecura
2966 3868 3188 3929 petunt:
3223 3875 3328 3931 qua
3361 3875 3450 3916 ne-

1886 3951 2138 4006 cessitate
2177 3947 2383 4003 scilicet
2409 3956 2465 4002 et
2510 3949 2718 4003 ratione
2752 3950 2914 4014 Deus,
2958 3964 3078 4003 cum
3108 3951 3179 4004 sit
3211 3951 3455 4020 omnipo-

1887 4049 2027 4104 tens,
2075 4038 2432 4094 humilitatem
2469 4046 2524 4091 et
2567 4037 2933 4092 inﬁrmitatem
2967 4039 3218 4093 humanae
3248 4049 3455 4093 natum

1885 4147 1982 4201 pro
2046 4132 2161 4201 ejus
2217 4130 2614 4187 restauratione
2674 4129 3045 4198 assumpserit.
3115 4131 3244 4184 Ans.
3299 4129 3453 4196 Quod

1885 4227 2084 4297 quaeris
2128 4241 2157 4279 a
2194 4240 2298 4288 me,
2341 4237 2504 4295 supra
2543 4236 2629 4277 me
2661 4230 2772 4287 est,
2803 4231 2860 4276 et
2901 4221 3101 4276 idcirco
3138 4222 3328 4277 altiora
3371 4239 3454 4277 ine

1886 4326 2118 4372 tractare
2141 4315 2303 4370 timeo
2330 4329 2397 4369 ne
2426 4315 2583 4378 forte,
2604 4326 2726 4366 cum
2755 4311 3154 4380 putaverit,aut
3178 4312 3341 4364 etiam
3371 4312 3451 4364 vi-

1882 4410 2021 4463 derit
2049 4409 2244 4477 aliquis
2268 4422 2354 4461 me
2383 4420 2489 4461 non
2524 4401 2624 4456 sibi
2662 4400 2998 4464 satisfacere,
3032 4399 3152 4467 plus
3181 4400 3455 4453 existimet

1881 4501 1959 4554 rei
1991 4500 2274 4554 veritatem
2305 4498 2437 4553 mihi
2472 4497 2703 4552 deﬁcere
2733 4507 2892 4563 quam
2919 4483 3244 4545 intellectum
3271 4505 3446 4545 memn

1808 4569 1952 4649 Dad
1993 4609 2110 4649 eam
2169 4591 2483 4662 capiendam
2534 4605 2640 4643 non
2685 4583 2944 4641 sufﬁcere.
2994 4581 3117 4638 Bos.
3173 4580 3287 4636 Non
3352 4581 3452 4635 hoc

1484 4710 1713 4766 VARIIE
1753 4709 2150 4769 LECTIONES.

265 4817 530 4894 ’_”‘_Det_t_s
559 4838 568 4871 :
598 4819 650 4872 in
717 4820 904 4894 Anglia
957 4832 1175 4894 mssuet
1226 4821 1308 4894 ed.
1338 4819 1515 4894 Got[1._
1552 4821 1741 4894 Deus;
1783 4823 1909 4877 illud
1965 4819 2256 4894 in_Ang_|ia_
2309 4810 2401 4847 ’⁸⁸³
2429 4815 2497 4894 Et
2529 4814 2579 4894 ἱη
2610 4813 2947 4894 ξηιίῐηδλξέοη
2970 4810 3157 4867 eme"
3192 4824 3245 4894 βε
3273 4815 3450 4867 anima

266 4835 356 4847 "'“
391 4835 530 4872 ueus
559 4838 568 4871 :
599 4835 650 4872 In
717 4835 904 4891 Attglla
957 4838 1078 4874 mss.
1129 4835 1175 4874 et
1226 4835 1308 4876 ea.
1338 4835 1493 4874 hom.
1552 4835 1691 4878 veus
1721 4839 1733 4876 :
1783 4835 1909 4877 Illud
1965 4839 2016 4877 In
2048 4835 2126 4874 Ml
2168 4835 2234 4872 na
2312 4835 2401 4847 “"
2434 4835 2497 4896 [nt
2529 4835 2579 4895 tu
2610 4835 2787 4894 tuutna
2817 4835 2947 4898 ms.‘
2970 4835 3157 4867 uuer.
3192 4835 3245 4868 et
3273 4835 3450 4867 anima

353 4886 606 4965 Studiose
652 4907 777 4965 mss.
836 4889 1023 4944 Cister.
1077 4888 1222 4965 Gem.
1267 4888 1658 4965 BecﬁlolgLS,
1691 4891 1853 4947 Mich.
1888 4903 1941 4965 e_t_
1969 4835 2291 4965 _edit._z‘oth.
2324 4887 2721 4965 Slll‘dlosiSSINC
2791 4881 2885 4965 ’f“
2908 4884 3451 4965 Commeuflemnmss.

201 4952 340 5034 Vict.
377 4953 533 5034 Ρηι.
563 4967 612 5010 et
654 4959 813 5034 ._Io_ly,
860 4960 1298 5034 commendarem
1372 4959 1466 5034 ξξξῗ
1493 4946 1853 5034 ﬂrbitrantur
1880 4961 1980 5034 sibi
2014 4958 2353 5034 satisfacere.
2386 4954 2832 5034 Quodappetuut
2857 4967 2989 5034 mss.
3023 4963 3072 5034 et
3114 4953 3250 5034 edit.
3292 4951 3449 5034 ςξᾳιζι.

197 5025 544 5107 arbitrantur
568 5020 908 5107 satisfacere.
933 5027 1084 5095 Quod
1109 5033 1305 5107 petunt
1370 5029 1464 5107 ξιθδ
1493 5029 1769 5107 Intellectu
1798 5040 1851 5085 et
1879 5030 2213 5107 delectentur
2234 5020 2688 5107 contemplatione
2711 5036 2850 5107 mss.
2876 5020 3013 5107 Yic't.
3029 5021 3262 5107 .Jolp,‘§.

189 5104 237 5146 et
291 5095 424 5146 edit.
463 5090 618 5148 Goth.
648 5087 1003 5174 intellectunet
1039 5087 1495 5174 contemplatione
1534 5097 1872 5174 delectentur
1915 5087 2919 5174 _“3"_Quantumnpossint£rtss;.Vict.
2951 5089 3076 5160 1on
3104 5087 3246 5174 eis.
3273 5087 3444 5174 dficit.

189 5173 744 5244 qtlantttm'possurtt_
790 5165 883 5199 ²¹⁸⁸
912 5159 1366 5244 Solentinﬁdeles
1389 5184 1516 5221 mss.
1556 5179 1604 5221 et
1656 5170 1782 5244 edit.
1807 5167 1960 5224 Goth.
1989 5159 2164 5224 solent
2197 5176 2251 5244 et
2275 5159 2516 5220 inﬁdeles
2589 5161 2682 5244 “‘3
2715 5161 2868 5215 Sicut
2894 5176 2996 5240 nos
3019 5159 3446 5244 c’redi'lttustttff.

187 5227 236 5282 ἐι
296 5232 426 5284 edit.
453 5227 784 5310 (fo_th._omit.
807 5252 912 5310 nos
966 5237 1074 5310 fl"
1105 5238 1238 5290 Cum
1270 5238 1384 5310 haec
1424 5245 1518 5290 aut
1548 5252 1646 5307 per
1688 5239 1851 5295 aliam
1885 5251 2169 5309 personam
2205 5236 2330 5310 _sive_
2370 5247 2470 5304 per
2509 5227 2836 5310 angelicam,
2864 5229 2976 5283 sive
3018 5244 3114 5310 per
3157 5227 3445 5310 humanam

188 5311 400 5379 masne:
451 5303 580 5355 edit.
613 5302 766 5358 Goth.
799 5305 932 5379 Cum
964 5307 1064 5360 hoc
1091 5315 1185 5360 aut
1207 5320 1301 5379 per
1332 5306 1401 5379 al.
1433 5297 1649 5379 person.
1676 5310 1790 5366 sive
1832 5297 2147 5379 angelicam,
2167 5307 2286 5379 ‘sive
2316 5297 2606 5379 humanam
2641 5299 2646 5306 ’
2683 5297 3234 5379 ξιθίριιοωρᾷρρῖερ
3256 5297 3322 5376 (ξε
3345 5297 3445 5376 ³3³0

187 5369 349 5449 multi
382 5379 617 5451 tractare
647 5374 916 5451 postulent
943 5385 1139 5451 magna
1180 5367 1482 5451 eliit._Got_l't.
1511 5376 1776 5451 Quoniam
1807 5367 1935 5451 ergo
1972 5367 2344 5451 multi'dejiac
2373 5373 2592 5451 tractari
2621 5370 2895 5451 postulant
2947 5369 3061 5451 ,ξω
3090 5367 3240 5420 Licet
3272 5367 3443 5451 ilt'llif

188 5440 460 5522 quirendo
484 5434 922 5522 mss._Cister.__S.
953 5443 1184 5522 Hic/uc:
1223 5434 1556 5522 ⁸αειίὶι-..ςξομὶῖ
1579 5434 2080 5522 siutinq'uz‘éreudo
2153 5444 2246 5522 ’_‘_”
2277 5434 2636 5522 ﬁatjoniStlite
2655 5436 3109 5522 pulchritudinem
3142 5452 3271 5522 mss.
3306 5434 3440 5522 Vict.

187 5505 232 5559 et
262 5507 420 5589 τισιν,
453 5519 508 5563 ct
541 5512 991 5589 pulchritudinem
1022 5513 1266 5589 veritatis
1309 5585 1321 5589 _
1342 5514 1438 5545 ἠδ
1459 5516 1748 5589 Quomodo
1776 5505 1836 5573 ea
1874 5536 1995 5572 mss.
2025 5533 2069 5589 et
2118 5513 2424 5589 edit._G_o_th.
2458 5505 2710 5589 quoniam
2743 5523 2804 5561 ea
2881 5506 2974 5589 ’Ψ
3004 5505 3124 5589 Ideo
3163 5506 3286 5589 plus
3325 5505 3437 5589 pla-1

187 5586 305 5699 cel}.
330 5574 497 5659 lfilum
525 5574 647 5634 mss.
675 5593 723 5634 et
775 5583 899 5636 edit.
940 5578 1092 5636 Goth.
1125 5584 1246 5637 ideo
1274 5585 1392 5654 plus
1421 5574 1663 5652 placent;
1710 5605 1870 5640 unum
1911 5604 1975 5640 ex
2007 5588 2110 5641 illis
2182 5585 2277 5617 ²¹⁹⁸
2308 5585 2388 5638 Me
2415 5574 2702 5661 sollicitant
2733 5593 2856 5630 mss.
2896 5585 2944 5628 et
2998 5577 3122 5628 edit.
3166 5574 3319 5629 Goth-
3351 5585 3438 5629 Im!

187 5659 247 5699 ιο
293 5656 446 5699 ICttat

186 5656 446 5702 sollicitat

553 5745 823 5806 ΡΑτιιυι..
861 5748 1126 5811 CLVlil.
1959 5826 1994 5830 ﬂ
2940 5739 3014 5798 1‘2
