3926 6054
275 324 383 380 365

902 430 1132 488 CAPUT
1165 430 1249 486 IV.

273 568 430 635 Quod
474 567 556 621 lue
590 542 952 633 responsiones
992 566 1270 619 videantur
1295 565 1592 632 inﬁdelibus
1632 567 1742 620 sine
1772 582 1862 619 ne-

561 634 819 701 cessitate,
842 644 888 690 et
912 635 1065 705 quasi
1083 636 1322 704 quwdam
1339 634 1580 703 pictum.

348 760 475 818 Bos.
500 762 694 819 Omnia
722 765 837 819 haec
858 764 1084 834 pulchra
1110 773 1166 818 et
1184 763 1343 833 quasi
1369 751 1616 833 quaedam
1639 764 1863 832 picturae

271 855 622 924 suscipienda
654 864 782 912 sunt
810 874 825 911 :
857 856 951 912 sed
976 856 1021 911 si
1049 869 1155 911 non
1187 855 1261 910 sit
1282 854 1485 925 aliquid
1506 854 1738 911 solidum
1768 871 1861 910 su-

271 954 372 1014 per
394 946 538 1016 quod
566 947 810 1013 sedeant,
842 939 952 1002 non
988 948 1241 1002 videntur
1269 945 1577 1001 inﬁdelibus
1615 944 1863 1000 suiiicere

273 1052 373 1093 cur
394 1038 561 1093 Deum
588 1052 674 1104 ea,
697 1054 821 1109 qua:
846 1038 1096 1102 dicimus,
1124 1036 1237 1108 pati
1265 1035 1500 1091 voluisse
1520 1036 1744 1091 credere
1769 1035 1861 1089 de-

272 1129 521 1186 beamus.
553 1131 687 1186 Nam
726 1132 820 1201 qui
850 1131 1120 1200 picturam
1152 1129 1267 1184 vult
1300 1129 1504 1194 facere,
1536 1126 1741 1197 aliquid
1770 1127 1861 1183 eli-

274 1224 356 1291 git
379 1224 610 1278 solidum
640 1236 802 1294 super
830 1222 972 1292 quod
1004 1223 1187 1293 pingat
1218 1230 1278 1277 ut
1308 1229 1523 1276 maneat
1563 1220 1707 1290 quod
1739 1222 1860 1291 pin-

271 1317 370 1386 git.
404 1316 573 1371 Nemo
600 1314 745 1371 enim
776 1316 951 1385 pingit
980 1315 1035 1368 in
1065 1330 1202 1385 aqua
1234 1310 1316 1367 vel
1350 1314 1403 1369 in
1432 1326 1588 1377 aere;
1620 1314 1745 1382 quia
1783 1313 1857 1370 ibi

272 1408 426 1463 nulla
453 1416 676 1463 ntanent
698 1407 921 1477 picturae
955 1408 1206 1476 vestigia.
1239 1406 1581 1477 Quapropter
1610 1420 1733 1461 cum
1759 1404 1860 1462 bas

271 1499 699 1564 eonvenientias,
731 1511 868 1568 quas
896 1496 1059 1562 dicis,
1084 1497 1390 1552 inﬁdelibus
1411 1498 1565 1566 quasi
1595 1497 1858 1567 quas-lam

276 1587 519 1658 picturas
561 1587 639 1642 rei
681 1594 847 1657 gestae
886 1586 1264 1651 obtendimns,
1294 1587 1551 1655 quoniam
1588 1601 1695 1641 non
1743 1601 1856 1641 rem

274 1685 512 1747 gestam,
538 1676 631 1733 sed
661 1675 974 1746 figmentum
998 1676 1336 1732 arbitrantur
1356 1690 1477 1732 esse
1504 1675 1646 1746 quod
1679 1676 1859 1732 credi-

1419 306 1559 377 'CUR
1598 305 1776 375 neos
1817 306 2028 376 HOMO.
2062 347 2131 359 -
2160 304 2286 373 Lm.
2329 304 2368 371 I.

2668 411 2672 413 Α
3435 312 3541 380 368

2574 426 2801 482 CAPUT
2842 424 2926 483 Vi.

1971 540 2211 603 Qualiter
2240 541 2615 610 reprehendant
2649 539 2885 609 inﬁdeles
2928 543 3069 609 quod
3112 541 3334 598 dicimus
3376 544 3542 601 Deum

2040 622 2203 664 morte
2255 628 2354 664 sua
2396 626 2490 663 nos
2520 612 2816 676 redemisse,
2839 622 2887 665 et
2918 612 2993 665 sic
3027 610 3353 667 dilectionem
3396 631 3542 669 suum

2038 696 2161 752 erga
2192 697 2284 752 nos
2314 681 2621 745 ostendisse,
2645 689 2692 735 et
2725 696 2819 750 pro
2853 682 3001 735 nobis
3035 697 3334 752 expugnare
3364 685 3540 739 diabo-

2034 750 2140 801 lum
2170 751 2385 803 venisse.

2032 860 2154 913 Bos.
2190 860 2301 915 Hoc
2327 868 2410 914 est
2434 860 2576 929 quod
2599 860 2753 915 Valde
2781 861 3072 926 mirantur,
3106 862 3232 929 quia
3262 859 3541 918 liberatio-

1964 967 2086 1007 nem
2118 952 2256 1005 ltanc
2294 950 2720 1020 redemptionem
2749 964 3024 1006 vocamus.
3060 949 3118 1005 in
3154 966 3261 1021 qua
3308 958 3541 1025 namque

1963 1042 2076 1107 ω’,
2111 1042 2263 1095 aiunt
2302 1041 2478 1105 nobis,
2510 1041 2778 1109 captione,
2821 1049 2914 1095 aut
2957 1042 3011 1095 in
3037 1056 3144 1111 quo
3174 1058 3414 1107 carcere,
3446 1055 3539 1100 aut

1962 1132 2017 1187 in
2053 1130 2208 1201 cujus
2245 1140 2515 1201 potestate
2551 1130 2903 1195 tenebamini,
2942 1132 3084 1187 unde
3124 1147 3219 1187 vos
3259 1131 3402 1189 Deus
3430 1151 3536 1190 non

1960 1223 2135 1293 potuit
2163 1221 2395 1276 liberare
2419 1221 2523 1275 nisi
2563 1235 2657 1274 vos
2697 1228 2773 1274 tot
2796 1219 3073 1276 laboribus
3102 1230 3158 1275 et
3183 1222 3249 1276 ad
3289 1223 3541 1279 ultimum

1962 1326 2059 1368 suo
2085 1312 2346 1381 sanguine
2375 1310 2698 1367 redimeret?
2738 1309 2945 1376 Quibus
2973 1321 3097 1365 cum
3126 1311 3359 1369 dicimus
3389 1300 3406 1369 ὲ
3436 1315 3541 1370 Re—

1961 1400 2129 1455 demit
2157 1413 2255 1455 nos
2298 1413 2329 1452 a
2372 1398 2633 1467 peccatis,
2660 1406 2716 1454 et
2746 1396 2813 1452 ab
2850 1398 2928 1453 ira
2968 1415 3088 1465 sua,
3125 1409 3180 1456 et
3208 1402 3273 1457 de
3301 1402 3517 1459 inferno

1958 1500 2015 1545 et
2040 1490 2106 1546 de
2129 1498 2395 1561 potestate
2421 1490 2656 1558 diaboli,
2687 1505 2847 1560 quem
2891 1491 3016 1561 quia
3050 1507 3146 1547 nos
3184 1500 3291 1548 non
3327 1504 3542 1564 potera-

1960 1594 2102 1645 mus,
2147 1579 2261 1648 ipse
2297 1594 2395 1648 pro
2438 1579 2594 1636 nobis
2638 1580 2789 1635 venit
2833 1593 3165 1651 expugnare,
3214 1591 3269 1636 et
3316 1585 3546 1639 redemit

1960 1671 2117 1726 nobis
2153 1685 2379 1741 regnum
2418 1670 2681 1727 caelorum
2730 1689 2745 1727 :
2796 1680 2852 1726 et
2884 1673 3012 1741 quia
3052 1672 3167 1726 hac
3208 1674 3389 1729 cnmia
3437 1674 3543 1730 hoc

277 1780 423 1831 mus,
466 1766 619 1836 quasi
662 1780 828 1835 super
871 1767 1069 1821 nubem
1114 1766 1338 1836 pingere
1375 1782 1476 1822 nos
1522 1766 1853 1823 existimant.
1890 1778 1933 1836 Β
1960 1761 2120 1816 modo
2149 1759 2282 1815 fecit
2310 1760 2429 1825 “",
2451 1760 2691 1815 ostendit
2718 1769 2981 1830 quantum
3004 1776 3105 1816 nos
3135 1761 3402 1831 diligeret.
3434 1764 3541 1820 Re-

277 1857 626 1911 )ionstranda
654 1863 738 1911 est
767 1868 894 1928 ergo
935 1857 1088 1926 prius
1118 1857 1363 1913 veritatis
1395 1857 1730 1912 rationabilis
1769 1872 1856 1913 so-

277 1947 465 2004 liditas
500 1946 618 2013 ’m,
664 1949 715 2002 id
744 1957 831 2003 est
864 1949 1161 2004 necessitas
1187 1962 1310 2018 qua:
1342 1949 1537 2018 probet
1564 1949 1659 1979 “"
1687 1948 1855 2003 Deum

278 2039 347 2093 ad
373 2054 462 2103 ea,
506 2054 624 2108 qua:
665 2040 1045 2109 praedicamus,
1081 2038 1336 2095 debuisse
1367 2048 1462 2093 aut
1494 2040 1735 2109 potuisse
1763 2038 1858 2074 ⁸³³⁸

278 2130 577 2185 humiliari.
615 2130 838 2198 Deinde,
885 2138 946 2183 ut
981 2130 1159 2201 ipsum
1190 2132 1344 2200 quasi
1380 2146 1579 2201 corpus
1611 2132 1859 2189 veritatis

275 2221 399 2291 plus
422 2222 597 2276 niteat
619 2222 735 2287 ³⁸⁸⁵,
752 2222 868 2277 istae
892 2223 1283 2278 convenientiae
1312 2223 1466 2291 quasi
1491 2224 1713 2292 picturae
1739 2238 1858 2279 cor-

275 2313 425 2384 poris
459 2312 569 2384 76
593 2322 718 2367 sunt
745 2312 1097 2383 exponendas.
1128 2312 1256 2368 Aes.
1287 2311 1474 2368 Nonne
1498 2314 1634 2368 satis
1664 2326 1858 2369 neces-

274 2405 421 2462 saria
456 2406 598 2461 ratio
624 2407 840 2462 videtur
867 2421 963 2461 cur
990 2405 1135 2460 Deus
1154 2416 1241 2471 ea,
1263 2420 1385 2475 quae
1404 2405 1653 2468 dicimus,
1681 2403 1861 2461 facere

276 2497 554 2561 debuerit;
580 2498 705 2567 quia
729 2512 900 2568 genus
929 2497 1249 2560 humanum,
1287 2502 1398 2550 tam
1432 2496 1638 2551 scilicet
1659 2498 1861 2566 pretio-

276 2602 396 2640 sum
426 2587 522 2617 ²¹²⁶
548 2602 703 2657 opus,
726 2587 844 2657 ejus
869 2587 1093 2642 omnino
1123 2587 1388 2657 perierat;
1417 2600 1518 2642 nec
1553 2586 1782 2643 decebat
1803 2598 1863 2642 ut

274 2677 420 2745 quod
454 2677 595 2732 Deus
626 2678 691 2732 de
734 2677 957 2732 homine
982 2677 1614 2746 proposuerattpenitus
1645 2677 1863 2731 annibi~

274 2767 485 2822 laretur
509 2785 523 2821 :
560 2781 659 2823 nee
688 2768 831 2822 idem
860 2765 975 2834 ejus
1001 2767 1336 2836 propositum
1367 2767 1433 2822 ad
1463 2766 1714 2823 eﬂ-‘ectum
1739 2767 1862 2823 duci

275 2867 512 2927 poterat,
553 2859 656 2913 nisi
703 2872 875 2929 genus
906 2858 1204 2913 humanum
1239 2859 1308 2914 ab
1336 2858 1454 2929 ipso
1480 2857 1739 2915 Creatore
1763 2871 1864 2914 suo

276 2950 638 3005 liberaretur?

915 3038 1142 3096 CAPUT
1184 3040 1248 3095 V.

279 3171 437 3247 Quod
470 3178 753 3249 redemptio
794 3179 1043 3251 hominis_
1060 3196 1162 3233 non
1194 3180 1362 3247 potuit
1408 3178 1527 3249 ﬁeri
1557 3197 1649 3251 per
1699 3180 1862 3235 aliam

703 3265 860 3312 quam
889 3262 981 3318 per
1009 3248 1105 3303 Dei
1135 3258 1433 3318 personam.

352 3380 478 3436 Bos.
507 3380 629 3436 Haec
657 3381 769 3449 ipsa
794 3380 1042 3436 liberatto
1070 3382 1115 3436 si
1138 3395 1235 3451 per
1264 3380 1427 3436 aliam
1455 3395 1617 3449 quam
1647 3395 1746 3450 per
1768 3372 1862 3436 Dei

281 3484 570 3539 personam
613 3470 748 3539 (sive
796 3484 891 3539 per
939 3469 1215 3540 angelum,
1261 3469 1377 3524 sive
1424 3484 1521 3540 per
1563 3469 1862 3541 hominem)

283 3575 407 3615 esse
438 3559 577 3614 facta
607 3560 850 3629 quolibet
889 3560 1048 3615 modo
1092 3561 1387 3625 diceretur,
1430 3574 1587 3615 mens
1630 3561 1865 3617 humana

284 3652 379 3684 ἐπ’
434 3653 535 3707 hoc
579 3653 748 3706 multo
799 3652 1133 3707 tolerabilius
1173 3653 1463 3723 acciperet.
1507 3651 1688 3707 Potuit
1722 3652 1867 3706 enim

288 3744 433 3797 Dens
455 3744 726 3799 hontinem
756 3744 987 3812 aliquem
1017 3742 1197 3798 lacere
1236 3745 1353 3800 sine
1381 3753 1625 3815 peccato,
1660 3754 1764 3798 nan
1801 3744 1870 3799 de

289 3850 469 3889 massa
513 3835 839 3905 peccatrice,
880 3851 979 3890 nec
1010 3837 1076 3890 de
1124 3835 1305 3905 aliquo
1351 3835 1571 3889 homine
1602 3826 1728 3902 ωδ,
1776 3834 1871 3907 sed

287 3926 432 3979 sicut
464 3924 594 3978 fecit
621 3924 792 3977 Adam
824 3925 917 3956 “’9
945 3939 1042 3994 per
1065 3938 1227 3994 quem
1261 3924 1363 3977 hoc
1389 3923 1561 3992 ipsum
1591 3937 1725 3990 opus
1752 3920 1871 3977 fieri

288 4016 531 4085 potuisse
568 4016 801 4071 videtur.
840 4017 973 4071 Axs.
1010 4017 1091 4071 An
1142 4031 1248 4070 non
1288 4015 1543 4086 intelligis
1574 4016 1699 4084 quia
1726 4030 1873 4084 qua:-

290 4120 507 4175 cnnque
563 4106 671 4161 alia
720 4098 948 4176 persona
1012 4107 1287 4162 hominem
1351 4122 1383 4161 a
1441 4115 1617 4161 morte
1668 4114 1870 4161 aeterna

292 4195 607 4259 redimeret,
644 4194 759 4263 ejus
794 4209 983 4251 servus
1022 4196 1161 4251 idem
1209 4197 1371 4251 homo
1416 4207 1564 4252 recte
1601 4195 1873 4263 judicare.

292 4287 418 4339 tur?
445 4286 599 4352 Quod
640 4288 684 4341 si
714 4295 880 4352 esset,
926 4287 1231 4342 nullatenus
1260 4295 1597 4342 restauratus
1633 4299 1777 4342 esset
1818 4289 1873 4343 in

292 4369 442 4433 illam
472 4378 787 4449 dignitatem
815 4393 977 4448 quam
1014 4378 1295 4433 habiturus
1326 4386 1467 4450 erat,
1509 4377 1553 4432 si
1600 4393 1705 4432 non
1746 4393 1872 4448 pec-

1958 1852 2225 1922 spondent
2267 1868 2281 1905 :
2328 1850 2385 1907 Si
2416 1851 2595 1906 dicitis
2640 1852 2767 1919 quia
2801 1852 2941 1907 Deus
2986 1852 3103 1908 haec
3146 1855 3326 1909 omnia
3357 1854 3544 1911 facere

1958 1959 2064 1999 non
2091 1945 2264 2014 potuit
2293 1943 2408 1999 solo
2448 1941 2625 2011 jussu,
2650 1956 2811 2010 quem
2839 1954 3034 2000 cuncta
3059 1942 3301 2011 iubendo
3325 1961 3543 2004 creasse

1959 2034 2157 2100 dicitis,
2189 2035 2497 2104 repugnatis
2543 2035 2977 2104 vobismetipsis,
3023 2037 3147 2105 quia
3180 2037 3539 2106 impotentem

1959 2123 2107 2180 illum
2149 2125 2344 2181 facitis.
2392 2128 2499 2181 Ant
2538 2127 2582 2182 si
2616 2125 2859 2182 fatemini
2905 2128 3030 2196 quia
3076 2128 3273 2197 patuit,
3310 2129 3405 2184 sed
3436 2146 3540 2185 non

1959 2216 2128 2270 voluit
2171 2217 2264 2249 ’⁸³⁵
2310 2217 2411 2271 nisi
2447 2210 2549 2272 hoc
2578 2216 2740 2271 modo
2778 2217 2896 2285 ³⁸³⁵,
2933 2220 3207 2287 quomodo
3238 2221 3540 2288 sapientem

1959 2307 2109 2362 illum
2139 2308 2425 2363 ostendere
2460 2308 2687 2377 potestis
2714 2308 2809 2340 ⁸⁸⁸⁸
2833 2322 2994 2377 quem
3022 2308 3145 2364 sine
3183 2308 3289 2363 ulla
3331 2312 3542 2366 ratione

1961 2407 2068 2454 tam
2099 2400 2401 2455 indecentia
2431 2398 2569 2455 velle
2594 2399 2703 2470 pati
2730 2399 3007 2455 asseritis?
3027 2399 3219 2455 Omnia
3252 2401 3397 2456 enim
3428 2401 3543 2456 haec

1961 2507 2082 2562 qua:
2124 2492 2419 2548 obtenditis
2464 2493 2519 2546 in
2568 2492 2688 2562 ejus
2729 2491 3011 2546 voluntate
3056 2493 3363 2547 consistunt
3399 2510 3413 2547 :
3462 2494 3543 2548 ira

1961 2597 2195 2652 namque
2220 2582 2312 2637 Dei
2341 2597 2448 2636 non
2479 2590 2565 2636 est
2596 2581 2741 2636 aliud
2781 2597 2944 2650 quam
2977 2581 3228 2637 voluntas
3266 2584 3539 2652 puniendi.

1963 2670 2020 2726 Si
2046 2685 2175 2741 ergo
2200 2687 2306 2725 non
2334 2670 2448 2725 vult
2476 2670 2672 2740 punire
2708 2680 2933 2740 peccata
2965 2671 3265 2734 hominum,
3295 2669 3434 2728 liber
3460 2680 3545 2728 est

1962 2765 2124 2819 homo
2148 2778 2179 2817 a
2210 2764 2468 2832 peccatis,
2493 2772 2549 2819 et
2580 2764 2649 2819 ab
2686 2763 2764 2817 ira
2802 2762 2916 2825 Dei,
2954 2772 3010 2818 et
3038 2765 3106 2818 ah
3151 2763 3389 2828 inferno,
3423 2774 3479 2820 et
3515 2780 3544 2818 a

1961 2863 2226 2925 potestate
2253 2855 2470 2917 diaboli,
2515 2862 2637 2924 quae
2679 2854 2860 2908 omnia
2899 2864 3119 2924 propter
3150 2864 3373 2924 peccata
3404 2858 3545 2926 pati-

1965 2955 2075 3011 tur,
2103 2956 2159 3000 et
2191 2946 2380 3015 recipit
2403 2956 2468 3000 ea
2492 2946 2691 3015 quibus
2716 2953 2937 3014 propter
2958 2946 3147 3001 eadem
3180 2957 3405 3016 peccata
3432 2949 3545 3014 pri-

1963 3046 2140 3091 vatur.
2170 3034 2307 3091 Nam
2334 3037 2385 3091 in
2414 3036 2567 3104 cuius
2593 3045 2859 3105 potestate
2893 3045 2978 3092 est
3012 3036 3277 3104 infernus,
3309 3049 3403 3094 aut
3433 3040 3546 3095 dia.

1889 3138 1933 3195 c
1966 3129 2142 3195 belus,
2165 3139 2255 3184 aut
2286 3128 2441 3199 cujus
2463 3137 2549 3185 est
2587 3142 2811 3200 regnum
2839 3128 3127 3194 caelorum,
3155 3131 3260 3186 nisi
3300 3131 3417 3202 ejus
3456 3133 3547 3202 qui

1964 3221 2095 3277 fecit
2122 3221 2342 3276 omnia?
2367 3220 2713 3291 Qumcunque
2751 3222 2933 3290 itaque
2975 3221 3174 3277 timetis
3210 3231 3304 3277 aut
3337 3224 3563 3279 deside.

1968 3314 2123 3375 ratis,
2172 3311 2293 3379 ejus
2335 3311 2602 3367 voluntati
2647 3310 2932 3379 subiacent
2977 3313 3062 3368 cui
3108 3312 3246 3369 nihil
3286 3314 3549 3371 resistere

1968 3409 2168 3473 potest.
2192 3392 2536 3470 Quapropter
2555 3401 2601 3455 si
2625 3400 2922 3457 humanum
2945 3416 3116 3474 genus
3128 3403 3341 3459 salvere
3356 3404 3549 3468 noluit.

1969 3493 2072 3547 nisi
2101 3505 2165 3546 eo
2194 3506 2301 3561 quo
2323 3489 2507 3547 dicitis
2536 3492 2694 3546 modo
2715 3492 2807 3524 ’³³⁷
2832 3532 2848 3555 ,
2873 3506 2998 3547 cum
3026 3493 3140 3551 sola
3163 3493 3442 3551 Voluntats
3462 3510 3551 3565 po-

1969 3584 2170 3648 tuerit,
2199 3593 2258 3638 ut
2279 3585 2465 3639 mitius
2490 3584 2667 3639 dicam
2719 3583 2838 3649 ⁸³³³,
2891 3584 3068 3640 videte
3121 3587 3391 3655 quomodo
3437 3588 3554 3657 ejus

1969 3673 2247 3742 sapientia:
2322 3676 2651 3744 repugnatis.
2695 3674 2830 3729 Nam
2875 3676 2921 3730 si
2986 3676 3165 3736 homo,
3219 3678 3363 3746 quod
3398 3678 3553 3733 facile

1968 3772 2176 3831 posset,
2203 3763 2255 3817 id
2277 3779 2399 3819 cum
2431 3764 2579 3833 gravi
2602 3764 2789 3818 labore
2808 3764 2929 3818 sine
2957 3766 3168 3821 ratione
3196 3767 3422 3830 iaceret,
3445 3784 3550 3822 non

1971 3852 2158 3921 utique
2185 3853 2401 3921 sapiens
2429 3853 2499 3907 ab
2533 3852 2643 3908 ullo
2664 3851 3021 3919 judicaretur.
3052 3854 3261 3925 Quippe
3292 3858 3435 3925 quod
3465 3860 3548 3912 di-

1973 3940 2096 3995 citis
2117 3941 2286 3996 Deum
2318 3940 2494 3994 taliter
2522 3940 2827 3995 ostendisse
2854 3950 3114 4009 quantum
3145 3956 3240 3997 vos
3278 3945 3548 4013 diligeret,

1973 4031 2113 4085 nulla
2139 4031 2346 4086 ratione
2380 4030 2706 4096 defenditur,
2741 4029 2787 4084 si
2816 4030 3125 4087 nullatenus
3148 4031 3421 4088 hominem
3448 4035 3549 4089 ali-

1975 4131 2056 4177 ter
2085 4121 2322 4191 potuisse
2352 4120 2565 4175 salvare
2594 4135 2701 4175 non
2741 4128 3096 4176 monstratur.
3142 4121 3279 4177 Nam
3319 4124 3365 4179 si
3395 4123 3552 4180 aliter

1975 4230 2079 4270 non
2130 4214 2410 4283 potuisset,
2460 4222 2585 4268 tunc
2630 4210 2857 4267 forsitan
2903 4227 3127 4270 necesse
3168 4224 3313 4270 esset
3348 4225 3407 4272 ut
3450 4218 3550 4273 hoc

1976 4307 2135 4360 modo
2161 4318 2314 4359 suam
2337 4303 2677 4358 dilectionem
2700 4304 3015 4359 ostenderet
3041 4322 3053 4357 :
3085 4320 3229 4361 nunc
3252 4321 3399 4372 vero,
3428 4325 3551 4364 cum

1978 4396 2136 4451 aliter
2177 4395 2349 4462 possit
2396 4394 2609 4450 salvere
2652 4394 2960 4460 hominem,
3005 4411 3126 4464 quae
3161 4398 3300 4452 ratio
3341 4408 3426 4453 est
3472 4412 3553 4462 ut,

287 4478 473 4525 casset
502 4488 515 4523 :
548 4482 669 4525 cum
714 4473 849 4539 ipse,
875 4471 965 4538 qni
996 4471 1209 4524 nonnisi
1244 4470 1338 4525 Dei
1374 4484 1560 4525 servus
1592 4469 1685 4501 “3°
1718 4478 1774 4524 et
1798 4485 1862 4524 a2-

1974 4497 2195 4558 pr0pter
2218 4487 2605 4542 ostendendam
2641 4486 2983 4541 dilectionem
3019 4502 3196 4555 suam,
3232 4503 3297 4542 ea
3330 4506 3450 4559 quae
3477 4493 3550 4548 di~

287 4560 469 4629 qualis
499 4558 701 4630 angelis
734 4561 892 4616 bonis
918 4576 1015 4630 per
1040 4561 1220 4614 omnia
1260 4558 1470 4616 futurus
1512 4572 1649 4625 erat,
1682 4576 1862 4617 servus

1979 4580 2102 4634 citis
2132 4579 2293 4634 iaciat
2313 4588 2369 4633 et
2398 4577 2696 4633 sustineat?
2716 4578 2799 4630 An
2831 4578 2975 4631 enim
3006 4592 3111 4631 non
3131 4558 3364 4634 ostendit
3396 4597 3463 4637 an
3478 4601 3560 4655 ge-

289 4660 439 4752 essef
465 4651 602 4720 eius.
643 4652 734 4720 qui
768 4652 910 4707 Deus
960 4667 1065 4706 mm
1104 4659 1271 4717 esset.
1304 4659 1357 4707 et
1393 4651 1546 4722 cuius
1574 4650 1666 4683 ”³¹
1696 4650 1872 4722 ause"
1982 4671 2049 4726 lis
2079 4671 2235 4725 bonis
2267 4678 2528 4738 quantum
2559 4682 2654 4723 eos
2682 4667 2887 4737 diligat,
2931 4681 3029 4737 pro
3058 4670 3255 4739 quibus
3292 4671 3417 4727 talia
3463 4650 3565 4730 ιῖοι.

290 4749 438 4796 lem
469 4755 577 4795 non
606 4749 813 4797 8559M-
1982 4761 2249 4817 sustinct?
2276 4759 2430 4826 Quod
2467 4774 2596 4815 vero
2630 4773 2753 4814 eum
2793 4759 2973 4813 dicitis
2999 4761 3211 4816 venisse
3253 4778 3552 4834 eXpugnan

1942 4867 2080 4921 .pro
2116 4852 2270 4906 vobis
2316 4849 2609 4915 diabolum,
2658 4864 2767 4918 quo
2818 4865 2978 4905 sensu
3026 4852 3237 4909 audetis
3281 4854 3565 4922 proferri-1'

1549 4954 1778 5016 VARIAE
1836 4959 2236 5018 LECTIONES.

372 5072 467 5103 ""
498 5070 750 5139 Veritatis
798 5070 1425 5144 rationabilissoliditas
1468 5089 1592 5127 mss.
1679 5073 1807 5127 Vict.
1883 5084 1932 5127 et
1978 5073 2101 5144 Joly
2158 5073 2427 5144 veritatis
2473 5072 2715 5127 soliditas
2760 5072 3049 5144 rationalis
3111 5074 3388 5144 Ψυριιω
3436 5088 3556 5144 pro-

293 5143 429 5196 bant
463 5157 636 5213 mss,
667 5157 787 5209 qua:
836 5142 1026 5213 probet
1098 5142 1191 5173 ⁸⁸⁸⁵
1256 5143 1509 5213 Debuisse
1561 5153 1653 5198 aut
1705 5144 1948 5212 potuisse
1998 5142 2098 5198 ms.
2137 5142 2262 5212 Joly
2314 5142 2468 5213 omit.
2526 5148 2625 5213 aut
2667 5142 2911 5211 potuisse
2986 5144 3081 5175 ’ω
3110 5143 3354 5213 Ipsum...
3388 5142 3558 5199 niteat

294 5228 399 5265 ms.
447 5210 571 5279 .l'oly
629 5212 923 5281 ipsae......i
954 5212 1161 5281 niteant
1233 5213 1327 5243 ²¹¹⁸
1357 5211 1490 5267 Tam
1524 5210 1829 5281 preciosnm
1878 5231 2007 5268 mss.
2074 5223 2183 5267 tam
2229 5210 2437 5268 scilicet
2484 5210 2786 5281 precioSnm
2859 5213 2952 5243 “’7
2996 5210 3147 5268 Mens
3183 5216 3295 5268 haec
3323 5216 3558 5269 humana

294 5296 423 5334 mss.
480 5282 647 5353 omitt.
880 5280 979 5353 ff”
1035 5282 1108 5353 De
1133 5282 1254 5353 alio
1308 5280 1539 5337 homine
1573 5300 1698 5338 mss.
1768 5282 1901 5353 Vict.
1958 5285 2025 5338 de
2081 5284 2262 5353 aliquo
2312 5280 2528 5353 nomine
2603 5280 2696 5315 ’m
2732 5282 3100 5353 FecitAdam
3132 5299 3247 5353 me.
3280 5283 3403 5353 Joly
3431 5285 3557 5340 fecit

298 5353 446 5406 nens
491 5350 660 5403 Adam
736 5350 832 5382 ’³³⁵
880 5348 995 5405 Non
1043 5351 1146 5405 nisi
1189 5350 1332 5406 Deus
1372 5367 1560 5407 servus
1600 5370 1727 5409 mss.
1784 5352 1917 5408 Vict.
1944 5363 1991 5408 et
2014 5354 2137 5423 Joly
2160 5348 2263 5407 non
2295 5351 2396 5407 nisi
2432 5352 2571 5407 Deus
2592 5368 2779 5407 servus
2851 5352 2941 5383 ²¹³¹
2971 5352 3038 5407 Et
3058 5352 3214 5421 cujus
3239 5369 3338 5407 ms.
3362 5348 3487 5421 Joly
3505 5367 3559 5409 et

296 5421 389 5475 cui
464 5420 560 5449 ¹²³²
592 5418 648 5472 1η
676 5434 782 5489 qua
825 5430 1058 5488 namque
1086 5437 1187 5474 ms.
1218 5420 1342 5489 Joly
1373 5422 1425 5475 in
1455 5435 1563 5489 qua
1592 5434 1771 5477 autem
1855 5419 1952 5455 ¹²⁸³
1993 5422 2187 5480 Omnia
2220 5423 2367 5486 fecit,
2401 5422 2503 5477 hoc
2544 5424 2701 5476 modo
2738 5438 2864 5476 mss.
2905 5421 3036 5475 Vict.
3063 5423 3187 5489 Joly
3211 5433 3258 5476 et
3288 5421 3357 5476 S:
3391 5423 3553 5477 Hic-It.

993 5434 1058 5474 ue
1086 5437 1187 5491 ms.
1218 5420 1342 5490 Joly
1373 5422 1425 5491 in
1455 5435 1563 5490 qua
1592 5434 1771 5477 autem
1855 5419 1952 5455 ¹²⁸³
1993 5419 2187 5480 Omnia
2220 5423 2367 5486 fecit,
2401 5422 2503 5477 hoc
2544 5424 2701 5476 modo
2738 5438 2864 5476 mss.
2905 5421 3036 5475 Vict.
3063 5419 3187 5491 July
3211 5433 3258 5476 et
3288 5421 3357 5476 S:
3391 5419 3553 5477 Hic-It.

294 5490 481 5542 omnia
508 5489 609 5544 hoc
632 5490 793 5544 modo
849 5489 976 5543 iecit

1056 5490 1153 5561 ’Ψ
1178 5492 1271 5545 sed
1302 5490 1492 5555 noluit,
1526 5492 1627 5545 nisi
1656 5509 1752 5546 ms.
1784 5491 1909 5561 Joly
1931 5502 1987 5549 et
2018 5510 2124 5548 non
2150 5493 2322 5547 voluit
2348 5492 2453 5547 nisi
2480 5508 2606 5546 mss.
2649 5491 2786 5546 Vict.
2822 5492 2928 5547 Sed
2956 5508 3062 5546 non
3085 5490 3256 5547 voluit
3283 5493 3387 5547 nisi
3462 5491 3557 5526 ¹¹⁸⁸

296 5558 413 5632 Nisi
444 5559 549 5612 hoc
572 5559 733 5632 modo
762 5574 861 5632 m_s.
887 5558 953 5632 Δξ.
983 5557 1146 5613 Mich.
1175 5561 1276 5632 nisi
1303 5561 1463 5614 modo
1506 5561 1633 5632 4"“
1662 5557 2025 5632 lllnnrdicitis
2046 5562 2129 5615 vel
2169 5563 2456 5617 ostendere
2495 5562 2909 5632 poteritisimss.
2942 5562 3087 5632 illum
3122 5564 3347 5632 petestis
3376 5572 3557 5618 osten-

293 5630 434 5681 dere
459 5644 558 5700 ms.
606 5627 853 5700 Vict._15.
885 5628 1032 5700 illum
1061 5631 1307 5700 poteritis
1332 5630 1618 5685 ostendere
1689 5632 1781 5661 ’³³⁷
1816 5630 1928 5686 Nisi
1955 5647 2062 5700 quo
2091 5633 2270 5687 dicitis
2296 5632 2454 5687 modo
2474 5627 2597 5685 mss.
2630 5630 2690 5686 S.
2719 5631 2879 5684 Mich.
2913 5640 2960 5683 et
2998 5627 3183 5685 Cistér.
3207 5643 3256 5687 et
3294 5631 3425 5688 Vict.
3453 5635 3552 5688 nisi

295 5698 577 5767 quomodo
600 5697 784 5753 dicitis
856 5698 950 5730 ’⁸⁸⁸
982 5696 1269 5754 Voluntate
1290 5700 1526 5770 potuerit
1548 5710 1605 5755 ut
1632 5701 1810 5756 minus
1833 5696 2007 5757 dicam
2035 5719 2160 5757 mss.
2192 5701 2477 5758 Voluntate
2498 5702 2671 5769 potuit
2717 5710 2775 5755 ut
2793 5701 2975 5757 mitius
2999 5702 3193 5758 dicam.
3510 5750 3515 5777 ,
