3926 6054
407 307 515 363 367

941 303 999 358 S.
1039 299 1336 370 ANSELMI
1375 295 1724 356 CANTUAR.
1765 291 2085 352 ARCHIEP.
2117 286 2264 346 UPP.
2307 283 2484 338 PARS
2524 281 2561 336 I.
2597 311 2665 320 ι-
2708 277 3131 334 DOGMATICA.

3559 276 3669 331 368

401 421 590 474 Nonne
628 417 720 473 Dei
753 413 1138 486 omnipotentia
1181 413 1276 447 ’⁸³⁸
1315 418 1507 482 regnat
1551 409 1782 480 ubique?
1826 408 1970 474 Quo-
1999 410 2046 468 Α
2075 401 2206 457 tioni
2238 397 2518 466 subjacere
2541 393 2704 463 juste,
2739 404 2794 450 et
2821 395 2991 450 Deum
3015 391 3279 460 hocjnsle
3303 391 3662 460 permittere:

342 499 348 505 ’
402 513 560 567 modo
588 523 718 580 ergo
748 507 1018 578 indigebat
1041 506 1203 569 Deus,
1243 513 1302 559 ut
1338 501 1405 558 ad
1429 500 1756 559 vincendum
1786 500 1976 556 diabo-

403 605 510 659 lum
541 604 607 656 de
636 601 778 656 cmlo
816 597 1198 655 descenderet?
1228 594 1354 652 llaec
1380 594 1538 652 nobis
1564 591 1809 650 infideles
1841 591 1976 661 obji-

399 715 521 753 ccre
549 711 704 766 posse
730 693 998 750 videntur.

997 775 1226 834 CAPUT
1266 775 1376 831 Vll.

399 894 551 960 Quod
582 893 782 947 nullam
817 890 1056 943 diabolus
1079 887 1297 960 habebnt
1312 884 1976 960 justitiqmndversusjo-

465 963 655 1017 minem
683 973 702 1013 .'
723 972 768 1015 et
791 975 953 1029 quare
975 960 1214 1029 videatur
1245 953 1488 1029 habuisse
1512 955 1629 1021 “‘°,
1653 966 1700 1011 et
1729 953 1974 1009 cnrDetts

464 1035 563 1086 hoc
584 1031 736 1086 modo
771 1025 1029 1084 hominem
1070 1025 1364 1081 liberaverit
1394 1027 1510 1081 ”“.

466 1123 648 1179 Sedet
679 1121 808 1182 illud
842 1122 986 1191 quod
1030 1121 1210 1176 dicere
1245 1120 1503 1187 solemus,
1543 1118 1710 1174 Deum
1738 1116 1970 1181 scilicet,

395 1212 652 1266 debuisse
681 1212 832 1282 prius
855 1209 1232 1280 perjustitiam
1263 1218 1452 1265 contra
1485 1207 1758 1263 diabolum
1789 1220 1970 1276 agere,

393 1310 452 1355 nt
478 1299 732 1356 liberaret
760 1301 1056 1365 hominem,
1093 1315 1252 1368 quam
1294 1313 1389 1369 per
1429 1297 1842 1364 fortitudinem;
1892 1307 1968 1363 ut,

393 1408 516 1448 cum
547 1393 794 1449 diabolus
818 1409 963 1457 eum,
997 1393 1047 1447 in
1081 1406 1189 1462 quo
1217 1391 1361 1446 nulla
1401 1391 1596 1446 mortis
1633 1397 1752 1444 erat
1782 1404 1970 1454 causa,

393 1496 447 1538 et
474 1484 566 1554 qui
602 1483 745 1539 Deus
767 1492 902 1546 erat,
931 1483 1225 1547 occideret,
1256 1480 1404 1550 juste
1429 1487 1773 1550 potestatem,
1807 1492 1970 1549 quam

393 1589 556 1644 super
591 1584 906 1644 peceatores
945 1573 1196 1638 habebat.
1225 1572 1530 1637 amitteret;
1564 1570 1800 1640 alioquin
1831 1568 1972 1638 inju-

392 1672 530 1718 stam
555 1664 862 1720 violentiam
900 1663 1118 1718 fecisset
1144 1663 1216 1717 illi
1246 1661 1363 1727 ω’,
1392 1662 1648 1731 quoniam
1673 1660 1820 1730 juste
1845 1674 1968 1730 pos-

391 1753 601 1810 sidebet
635 1755 928 1820 hominem,
959 1769 1118 1824 quem
1156 1770 1260 1810 non
1289 1754 1402 1824 ipse
1438 1753 1702 1808 violenter
1729 1761 1966 1807 attraxe-

2083 501 2136 548 et
2172 491 2375 546 idcirco
2397 497 2588 556 putant
2614 485 2888 542 diabolum
2919 485 3061 539 illam
3089 482 3235 551 juste
3261 481 3480 538 inferre.
3524 484 3662 538 (20n-

2083 580 2238 650 tingit
2261 579 2405 635 enim
2446 578 2588 632 idem
2634 574 2832 646 aliquid
2871 573 3100 630 diversis
3138 573 3665 629 considerationibns

2083 685 2203 727 esse
2248 669 2452 740 justum
2482 678 2538 722 et
2566 666 2850 737 injustum;
2884 672 2940 719 et
2978 665 3047 718 ob
3076 663 3180 718 hoc
3219 677 3250 717 a
3287 677 3391 717 non
3421 663 3515 695 ’Μ
3544 663 3659 717 dili-

2083 771 2273 833 genter
2300 759 2634 816 intuentibus
2662 766 2831 812 totum
2858 754 3065 823 justum
3099 763 3195 809 aut
3233 753 3491 822 iniustum
3513 754 3662 823 judi-

2081 855 2213 910 cari.
2261 853 2454 908 Evenit
2495 851 2638 906 enim
2677 856 2736 903 ut
2780 847 2977 916 aliquis
3018 847 3360 902 innocentem
3395 849 3665 916 percutiat

2079 945 2298 1015 injuste,
2335 944 2477 999 unde
2506 942 2622 1012 ipse
2641 939 2788 1009 juste
2821 937 3029 1008 percuti
3068 947 3376 1004 mereatur;
3408 941 3451 992 si
3481 947 3660 992 tamen

2077 1051 2366 1106 percussus
2396 1035 2673 1090 vindicare
2691 1047 2752 1088 se
2773 1031 2868 1062 "‘9
2889 1045 2997 1085 non
3023 1030 3184 1085 debet
3203 1038 3258 1084 et
3283 1029 3518 1100 percutit
3540 1044 3663 1100 per-

2075 1130 2370 1186 cutientem
2397 1142 2474 1189 se,
2508 1125 2708 1193 injuste
2742 1123 2848 1178 hoc
2877 1121 3028 1177 facit.
3053 1119 3179 1176 Haec
3201 1119 3363 1188 igitur
3383 1122 3663 1190 percussio

2074 1236 2138 1277 ex
2162 1227 2316 1291 parte
2347 1215 2762 1288 repercutientis
2791 1214 2887 1246 ¹¹⁸⁰
2920 1213 3118 1283 injusta
3143 1220 3248 1278 est,
3278 1211 3402 1282 quia
3434 1227 3542 1266 non
3562 1212 3658 1266 de-

2074 1308 2189 1365 buit
2214 1321 2275 1363 se
2298 1306 2607 1370 vindicare;
2636 1318 2702 1359 ex
2733 1313 2886 1373 parte
2908 1315 3034 1357 vero
3064 1299 3306 1371 percussi
3330 1299 3500 1371 justa,
3529 1302 3654 1371 quia

2073 1396 2270 1467 injuste
2328 1395 2638 1467 percutiens
2697 1393 2840 1464 juste
2891 1391 3100 1461 percuti
3158 1392 3377 1446 meruit.
3432 1391 3662 1447 Diverso

2072 1489 2239 1561 igitur
2289 1487 2486 1543 intuitu
2529 1485 2676 1558 justa
2721 1493 2776 1541 et
2824 1483 3022 1555 injusta
3083 1491 3167 1539 est
3228 1483 3416 1538 eadem
3470 1485 3655 1546 actio,

2072 1580 2198 1650 quia
2223 1578 2541 1650 contingere
2577 1577 2668 1610 ¹¹⁸¹
2712 1584 2894 1647 potest
2936 1574 3004 1630 ab
3045 1574 3152 1630 alio
3184 1573 3416 1643 iudicari
3452 1574 3655 1646 justam

2074 1678 2304 1734 tantum,
2355 1670 2424 1724 ab
2470 1666 2578 1722 alio
2623 1664 2900 1734 injustam.
2953 1662 3065 1719 Hoc
3109 1663 3293 1732 itaque
3340 1664 3500 1724 modo
3539 1663 3658 1718 dia-

2071 1757 2226 1814 holus
2293 1755 2494 1812 dicitur
2547 1752 2693 1823 juste
2747 1767 2944 1808 vexare
3007 1751 3101 1783 “"
3156 1751 3472 1815 hominem;
3523 1753 3652 1823 quia

391 1854 498 1911 rat,
536 1844 631 1900 sed
661 1844 801 1900 idem
846 1814 1006 1900 homo
1039 1859 1098 1900 se
1132 1814 1325 1913 sponte
1365 1843 1433 1898 ad
1469 1842 1618 1898 illum
1644 1841 1963 1908 contulerat,
2002 1814 2043 1868 Β
2071 1851 2212 1906 Deus
2262 1849 2367 1904 hoc
2410 1814 2564 1919 ius“;
2616 1843 2904 1916 permittit,
2956 1851 3011 1898 el,
3059 1843 3220 1902 homo
3262 1842 3364 1898 hoc
3422 1814 3652 1912 77'ju-

391 1950 498 1992 non
537 1934 692 1990 video
719 1949 881 2005 quam
911 1935 1016 1989 vim
1049 1934 1297 1990 habebat.
1329 1933 1485 2000 Nam,
1520 1933 1564 1988 si
1593 1931 1838 1988 diabolus
1872 1932 1966 1964 ’N

391 2035 484 2081 aut
512 2028 674 2082 homo
712 2040 842 2082 suus
876 2033 1019 2080 esset
1054 2035 1146 2078 aut
1186 2024 1409 2080 alterius
1443 2039 1603 2093 quam
1636 2023 1754 2088 Dei,
1783 2030 1874 2076 aut
1911 2023 1964 2076 in

389 2117 494 2173 alia
533 2131 695 2188 quam
746 2117 800 2172 in
845 2115 938 2172 Dei
985 2125 1254 2184 potestate
1296 2124 1557 2179 maneret,
1606 2114 1832 2170 forsitan
1865 2113 1966 2170 hoc

389 2218 536 2266 recte
561 2209 871 2265 diceretur:
905 2221 1026 2264 cum
1060 2217 1238 2262 autem
1270 2205 1515 2263 diabolus
1549 2218 1643 2264 aut
1671 2206 1832 2262 homo
1856 2221 1963 2260 non

387 2301 458 2356 sit
484 2299 586 2356 nisi
617 2300 708 2356 Dei
739 2298 852 2365 ³⁸⁸⁸,
885 2308 936 2354 et
965 2307 1120 2354 extra
1153 2307 1476 2368 potestatem
1493 2298 1585 2353 Dei
1615 2307 1806 2354 neuter
1837 2312 1968 2354 con-

385 2395 563 2458 sistat,
594 2406 756 2462 quam
785 2405 1003 2446 causam
1033 2389 1218 2445 debuit
1241 2389 1382 2445 Deus
1407 2402 1568 2459 agere
1599 2403 1721 2443 cum
1751 2388 1964 2453 suo,.de

386 2500 508 2547 suo,
539 2485 594 2538 in
619 2499 737 2548 suo,
770 2482 873 2537 nisi
915 2492 972 2537 ut
1013 2496 1228 2537 servum
1268 2495 1428 2536 suum
1473 2480 1711 2550 puniret,
1741 2478 1833 2549 qui
1863 2494 1964 2534 suo

385 2590 646 2630 conservo
674 2587 1014 2628 communem
1057 2571 1344 2626 Dominum
1394 2571 1665 2635 deserere,
1705 2580 1760 2626 et
1802 2570 1869 2624 ad
1905 2584 1963 2625 se

387 2664 742 2733 persuasisset
783 2662 1030 2722 transire,
1064 2675 1129 2716 ac
1168 2661 1398 2716 traditor
1422 2661 1726 2730 fugitivum,
1761 2660 1846 2714 fur
1875 2660 1960 2714 fu-

387 2768 498 2807 rem
545 2768 666 2807 cum
720 2751 864 2806 furto
921 2751 1130 2806 Domini
1184 2751 1265 2806 sui
1317 2752 1684 2821 suscepisset?
1727 2751 1962 2820 Uterque

385 2860 617 2915 namque
663 2844 748 2899 fur
789 2855 935 2910 erat;
963 2859 1111 2915 .cum
1156 2844 1313 2910 alter,
1360 2844 1533 2898 altero
1581 2845 1960 2913 persuadente,

382 2937 616 3006 seipsum
664 2938 888 2992 Domino
933 2950 1032 3003 suo
1075 2936 1374 2991 furabatnr.
1407 2933 1543 3002 Quid
1583 2935 1726 2990 enim
1765 2933 1962 3003 justius

384 3028 498 3084 ﬁeri
548 3039 775 3098 posset,
826 3028 906 3083 sic
951 3029 1055 3083 hoc
1096 3028 1236 3082 Deus
1281 3025 1513 3082 faceret?
1551 3026 1658 3080 Aut
1703 3025 1747 3081 si
1794 3026 1959 3095 judex

331 3161 334 3166 .
383 3121 619 3174 omnium
660 3121 800 3175 Dens
829 3120 1099 3174 hominem
1126 3117 1204 3174 sic
1240 3131 1570 3188 possessum,
1603 3117 1668 3171 de
1693 3125 1960 3185 potestate
1989 3159 2032 3216 Ο

385 3221 492 3264 tam
545 3210 740 3278 injuste
790 3210 1133 3278 possidentis,
1186 3208 1269 3265 vel
1318 3209 1385 3263 ad
1440 3206 1766 3278 puniendum
1812 3207 1959 3262 illmn

383 3301 540 3356 aliter
567 3317 726 3370 quam
755 3315 849 3369 per
879 3301 1176 3366 diabolum,
1205 3300 1286 3355 vel
1311 3301 1377 3356 ad
1404 3299 1734 3369 parcendum
1759 3298 1833 3354 illi
1857 3301 1963 3353 eri-

383 3402 533 3462 peret
580 3410 592 3445 :
637 3406 756 3461 qua;
801 3392 917 3446 haec
968 3391 1228 3459 injustitia
1275 3389 1456 3446 esset?
1503 3388 1762 3457 Quamvis
1816 3389 1960 3443 enim

384 3484 543 3536 homo
560 3481 706 3550 jnste
731 3495 760 3534 a
789 3480 1004 3535 diabolo
1035 3491 1414 3550 torqueretur;
1448 3481 1561 3550 ipse
1591 3488 1773 3533 tamen
1805 3479 1960 3536 illum

382 3573 474 3613 ’ω
511 3573 711 3641 injuste
753 3571 1056 3642 torquebat.
1103 3571 1273 3625 Homo
1308 3587 1542 3642 namque
1584 3581 1862 3629 meruerat
1905 3582 1963 3628 ut

393 3665 697 3733 puniretur,
729 3676 827 3718 nec
865 3663 932 3717 ab
969 3662 1075 3717 ullo
1105 3663 1514 3720 convenientius
1554 3681 1715 3736 quam
1759 3666 1826 3721 ab
1872 3667 1962 3722 illo

381 3756 466 3808 cui
509 3763 855 3808 consenserat
890 3761 947 3808 ut
985 3763 1255 3822 peccaret.
1290 3753 1496 3810 Diaboli
1530 3771 1662 3812 vero
1707 3758 1958 3813 meritum

383 3845 583 3900 nullum
613 3855 760 3911 erat,
788 3854 846 3899 ut
875 3843 1090 3913 puniret
1118 3861 1132 3897 :
1159 3844 1267 3900 imo
1297 3845 1398 3900 hoc
1435 3854 1586 3902 tanto
1616 3844 1848 3902 faciebat
1879 3847 1961 3902 in-

377 3939 592 4005 justius,
622 3949 825 4008 quanto
857 3953 964 3992 non
996 3937 1064 3992 ad
1103 3939 1204 3994 hoc
1239 3953 1425 3994 amore
1458 3937 1684 4006 justitia:
1715 3940 1971 3996 traheba-

379 4041 499 4092 tur;
544 4030 637 4084 sed
681 4030 936 4085 instinctu
991 4027 1212 4083 malitiae
1249 4027 1640 4097 impellebatur.
1686 4029 1819 4083 Nam
1858 4031 1958 4084 hoc

380 4135 486 4172 non
519 4118 768 4179 faciebat,
803 4105 1174 4185 Deojubente,
1197 4119 1291 4172 sed
1312 4118 1842 4188 incomprehensibili
1873 4136 1958 4174 sa-

379 4207 576 4276 pientia
623 4222 741 4270 sua,
773 4221 878 4276 qua
920 4206 1060 4260 mala
1091 4207 1252 4261 etiam
1285 4207 1378 4242 'm
1406 4208 1541 4263 bene
1568 4209 1804 4275 ordinat,
1837 4225 1957 4279 per-

379 4298 644 4352 mittente.
672 4297 735 4350 Et
756 4306 883 4367 puto
905 4297 1046 4363 illos,
1067 4299 1158 4367 qui
1177 4298 1449 4354 diabolum
1472 4300 1709 4368 aliquam
1732 4301 1958 4370 opinan-

379 4399 464 4441 tur
493 4387 692 4443 habere
731 4389 785 4443 in
828 4388 1152 4457 possidendo
1190 4389 1410 4444 homine
1454 4390 1546 4423 ""
1570 4389 1856 4458 justitiam,
1887 4392 1956 4445 ad

2069 1947 2152 1994 ste
2202 1938 2421 2009 patitur.
2461 1936 2566 1992 Sed
2615 1946 2670 1991 et
2711 1936 2813 1991 hoc
2866 1934 3010 2002 quod
3049 1934 3212 1988 homo
3249 1931 3394 2000 juste
3434 1932 3528 1964 “”
3568 1933 3651 1986 di-

2069 2029 2208 2086 citur
2252 2029 2359 2100 pati
2389 2069 2404 2090 .
2473 2041 2578 2082 non
2637 2039 2732 2081 sua
2788 2023 2996 2093 justitia
3045 2023 3190 2092 juste
3241 2023 3442 2078 dicitur
3497 2023 3648 2092 pati,

2067 2122 2161 2178 sed
2195 2121 2322 2191 quia
2348 2122 2568 2191 punitur
2597 2117 2744 2188 justo
2782 2115 2988 2186 judicio
3011 2115 3125 2171 Dei.
3159 2117 3232 2170 At
3261 2116 3306 2172 si
3333 2117 3650 2172 obtenditur

2068 2211 2485 2283 chirographum
2526 2209 2656 2264 illud
2688 2207 2890 2264 decreti
2935 2207 3079 2276 quod
3125 2207 3411 2262 adversum
3442 2221 3540 2261 nos
3563 2208 3648 2262 di-

2067 2305 2143 2361 cit
2169 2302 2458 2374 Apostolus
2499 2301 2664 2356 luisse
2695 2340 2710 2365 ,
2754 2306 2812 2354 et
2851 2313 2947 2369 per
2977 2307 3205 2354 mortem
3258 2297 3459 2354 Christi
3502 2299 3648 2353 dele-

2069 2405 2182 2451 tum
2212 2408 2334 2450 esse
2367 2391 2650 2463 (Caluum
2676 2431 2692 2457 ,
2731 2390 2856 2460 14),
2881 2399 2938 2445 et
2968 2399 3124 2459 putat
3159 2389 3351 2460 aliquis
3382 2405 3477 2460 per
3520 2389 3649 2444 illud

2066 2486 2360 2558 significari
2389 2485 2512 2555 quia
2543 2482 2814 2547 diabolus,
2841 2483 2995 2552 quasi
3047 2483 3147 2538 sub
3184 2481 3461 2551 cujusdam
3504 2485 3645 2552 pacti

2067 2577 2427 2648 chirographo
2451 2577 2520 2631 ab
2546 2575 2767 2630 homine
2793 2573 2939 2643 juste
2975 2582 3102 2629 ante
3132 2573 3438 2643 passionem
3484 2572 3649 2627 Chri-

2067 2671 2134 2726 sti
2167 2679 2470 2740 peccatnm,
2498 2667 2642 2722 velut
2669 2679 2889 2721 usuram
2913 2665 3074 2736 primi
3099 2665 3304 2734 peccati
3337 2663 3477 2734 quod
3525 2678 3647 2732 per-

2066 2760 2235 2816 suasit
2261 2758 2486 2825 homini,
2515 2769 2566 2814 et
2594 2771 2806 2828 pinnam
2824 2757 3027 2827 peccati
3057 2757 3316 2826 exigeret,
3345 2764 3404 2810 ut
3429 2769 3526 2825 per
3545 2755 3647 2809 hoc

2073 2851 2341 2923 justitiam
2392 2865 2546 2906 suam
2590 2863 2754 2919 super
2800 2847 3072 2903 hominem
3112 2847 3358 2902 videatur
3392 2846 3646 2916 probare,

2066 2955 2404 3011 nequaquam
2451 2941 2522 2995 ita
2578 2940 2986 3008 intelligendum
3021 2945 3173 3008 puto.
3223 2937 3433 3010 Quippe
3463 2938 3644 2994 chiro-

2066 3034 2326 3104 graphum
2368 3031 2495 3086 illud
2525 3047 2630 3086 non
2660 3040 2743 3086 est
2769 3029 2999 3096 diaboli;
3043 3030 3170 3100 quia
3223 3029 3641 3100 chirographum

2066 3126 2266 3180 dicitur
2304 3125 2552 3189 decreti;
2615 3123 2893 3178 decretum
2950 3130 3130 3177 autem
3189 3119 3318 3175 illud
3366 3136 3470 3176 non
3524 3130 3644 3174 erat

2067 3213 2288 3279 diaboli,
2319 3215 2412 3269 sed
2440 3214 2556 3268 Dei.
2587 3213 2743 3268 Justo
2798 3226 3033 3282 namque
3075 3211 3281 3280 judicio
3320 3211 3409 3265 Dei
3457 3211 3641 3271 decre~

2066 3313 2320 3360 tunterat
2349 3346 2364 3372 ,
2405 3314 2459 3358 et
2506 3305 2661 3374 quasi
2710 3303 3072 3374 chirographo
3122 3303 3501 3359 confirmatum
3527 3303 3640 3363 ἠδ,

2068 3404 2126 3448 ut
2157 3395 2319 3450 homo
2356 3395 2445 3463 qui
2469 3403 2660 3464 Sponte
2689 3403 3050 3463 peccaverat,
3086 3407 3184 3448 nec
3205 3401 3487 3464 peccatum
3539 3407 3642 3447 nec

2064 3498 2277 3555 pmnam
2312 3484 2514 3555 peccati
2559 3499 2654 3554 per
2685 3497 2743 3538 se
2765 3483 2937 3538 vitare
2985 3492 3209 3552 posset:
3241 3492 3322 3538 est
3348 3484 3491 3537 enim
3536 3483 3644 3550 spi-

2064 3577 2194 3631 ritus
2215 3576 2425 3641 vadens,
2477 3584 2652 3629 etnon
2711 3575 2912 3629 rediens
2968 3573 3140 3644 (Psal.
3194 3574 3537 3644 Lxxvtt,59);
3594 3585 3641 3625 ct

2062 3669 2150 3738 qui
2172 3667 2296 3736 facit
2325 3677 2589 3736 peccatum
2618 3681 2796 3719 servus
2826 3675 2900 3719 est
2931 3665 3130 3733 peccati
3157 3663 3340 3734 (Joan.
3372 3679 3492 3730 vm,
3525 3662 3638 3734 34);

2063 3774 2161 3814 nec
2190 3758 2280 3827 qui
2309 3755 2827 3827 peccat,impunitns
2865 3755 3024 3810 debet
3066 3754 3284 3818 dimitti,
3305 3753 3406 3807 nisi
3431 3755 3640 3810 miseri-

2061 3847 2244 3904 cordia
2269 3845 2535 3915 peccatori
2563 3854 2772 3914 parcat,
2803 3853 2859 3900 et
2897 3860 3021 3900 eum
3054 3843 3245 3899 liberet
3281 3858 3346 3898 ac
3394 3845 3635 3898 reducat.

2060 3935 2427 4004 Quamobrem
2461 3950 2554 4004 per
2576 3935 2678 3990 hoc
2705 3935 3129 4006 chirographum
3161 3933 3364 3988 nullam
3408 3935 3639 3990 inveniri

2061 4041 2217 4095 posse
2245 4025 2443 4080 diaboli
2461 4025 2726 4093 justitiam
2753 4025 2804 4077 in
2837 4023 3075 4078 hominis
3110 4022 3395 4078 vexatione
3416 4024 3639 4078 credere

2061 4117 2335 4172 debemus.
2369 4117 2604 4186 Denique
2627 4116 2765 4170 sicut
2794 4115 2845 4167 in
2871 4115 3009 4169 bono
3032 4113 3224 4184 angelo
3253 4113 3394 4167 nulla
3417 4114 3639 4167 omnino

2059 4216 2144 4262 est
2195 4207 2487 4276 injustitia;
2538 4207 2610 4260 ita
2664 4212 2716 4260 In
2774 4205 2915 4260 malo
2963 4205 3060 4236 “"
3097 4204 3237 4258 nulla
3301 4212 3383 4258 est
3426 4203 3637 4273 penitus

2058 4299 2296 4368 justitia.
2329 4298 2470 4353 Nihil
2499 4298 2662 4367 igitur
2689 4307 2808 4352 erat
2851 4299 2901 4350 in
2933 4295 3165 4361 diabolo,
3192 4311 3290 4350 cur
3315 4295 3454 4349 Dens
3509 4309 3634 4348 con-

2063 4403 2146 4446 tra
2201 4392 2348 4446 illum
2399 4391 2464 4445 ad
2511 4390 2845 4445 liberandum
2902 4389 3169 4441 hominem
3236 4387 3432 4440 suanti
3487 4385 3636 4439 forti-

377 4479 478 4532 hoc
507 4479 630 4533 inde
657 4481 873 4545 adduci,
903 4479 1029 4550 quia
1053 4481 1234 4536 vident
1269 4479 1540 4536 hominem
1568 4482 1766 4537 diaboli
1795 4498 1958 4537 vexa-
1987 4501 2036 4560 ι)
2062 4483 2248 4538 tudine
2274 4498 2378 4537 non
2415 4481 2653 4537 deberet.

1663 4643 1746 4697 VA
1757 4643 1892 4699 Rl/E
1927 4643 2326 4701 LECTIONES.

445 4775 537 4864 f‘j’f
553 4774 1236 4864 ‘l‘loimeDeiomnlipotc-n't‘
1235 4781 1280 4834 ia
1314 4797 1409 4835 ms.
1430 4780 1561 4864 μιν
1580 4797 1755 4864 nonne
1775 4783 1912 4864 Deus
1927 4783 2314 4864 ρηιοηίροῑθηιίε
2351 4781 2444 4864 '1‘"
2464 4779 2926 4864 Dieitnrhabnisse
2938 4777 3020 4859 vel
3045 4777 3397 4864 vitleatu5;'et
3413 4788 3508 4864 cur
3537 4773 3639 4828 hoc

380 4846 540 4928 {nodo
553 4845 826 4928 hominem
853 4862 978 4928 mss.
1015 4843 1163 4928 Gem.
1193 4849 1316 4928 B_ee.
1345 4861 1394 4905 et
1430 4843 1839 4928 Vic‘t'nvideatur
1862 4843 2133 4928 habuisse,
2164 4861 2218 4906 et
2237 4867 2344 4928 _c__ur
2375 4851 2518 4928 Deus
2537 4849 2818 4928 hoernod‘o
2838 4847 3108 4928 hominem
3129 4863 3229 4900 ms.
3249 4843 3374 4928 loli!
3397 4844 3639 4928 videatur

379 4913 740 4996 habuisse._et
776 4931 874 4996 cur
909 4919 1372 4996 _Deus_.hominem
1445 4923 1534 4952 ""‘
1574 4921 1854 4996 Liberaret
1892 4941 2023 4996 mss.
2051 4913 2546 4996 Victzuliberaverit
2593 4920 2714 4996 _“_“
2751 4918 2992 4996 Fecisse}
3024 4916 3096 4996 illi
3134 4932 3248 4996 m3"
3273 4913 3638 4996 -ζοιυᾸςςίῇξε

383 4986 454 5040 illi
532 4986 626 5017 ’⁸⁸³
655 4985 790 5040 Nam
829 4987 874 5042 si
905 4988 1020 5060 ipse
1045 4989 1292 5060 diabolus
1320 5009 1445 5046 mss.
1486 5008 1610 5046 nam
1647 4993 1690 5047 si
1725 4993 1971 5048 diabolus
2047 4992 2142 5024 ’³⁸⁵
2180 4991 2293 5045 Nisi
2323 4990 2414 5046 Dei
2446 4989 2703 5060 ms.7.loly
2735 4987 2836 5043 nisi
2875 4987 2927 5040 in
2955 4986 3050 5039 Dei
3079 4981 3381 5060 potestate;
3419 4982 3513 5013 ""
3541 4981 3637 5060 ille}

384 5068 563 5130 tamen
591 5071 874 5130 eu_m_mss._
905 5050 1039 5112 Vict.
1065 5070 1112 5114 et
1135 5059 1262 5130 ΞΙοΙρι
1285 5071 1332 5114 et
1364 5061 1549 5116 Cister.
1592 5063 1706 5130 ipse
1739 5073 1918 5119 tamen
1961 5064 2108 5118 illntn
2185 5061 2277 5093 ’⁸⁸³
2308 5062 2436 5126 Quae
2464 5059 2600 5130 mala
2631 5050 2792 5114 etiam
2825 5072 2952 5111 mss.
2992 5050 3096 5124 qua
3118 5054 3266 5130 mala
3301 5053 3464 5107 etiam

377 5123 952 5201 I_’nssidendo_homine
981 5144 1103 5201 mss.
1134 5119 1268 5183 Vict'.
1294 5141 1340 5201 et
1364 5129 1421 5183 S.
1446 5119 1960 5201 Michfpossidendo
1990 5133 2264 5188 hominem
2317 5119 2435 5201 '3’“?
2458 5127 2538 5201 Ol)
2561 5130 2661 5183 hoc
2681 5136 2775 5182 aut
2796 5142 2900 5181 non
2930 5119 3054 5201 tm}-
3081 5125 3150 5179 οι)
3175 5125 3276 5189 hoc
3306 5137 3334 5176 ³
3360 5137 3465 5201 ηομ

379 5195 681 5278 ξξιτιϊιιεςυβ
709 5197 822 5278 (qui
855 5213 961 5252 non
990 5198 1151 5278 debet
1195 5214 1255 5253 se
1282 5200 1562 5278 vindicare
1592 5189 2024 5278 percutiat-ptas.
2070 5215 2360 5278 percussus
2391 5197 2662 5252 vindicare
2688 5213 2758 5278 se
2788 5212 2894 5251 non
2915 5195 3198 5277 “debetnel
3235 5191 3480 5278 βετωεείῇ
3523 5189 3634 5278 ,ξω

381 5258 985 5338 Ιὲιιμθιυειιιίοίιίἰεηηιεεε
1030 5266 1164 5321 Vict.
1213 5279 1260 5338 et
1290 5267 1416 5338 1on
1445 5258 1796 5337 percutientis
1868 5273 1960 5303 ’³³⁸
1988 5258 2160 5338 Quam
2197 5271 2506 5338 contingere
2550 5267 2794 5338 muloly
2839 5266 2963 5338 quia
2999 5258 3316 5338 contingere
3387 5261 3481 5292 ³⁸⁸³

375 5329 591 5406 quoque
619 5337 780 5392 modo
809 5336 1054 5390 diabolus
1083 5351 1188 5391 non
1211 5337 1357 5406 jnste
1383 5329 1602 5394 'di'citur
1625 5354 1820 5394 vexare
1847 5357 1971 5395 mss.
1998 5329 2110 5395 hoc
2136 5341 2318 5406 itaque
2351 5329 2510 5394 modo
2546 5329 2792 5406 diabolus
2836 5329 3036 5391 dicitur
3075 5329 3219 5406 justé
3251 5329 3634 5406 _\_'exare__.’_’_”

378 5398 550 5481 llomo
579 5405 848 5481 boc_juste
890 5422 1016 5481 mss.
1062 5398 1251 5461 Cius}.
1283 5407 1430 5481 et
1457 5407 1620 5481 Michj.
1670 5411 1832 5481 homo
1853 5410 2000 5479 juste
2073 5411 2169 5481 ξ”δ
2205 5398 2590 5481 Chyrograpbo
2643 5405 3020 5463 conﬁrmatum
3068 5398 3192 5458 Edit.
3251 5401 3428 5458 Venet.
3470 5398 3629 5454 1547.

375 5473 812 5545 chyrograplium
838 5475 1216 5532 confirmatum
1295 5478 1391 5510 ἠ’
1417 5476 1473 5531 In
1503 5479 1642 5535 malo
1663 5495 1787 5536 mss.
1813 5473 1886 5534 ita
1913 5481 1965 5538 in
1990 5479 2132 5536 malo
