3926 6054
291 223 393 280 569

856 335 1096 396 CAPUT
1137 337 1280 399 _VIII.

290 467 566 532 Quomodo
599 468 714 523 licet
734 471 986 547 _ltumilia,
1021 491 1138 544 qua:
1158 476 1378 531 dicimus
1408 480 1471 532 de
1513 481 1738 547 Christo,
1766 501 1868 540 non

359 550 652 609 pertineant
677 541 744 592 ad
782 541 1126 609 divinitatem,
1182 556 1353 600 tamen
1379 549 1479 580 ¹²⁸⁸
1503 541 1871 609 inconveniens

361 608 598 662 uideatur
626 609 924 676 inﬁdelibus
954 629 1016 668 ea
1039 608 1222 668 de'illo
1247 617 1353 669 dici
1375 620 1668 674 secundum
1693 608 1869 676 homie

361 694 520 731 nem:
549 688 596 730 et
639 679 776 732 unde
828 681 931 735 illis
974 685 1210 736 videatur
1240 686 1333 718 ’³⁸⁷
1365 689 1502 742 idem
1559 689 1713 744 homo
1767 709 1872 747 non

363 758 542 816 sponte
563 758 803 803 mortuus
827 765 955 805 esse.

362 881 493 935 Axs.
518 880 785 938 Sullicere
815 884 970 940 nobis
1012 886 1172 943 debet
1210 890 1279 944 ad
1306 891 1574 948 rationem
1625 894 1875 952 voluntas

293 971 412 1036 Dei,
452 987 576 1026 cum
599 971 803 1041 aliquid
830 973 979 1043 facit,
1022 976 1149 1032 licet
1187 993 1295 1040 non
1336 981 1619 1037 videamus
1666 997 1764 1038 cur
1801 985 1874 1040 ita

289 1062 422 1117 velit
441 1061 537 1095 ²²⁸⁸
564 1078 581 1119 :
617 1063 872 1119 voluntas
920 1080 1156 1138 namque
1178 1069 1274 1126 Dei
1305 1087 1582 1141 nunquam
1633 1084 1718 1129 est
1741 1075 1874 1130 irra-

293 1153 589 1209 tionabilis.
623 1153 750 1211 Bos.
789 1155 988 1210 Verum
1020 1167 1124 1224 est,
1158 1161 1200 1214 si
1235 1170 1449 1216 constat
1472 1162 1637 1218 Deum
1666 1164 1718 1218 id
1741 1165 1876 1220 velle

291 1244 436 1299 unde
477 1245 657 1313 agitur
690 1263 702 1296 :
753 1260 1092 1316 nequaquam
1122 1251 1265 1305 enim
1318 1254 1677 1322 acquiescunt
1712 1255 1873 1310 multi

291 1335 464 1392 Deum
508 1339 708 1408 aliquid
761 1340 914 1405 velle,
966 1342 1010 1396 si
1044 1342 1239 1396 rationi
1301 1358 1602 1414 repugnare
1665 1345 1909 1401 videtur-

286 1429 408 1484 "'9.
429 1430 560 1485 Aus.
582 1430 719 1498 Quid
763 1432 858 1486 tibi
893 1431 1106 1486 videtur
1128 1448 1431 1504 repugnare
1482 1436 1702 1502 rationi,
1753 1451 1874 1491 cum

292 1521 466 1576 Deum
521 1539 584 1579 ea
624 1525 859 1579 voluisse
905 1525 1140 1580 fatemur
1186 1543 1304 1597 quae
1349 1530 1416 1583 de
1456 1530 1573 1600 ejus
1623 1531 1873 1586 incarna-

290 1614 441 1670 tione
462 1615 764 1669 credimus.
791 1615 918 1670 Bos.
948 1614 1270 1673 Utbreviter
1291 1619 1466 1674 dicam
1495 1634 1512 1672 :
1538 1619 1873 1675 Altissimum

1423 232 1564 293 ουν.
1600 235 1779 297 DEUS
1817 237 2033 300 HOMO.
2059 274 2130 286 -
2155 243 2286 301 LIB.
2327 243 2376 299 I.

1899 356 1945 413 A
1971 354 2088 424 ejus
2113 364 2276 428 atque
2297 354 2605 426 Justitiam?
2634 353 2760 410 Aus.
2791 353 2933 410 Deus
2963 353 3126 410 Pater
3157 368 3261 410 non
3289 357 3547 424 quemad-

3443 226 3549 296 37’s

1978 447 2193 503 modum
2223 448 2765 518 viderisintelligere,
2791 447 3060 502 hominem
3095 447 3239 500 illum
3275 448 3549 512 tractavit,

1976 544 2071 592 aut
2121 539 2461 594 innocentem
2493 553 2590 608 pro
2639 546 2871 592 nocente
2923 538 3083 591 morti
3135 538 3374 592 tradidit.
3435 538 3550 592 Non

1977 628 2119 683 enim
2143 643 2265 683 eum
2293 629 2520 684 invitum
2549 629 2616 684 ad
2657 637 2886 682 mortem
2918 627 3004 683 ille
3029 630 3224 699 coegit,
3259 638 3349 683 aut
3379 629 3554 685 occidi

1978 719 2259 788 permisit;
2311 721 2404 776 sed
2454 720 2593 774 idem
2647 719 2761 788 ipse
2796 728 2989 788 sponte
3037 734 3133 774 sua
3182 720 3276 751 ’πθ
3322 729 3550 776 mortem

1978 813 2256 878 sustinuit,
2289 821 2347 867 ut
2373 814 2619 867 homines
2670 812 2924 868 salvaret.
2967 811 3094 867 Bos.
3164 812 3388 868 Etiamsi
3446 827 3552 866 non

1978 901 2225 965 invitum,
2259 902 2511 971 quoniam
2570 902 2831 956 voluntati
2886 901 3063 956 Patris
3115 905 3390 957 consensit
3438 902 3556 967 "'7,

1977 992 2371 1062 quodammodo
2392 1000 2566 1046 tanien
2591 991 2735 1045 illum
2755 992 2992 1062 coegisse
3009 991 3221 1046 videtur
3244 992 3558 1061 praecipien-

1978 1083 2066 1136 do.
2093 1082 2300 1138 Dicitur
2344 1083 2485 1138 enim
2515 1083 2640 1152 quia
2685 1080 2935 1137 Christus
2977 1082 3270 1136 humiliaoit
3314 1085 3550 1152 semetip-

1977 1190 2092 1228 sum
2118 1213 2133 1238 ,
2157 1173 2327 1243 factus
2357 1173 2596 1228 obediens
2645 1173 2791 1228 Patri
2821 1190 2980 1242 usque
3005 1174 3073 1226 ad
3124 1182 3362 1239 mortem,
3423 1190 3556 1228 mor-

1978 1276 2077 1317 tem
2092 1276 2262 1317 autent
2279 1264 2470 1323 crucis.
2487 1260 2709 1332 Propter
2732 1265 2870 1333 quod
2899 1273 2945 1318 et
2983 1263 3124 1317 Deus
3148 1263 3297 1317 illum
3311 1263 3557 1319 exaltabit

1980 1353 2278 1422 (Philip.u,
2316 1354 2475 1424 8);et
2498 1353 2622 1422 quia
2655 1354 2836 1408 didicit
2874 1354 3218 1410 obedientiam
3247 1369 3311 1407 ea:
3333 1355 3412 1408 his
3443 1371 3558 1424 qua:

1978 1460 2162 1513 passus
2185 1452 2256 1497 est
2315 1442 2500 1508 (Hebr.
2526 1459 2576 1509 ν,
2594 1443 2646 1514 8)
2667 1451 2747 1508 ,et
2765 1443 2890 1512 quia
2918 1443 3128 1512 proprio
3157 1441 3298 1497 Filio
3335 1461 3430 1499 suo
3459 1462 3560 1499 non

1979 1536 2200 1608 pepercit
2213 1533 2394 1597 Pater,
2418 1534 2507 1588 sed
2531 1551 2624 1604 pro
2648 1535 2792 1587 nobis
2806 1534 3042 1587 omnibus
3073 1534 3560 1587 ti‘adiditm‘illum

1982 1626 2160 1696 (Rom.
2187 1641 2303 1692 vm,
2325 1626 2438 1696 52).
2468 1626 2534 1680 Et
2559 1626 2698 1680 idem
2725 1625 2891 1680 Filius
2915 1625 3044 1680 dicit
3069 1644 3080 1679 :
3105 1623 3226 1679 Non
3245 1624 3358 1679 veni
3381 1625 3562 1680 volun-

287 1708 356 1760 ad
379 1717 494 1760 tam
535 1707 754 1760 humilia
781 1708 1055 1773 inclinari,
1079 1711 1502 1778 omnipotentem
1561 1711 1764 1782 aliquid
1793 1712 1874 1766 fa-
1904 1720 1946 1780 Β
1979 1727 2135 1771 tatem
2161 1733 2324 1771 meam
2359 1717 2550 1785 facere,
2581 1717 2670 1771 sed
2700 1716 3018 1771 voluntatem
3063 1716 3176 1786 ejus
3207 1718 3294 1788 qui
3319 1716 3457 1770 misit
3484 1733 3563 1770 me

289 1813 420 1852 cere
439 1813 562 1853 cum
587 1806 740 1852 tanto
766 1798 972 1854 labore.
995 1801 1124 1855 Aius.
1150 1800 1252 1867 Qui
1302 1803 1402 1856 hoc
1431 1803 1617 1857 dicunt
1643 1818 1746 1858 non
1794 1803 1878 1857 in-

293 1889 542 1959 telligunt
589 1889 734 1958 quod
789 1890 1082 1945 credimus.
1141 1891 1387 1945 Divinam
1439 1893 1585 1947 enim
1623 1902 1874 1948 naturam

292 1980 500 2049 absque
523 1979 687 2036 dubio
717 1981 1411 2052 asserimusimpassibilem
1430 2021 1445 2045 ,
1477 1997 1577 2037 nec
1607 1983 1878 2040 ullatenus

289 2086 453 2142 posse
485 2086 515 2125 a
556 2087 652 2128 sua
687 2073 1007 2128 celsitudine
1050 2073 1360 2141 humiliari,
1414 2089 1514 2129 nee
1544 2075 1600 2129 in
1631 2090 1697 2131 eo
1733 2076 1878 2146 quod

291 2163 625 2230 vultfacere,
672 2163 875 2220 labore.
903 2163 1008 2220 Sed
1051 2165 1337 2220 Dominum
1382 2163 1565 2220 Jesum
1601 2165 1877 2222 Christum

291 2255 530 2311 dicimus
565 2255 733 2311 Deum
775 2271 988 2322 verum,
1025 2264 1080 2311 et
1114 2271 1302 2311 verum
1351 2257 1655 2324 hominem;
1713 2272 1878 2314 unam

293 2361 582 2418 personam
632 2348 686 2402 in
725 2349 936 2403 duabus
983 2349 1214 2414 naturis,
1262 2358 1316 2404 et
1367 2350 1502 2404 duas
1560 2359 1787 2405 naturas
1825 2350 1880 2404 in

293 2454 402 2490 una
432 2451 685 2507 persona.
709 2437 1072 2508 Quapropter,
1098 2452 1222 2493 cum
1276 2439 1508 2495 dicimus
1558 2438 1728 2494 Deum
1780 2439 1880 2494 ali-

298 2527 433 2596 quid
456 2526 660 2582 humile
714 2535 808 2581 aut
855 2526 1130 2582 inﬁrmum
1166 2527 1303 2597 pati,
1336 2543 1447 2582 non
1495 2528 1598 2583 hoc
1634 2528 1884 2600 intelligi-

303 2632 430 2673 mus
459 2616 756 2674 secundum
806 2617 1195 2694 sublimitatem
1239 2617 1587 2689 impassibilis
1637 2626 1877 2683 naturae;

293 2707 392 2763 sed
444 2709 742 2764 secundum
797 2707 1171 2764 inﬁrmitatem
1240 2709 1491 2766 humanae
1561 2710 1882 2766 substantiae

294 2815 460 2870 quam
483 2801 740 2870 gerebat;
773 2809 829 2856 et
861 2801 1153 2858 sicnostrae
1167 2801 1291 2856 lidei
1316 2803 1460 2857 nulla
1495 2804 1633 2858 ratio
1656 2805 1884 2858 obviare

293 2892 668 2958 cognoscitur.
702 2891 796 2947 Sic
815 2891 959 2947 enim
988 2892 1189 2946 nullam
1216 2893 1412 2947 divina
1462 2893 1785 2948 substantia:
1807 2897 1882 2948 si-

293 2979 616 3049 gniﬁcamus
648 2980 1156 3048 hamilitatem;sed
1201 2991 1364 3035 unam
1390 2981 1493 3036 Dei
1547 2990 1603 3037 et
1646 2982 1880 3038 hominis

295 3077 664 3126 monstramus
695 3085 816 3126 esse
839 3085 1150 3140 personam.
1193 3070 1311 3127 Non
1339 3086 1468 3142 ergo
1513 3074 1566 3127 in
1617 3073 1877 3129 incarna-
1913 3065 1959 3128 C

295 3161 451 3217 tione
471 3160 680 3215 "“-Dei
710 3162 987 3219 humilitas
1019 3163 1137 3234 ejus
1175 3163 1280 3219 ulla
1329 3165 1648 3236 intelligitur
1702 3166 1876 3232 facta;

299 3254 397 3308 sed
421 3263 616 3308 natura
638 3253 875 3311 hominis
923 3257 1168 3314 creditur
1209 3259 1466 3314 exaltata.
1499 3255 1627 3311 Bos.
1662 3256 1738 3310 Ita
1763 3258 1827 3312 sit
1863 3275 1876 3310 :

297 3343 436 3398 nihil
465 3345 760 3415 imputetur
787 3345 983 3402 divinae
1004 3357 1210 3404 natura:
1252 3348 1395 3418 quod
1447 3347 1746 3404 secundum
1801 3347 1884 3401 in-

299 3437 612 3492 ﬁrmitatem
644 3438 881 3494 hominis
905 3439 972 3495 de
989 3439 1204 3496 Christo
1232 3440 1463 3507 dicitur;
1505 3455 1694 3496 verum
1741 3455 1882 3510 quo-

299 3527 462 3580 modo
511 3527 604 3559 ²¹⁶¹
645 3527 850 3595 justum
903 3537 997 3582 aut
1045 3531 1365 3586 rationabile
1415 3531 1634 3601 probari
1679 3531 1882 3600 poterit

298 3615 426 3684 quia
450 3615 594 3671 Deus
613 3617 890 3673 hominem
921 3618 1092 3687 illum,
1129 3634 1288 3691 quem
1315 3620 1476 3675 Pater
1502 3619 1698 3675 Filium
1723 3635 1880 3676 suum

298 3705 580 3772 dilectum,
630 3709 683 3763 in
716 3727 819 3780 quo
849 3710 949 3765 sibi
977 3711 1102 3765 bene
1149 3710 1460 3780 complacuit
1512 3711 1730 3782 (Matth.
1785 3726 1883 3776 xu,

300 3795 415 3866 18),
440 3799 675 3864 vocavit,
701 3807 755 3852 et
781 3813 942 3868 quem
980 3799 1152 3855 Filius
1196 3800 1433 3869 seipsum
1481 3801 1632 3867 fecit,
1671 3800 1751 3855 sic
1779 3807 1888 3855 tra-

302 3886 475 3939 ctavit
515 3895 609 3940 aut
657 3889 879 3942 tractari
933 3889 1215 3958 permisit?
1251 3888 1381 3956 Quae
1439 3896 1619 3944 autem
1673 3889 1885 3960 justitia

302 3984 389 4030 est
415 3976 690 4032 hominem
741 3979 985 4033 omnium
1038 3979 1399 4049 iustissimum
1453 3983 1615 4035 morti
1674 3979 1887 4034 tradere

305 4080 409 4134 pro
431 4064 527 4098 ’³⁸³
557 4069 882 4137 peccatore?
911 4067 1044 4136 Quis
1069 4070 1249 4136 homo,
1275 4073 1319 4126 si
1349 4071 1690 4126 innocentem
1742 4071 1890 4125 dam-

303 4167 463 4212 naret
487 4168 547 4213 ut
583 4169 868 4215 nocentem
893 4160 1191 4227 liberaret,
1237 4162 1578 4218 damnandus
1612 4177 1716 4217 non
1741 4160 1889 4231 judi-

303 4249 560 4302 caretur?
595 4249 676 4304 Ad
698 4249 838 4305 idem
867 4251 1013 4305 enim
1043 4265 1134 4307 res
1170 4252 1268 4284 ⁸³⁸³
1294 4253 1487 4308 deduci
1533 4253 1746 4308 videtur
1806 4252 1889 4306 in-

303 4341 660 4404 conveniens.
693 4342 838 4412 quod
863 4357 1026 4406 supra
1067 4345 1271 4400 dictum
1313 4354 1417 4400 est.
1448 4343 1586 4399 Nam
1633 4345 1678 4400 si
1729 4345 1888 4401 aliter

1983 1809 2164 1880 (Joan.
2189 1825 2260 1874 v1,
2303 1809 2416 1879 38).
2465 1807 2531 1862 Et
2559 1809 2732 1864 iturus
2763 1810 2827 1862 ad
2872 1811 3180 1880 passionem
3213 1808 3344 1863 dicit
3372 1825 3386 1861 :
3419 1806 3563 1862 Sicut

1981 1898 2286 1952 mandatum
2320 1899 2460 1952 dedit
2484 1899 2610 1952 mihi
2625 1896 2807 1962 Pater,
2838 1899 2912 1951 sic
2925 1897 3064 1965 facio
3087 1895 3272 1968 (Joan.
3303 1911 3414 1960 xiv,
3446 1898 3561 1965 5i).

1980 1987 2407 2044 Item:Calicem
2449 2004 2600 2058 quem
2645 1988 2787 2042 dedit
2835 1987 2964 2041 milii
3013 1984 3195 2051 Pater,
3246 2003 3350 2040 non
3393 1987 3563 2040 bibant

1981 2079 2373 2152 illum.’(.loan.
2409 2096 2563 2148 xvnt,
2584 2079 2698 2150 II.)
2729 2079 2793 2134 Et
2824 2077 2950 2132 alibi
2981 2077 3076 2109 “'9
3109 2095 3124 2131 :
3159 2077 3341 2144 Pater,
3369 2079 3414 2130 si
3440 2094 3563 2146 pos-

1981 2166 2128 2222 sibile
2151 2177 2246 2233 est,
2285 2177 2516 2222 transeat
2559 2185 2591 2221 a
2622 2183 2702 2221 me
2727 2166 2868 2220 calix
2897 2165 3029 2228 iste;
3075 2174 3426 2218 verumtamen
3463 2180 3567 2217 non

1982 2261 2114 2315 sicut
2131 2277 2222 2330 ego
2242 2260 2371 2324 volo,
2389 2261 2477 2315 sed
2493 2263 2695 2316 sicuttu
2720 2259 2934 2331 (Matth.
2953 2275 3102 2325 xxvr,
3119 2257 3232 2327 59).
3253 2257 3522 2313 Etiterum
3551 2276 3564 2310 :

1986 2350 2166 2419 Pater,
2200 2354 2248 2408 si
2275 2369 2377 2407 non
2401 2364 2563 2424 potest
2617 2355 2701 2408 hic
2747 2349 2886 2406 calix
2924 2352 3172 2417 transire,
3237 2351 3338 2404 nisi
3395 2350 3566 2403 bibam

1982 2445 2156 2512 illum,
2173 2445 2522 2514 ftatvoluntos
2549 2455 2639 2498 tua
2663 2444 2850 2514 (Ibid.,
2877 2443 2990 2512 49.).
3021 2441 3176 2497 Iuliis
3203 2441 3452 2496 omnibus
3473 2435 3569 2472 ’³⁷⁸

1984 2535 2104 2604 plus
2156 2533 2367 2590 videtur
2414 2535 2664 2589 Christus
2724 2533 3029 2588 obedientia
3061 2540 3327 2600 cogente,
3402 2546 3566 2601 quam

1986 2633 2280 2697 spontanea
2302 2623 2578 2679 voluntate
2615 2623 2931 2693 disponente
2968 2629 3198 2678 mortem
3225 2621 3562 2675 sustinuisse.

2593 2757 2821 2815 CAPUT
2874 2757 2966 2813 IX.

1989 2876 2141 2942 Quod
2176 2884 2358 2945 sponte
2383 2884 2620 2945 mortuus
2647 2872 2738 2936 sit;
2767 2881 2814 2925 et
2837 2871 2963 2941 quid
2992 2871 3078 2933 sit,
3098 2870 3274 2923 factus
3317 2876 3404 2945 est
3426 2869 3564 2945 obe-

2060 2939 2214 3000 tliens
2236 2960 2406 3014 usque
2443 2944 2510 3014 ad
2559 2950 2826 3008 mortem;
2850 2939 2946 3014 ἐξ,
2977 2947 3196 3014 propter
3244 2943 3388 3014 quod
3425 2939 3567 2991 Deus

2064 3015 2212 3070 illum
2238 3007 2497 3069 exultavit
2523 3029 2537 3078 ;
2569 3022 2640 3076 et,
2667 3027 2773 3066 non
2800 3007 2949 3065 Venit
2979 3007 3182 3062 Placere
3231 3007 3568 3078 voluntatem

2063 3099 2236 3139 meam
2261 3101 2275 3148 ;
2311 3094 2379 3150 et,
2404 3077 2622 3152 proprio
2649 3081 2784 3152 Filio
2805 3095 2907 3152 suo
2951 3077 3319 3152 nonpepercit
3349 3077 3463 3142 "7‘;
3495 3087 3572 3140 et,

2060 3170 2169 3209 non
2203 3147 2339 3208 sicut
2363 3147 2461 3221 ego
2487 3147 2629 3215 volo,
2654 3151 2747 3205 sed
2773 3150 2916 3205 sicut
2939 3157 2991 3202 tu
3021 3149 3102 3201 vis
3124 3147 3237 3199 ω’.

2061 3242 2187 3296 Aus.
2223 3239 2289 3296 Ut
2323 3240 2452 3294 mihi
2485 3239 2700 3294 videtur
2724 3279 2737 3303 ,
2787 3252 2893 3291 non
2935 3237 3073 3290 bene
3117 3233 3382 3290 discernis
3429 3233 3570 3287 inter

1989 3335 2095 3388 hoc
2145 3332 2288 3401 quod
2334 3328 2462 3383 fecit
2509 3329 2760 3398 exigente
2801 3325 3137 3390 obedientia;
3189 3334 3244 3380 et
3274 3323 3415 3394 quod
3466 3321 3568 3377 sibi

1989 3425 2212 3490 factum,
2272 3425 2396 3493 quia
2447 3420 2686 3475 servavit
2727 3419 3116 3482 obedientiam,
3177 3414 3566 3471 sustinuitnon

1989 3518 2238 3587 exigente
2286 3513 2613 3569 obedientia.
2667 3510 2790 3567 Bos.
2841 3509 3077 3565 Necesse
3131 3507 3304 3563 habeo
3357 3514 3416 3560 ut
3469 3506 3571 3560 hoe

1989 3607 2228 3677 apertius
2270 3618 2528 3672 exponas.
2585 3603 2713 3656 Axs.
2779 3600 2888 3656 Cur
2942 3599 3213 3670 persecuti
3269 3603 3394 3652 sunt
3442 3603 3569 3677 eum

1988 3675 2157 3753 Judaei
2202 3711 2374 3766 usque
2403 3695 2470 3749 ad
2524 3693 2799 3748 mortem?
2846 3692 2968 3747 Bos.
3019 3689 3135 3745 Non
3165 3689 3237 3744 ob
3283 3687 3429 3741 aliud
3459 3675 3574 3740 ’nisi

1989 3789 2116 3860 quia
2164 3787 2446 3842 veritatem
2485 3793 2541 3840 et
2581 3783 2851 3854 justitiam
2900 3781 3134 3837 vivendo
3192 3787 3249 3834 et
3297 3777 3572 3847 loquendo

1990 3878 2445 3936 indeclinabiliter
2492 3875 2730 3930 tenebat.
2786 3875 2934 3940 ,Aus.
2965 3872 3080 3928 Hoc
3111 3879 3241 3942 puto
3269 3870 3396 3939 quia
3429 3869 3571 3924 Deus

1989 3973 2058 4026 ab
2102 3968 2248 4024 omni
2316 3965 2570 4022 rationali
2627 3973 2880 4020 creatura
2947 3962 3174 4033 exigit;
3219 3969 3275 4014 et
3333 3959 3438 4014 hoc
3487 3957 3573 4012 illa

1988 4058 2460 4134 perobedientiam
2493 4057 2602 4112 Deo
2621 4053 2940 4112 debet.Bos.
2975 4052 3067 4108 Sic
3095 4065 3195 4106 nos
3221 4048 3376 4103 fateri
3409 4061 3569 4134 opor-

1991 4132 2088 4206 tet.
2125 4151 2257 4205 ANS.
2280 4148 2431 4202 Hanc
2460 4147 2625 4216 igitur
2649 4143 3015 4200 obedientiam
3048 4140 3278 4196 debebat
3302 4137 3466 4192 homo
3485 4132 3574 4186 ille

1992 4243 2102 4298 Deo
2145 4240 2339 4304 Patri,
2398 4246 2453 4293 et
2489 4236 2796 4290 humanitas
2845 4232 3150 4298 divinitati;
3203 4240 3256 4286 et
3312 4230 3451 4283 hanc
3502 4227 3570 4280 ab

1992 4333 2083 4390 illo
2109 4331 2360 4402 exigebat
2404 4324 2585 4382 Pater.
2617 4327 2739 4381 Bos.
2765 4325 2879 4380 Hoc
2915 4323 3044 4378 nulli
3075 4321 3293 4377 dubium
3323 4319 3418 4350 “"'
3465 4325 3572 4372 est.

303 4439 618 4500 peccatores
662 4406 767 4488 ιιόη
807 4433 980 4502 potuit
1018 4433 1230 4491 salvam
1278 4449 1440 4504 quam
1483 4433 1689 4504 justum
1728 4435 1884 4490 dam-
1918 4406 1968 4466 Ῑ)
1993 4427 2121 4480 Aris.
2150 4423 2290 4478 Ecce
2310 4421 2476 4476 habes
2496 4416 2772 4489 quidt‘eeit
2795 4416 3050 4486 exigente
3079 4410 3412 4504 obedientia.
3447 4407 3570 4504 Bos.

303 4522 508 4585 nando,
531 4523 620 4579 ubi
659 4533 743 4579 est
759 4525 883 4595 ejus
925 4526 1320 4596 omnipotentia
1347 4525 1483 4580 "“?
1533 4525 1593 4582 Si
1627 4540 1759 4581 vero
1789 4541 1883 4597 po-

299 4613 427 4681 tuit,
452 4615 545 4671 sed
569 4615 866 4682 noluit"”,
899 4618 1168 4687 quomodo
1187 4615 1538 4674 defendemus
1562 4618 1884 4688 sapientiam

1994 4516 2195 4572 Verum
2221 4521 2332 4581 est;
2360 4520 2417 4567 et
2438 4511 2549 4582 jam
2575 4509 2730 4566 video
2760 4506 2860 4541 ’⁸⁷⁵
2887 4507 2981 4577 qui
3035 4505 3138 4561 sibi
3186 4503 3419 4566 illatum,
3445 4500 3573 4574 quia

1991 4607 2291 4672 obediendo
2321 4602 2737 4678 perseveravit,
2805 4597 3078 4656 sustinuit.
3129 4595 3264 4651 Nam
3284 4593 3431 4656 illata
3493 4599 3578 4646 est

1591 4812 1828 4870 VARIA'I
1866 4809 2268 4869 LECTIONES.

369 4973 468 5007 ”“
499 4989 622 5044 mss.
653 4971 787 5029 Vict.
807 4983 855 5028 et
875 4973 998 5044 Joly
1017 4976 1185 5028 omitt.
1205 4984 1385 5030 tamen
1458 4973 1552 5006 ""’
1573 4973 1798 5030 Videtur
1818 4987 1943 5026 mss.
1966 4968 2106 5044 Vict2
2125 4965 2594 5044 etJoly_viileatur_
2646 4963 2740 4996 “"9
2756 4963 2865 5044 Cur
2891 4964 2962 5016 ita
2991 4963 3120 5016 velit
3145 4976 3291 5044 'tnss.
3321 4958 3576 5044 curvvelit

295 5047 398 5078 ἠ’
431 5045 487 5116 Si
515 5027 1044 5116 rationirepugna're
1068 5027 1442 5116 ’titiett’ti'et'...
1467 5045 1512 5100 si
1533 5044 1670 5099 ratio
1689 5027 1990 5116 repugnare
2019 5037 2232 5092 videtur
2278 5027 2396 5116 ’ως
2419 5033 2564 5116 Ergo
2570 5033 2956 5116 incarnatione
2985 5049 3110 5085 tius.
3145 5028 3277 5084 Vict.
3296 5027 3580 5116 IetLCister.

293 5130 434 5184 ergo
464 5115 517 5166 in
539 5099 914 5184 incarnatione
985 5099 1078 5147 "7“
1104 5099 1763 5184 Veruntatnenquomodo
1784 5099 1939 5184 niis;
1939 5122 2126 5165 verum
2153 5105 2425 5184 quomodo
2495 5099 3013 5184 ““nMortiJradere
3031 5117 3127 5184 pro
3149 5116 3248 5184 ms.
3279 5099 3402 5184 2loly
3420 5099 3578 5184 Διιῃςξπξ

297 5167 445 5254 prii,
477 5183 573 5214 “‘”
617 5183 698 5254 Ad
730 5167 869 5239 idem
891 5167 1045 5254 tergo
1064 5167 1707 5240 metuitit'a'iaeititee
1731 5180 1870 5254 74"“
1900 5181 1997 5254 Est
2021 5167 2412 5254 omnipotentia
2437 5190 2537 5229 ms.
2580 5173 2729 5254 Com.
2767 5173 2890 5228 Bec.
2936 5167 3066 5254 Vict.
3095 5167 3324 5254 fit-{aly
3354 5176 3438 5254 est
3467 5167 3582 5254 eius

294 5239 696 5324 omnipotentis
766 5254 860 5324 ’Ψ
884 5239 1184 5324 Sed'noluit
1214 5273 1227 5308 :
1265 5255 1534 5324 quomodo
1563 5252 1867 5324 mssLVict.
1901 5253 1986 5306 l3.
2016 5239 2504 5324 Ιοιςιίϐἱειενᾷηοη
2527 5246 2691 5324 voluit
2718 5263 2731 5299 :
2757 5241 3066 5324 quomodo“
3090 5239 3190 5324 if“
3212 5239 3412 5324 Sponte
3432 5253 3585 5324 suam

296 5307 604 5394 nissJVict.
637 5321 784 5378 Gem.
801 5307 1148 5381 Bechi—st'c—r.
1167 5307 1496 5394 sponte—sua
1512 5307 1524 5309 ﬁ
1569 5307 1662 5357 “5'
1685 5323 1864 5394 Patris
1887 5307 2162 5394 consentit;
2233 5317 2328 5350 ⁸⁸⁸⁸
2350 5315 2637 5394 Prq_t_iobis
2659 5307 2910 5394 omnibus
2929 5311 3150 5394 tradidit
3162 5325 3269 5394 Ima.
3289 5307 3414 5391 Jolp
3431 5311 3579 5394 omit.

295 5393 556 5448 omnibus
629 5394 724 5426 ιεοο
777 5393 841 5448 Et
887 5395 1012 5450 alibi
1032 5379 1137 5449 *m't.
1163 5379 1252 5448 te:
1316 5379 1461 5448 omit.
1492 5395 1619 5451 alibi
1648 5411 1744 5448 ms.
1777 5393 1835 5447 s.
1865 5393 2029 5447 nit-tt.
2054 5390 2123 5446 Et
2145 5389 2338 5443 iterum
2411 5386 2506 5423 -ιτο
2533 5387 2589 5441 In
2613 5382 3004 5440 omnibus-istis
3025 5397 3124 5434 ms.
3158 5379 3347 5460 Cister.
3401 5380 3454 5434 in
3498 5379 3580 5434 his

295 5463 558 5518 omnibus
627 5464 721 5494 ²¹⁷¹
750 5463 1076 5518 Peoercit.et
1097 5483 1222 5518 mss.
1246 5412 1392 5518 (siem.
1422 5465 1554 5518 Vict.
1579 5475 1626 5518 et
1653 5464 1776 5518 Jolu
1804 5464 2045 5518 nenercit
2074 5461 2236 5518 Deus,
2270 5467 2326 5512 et
2399 5457 2494 5488 “1'
2521 5456 2674 5512 Sicut
2698 5464 2753 5508 tu
2784 5454 2864 5508 vis
2886 5468 3012 5506 mss.
3038 5449 3182 5505 Gem.
3222 5448 3356 5504 Vict.
3389 5460 3437 5504 et
3457 5447 3580 5518 Jolg

292 5463 558 5518 omnibus

296 5537 442 5588 sicut
469 5541 524 5586 ιιι

300 5604 427 5674 loz'y
459 5601 653 5659 Verum
676 5605 838 5664 etiam
872 5605 1023 5661 video
1048 5614 1155 5661 etc.

627 5464 721 5494 ²¹⁷¹
745 5463 1076 5531 Pepercit,et
1097 5483 1222 5518 mss.

1292 5481 1392 5518 em.
1422 5465 1554 5519 Vict.
1579 5475 1626 5518 et
1653 5464 1776 5533 Joly
1804 5464 2045 5533 pepercit
2074 5461 2236 5534 Deus,
2266 5467 2326 5534 _et
2399 5461 2494 5488 “7'
2521 5461 2753 5534 Sicut_tu
2784 5461 2864 5534 vis
2886 5468 3012 5534 mss.
3038 5461 3182 5534 (tetu.
3228 5461 3442 5534 για-,Περ
3457 5461 3553 5534 J95

632 5519 894 5589 “'3'Niilli
923 5519 1142 5589 dubium
1166 5552 1263 5590 ms.
1303 5535 1359 5590 S.
1392 5535 1551 5589 Miclt.
1583 5533 1708 5588 nulli
1739 5519 1959 5588 tiu-bium
1990 5542 2073 5587 est
2145 5519 2240 5562 ¹¹⁷⁶
2266 5529 2460 5584 Verum
2490 5536 2647 5584 estet
2673 5526 2782 5596 iam
2815 5523 2997 5579 videre
3036 5531 3142 5578 etc.
3191 5537 3288 5576 ms.
3332 5519 3465 5577 Vict.
3492 5521 3578 5573 ιδ.

2399 5457 2494 5488 ¹¹⁷¹
2521 5456 2674 5512 Sicut
2698 5464 2753 5508 tu
2784 5454 2864 5508 vis
2886 5468 3012 5506 mss.
3038 5449 3182 5505 Gem.
3222 5448 3356 5504 Vict.
3389 5460 3437 5504 et
3457 5447 3584 5518 Jolg
