3926 6054
294 145 407 201 575

1454 150 1591 206 CUR
1626 152 1806 209 DEUS
1840 153 2050 211 HOMO.
2088 186 2157 195 —
2191 156 2320 212 LIB.
2357 157 2401 213 l.

3447 165 3554 217 δυ

291 253 515 308 tradidit
546 252 639 285 "9'
692 253 840 311 illum
864 254 1045 323 (Rom.
1085 273 1202 322 vin,
1230 259 1319 331 52)
1343 302 1356 325 ,
1408 277 1514 317 non
1564 274 1646 318 est
1698 265 1864 331 aliud,
1896 274 1943 332 Α
1972 276 2079 322 tem
2107 270 2199 302 ³³⁸³
2220 285 2347 339 qua,
2371 278 2431 325 ut
2458 277 2666 325 tantum
2704 272 2906 327 bonum
2932 258 3155 340 faceret,
3188 275 3324 331 mori
3361 279 3551 341 voluit,

291 360 458 414 quam
512 359 617 410 non
674 344 923 399 liberavit
976 346 1124 401 illum
1153 349 1268 400 '3“.
1306 348 1441 403 Nam
1484 353 1649 415 multa
1696 354 1788 385 ’³⁸η
1821 356 1875 413 in

291 451 449 488 sacra
482 433 758 505 Scriptura
781 436 1088 504 hujusmodi
1139 439 1506 496 inveniuntur.
1564 442 1665 499 Ubi
1695 454 1877 501 autem

291 529 390 559 "“
422 529 588 583 dicit:
623 527 803 594 Pater,
838 530 883 584 si
930 531 1172 597 possibile
1201 543 1274 586 est
1306 534 1420 601 ’3”,
1446 544 1677 591 transeat
1733 540 1771 592 ἀ
1796 555 1876 594 me

290 620 439 674 calix
462 623 601 684 iste;
632 629 991 674 verumtamen
1007 638 1109 676 non
1130 626 1263 677 sicut
1289 640 1385 694 ego
1430 627 1565 693 volo,
1592 630 1681 682 sed
1740 630 1873 685 sicut

291 721 355 765 tu
396 710 628 783 (Matth.
675 725 841 774 xxvi,
892 711 1015 781 39);
1041 725 1093 765 et
1123 710 1217 767 :Si
1263 729 1367 768 non
1394 726 1559 785 potest
1597 718 1681 771 hic
1737 718 1877 773 calix

288 801 546 865 transire,
580 799 680 854 nisi
705 799 878 853 bibam
925 799 1101 867 illum,
1135 802 1229 870 ﬁat
1265 803 1507 860 voluntas
1544 815 1635 861 tua
1684 805 1873 876 (lbid.,

291 892 411 959 42),
439 891 740 945 naturalem
769 888 958 944 salutis
1005 906 1102 960 per
1132 891 1457 949 voluntatem
1487 911 1638 951 suam
1670 898 1874 968 signiti-

291 986 736 1053 catappetitum,
786 1004 891 1058 quo
937 984 1169 1038 humana
1221 999 1351 1042 caro
1398 986 1637 1043 dolorem
1682 990 1873 1045 mortis

294 1076 559 1148 fugiebat.
596 1078 940 1134 Voluptatem
988 1094 1117 1134 vero
1148 1078 1325 1134 Patris
1372 1078 1521 1143 dicit,
1578 1094 1684 1134 non
1739 1096 1874 1149 quo-

292 1168 441 1221 niam
464 1168 714 1223 maluerit
742 1168 904 1223 Pater
932 1178 1158 1223 mortem
1183 1168 1300 1223 Filii
1328 1184 1490 1247 quam
1539 1171 1703 1224 vitam
1732 1210 1749 1237 ,
1779 1173 1872 1227 sed

290 1259 420 1326 quia
454 1258 746 1312 humanum
774 1271 943 1327 genus
974 1259 1269 1314 restaurari
1317 1256 1412 1289 ¹³⁰⁴
1438 1259 1658 1314 nolebat
1709 1261 1875 1316 Pater

291 1351 413 1415 ⁸³⁸⁸,
445 1350 546 1405 nisi
572 1349 774 1406 laceret
791 1350 952 1406 homo
998 1359 1107 1406 tam
1156 1366 1409 1420 magnum
1469 1352 1696 1421 aliquid,
1735 1354 1877 1409 sicut

290 1450 413 1494 erat
450 1457 595 1495 mors
619 1440 889 1507 illa.Quia
937 1457 1042 1497 non
1068 1442 1327 1510 poscebat
1360 1444 1497 1497 ratio
1546 1445 1687 1513 quod
1736 1445 1874 1499 alius

293 1532 479 1586 facere
508 1533 668 1587 homo
692 1547 799 1587 non
824 1541 1074 1602 poterat,
1108 1534 1312 1592 idcirco
1358 1535 1488 1591 dicit
1522 1536 1693 1591 Filius
1728 1537 1876 1591 illum

1979 370 2086 410 non
2113 358 2285 426 potuit
2326 357 2525 413 habere
2548 359 2648 413 nisi
2679 374 2709 412 a
2748 358 2910 413 Patre
2929 358 3217 427 luminum,
3248 376 3281 417 a
3322 378 3432 433 quo
3468 376 3556 419 est

1977 463 2127 501 omne
2160 448 2342 503 datum
2391 449 2663 517 optimum,
2715 459 2764 503 et
2821 466 2973 505 omne
3016 452 3213 506 donum
3267 455 3554 523 perfectum

1978 537 2118 607 (lac.
2178 554 2227 599 t,
2290 540 2413 607 l7):
2444 548 2500 593 et
2541 540 2682 594 sicut
2729 539 2892 595 Pater
2933 541 3152 596 trahere
3199 542 3323 609 ωδ,
3379 544 3557 599 dando

1975 627 2327 693 voluntatem,
2378 629 2604 697 dicitur;
2641 631 2713 685 ita
2760 645 2869 685 non
2917 631 3211 703 incongrue
3256 633 3346 701 lit,
3372 634 3426 689 si
3459 635 3557 689 imo

1968 718 2175 787 pellere
2202 719 2485 775 asseritur.
2515 720 2670 776 Sicut
2715 722 2860 777 enim
2892 722 3024 776 dicit
3050 722 3221 777 Filius
3254 723 3322 778 de
3346 723 3510 781 Patre
3540 740 3555 779 :

1978 812 2148 868 Nemo
2175 815 2312 867 venit
2328 813 2397 867 ad
2415 830 2515 880 me,
2560 815 2661 869 nisi
2692 811 2854 869 Pater
2881 816 3103 870 traxerit
3127 832 3245 870 eum
3269 815 3450 887 (Joan.
3478 832 3555 883 vt,

1974 902 2087 974 ﬂ);
2113 903 2186 957 ita
2214 904 2393 959 dicere
2429 904 2623 973 potuit,
2648 903 2749 958 nisi
2792 904 3065 974 impulerit
3107 919 3255 960 eum.
3294 904 3559 960 Similiter

1976 1009 2189 1064 quoque
2238 994 2481 1062 proferre
2509 994 2705 1063 potuit,
2731 1007 2890 1049 nemo
2920 994 3169 1050 curritad
3191 1003 3419 1051 mortem
3442 1010 3559 1065 pro-

1975 1095 2097 1155 pter
2126 1100 2318 1141 nomen
2349 1100 2549 1150 meum,
2576 1085 2676 1139 nisi
2709 1084 2871 1141 Pater
2898 1084 3171 1148 impulerit
3212 1096 3305 1140 aut
3332 1085 3559 1141 traxerit

1975 1193 2121 1233 eum.
2153 1177 2417 1245 Quoniam
2433 1192 2667 1246 namque
2691 1177 2967 1232 voluntate
2994 1178 3223 1247 quisque
3243 1176 3311 1232 ad
3334 1177 3386 1231 id
3415 1179 3559 1249 quod

1978 1267 2429 1324 indeclinabiliter
2477 1267 2609 1333 vult,
2648 1268 2880 1323 trahitur
2930 1268 3015 1324 vel
3069 1269 3391 1338 impellitur;
3452 1284 3559 1324 non

1976 1359 2425 1414 inconvenienter
2444 1358 2662 1413 trahere
2689 1367 2782 1412 aut
2828 1358 3108 1428 impellere
3139 1360 3338 1415 dicitur
3395 1358 3559 1424 Deus,

1978 1465 2100 1504 cum
2132 1448 2292 1505 talem
2339 1449 2432 1503 dat
2476 1448 2807 1504 voluntatem
2838 1448 2976 1503 '“t:
3009 1449 3062 1504 in
3108 1464 3218 1519 quo
3256 1456 3430 1505 tractu
3478 1448 3561 1504 vel

1982 1538 2214 1608 impulsu
2261 1537 2405 1594 nulla
2432 1538 2752 1608 intelligitur
2793 1538 3062 1594 violentiae
3100 1538 3432 1605 necessitas,
3466 1538 3563 1594 sed

292 1621 434 1677 velle
461 1636 615 1676 suam
644 1630 902 1689 mortem;
933 1624 1188 1693 quoniam
1210 1624 1326 1695 ipse
1357 1624 1544 1680 maluit
1583 1626 1733 1680 illum
1780 1628 1874 1659 ³³⁰⁶
1908 1612 1952 1670 Β
1980 1635 2215 1698 acceptae
2234 1628 2386 1683 bona:
2414 1626 2710 1683 voluntatis
2753 1635 3051 1696 spontanea
3095 1635 3150 1685 et
3197 1635 3376 1681 amata
3413 1634 3561 1682 tena-

290 1712 429 1780 pati,
455 1728 615 1780 quam
663 1722 723 1769 ut
750 1726 918 1785 genus
949 1716 1245 1769 humanum
1290 1731 1395 1771 non
1430 1716 1732 1775 salvaretur
1756 1721 1872 1786 ¹³⁰τς

290 1816 361 1854 ac
376 1801 420 1854 si
443 1801 646 1858 diceret
664 1816 678 1855 :
696 1801 961 1868 Quoniam
984 1818 1089 1858 non
1113 1804 1195 1858 vis
1210 1803 1368 1859 aliter
1389 1806 1876 1863 reconciliationem

294 1891 482 1945 mundi
511 1891 647 1957 ﬁeri,
682 1892 803 1948 dico
841 1901 895 1947 te
921 1893 1022 1947 hoc
1050 1895 1208 1949 modo
1237 1893 1374 1948 velle
1402 1904 1633 1950 mortem
1660 1912 1834 1953 meam
1858 1916 1873 1950 τ

296 1985 393 2039 ﬂat
424 2000 555 2056 ergo
577 1987 827 2041 volztnlas
857 1987 950 2019 ¹³⁰⁸
973 1997 1088 2053 tua,
1130 1988 1181 2042 id
1211 1997 1296 2043 est
1320 1988 1413 2042 llat
1463 2004 1609 2046 mors
1648 2006 1787 2056 mea,
1823 2002 1882 2047 ut

294 2076 537 2131 mundus
579 2077 669 2132 tibi
700 2079 1094 2132 reconcilietur.
1124 2080 1257 2135 Nam
1286 2097 1429 2151 saepe
1461 2082 1692 2150 aliquem
1746 2082 1882 2138 velle

293 2165 527 2221 dicimus
555 2167 777 2237 aliquid,
804 2169 928 2238 quia
959 2184 1064 2224 non
1093 2170 1207 2224 vult
1245 2171 1391 2227 aliud
1435 2172 1575 2242 quod
1613 2172 1660 2227 si
1693 2171 1876 2235 vellet,

296 2273 408 2311 ron
472 2257 624 2313 ﬁeret
654 2258 784 2314 illud
837 2261 982 2329 quod
1031 2261 1229 2317 dicitur
1265 2263 1402 2318 velle
1451 2282 1464 2317 :
1506 2270 1587 2328 ut,
1635 2278 1758 2319 cum
1802 2264 1884 2318 di-

294 2348 474 2404 cimus
499 2348 649 2403 illum
672 2350 948 2405 lucernam
975 2351 1111 2408 velle
1138 2353 1501 2424 exstinguere,
1523 2354 1617 2423 qui
1638 2367 1745 2409 non
1769 2352 1885 2408 vult

296 2437 597 2494 fenestram
636 2440 888 2496 claudere
918 2456 1015 2512 per
1035 2458 1194 2512 quam
1225 2454 1418 2499 ventus
1447 2444 1644 2510 intrat,
1680 2444 1770 2515 qui
1799 2443 1882 2497 lu—

298 2542 519 2582 cernam
556 2528 869 2600 exstinguit.
896 2529 988 2586 Sic
1022 2546 1152 2600 ergo
1193 2532 1361 2587 voluit
1384 2532 1544 2587 Pater
1593 2533 1709 2597 ³³⁸³,
1735 2548 1882 2587 mor-

300 2625 409 2670 tem
460 2617 602 2683 Filii,
643 2620 769 2687 quia
808 2635 915 2675 non
984 2621 1142 2676 aliter
1164 2622 1331 2675 voluit
1369 2623 1629 2677 mundum
1661 2622 1883 2684 salvari.

300 2707 406 2761 nisi
435 2706 596 2763 homo
621 2718 726 2763 tam
758 2725 1019 2781 magnum
1052 2712 1254 2782 aliquid
1280 2712 1501 2775 faceret,
1527 2724 1585 2768 ut
1624 2713 1739 2781 jam
1771 2715 1881 2770 disi

299 2798 417 2851 ’³⁸ο.
468 2799 620 2866 Quod
646 2799 784 2858 Filio
832 2804 1031 2859 volenti
1077 2806 1304 2860 salutem
1350 2807 1626 2861 hominum
1656 2815 1890 2862 tantum-

300 2886 424 2941 dem
461 2888 651 2956 valuit,
681 2892 936 2960 quoniam
974 2893 1077 2949 hoc
1111 2894 1249 2951 alius
1273 2896 1451 2951 facere
1495 2911 1603 2952 non
1652 2896 1884 2961 valebat,

301 2979 421 3044 ¹³¹¹,
468 2992 730 3050 quantum
794 2985 838 3039 si
893 2985 971 3039 illi
1015 2987 1153 3043 mori
1199 2988 1519 3057 praeciperet
1548 3006 1561 3041 :
1588 2988 1729 3043 unde
1774 2988 1882 3055 ille,

300 3067 447 3123 sicut
474 3072 785 3127 mandatum
817 3073 890 3129 illi
918 3074 1068 3132 dedit
1088 3076 1271 3145 Pater,
1289 3080 1368 3133 sic
1393 3077 1548 3144 fecit;
1567 3088 1616 3136 et
1633 3078 1884 3148 calicem,

304 3174 466 3227 quem
492 3160 642 3217 dedit
678 3164 726 3220 ei
752 3163 937 3233 Pater,
966 3166 1123 3235 bibit,
1154 3168 1412 3224 obediens
1446 3182 1621 3240 usque
1641 3169 1709 3226 ad
1732 3184 1880 3226 mor—

304 3258 413 3307 tem
422 3292 436 3308 .

931 3350 1160 3408 CAPUT
1183 3352 1249 3407 Χ.

381 3456 525 3514 Item
553 3461 619 3516 de
644 3462 837 3519 eisdem
860 3480 883 3531 ;
935 3468 1196 3591 quomodt:
1226 3468 1381 3525 aliter
1408 3478 1542 3524 recte
1593 3469 1813 3540 intelligi

976 3553 1170 3591 possim
1197 3577 1211 3591 .

975 3553 1211 3605 possunt.

381 3618 566 3678 Potest
586 3624 752 3680 etiam
785 3635 933 3683 recte
958 3628 1188 3700 intelligi
1237 3631 1363 3701 quia
1416 3645 1515 3698 per
1558 3630 1702 3684 illam
1746 3630 1888 3699 piam

306 3710 645 3781 voluntaten,
677 3730 783 3785 qua
798 3717 965 3773 voluit
986 3718 1153 3774 Filius
1189 3734 1288 3788 pro
1309 3719 1485 3774 salute
1519 3719 1700 3773 mundi
1730 3719 1887 3785 mori,

307 3800 897 3874 deditilliPater(non
948 3816 1147 3863 tantem
1195 3808 1459 3879 cogendo)
1496 3798 1809 3863 mandatum
1836 3817 1893 3862 et

308 3889 535 3944 calicem
559 3894 856 3961 passionis;
886 3904 942 3950 et
964 3912 1068 3951 non
1091 3897 1335 3967 pepercit
1366 3897 1459 3963 illi,
1486 3898 1581 3953 sed
1605 3911 1705 3966 pro
1732 3896 1890 3951 nobis

313 3979 537 4035 tradidit
566 3981 738 4049 illum,
767 3992 822 4039 et
843 3993 1073 4040 mortem
1112 3985 1252 4041 illius
1278 3987 1485 4052 voluit;
1514 3996 1571 4040 et
1608 3986 1736 4056 quia
1779 3987 1892 4056 ipse

311 4066 484 4123 Filius
505 4069 878 4139 obediensl‘uit
898 4089 1067 4143 usque
1089 4074 1156 4130 ad
1174 4084 1426 4140 mortem,
1444 4085 1499 4130 et
1519 4075 1707 4131 didicit
1724 4090 1788 4130 ex
1806 4074 1892 4129 his
1937 4109 1948 4119 ο

312 4173 437 4228 qua:
464 4176 657 4231 passus
674 4174 780 4232 est,
802 4166 1192 4223 obedientiam.
1232 4166 1694 4233 Quemadmodum
1748 4166 1892 4222 enim

1912 2947 1958 3010 C

1988 1718 2152 1773 citas.
2187 1716 2244 1774 Si
2271 1732 2400 1788 ergo
2422 1718 2527 1773 hoc
2573 1720 2733 1773 modo
2757 1715 2943 1787 nequit
2972 1716 3157 1788 negari
3197 1717 3414 1773 Patrem
3446 1717 3561 1779 ¹³¹⁸.

1996 1810 2326 1865 voluntatem
2386 1809 2530 1863 illam
2607 1808 2784 1863 dando
2815 1848 2830 1873 ,
2904 1807 3099 1863 Filium
3182 1808 3250 1863 ad
3328 1815 3560 1863 mortem

1990 1904 2224 1959 traxisse
2251 1903 2346 1937 ³³¹⁶
2377 1902 2461 1957 vel
2490 1901 2768 1971 impulisse
2790 1943 2805 1967 ,
2852 1900 2973 1969 quis
2998 1915 3103 1955 non
3153 1900 3336 1954 videat
3374 1899 3565 1955 eadem

1984 1993 2193 2047 ratione
2219 1992 2532 2046 mandatum
2557 1989 2658 2056 illi,
2686 1998 2747 2045 ut
2770 1997 3001 2045 mortem
3023 1989 3317 2045 sustineret
3349 1996 3561 2058 sponte,

1982 2092 2036 2137 et
2052 2083 2286 2146 calicem,
2310 2097 2469 2151 quem
2502 2096 2610 2136 non
2654 2080 2855 2135 invitus
2903 2079 3152 2144 biberet,
3202 2078 3457 2134 dedisse?
3500 2078 3567 2133 Et

1981 2174 2028 2225 si
2060 2170 2230 2225 Filius
2254 2169 2360 2224 sibi
2402 2184 2507 2224 non
2533 2169 2867 2238 pepercisse,
2897 2167 2992 2222 sed
3020 2181 3119 2236 pro
3138 2167 3294 2221 nobis
3345 2175 3568 2235 sponta-

1985 2275 2089 2315 nea
2123 2258 2399 2313 voluntate
2422 2258 2657 2327 seipsum
2681 2256 2991 2323 tradidisse,
3017 2264 3164 2311 recte
3186 2255 3413 2321 dicitur,
3445 2254 3568 2324 quis

1986 2358 2146 2420 neget
2170 2357 2317 2403 recte
2347 2347 2453 2401 dici
2479 2348 2606 2417 quia
2633 2345 2816 2411 Pater,
2860 2361 2892 2400 a
2923 2360 3030 2415 quo
3062 2344 3222 2401 talem
3262 2343 3451 2399 habuit
3474 2359 3566 2399 vo-

1985 2440 2280 2505 luntatem,
2307 2439 2381 2494 illi
2413 2455 2520 2494 non
2576 2439 2838 2507 pepercit,
2892 2438 2988 2493 sed
3034 2451 3135 2507 pro
3164 2435 3322 2491 nobis
3349 2434 3572 2491 tradidit

1987 2531 2136 2586 illum
2158 2539 2212 2585 et
2239 2538 2472 2586 mortem
2491 2526 2610 2597 ejus
2634 2528 2843 2583 voluit?
2874 2527 2988 2583 Hoc
3007 2528 3171 2583 etiam
3211 2526 3372 2584 modo
3419 2525 3570 2581 inde-

1989 2624 2318 2679 clinabiliter
2338 2631 2399 2679 et
2426 2629 2616 2692 sponte
2638 2619 2906 2677 servando
2937 2626 3214 2689 acceptam
3237 2616 3569 2672 voluntatem

1989 2731 2021 2771 a
2048 2716 2207 2770 Patre
2231 2714 2399 2770 Filius
2430 2712 2607 2768 factus
2636 2722 2722 2767 est
2743 2711 2820 2766 illi
2842 2710 3102 2767 obediens
3135 2723 3305 2778 usque
3328 2708 3394 2762 ad
3427 2722 3571 2762 mor-

1992 2814 2194 2870 tem,et
2218 2804 2404 2859 didicit
2429 2817 2496 2858 ex
2528 2800 2614 2857 his
2635 2817 2756 2871 qua:
2796 2814 2988 2870 passus
3011 2807 3115 2864 est,
3173 2797 3570 2863 obedientiam,

1992 2895 2045 2949 id
2076 2903 2158 2950 est
2180 2909 2341 2964 quam
2363 2905 2672 2963 magna'res
2695 2889 2940 2944 facienda
2966 2887 3036 2943 sit
3064 2902 3162 2956 per
3184 2886 3569 2949 obedientiam,

1988 2984 2124 3040 Nam
2162 2993 2291 3041 tunc
2313 2990 2397 3038 est
2424 2997 2551 3039 vera
2580 2990 2637 3037 et
2679 2978 2905 3049 simplex
2938 2977 3276 3041 obedientia,
3325 2991 3446 3031 cum
3488 2991 3571 3031 ra-

1991 3076 2206 3133 tionalis
2228 3084 2423 3131 natura
2456 3114 2470 3139 ,
2497 3090 2603 3129 non
2623 3071 2974 3137 necessitate,
3001 3068 3097 3125 sed
3140 3076 3334 3137 sponte
3382 3077 3565 3121 servat

1989 3167 2324 3222 voluntatem
2377 3180 2410 3222 α
2467 3164 2579 3219 Deo
2615 3170 2916 3230 acceptam.
2958 3158 3093 3213 Aliis
3136 3171 3350 3225 quoque
3398 3154 3573 3209 modis

1990 3267 2136 3314 recte
2157 3271 2445 3328 possumus
2474 3254 2692 3309 Patrem
2716 3252 2951 3307 voluisse
2977 3250 3101 3306 Filii
3155 3260 3384 3304 mortem
3416 3246 3573 3300 intel-

1990 3350 2174 3421 ligere,
2217 3348 2464 3419 quamvis
2516 3346 2605 3401 isti
2647 3345 2859 3414 possint
2900 3342 3173 3398 subicere.
3224 3339 3382 3403 Nam,
3428 3339 3570 3395 sicut

1994 3441 2133 3494 velle
2163 3441 2392 3495 dicimus
2416 3435 2671 3505 eum,qui
2696 3434 2825 3491 facit
2851 3442 2909 3489 ut
2933 3432 3071 3487 alius
3100 3431 3258 3497 velit;
3287 3431 3359 3485 ita
3408 3431 3572 3485 etiam

1991 3535 2220 3590 dicimus
2264 3547 2389 3588 eum
2430 3532 2521 3564 ²³¹⁷
2564 3530 2739 3594 velle,
2764 3528 2855 3599 qui
2885 3543 2993 3583 non
3036 3524 3168 3580 facit
3212 3533 3270 3579 ut
3306 3522 3443 3579 alius
3486 3538 3571 3576 ve-

1990 3623 2086 3686 lit.
2162 3624 2255 3678 sed
2301 3623 2567 3692 approbat
2608 3620 2734 3690 quia
2790 3618 2905 3672 vult
2954 3624 3079 3677 :ut.
3129 3630 3255 3671 cum
3311 3615 3561 3669 videmus

1992 3714 2225 3783 aliquem
2262 3714 2471 3769 fortiter
2514 3713 2623 3783 pati
2682 3710 2819 3766 velle
2872 3708 3176 3764 molestiam
3219 3716 3280 3760 ut
3327 3706 3574 3776 perﬁciat

1991 3803 2135 3872 quod
2167 3800 2307 3857 bene
2335 3802 2468 3865 vult,
2494 3800 2742 3870 quamvis
2759 3798 3028 3854 fateamur
3052 3811 3151 3851 nos
3172 3794 3308 3849 velle
3336 3803 3395 3850 ut
3418 3794 3563 3848 illam

1992 3907 2207 3963 pinnam
2242 3892 2535 3954 sustineat,
2558 3904 2662 3944 non
2704 3898 2885 3944 tamen
2932 3886 3180 3941 volumus
3202 3891 3298 3939 aut
3327 3898 3573 3937 amamus

1993 4000 2210 4055 pinnam
2223 3983 2361 4055 ejus,
2387 3982 2482 4038 sed
2498 3981 2844 4037 voluntatem.
2878 3976 3031 4032 Illum
3057 3975 3376 4045 quoquequi
3393 3974 3573 4044 prohi-

1993 4076 2402 4147 berepotest,et
2452 4090 2559 4130 non
2614 4072 2886 4142 prohibet,
2921 4069 3158 4125 solemus
3213 4067 3396 4122 dicere
3436 4067 3563 4135 quia

1993 4167 2109 4222 vult
2130 4168 2272 4237 quod
2299 4183 2405 4222 non
2433 4162 2974 4237 prohibet.Quoniam
2990 4175 3120 4231 ergo
3158 4158 3303 4213 Patri
3333 4156 3579 4212 voluntas

311 4254 611 4310 secundum
642 4258 1039 4316 humanitatem
1084 4276 1191 4315 non
1237 4261 1474 4316 habebat
1502 4277 1531 4315 a
1562 4276 1621 4317 se
1645 4260 1892 4316 volunta-
1924 4284 1974 4345 υ
2001 4259 2120 4313 Filii
2169 4259 2389 4329 placuit,
2432 4273 2532 4313 nec
2563 4256 2840 4327 prohibuit
2870 4251 3179 4345 eum—velle
3228 4261 3322 4304 aut
3356 4250 3580 4319 implere

312 4350 424 4396 tem
447 4343 593 4414 iuste
617 4347 855 4419 vivendi,
888 4350 981 4406 sed
1003 4364 1033 4404 a
1054 4348 1247 4416 Patre;
1285 4350 1358 4406 ita
1386 4360 1442 4407 et
1475 4350 1622 4406 illaut
1650 4348 1897 4405 volunta-
1924 4341 1956 4345 ⁷
2002 4350 2144 4420 quod
2172 4348 2385 4405 volebat
2455 4356 2601 4404 recte
2637 4344 2870 4403 voluisse
2909 4351 2968 4397 ut
2997 4341 3166 4398 Filius
3216 4350 3445 4395 mortem
3473 4350 3577 4393 tam

1595 4540 1830 4599 VARUE
1870 4540 2274 4599 LECTIONES.

378 4681 477 4714 ’Μ
498 4678 762 4738 Pronobis
778 4676 1396 4739 omnibustradiditmss.
1420 4682 1555 4738 Vict.
1580 4694 1627 4738 et
1650 4684 1777 4739 Cist.
1800 4685 1966 4737 omitt.
1985 4683 2235 4739 omnibus
2306 4682 2401 4715 ¹³⁹⁰
2429 4678 2881 4736 Liberavitillum.
2906 4677 3085 4731 Editio
3118 4676 3307 4732 Veneta
3334 4677 3583 4737 liberabit

314 4768 443 4808 eum
520 4752 614 4783 ²²⁰¹
664 4753 794 4806 Nam
822 4754 984 4806 multa
1007 4772 1104 4808 ms.
1126 4766 1131 4772 ‘
1156 4754 1284 4807 Vict.
1315 4755 1399 4809 15.
1435 4755 1528 4809 sed
1556 4756 1719 4808 nmlta
1795 4755 1890 4786 ²³⁶²
1920 4754 2018 4809 Ubi
2047 4763 2226 4807 autem
2256 4770 2353 4808 ms.
2390 4750 2523 4803 Vict.
2578 4740 2666 4804 15.
2706 4751 2793 4805 ubi
2829 4762 3062 4819 namque
3084 4816 3103 4819 _
3137 4748 3234 4819 '3"
3252 4748 3455 4819 Slﬁel‘l
3489 4752 3579 4819 po-

322 4832 433 4879 test
464 4838 595 4900 m_s_s_.
620 4823 664 4900 si
690 4825 947 4900 possibile
975 4833 1059 4900 est
1104 4824 1225 4900 _”°‘
1253 4824 1561 4900 Restaurati
1594 4841 1694 4900 ms_.
1730 4823 1983 4900 νῆσε-19.
2018 4834 2329 4900 restaurare
2401 4821 2500 4853 ²³⁰⁵
2522 4820 2747 4900 Nolebat
2770 4828 2927 4900 pater
2943 4816 3195 4900 "33.3on
3250 4816 3582 4900 volebat‘pa-

320 4902 407 4947 ter
482 4893 577 4924 ³³⁰⁶

613 4888 929 4965 Quantipse
957 4893 1143 4965 maluit
1166 4911 1291 4949 mss.
1324 4893 1472 4947 Gem.
1502 4894 1626 4948 Bec.
1650 4895 1795 4965 Joly,
1837 4892 1976 4965 Vict.
2011 4894 2096 4947 l5.
2124 4909 2287 4965 quam
2317 4895 2429 4963 ipse
2454 4889 2659 4965 mav_nlt
2837 4888 2986 4965 Vic_t_._
3028 4888 3417 4965 15:_qnonia_m
3471 4888 3582 4965 ipse

320 4962 512 5034 maluit
538 4958 684 5016 illum
703 4963 809 5032 pati
833 4958 930 5017 ms.
977 4961 1107 5034 Vict.
1132 4967 1185 5018 3.
1227 4964 1351 5033 quia
1376 4966 1488 5034 ipse
1524 4958 1765 5018 tnavnlt'
1799 4964 1892 5034 ’ξπ
1934 4962 2049 5034 Non
2071 4958 2371 5034 salvaretur
2392 4978 2517 5034 mss.
2547 4958 2701 5034 Gem.
2751 4960 2871 5014 Bec.
2905 4959 3061 5034 Vict.
3092 4960 3259 5034 licet
3306 4958 3397 5034 i9.
3430 4969 3476 5013 et
3515 4959 3572 5012 S.

322 5032 494 5104 Mich.
518 5048 626 5104 non
654 5029 896 5104 salvetur
965 5033 1061 5065 ³⁸⁸⁸
1089 5034 1213 5088 Fiat
1232 5029 1371 5104 ergo!
1388 5029 1638 5089 voluntas
1658 5052 1780 5090 mss.
1812 5033 1957 5104 July,
1982 5032 2132 5104 Gem.
2161 5044 2208 5088 et
2232 5033 2350 5088 Bec.
2378 5034 2472 5087 liat
2501 5031 2805 5104 igiturhtcc
2831 5031 3080 5104 voluntas
3155 5029 3253 5104 f3"
3279 5029 3576 5104 Sic-ergo

319 5101 657 5173 voluitDeus
684 5102 913 5157 Pater...
938 5103 1149 5173 salvare
1176 5100 1475 5157 msstem.
1512 5104 1632 5159 Bec.
1664 5104 1849 5159 Cister.
1874 5100 1999 5173 Ioly
2023 5114 2072 5157 et
2112 5103 2245 5157 Vict.
2297 5105 2374 5158 sic
2414 5104 2575 5173 igitur
2611 5100 2778 5155 voluit
2832 5100 3059 5173 Pater...
3095 5100 3291 5173 salvari

319 5175 434 5240 jam
471 5172 604 5225 dixi.
628 5189 751 5227 mss.
790 5173 924 5226 Vict.
948 5172 1093 5240 Joly,
1131 5172 1255 5226 Bec.
1289 5173 1437 5228 Gem.
1463 5173 1648 5228 Cister.
1683 5186 1739 5229 ιιι
1763 5176 1892 5229 dixi.

326 5190 434 5240 tam
471 5190 604 5225 um.
628 5190 751 5227 mss.
796 5190 924 5226 Vict.
948 5190 1035 5227 ,ιοι

326 5240 474 5293 illam
506 5241 837 5297 voluntatem
863 5259 988 5297 mss.
1030 5190 1073 5295 ig

3367 5097 3460 5128 8310
3515 5099 3581 5149 Ut

1993 5114 2072 5158 tet
2112 5103 2245 5157 Vict.
2297 5105 2374 5158 sic
2414 5099 2575 5173 igitur
2611 5100 2778 5155 voluit
2832 5100 3059 5153 Pater...
3095 5100 3291 5152 salvari
3367 5099 3460 5128 ⁸³η
3515 5099 3581 5153 Ut

1993 5174 2057 5205 ³¹¹
2092 5173 2206 5228 Non
2238 5175 2449 5228 volebat
2485 5188 2590 5225 mss
2668 5186 2771 5223 non
2816 5170 3027 5223 valebat
3101 5169 3193 5200 ""
3251 5167 3329 5222 lta
3368 5182 3584 5237 quoque

1074 5246 1163 5297 ict.
1196 5240 1341 5297 Gem.
1368 5243 1491 5296 Bcc.
1523 5244 1710 5298 Cister.
1744 5246 1815 5299 ita
1842 5252 1894 5297 et
1915 5243 2245 5299 voluntatem
2279 5245 2420 5298 illam
2495 5242 2590 5276 ’³³³
2620 5241 2780 5295 Pater
2827 5241 3040 5294 tradere
3100 5255 3225 5292 mss.
3278 5239 3441 5293 Pater
3479 5247 3585 5292 tra-

328 5312 509 5383 liere__
541 5312 767 5383 “"‘7Aut
790 5312 1064 5383 impellere
1095 5314 1294 5367 dicitur
1322 5313 1461 5383 Deus
1498 5329 1618 5367 cum
1651 5316 1807 5370 talem
1836 5314 2163 5369 voluntatem
2193 5314 2309 5378 dat,
2334 5330 2460 5366 mss.
2522 5310 2655 5367 Vict.
2705 5311 2851 5383 Joly,
2898 5307 3453 5383 Bec.__(_.'em_.__(}ister.
3494 5317 3587 5383 aut

327 5380 607 5448 impellere
644 5382 803 5453 Deus,
829 5378 951 5437 cum
985 5383 1143 5437 talem
1176 5384 1265 5453 dat
1315 5382 1646 5438 voluntatem
1719 5385 1811 5423 ¹⁸¹⁵
1839 5384 2097 5453 Denegari
2120 5384 2491 5453 Patremimss.
2545 5383 2727 5453 negari
2751 5378 3006 5453 Patrem“
3035 5379 3130 5453 ’_““
3153 5378 3346 5453 Filium
3374 5378 3489 5453 ejus
3518 5380 3585 5431 ad

330 5461 563 5524 mortem
598 5451 829 5524 traxisse
856 5468 983 5524 mss.
1009 5452 1321 5524 omittaejus
1388 5453 1480 5484 ’³⁸⁷
1508 5455 1584 5509 lta
1615 5454 1776 5510 etiam
1800 5469 1921 5510 cum
1945 5449 2173 5508 dicimus
2204 5470 2300 5508 ms.
2328 5452 2383 5506 S.
2442 5449 2725 5507 illic/Uita
2786 5466 2906 5505 cum
2958 5449 3188 5504 dicimus
3228 5451 3390 5519 etiam
3434 5450 3586 5517 illum

328 5537 427 5572 ms.
452 5519 623 5575 Cister
648 5523 721 5576 ita
742 5520 904 5575 etiam
940 5523 1166 5579 dicimtts
