  <div class='ocr_page' id='page_1' title='image "/cluster/home/n/w/nwhite01/storage/ocr_20150623/158/hvd.32044054760160/193.png"; bbox 0 0 3926 6054; ppageno 0'>
   <div class='ocr_carea' id='block_1_1' title="bbox 368 216 473 270">
    <p class='ocr_par' dir='ltr' id='par_1_1' title="bbox 368 216 473 270">
     <span class='ocr_line' id='line_1_1' title="bbox 368 216 473 270; baseline -0.019 0"><span class='ocrx_word' id='word_1_1' title='bbox 368 216 473 270; x_wconf 81' lang='lat'><strong>575</strong></span> 
     </span>
    </p>
   </div>
   <div class='ocr_carea' id='block_1_2' title="bbox 901 209 3078 273">
    <p class='ocr_par' dir='ltr' id='par_1_2' title="bbox 901 209 3078 273">
     <span class='ocr_line' id='line_1_2' title="bbox 901 209 3078 273; baseline -0.001 -5"><span class='ocrx_word' id='word_1_2' title='bbox 901 212 960 268; x_wconf 85' lang='lat' dir='ltr'><strong>S.</strong></span> <span class='ocrx_word' id='word_1_3' title='bbox 1000 213 1300 269; x_wconf 76' lang='lat' dir='ltr'><strong>ANSELMI</strong></span> <span class='ocrx_word' id='word_1_4' title='bbox 1339 214 1692 273; x_wconf 68' lang='lat' dir='ltr'><strong>CANTHAR.</strong></span> <span class='ocrx_word' id='word_1_5' title='bbox 1725 209 2044 269; x_wconf 78' lang='lat' dir='ltr'><strong>ARCHIEP.</strong></span> <span class='ocrx_word' id='word_1_6' title='bbox 2076 212 2230 269; x_wconf 85' lang='lat' dir='ltr'><strong>OPP.</strong></span> <span class='ocrx_word' id='word_1_7' title='bbox 2264 215 2443 271; x_wconf 77' lang='lat' dir='ltr'><strong>PARS</strong></span> <span class='ocrx_word' id='word_1_8' title='bbox 2474 215 2514 270; x_wconf 86' lang='grc' dir='ltr'><strong>Ι.</strong></span> <span class='ocrx_word' id='word_1_9' title='bbox 2551 244 2621 254; x_wconf 94' lang='grc'><strong>-</strong></span> <span class='ocrx_word' id='word_1_10' title='bbox 2663 210 3078 270; x_wconf 74' lang='lat' dir='ltr'><strong>DOGMATICA.</strong></span> 
     </span>
    </p>
   </div>
   <div class='ocr_carea' id='block_1_3' title="bbox 3519 215 3624 269">
    <p class='ocr_par' dir='ltr' id='par_1_3' title="bbox 3519 215 3624 269">
     <span class='ocr_line' id='line_1_3' title="bbox 3519 215 3624 269; baseline -0.019 0"><span class='ocrx_word' id='word_1_11' title='bbox 3519 215 3624 269; x_wconf 74' lang='lat'><strong>576</strong></span> 
     </span>
    </p>
   </div>
   <div class='ocr_carea' id='block_1_4' title="bbox 371 316 3620 405">
    <p class='ocr_par' dir='ltr' id='par_1_4' title="bbox 371 316 3620 405">
     <span class='ocr_line' id='line_1_4' title="bbox 371 316 3620 405; baseline -0.001 -16"><span class='ocrx_word' id='word_1_12' title='bbox 371 316 1320 405; x_wconf 76' lang='lat' dir='ltr'><strong>79pieettamutilitersustineret,</strong></span> <span class='ocrx_word' id='word_1_13' title='bbox 1339 328 1588 398; x_wconf 87' lang='lat' dir='ltr'><strong>quamvis</strong></span> <span class='ocrx_word' id='word_1_14' title='bbox 1603 341 1816 396; x_wconf 66' lang='lat' dir='ltr'><strong>prunam</strong></span> <span class='ocrx_word' id='word_1_15' title='bbox 1831 325 1947 392; x_wconf 87' lang='lat' dir='ltr'><strong>ejus</strong></span> <span class='ocrx_word' id='word_1_16' title='bbox 1977 325 2022 381; x_wconf 80' lang='grc' dir='ltr'><strong>Α</strong></span> <span class='ocrx_word' id='word_1_17' title='bbox 2049 325 2420 382; x_wconf 77' lang='lat' dir='ltr'><strong>incarnatione</strong></span> <span class='ocrx_word' id='word_1_18' title='bbox 2461 325 2556 381; x_wconf 91' lang='lat' dir='ltr'><strong>Dei</strong></span> <span class='ocrx_word' id='word_1_19' title='bbox 2595 335 2805 382; x_wconf 90' lang='lat' dir='ltr'><strong>tantum</strong></span> <span class='ocrx_word' id='word_1_20' title='bbox 2835 335 2890 382; x_wconf 90' lang='lat' dir='ltr'><strong>et</strong></span> <span class='ocrx_word' id='word_1_21' title='bbox 2926 327 2992 382; x_wconf 91' lang='lat' dir='ltr'><strong>de</strong></span> <span class='ocrx_word' id='word_1_22' title='bbox 3028 327 3116 380; x_wconf 89' lang='lat' dir='ltr'><strong>his</strong></span> <span class='ocrx_word' id='word_1_23' title='bbox 3153 339 3272 395; x_wconf 83' lang='lat' dir='ltr'><strong>quae</strong></span> <span class='ocrx_word' id='word_1_24' title='bbox 3298 326 3364 381; x_wconf 89' lang='lat' dir='ltr'><strong>dc</strong></span> <span class='ocrx_word' id='word_1_25' title='bbox 3402 327 3491 382; x_wconf 92' lang='lat' dir='ltr'><strong>illo</strong></span> <span class='ocrx_word' id='word_1_26' title='bbox 3529 345 3620 385; x_wconf 87' lang='lat' dir='ltr'><strong>as-</strong></span> 
     </span>
    </p>
   </div>
   <div class='ocr_carea' id='block_1_5' title="bbox 374 415 1944 486">
    <p class='ocr_par' dir='ltr' id='par_1_5' title="bbox 374 415 1944 486">
     <span class='ocr_line' id='line_1_5' title="bbox 374 415 1944 486; baseline -0.006 -8"><span class='ocrx_word' id='word_1_27' title='bbox 374 438 479 479; x_wconf 89' lang='lat' dir='ltr'><strong>nou</strong></span> <span class='ocrx_word' id='word_1_28' title='bbox 510 427 738 485; x_wconf 90' lang='lat' dir='ltr'><strong>amaret,</strong></span> <span class='ocrx_word' id='word_1_29' title='bbox 767 417 1088 474; x_wconf 78' lang='lat' dir='ltr'><strong>aiiirmatur.</strong></span> <span class='ocrx_word' id='word_1_30' title='bbox 1115 416 1234 472; x_wconf 87' lang='lat' dir='ltr'><strong>Non</strong></span> <span class='ocrx_word' id='word_1_31' title='bbox 1254 427 1434 472; x_wconf 91' lang='lat' dir='ltr'><strong>autem</strong></span> <span class='ocrx_word' id='word_1_32' title='bbox 1463 417 1704 486; x_wconf 89' lang='lat' dir='ltr'><strong>potuisse</strong></span> <span class='ocrx_word' id='word_1_33' title='bbox 1723 415 1944 471; x_wconf 84' lang='lat' dir='ltr'><strong>calicem</strong></span> 
     </span>
    </p>
   </div>
   <div class='ocr_carea' id='block_1_6' title="bbox 374 505 1947 575">
    <p class='ocr_par' dir='ltr' id='par_1_6' title="bbox 374 505 1947 575">
     <span class='ocr_line' id='line_1_6' title="bbox 374 505 1947 575; baseline -0.005 -9"><span class='ocrx_word' id='word_1_34' title='bbox 374 510 609 566; x_wconf 85' lang='lat' dir='ltr'><strong>transire</strong></span> <span class='ocrx_word' id='word_1_35' title='bbox 639 507 741 564; x_wconf 86' lang='lat' dir='ltr'><strong>nisi</strong></span> <span class='ocrx_word' id='word_1_36' title='bbox 769 505 982 561; x_wconf 86' lang='lat' dir='ltr'><strong>biberet</strong></span> <span class='ocrx_word' id='word_1_37' title='bbox 1009 505 1183 572; x_wconf 92' lang='lat' dir='ltr'><strong>illum,</strong></span> <span class='ocrx_word' id='word_1_38' title='bbox 1211 505 1366 560; x_wconf 71' lang='lat' dir='ltr'><strong>dixit.</strong></span> <span class='ocrx_word' id='word_1_39' title='bbox 1409 505 1526 560; x_wconf 88' lang='lat' dir='ltr'><strong>Non</strong></span> <span class='ocrx_word' id='word_1_40' title='bbox 1550 507 1674 573; x_wconf 82' lang='lat' dir='ltr'><strong>quia</strong></span> <span class='ocrx_word' id='word_1_41' title='bbox 1696 519 1802 560; x_wconf 91' lang='lat' dir='ltr'><strong>non</strong></span> <span class='ocrx_word' id='word_1_42' title='bbox 1825 519 1947 575; x_wconf 51' lang='lat' dir='ltr'><strong>pos.</strong></span> 
     </span>
    </p>
   </div>
   <div class='ocr_carea' id='block_1_7' title="bbox 373 595 1945 665">
    <p class='ocr_par' dir='ltr' id='par_1_7' title="bbox 373 595 1945 665">
     <span class='ocr_line' id='line_1_7' title="bbox 373 595 1945 665; baseline -0.006 -8"><span class='ocrx_word' id='word_1_43' title='bbox 373 609 456 658; x_wconf 85' lang='lat' dir='ltr'><strong>set</strong></span> <span class='ocrx_word' id='word_1_44' title='bbox 476 607 708 655; x_wconf 86' lang='lat' dir='ltr'><strong>mortem</strong></span> <span class='ocrx_word' id='word_1_45' title='bbox 734 597 931 662; x_wconf 86' lang='lat' dir='ltr'><strong>vitare,</strong></span> <span class='ocrx_word' id='word_1_46' title='bbox 963 595 1010 651; x_wconf 89' lang='lat' dir='ltr'><strong>si</strong></span> <span class='ocrx_word' id='word_1_47' title='bbox 1040 595 1235 661; x_wconf 89' lang='lat' dir='ltr'><strong>vellet;</strong></span> <span class='ocrx_word' id='word_1_48' title='bbox 1261 595 1356 650; x_wconf 91' lang='lat' dir='ltr'><strong>sed</strong></span> <span class='ocrx_word' id='word_1_49' title='bbox 1385 596 1664 665; x_wconf 83' lang='lat' dir='ltr'><strong>quoniam,</strong></span> <span class='ocrx_word' id='word_1_50' title='bbox 1699 596 1841 650; x_wconf 89' lang='lat' dir='ltr'><strong>sicut</strong></span> <span class='ocrx_word' id='word_1_51' title='bbox 1865 595 1945 650; x_wconf 59' lang='lat' dir='ltr'><strong>dio</strong></span> 
     </span>
    </p>
   </div>
   <div class='ocr_carea' id='block_1_8' title="bbox 373 686 1950 757">
    <p class='ocr_par' dir='ltr' id='par_1_8' title="bbox 373 686 1950 757">
     <span class='ocr_line' id='line_1_8' title="bbox 373 686 1950 757; baseline -0.004 -10"><span class='ocrx_word' id='word_1_52' title='bbox 373 699 520 747; x_wconf 90' lang='lat' dir='ltr'><strong>ctum</strong></span> <span class='ocrx_word' id='word_1_53' title='bbox 539 699 644 756; x_wconf 89' lang='lat' dir='ltr'><strong>est,</strong></span> <span class='ocrx_word' id='word_1_54' title='bbox 669 687 926 743; x_wconf 90' lang='lat' dir='ltr'><strong>mundum</strong></span> <span class='ocrx_word' id='word_1_55' title='bbox 949 695 1069 742; x_wconf 88' lang='lat' dir='ltr'><strong>erat</strong></span> <span class='ocrx_word' id='word_1_56' title='bbox 1091 687 1418 757; x_wconf 80' lang='lat' dir='ltr'><strong>impossibile</strong></span> <span class='ocrx_word' id='word_1_57' title='bbox 1443 687 1600 742; x_wconf 83' lang='lat' dir='ltr'><strong>aliter</strong></span> <span class='ocrx_word' id='word_1_58' title='bbox 1621 686 1839 751; x_wconf 88' lang='lat' dir='ltr'><strong>salvari;</strong></span> <span class='ocrx_word' id='word_1_59' title='bbox 1895 695 1950 741; x_wconf 90' lang='lat' dir='ltr'><strong>et</strong></span> 
     </span>
    </p>
   </div>
   <div class='ocr_carea' id='block_1_9' title="bbox 376 777 1948 852">
    <p class='ocr_par' dir='ltr' id='par_1_9' title="bbox 376 777 1948 852">
     <span class='ocr_line' id='line_1_9' title="bbox 376 777 1948 852; baseline -0.004 -15"><span class='ocrx_word' id='word_1_60' title='bbox 376 784 490 852; x_wconf 86' lang='lat' dir='ltr'><strong>ipse</strong></span> <span class='ocrx_word' id='word_1_61' title='bbox 536 778 992 836; x_wconf 86' lang='lat' dir='ltr'><strong>indeclinabiliter</strong></span> <span class='ocrx_word' id='word_1_62' title='bbox 1031 777 1252 833; x_wconf 89' lang='lat' dir='ltr'><strong>volebat</strong></span> <span class='ocrx_word' id='word_1_63' title='bbox 1299 779 1479 848; x_wconf 77' lang='lat' dir='ltr'><strong>potius</strong></span> <span class='ocrx_word' id='word_1_64' title='bbox 1527 786 1756 832; x_wconf 90' lang='lat' dir='ltr'><strong>mortem</strong></span> <span class='ocrx_word' id='word_1_65' title='bbox 1803 777 1948 848; x_wconf 89' lang='lat' dir='ltr'><strong>pati,</strong></span> 
     </span>
    </p>
   </div>
   <div class='ocr_carea' id='block_1_10' title="bbox 373 869 1950 945">
    <p class='ocr_par' dir='ltr' id='par_1_10' title="bbox 373 869 1950 945">
     <span class='ocr_line' id='line_1_10' title="bbox 373 869 1950 945; baseline -0.004 -15"><span class='ocrx_word' id='word_1_66' title='bbox 373 889 535 945; x_wconf 89' lang='lat' dir='ltr'><strong>quam</strong></span> <span class='ocrx_word' id='word_1_67' title='bbox 565 882 626 928; x_wconf 89' lang='lat' dir='ltr'><strong>ut</strong></span> <span class='ocrx_word' id='word_1_68' title='bbox 658 873 888 928; x_wconf 89' lang='lat' dir='ltr'><strong>mundus</strong></span> <span class='ocrx_word' id='word_1_69' title='bbox 924 886 1031 927; x_wconf 89' lang='lat' dir='ltr'><strong>non</strong></span> <span class='ocrx_word' id='word_1_70' title='bbox 1062 871 1382 926; x_wconf 79' lang='lat' dir='ltr'><strong>salvaretur.</strong></span> <span class='ocrx_word' id='word_1_71' title='bbox 1415 871 1624 926; x_wconf 78' lang='lat' dir='ltr'><strong>Idcirco</strong></span> <span class='ocrx_word' id='word_1_72' title='bbox 1649 880 1830 926; x_wconf 90' lang='lat' dir='ltr'><strong>autem</strong></span> <span class='ocrx_word' id='word_1_73' title='bbox 1862 869 1950 924; x_wconf 88' lang='lat' dir='ltr'><strong>di-</strong></span> 
     </span>
    </p>
   </div>
   <div class='ocr_carea' id='block_1_11' title="bbox 374 961 1950 1033">
    <p class='ocr_par' dir='ltr' id='par_1_11' title="bbox 374 961 1950 1033">
     <span class='ocr_line' id='line_1_11' title="bbox 374 961 1950 1033; baseline -0.007 -10"><span class='ocrx_word' id='word_1_74' title='bbox 374 969 455 1023; x_wconf 78' lang='lat' dir='ltr'><strong>sit</strong></span> <span class='ocrx_word' id='word_1_75' title='bbox 484 965 645 1022; x_wconf 89' lang='lat' dir='ltr'><strong>verba</strong></span> <span class='ocrx_word' id='word_1_76' title='bbox 671 963 761 1018; x_wconf 85' lang='lat' dir='ltr'><strong>illa</strong></span> <span class='ocrx_word' id='word_1_77' title='bbox 790 971 851 1018; x_wconf 91' lang='lat' dir='ltr'><strong>ut</strong></span> <span class='ocrx_word' id='word_1_78' title='bbox 877 962 1099 1018; x_wconf 87' lang='lat' dir='ltr'><strong>doceret</strong></span> <span class='ocrx_word' id='word_1_79' title='bbox 1134 963 1428 1018; x_wconf 89' lang='lat' dir='ltr'><strong>humanum</strong></span> <span class='ocrx_word' id='word_1_80' title='bbox 1453 977 1624 1033; x_wconf 88' lang='lat' dir='ltr'><strong>genus</strong></span> <span class='ocrx_word' id='word_1_81' title='bbox 1655 961 1812 1014; x_wconf 83' lang='lat' dir='ltr'><strong>aliter</strong></span> <span class='ocrx_word' id='word_1_82' title='bbox 1843 973 1950 1013; x_wconf 90' lang='lat' dir='ltr'><strong>non</strong></span> 
     </span>
    </p>
   </div>
   <div class='ocr_carea' id='block_1_12' title="bbox 375 1051 1948 1130">
    <p class='ocr_par' dir='ltr' id='par_1_12' title="bbox 375 1051 1948 1130">
     <span class='ocr_line' id='line_1_12' title="bbox 375 1051 1948 1130; baseline -0.008 -16"><span class='ocrx_word' id='word_1_83' title='bbox 375 1058 614 1130; x_wconf 85' lang='lat' dir='ltr'><strong>potuisse</strong></span> <span class='ocrx_word' id='word_1_84' title='bbox 645 1053 867 1118; x_wconf 83' lang='lat' dir='ltr'><strong>salvari,</strong></span> <span class='ocrx_word' id='word_1_85' title='bbox 912 1068 1073 1122; x_wconf 90' lang='lat' dir='ltr'><strong>quam</strong></span> <span class='ocrx_word' id='word_1_86' title='bbox 1113 1069 1208 1123; x_wconf 92' lang='lat' dir='ltr'><strong>per</strong></span> <span class='ocrx_word' id='word_1_87' title='bbox 1239 1063 1466 1108; x_wconf 91' lang='lat' dir='ltr'><strong>mortem</strong></span> <span class='ocrx_word' id='word_1_88' title='bbox 1497 1067 1649 1108; x_wconf 91' lang='lat' dir='ltr'><strong>suam</strong></span> <span class='ocrx_word' id='word_1_89' title='bbox 1679 1051 1811 1118; x_wconf 66' lang='lat' dir='ltr'><strong>m8;</strong></span> <span class='ocrx_word' id='word_1_90' title='bbox 1844 1064 1948 1104; x_wconf 92' lang='lat' dir='ltr'><strong>non</strong></span> 
     </span>
    </p>
   </div>
   <div class='ocr_carea' id='block_1_13' title="bbox 375 1140 1952 1214">
    <p class='ocr_par' dir='ltr' id='par_1_13' title="bbox 375 1140 1952 1214">
     <span class='ocr_line' id='line_1_13' title="bbox 375 1140 1952 1214; baseline -0.007 -10"><span class='ocrx_word' id='word_1_91' title='bbox 375 1161 433 1206; x_wconf 93' lang='lat' dir='ltr'><strong>nt</strong></span> <span class='ocrx_word' id='word_1_92' title='bbox 471 1146 786 1204; x_wconf 84' lang='lat' dir='ltr'><strong>ostenderet</strong></span> <span class='ocrx_word' id='word_1_93' title='bbox 828 1158 887 1200; x_wconf 83' lang='lat' dir='ltr'><strong>se</strong></span> <span class='ocrx_word' id='word_1_94' title='bbox 935 1152 1166 1199; x_wconf 89' lang='lat' dir='ltr'><strong>mortem</strong></span> <span class='ocrx_word' id='word_1_95' title='bbox 1208 1157 1551 1214; x_wconf 84' lang='lat' dir='ltr'><strong>nequaquam</strong></span> <span class='ocrx_word' id='word_1_96' title='bbox 1601 1140 1836 1196; x_wconf 87' lang='lat' dir='ltr'><strong>valuisse</strong></span> <span class='ocrx_word' id='word_1_97' title='bbox 1872 1140 1952 1194; x_wconf 86' lang='lat' dir='ltr'><strong>vi-</strong></span> 
     </span>
    </p>
   </div>
   <div class='ocr_carea' id='block_1_14' title="bbox 376 1231 1954 1305">
    <p class='ocr_par' dir='ltr' id='par_1_14' title="bbox 376 1231 1954 1305">
     <span class='ocr_line' id='line_1_14' title="bbox 376 1231 1954 1305; baseline -0.005 -11"><span class='ocrx_word' id='word_1_98' title='bbox 376 1251 491 1296; x_wconf 90' lang='lat' dir='ltr'><strong>tare</strong></span> <span class='ocrx_word' id='word_1_99' title='bbox 525 1238 639 1292; x_wconf 58' lang='lat'><strong>’3&quot;.</strong></span> <span class='ocrx_word' id='word_1_100' title='bbox 670 1235 828 1302; x_wconf 84' lang='lat' dir='ltr'><strong>Nam,</strong></span> <span class='ocrx_word' id='word_1_101' title='bbox 852 1249 1187 1305; x_wconf 73' lang='lat' dir='ltr'><strong>quaecunque</strong></span> <span class='ocrx_word' id='word_1_102' title='bbox 1223 1235 1288 1288; x_wconf 90' lang='lat' dir='ltr'><strong>de</strong></span> <span class='ocrx_word' id='word_1_103' title='bbox 1311 1233 1402 1288; x_wconf 93' lang='lat' dir='ltr'><strong>illo</strong></span> <span class='ocrx_word' id='word_1_104' title='bbox 1428 1233 1682 1290; x_wconf 88' lang='lat' dir='ltr'><strong>dicuntur</strong></span> <span class='ocrx_word' id='word_1_105' title='bbox 1724 1231 1808 1286; x_wconf 91' lang='lat' dir='ltr'><strong>his</strong></span> <span class='ocrx_word' id='word_1_106' title='bbox 1833 1245 1954 1300; x_wconf 74' lang='lat' dir='ltr'><strong>qua:</strong></span> 
     </span>
    </p>
   </div>
   <div class='ocr_carea' id='block_1_15' title="bbox 375 1320 1951 1393">
    <p class='ocr_par' dir='ltr' id='par_1_15' title="bbox 375 1320 1951 1393">
     <span class='ocr_line' id='line_1_15' title="bbox 375 1320 1951 1393; baseline -0.006 -9"><span class='ocrx_word' id='word_1_107' title='bbox 375 1331 521 1386; x_wconf 90' lang='lat' dir='ltr'><strong>dicta</strong></span> <span class='ocrx_word' id='word_1_108' title='bbox 561 1336 708 1393; x_wconf 86' lang='lat' dir='ltr'><strong>sunt,</strong></span> <span class='ocrx_word' id='word_1_109' title='bbox 739 1326 939 1382; x_wconf 83' lang='lat' dir='ltr'><strong>similia</strong></span> <span class='ocrx_word' id='word_1_110' title='bbox 969 1325 1047 1381; x_wconf 90' lang='lat' dir='ltr'><strong>sic</strong></span> <span class='ocrx_word' id='word_1_111' title='bbox 1077 1334 1204 1380; x_wconf 89' lang='lat' dir='ltr'><strong>sunt</strong></span> <span class='ocrx_word' id='word_1_112' title='bbox 1224 1325 1317 1357; x_wconf 81' lang='grc'>²⁸¹⁰</span> <span class='ocrx_word' id='word_1_113' title='bbox 1345 1323 1688 1392; x_wconf 72' lang='lat' dir='ltr'><strong>exponenda,</strong></span> <span class='ocrx_word' id='word_1_114' title='bbox 1720 1329 1782 1376; x_wconf 90' lang='lat' dir='ltr'><strong>ut</strong></span> <span class='ocrx_word' id='word_1_115' title='bbox 1807 1320 1951 1375; x_wconf 88' lang='lat' dir='ltr'><strong>nulla</strong></span> 
     </span>
    </p>
   </div>
   <div class='ocr_carea' id='block_1_16' title="bbox 379 1413 1952 1488">
    <p class='ocr_par' dir='ltr' id='par_1_16' title="bbox 379 1413 1952 1488">
     <span class='ocr_line' id='line_1_16' title="bbox 379 1413 1952 1488; baseline -0.006 -14"><span class='ocrx_word' id='word_1_116' title='bbox 379 1421 722 1488; x_wconf 85' lang='lat' dir='ltr'><strong>necessitate,</strong></span> <span class='ocrx_word' id='word_1_117' title='bbox 749 1418 846 1474; x_wconf 88' lang='lat' dir='ltr'><strong>sed</strong></span> <span class='ocrx_word' id='word_1_118' title='bbox 870 1417 1039 1472; x_wconf 86' lang='lat' dir='ltr'><strong>libera</strong></span> <span class='ocrx_word' id='word_1_119' title='bbox 1064 1415 1345 1472; x_wconf 76' lang='lat' dir='ltr'><strong>voluntate</strong></span> <span class='ocrx_word' id='word_1_120' title='bbox 1370 1415 1464 1446; x_wconf 78' lang='lat'><strong>”“</strong></span> <span class='ocrx_word' id='word_1_121' title='bbox 1497 1422 1741 1469; x_wconf 89' lang='lat' dir='ltr'><strong>mortuus</strong></span> <span class='ocrx_word' id='word_1_122' title='bbox 1766 1413 1952 1469; x_wconf 85' lang='lat' dir='ltr'><strong>creda-</strong></span> 
     </span>
    </p>
   </div>
   <div class='ocr_carea' id='block_1_17' title="bbox 301 1502 1956 1577">
    <p class='ocr_par' dir='ltr' id='par_1_17' title="bbox 301 1502 1956 1577">
     <span class='ocr_line' id='line_1_17' title="bbox 301 1502 1956 1577; baseline -0.005 -13"><span class='ocrx_word' id='word_1_123' title='bbox 301 1523 322 1544; x_wconf 76' lang='grc' dir='ltr'><strong><em>ο</em></strong></span> <span class='ocrx_word' id='word_1_124' title='bbox 383 1521 491 1564; x_wconf 89' lang='lat' dir='ltr'><strong>tur.</strong></span> <span class='ocrx_word' id='word_1_125' title='bbox 520 1509 652 1566; x_wconf 84' lang='lat' dir='ltr'><strong>Erat</strong></span> <span class='ocrx_word' id='word_1_126' title='bbox 673 1521 910 1577; x_wconf 87' lang='lat' dir='ltr'><strong>namque</strong></span> <span class='ocrx_word' id='word_1_127' title='bbox 931 1507 1293 1576; x_wconf 88' lang='lat' dir='ltr'><strong>omnipotens,</strong></span> <span class='ocrx_word' id='word_1_128' title='bbox 1321 1514 1377 1560; x_wconf 92' lang='lat' dir='ltr'><strong>et</strong></span> <span class='ocrx_word' id='word_1_129' title='bbox 1399 1505 1464 1559; x_wconf 89' lang='lat' dir='ltr'><strong>de</strong></span> <span class='ocrx_word' id='word_1_130' title='bbox 1487 1503 1578 1560; x_wconf 91' lang='lat' dir='ltr'><strong>illo</strong></span> <span class='ocrx_word' id='word_1_131' title='bbox 1605 1502 1803 1573; x_wconf 75' lang='lat' dir='ltr'><strong>legitur</strong></span> <span class='ocrx_word' id='word_1_132' title='bbox 1823 1516 1956 1570; x_wconf 88' lang='lat' dir='ltr'><strong>quo-</strong></span> 
     </span>
    </p>
   </div>
   <div class='ocr_carea' id='block_1_18' title="bbox 380 1590 1957 1666">
    <p class='ocr_par' dir='ltr' id='par_1_18' title="bbox 380 1590 1957 1666">
     <span class='ocr_line' id='line_1_18' title="bbox 380 1590 1957 1666; baseline -0.006 -12"><span class='ocrx_word' id='word_1_133' title='bbox 380 1601 524 1655; x_wconf 82' lang='lat' dir='ltr'><strong>niam</strong></span> <span class='ocrx_word' id='word_1_134' title='bbox 561 1598 768 1653; x_wconf 79' lang='lat' dir='ltr'><strong>oblatus</strong></span> <span class='ocrx_word' id='word_1_135' title='bbox 800 1607 898 1663; x_wconf 79' lang='lat' dir='ltr'><strong>est,</strong></span> <span class='ocrx_word' id='word_1_136' title='bbox 926 1597 1055 1666; x_wconf 82' lang='lat' dir='ltr'><strong>quia</strong></span> <span class='ocrx_word' id='word_1_137' title='bbox 1085 1597 1194 1665; x_wconf 78' lang='lat' dir='ltr'><strong>ipse</strong></span> <span class='ocrx_word' id='word_1_138' title='bbox 1226 1595 1387 1650; x_wconf 77' lang='lat' dir='ltr'><strong>voluit</strong></span> <span class='ocrx_word' id='word_1_139' title='bbox 1431 1593 1586 1663; x_wconf 82' lang='lat' dir='ltr'><strong>(Isai.</strong></span> <span class='ocrx_word' id='word_1_140' title='bbox 1618 1608 1735 1657; x_wconf 81' lang='lat' dir='ltr'><strong>un,</strong></span> <span class='ocrx_word' id='word_1_141' title='bbox 1778 1592 1854 1662; x_wconf 90' lang='lat'><strong>7).</strong></span> <span class='ocrx_word' id='word_1_142' title='bbox 1890 1590 1957 1644; x_wconf 85' lang='lat' dir='ltr'><strong>Et</strong></span> 
     </span>
    </p>
   </div>
   <div class='ocr_carea' id='block_1_19' title="bbox 382 1685 1960 1760">
    <p class='ocr_par' dir='ltr' id='par_1_19' title="bbox 382 1685 1960 1760">
     <span class='ocr_line' id='line_1_19' title="bbox 382 1685 1960 1760; baseline -0.006 -17"><span class='ocrx_word' id='word_1_143' title='bbox 382 1691 498 1760; x_wconf 88' lang='lat' dir='ltr'><strong>ipse</strong></span> <span class='ocrx_word' id='word_1_144' title='bbox 532 1687 702 1742; x_wconf 85' lang='lat' dir='ltr'><strong>dicit:</strong></span> <span class='ocrx_word' id='word_1_145' title='bbox 736 1686 850 1757; x_wconf 86' lang='lat' dir='ltr'><strong>Ego</strong></span> <span class='ocrx_word' id='word_1_146' title='bbox 887 1701 1022 1756; x_wconf 87' lang='lat' dir='ltr'><strong>pono</strong></span> <span class='ocrx_word' id='word_1_147' title='bbox 1063 1685 1296 1739; x_wconf 88' lang='lat' dir='ltr'><strong>animam</strong></span> <span class='ocrx_word' id='word_1_148' title='bbox 1325 1701 1514 1748; x_wconf 87' lang='lat' dir='ltr'><strong>meam,</strong></span> <span class='ocrx_word' id='word_1_149' title='bbox 1558 1692 1612 1737; x_wconf 89' lang='lat' dir='ltr'><strong>ut</strong></span> <span class='ocrx_word' id='word_1_150' title='bbox 1649 1685 1837 1738; x_wconf 80' lang='lat' dir='ltr'><strong>iterum</strong></span> <span class='ocrx_word' id='word_1_151' title='bbox 1869 1697 1960 1736; x_wconf 84' lang='lat' dir='ltr'><strong>su-</strong></span> 
     </span>
    </p>
   </div>
   <div class='ocr_carea' id='block_1_20' title="bbox 381 1776 1962 1846">
    <p class='ocr_par' dir='ltr' id='par_1_20' title="bbox 381 1776 1962 1846">
     <span class='ocr_line' id='line_1_20' title="bbox 381 1776 1962 1846; baseline -0.004 -12"><span class='ocrx_word' id='word_1_152' title='bbox 381 1797 524 1836; x_wconf 87' lang='lat' dir='ltr'><strong>mam</strong></span> <span class='ocrx_word' id='word_1_153' title='bbox 545 1797 660 1836; x_wconf 82' lang='lat' dir='ltr'><strong>eam</strong></span> <span class='ocrx_word' id='word_1_154' title='bbox 683 1792 705 1833; x_wconf 83' lang='lat'><strong>.&#39;</strong></span> <span class='ocrx_word' id='word_1_155' title='bbox 734 1795 883 1835; x_wconf 86' lang='lat' dir='ltr'><strong>nemo</strong></span> <span class='ocrx_word' id='word_1_156' title='bbox 912 1777 1048 1832; x_wconf 75' lang='lat' dir='ltr'><strong>tollit</strong></span> <span class='ocrx_word' id='word_1_157' title='bbox 1076 1793 1191 1832; x_wconf 81' lang='lat' dir='ltr'><strong>eam</strong></span> <span class='ocrx_word' id='word_1_158' title='bbox 1219 1794 1251 1830; x_wconf 91' lang='lat' dir='ltr'><strong>a</strong></span> <span class='ocrx_word' id='word_1_159' title='bbox 1286 1792 1398 1840; x_wconf 87' lang='lat' dir='ltr'><strong>me;</strong></span> <span class='ocrx_word' id='word_1_160' title='bbox 1436 1776 1526 1830; x_wconf 83' lang='lat' dir='ltr'><strong>sed</strong></span> <span class='ocrx_word' id='word_1_161' title='bbox 1553 1791 1645 1846; x_wconf 82' lang='lat' dir='ltr'><strong>ego</strong></span> <span class='ocrx_word' id='word_1_162' title='bbox 1684 1790 1819 1844; x_wconf 86' lang='lat' dir='ltr'><strong>pono</strong></span> <span class='ocrx_word' id='word_1_163' title='bbox 1846 1789 1962 1828; x_wconf 85' lang='lat' dir='ltr'><strong>eam</strong></span> 
     </span>
    </p>
   </div>
   <div class='ocr_carea' id='block_1_21' title="bbox 386 1867 1958 1940">
    <p class='ocr_par' dir='ltr' id='par_1_21' title="bbox 386 1867 1958 1940">
     <span class='ocr_line' id='line_1_21' title="bbox 386 1867 1958 1940; baseline -0.006 -15"><span class='ocrx_word' id='word_1_164' title='bbox 386 1888 420 1925; x_wconf 88' lang='lat' dir='ltr'><strong>a</strong></span> <span class='ocrx_word' id='word_1_165' title='bbox 443 1871 660 1940; x_wconf 76' lang='lat' dir='ltr'><strong>meipso.</strong></span> <span class='ocrx_word' id='word_1_166' title='bbox 696 1867 1023 1924; x_wconf 81' lang='lat' dir='ltr'><strong>Potestatem</strong></span> <span class='ocrx_word' id='word_1_167' title='bbox 1051 1868 1214 1923; x_wconf 79' lang='lat' dir='ltr'><strong>habeo</strong></span> <span class='ocrx_word' id='word_1_168' title='bbox 1243 1867 1470 1937; x_wconf 83' lang='lat' dir='ltr'><strong>ponendi</strong></span> <span class='ocrx_word' id='word_1_169' title='bbox 1507 1867 1740 1920; x_wconf 81' lang='lat' dir='ltr'><strong>animam</strong></span> <span class='ocrx_word' id='word_1_170' title='bbox 1768 1881 1958 1929; x_wconf 84' lang='lat' dir='ltr'><strong>meam,</strong></span> 
     </span>
    </p>
   </div>
   <div class='ocr_carea' id='block_1_22' title="bbox 386 1955 1963 2026">
    <p class='ocr_par' dir='ltr' id='par_1_22' title="bbox 386 1955 1963 2026">
     <span class='ocr_line' id='line_1_22' title="bbox 386 1955 1963 2026; baseline -0.004 -10"><span class='ocrx_word' id='word_1_171' title='bbox 386 1971 434 2016; x_wconf 88' lang='lat' dir='ltr'><strong>et</strong></span> <span class='ocrx_word' id='word_1_172' title='bbox 456 1962 643 2016; x_wconf 82' lang='lat' dir='ltr'><strong>iterum</strong></span> <span class='ocrx_word' id='word_1_173' title='bbox 672 1959 913 2015; x_wconf 83' lang='lat' dir='ltr'><strong>sumendi</strong></span> <span class='ocrx_word' id='word_1_174' title='bbox 940 1976 1055 2014; x_wconf 90' lang='lat' dir='ltr'><strong>eam</strong></span> <span class='ocrx_word' id='word_1_175' title='bbox 1085 1959 1179 1990; x_wconf 81' lang='grc'>²³¹¹</span> <span class='ocrx_word' id='word_1_176' title='bbox 1212 1957 1395 2026; x_wconf 84' lang='lat' dir='ltr'><strong>(Joan.</strong></span> <span class='ocrx_word' id='word_1_177' title='bbox 1424 1972 1485 2021; x_wconf 81' lang='grc' dir='ltr'><strong>ι,</strong></span> <span class='ocrx_word' id='word_1_178' title='bbox 1513 1955 1625 2024; x_wconf 82' lang='lat' dir='ltr'><strong>i7).</strong></span> <span class='ocrx_word' id='word_1_179' title='bbox 1648 1955 1802 2022; x_wconf 83' lang='lat' dir='ltr'><strong>Quod</strong></span> <span class='ocrx_word' id='word_1_180' title='bbox 1835 1969 1963 2024; x_wconf 89' lang='lat' dir='ltr'><strong>ergo</strong></span> 
     </span>
    </p>
   </div>
   <div class='ocr_carea' id='block_1_23' title="bbox 385 2042 1964 2119">
    <p class='ocr_par' dir='ltr' id='par_1_23' title="bbox 385 2042 1964 2119">
     <span class='ocr_line' id='line_1_23' title="bbox 385 2042 1964 2119; baseline -0.006 -14"><span class='ocrx_word' id='word_1_181' title='bbox 385 2051 532 2105; x_wconf 90' lang='lat' dir='ltr'><strong>idem</strong></span> <span class='ocrx_word' id='word_1_182' title='bbox 558 2050 672 2119; x_wconf 85' lang='lat' dir='ltr'><strong>ipse</strong></span> <span class='ocrx_word' id='word_1_183' title='bbox 693 2064 788 2106; x_wconf 88' lang='lat' dir='ltr'><strong>sua</strong></span> <span class='ocrx_word' id='word_1_184' title='bbox 815 2056 1083 2118; x_wconf 81' lang='lat' dir='ltr'><strong>potestate</strong></span> <span class='ocrx_word' id='word_1_185' title='bbox 1111 2056 1164 2104; x_wconf 90' lang='lat' dir='ltr'><strong>et</strong></span> <span class='ocrx_word' id='word_1_186' title='bbox 1195 2062 1292 2103; x_wconf 90' lang='lat' dir='ltr'><strong>sua</strong></span> <span class='ocrx_word' id='word_1_187' title='bbox 1319 2045 1594 2100; x_wconf 76' lang='lat' dir='ltr'><strong>voluntate</strong></span> <span class='ocrx_word' id='word_1_188' title='bbox 1618 2042 1770 2108; x_wconf 83' lang='lat' dir='ltr'><strong>facit,</strong></span> <span class='ocrx_word' id='word_1_189' title='bbox 1792 2042 1964 2097; x_wconf 82' lang='lat' dir='ltr'><strong>nulla—</strong></span> 
     </span>
    </p>
   </div>
   <div class='ocr_carea' id='block_1_24' title="bbox 387 2131 1967 2208">
    <p class='ocr_par' dir='ltr' id='par_1_24' title="bbox 387 2131 1967 2208">
     <span class='ocr_line' id='line_1_24' title="bbox 387 2131 1967 2208; baseline -0.005 -13"><span class='ocrx_word' id='word_1_190' title='bbox 387 2149 548 2196; x_wconf 85' lang='lat' dir='ltr'><strong>tenus</strong></span> <span class='ocrx_word' id='word_1_191' title='bbox 587 2141 652 2194; x_wconf 89' lang='lat' dir='ltr'><strong>ad</strong></span> <span class='ocrx_word' id='word_1_192' title='bbox 692 2139 795 2194; x_wconf 91' lang='lat' dir='ltr'><strong>hoc</strong></span> <span class='ocrx_word' id='word_1_193' title='bbox 843 2139 960 2208; x_wconf 88' lang='lat' dir='ltr'><strong>cogi</strong></span> <span class='ocrx_word' id='word_1_194' title='bbox 1003 2147 1152 2194; x_wconf 88' lang='lat' dir='ltr'><strong>recte</strong></span> <span class='ocrx_word' id='word_1_195' title='bbox 1191 2137 1299 2192; x_wconf 92' lang='lat' dir='ltr'><strong>dici</strong></span> <span class='ocrx_word' id='word_1_196' title='bbox 1341 2143 1524 2206; x_wconf 87' lang='lat' dir='ltr'><strong>potest</strong></span> <span class='ocrx_word' id='word_1_197' title='bbox 1548 2134 1664 2188; x_wconf 80' lang='grc'><strong>³³⁸³.</strong></span> <span class='ocrx_word' id='word_1_198' title='bbox 1693 2133 1818 2189; x_wconf 88' lang='grc' dir='ltr'><strong>Βοε.</strong></span> <span class='ocrx_word' id='word_1_199' title='bbox 1853 2131 1967 2188; x_wconf 89' lang='lat' dir='ltr'><strong>Hoc</strong></span> 
     </span>
    </p>
   </div>
   <div class='ocr_carea' id='block_1_25' title="bbox 391 2226 1967 2300">
    <p class='ocr_par' dir='ltr' id='par_1_25' title="bbox 391 2226 1967 2300">
     <span class='ocr_line' id='line_1_25' title="bbox 391 2226 1967 2300; baseline -0.006 -14"><span class='ocrx_word' id='word_1_200' title='bbox 391 2232 589 2296; x_wconf 85' lang='lat' dir='ltr'><strong>solum,</strong></span> <span class='ocrx_word' id='word_1_201' title='bbox 615 2231 740 2300; x_wconf 88' lang='lat' dir='ltr'><strong>quia</strong></span> <span class='ocrx_word' id='word_1_202' title='bbox 765 2229 1029 2299; x_wconf 86' lang='lat' dir='ltr'><strong>permittit</strong></span> <span class='ocrx_word' id='word_1_203' title='bbox 1054 2229 1198 2285; x_wconf 89' lang='lat' dir='ltr'><strong>Deus</strong></span> <span class='ocrx_word' id='word_1_204' title='bbox 1221 2227 1372 2283; x_wconf 89' lang='lat' dir='ltr'><strong>illum</strong></span> <span class='ocrx_word' id='word_1_205' title='bbox 1395 2227 1476 2282; x_wconf 88' lang='lat' dir='ltr'><strong>sic</strong></span> <span class='ocrx_word' id='word_1_206' title='bbox 1500 2226 1744 2291; x_wconf 86' lang='lat' dir='ltr'><strong>tractari,</strong></span> <span class='ocrx_word' id='word_1_207' title='bbox 1775 2239 1967 2294; x_wconf 90' lang='lat' dir='ltr'><strong>quam-</strong></span> 
     </span>
    </p>
   </div>
   <div class='ocr_carea' id='block_1_26' title="bbox 391 2315 1968 2386">
    <p class='ocr_par' dir='ltr' id='par_1_26' title="bbox 391 2315 1968 2386">
     <span class='ocr_line' id='line_1_26' title="bbox 391 2315 1968 2386; baseline -0.006 -8"><span class='ocrx_word' id='word_1_208' title='bbox 391 2325 474 2380; x_wconf 90' lang='lat' dir='ltr'><strong>vis</strong></span> <span class='ocrx_word' id='word_1_209' title='bbox 499 2321 797 2386; x_wconf 76' lang='lat' dir='ltr'><strong>volentem,</strong></span> <span class='ocrx_word' id='word_1_210' title='bbox 841 2336 949 2377; x_wconf 90' lang='lat' dir='ltr'><strong>non</strong></span> <span class='ocrx_word' id='word_1_211' title='bbox 985 2319 1202 2376; x_wconf 88' lang='lat' dir='ltr'><strong>videtur</strong></span> <span class='ocrx_word' id='word_1_212' title='bbox 1249 2319 1342 2374; x_wconf 91' lang='lat' dir='ltr'><strong>tali</strong></span> <span class='ocrx_word' id='word_1_213' title='bbox 1391 2319 1536 2373; x_wconf 87' lang='lat' dir='ltr'><strong>Patri</strong></span> <span class='ocrx_word' id='word_1_214' title='bbox 1587 2319 1655 2373; x_wconf 88' lang='lat' dir='ltr'><strong>de</strong></span> <span class='ocrx_word' id='word_1_215' title='bbox 1694 2315 1786 2371; x_wconf 90' lang='lat' dir='ltr'><strong>tali</strong></span> <span class='ocrx_word' id='word_1_216' title='bbox 1832 2315 1968 2370; x_wconf 85' lang='lat' dir='ltr'><strong>Filio</strong></span> 
     </span>
    </p>
   </div>
   <div class='ocr_carea' id='block_1_27' title="bbox 390 2404 1968 2467">
    <p class='ocr_par' dir='ltr' id='par_1_27' title="bbox 390 2404 1968 2467">
     <span class='ocr_line' id='line_1_27' title="bbox 390 2404 1968 2467; baseline -0.006 0"><span class='ocrx_word' id='word_1_217' title='bbox 390 2411 704 2467; x_wconf 87' lang='lat' dir='ltr'><strong>convenire.</strong></span> <span class='ocrx_word' id='word_1_218' title='bbox 728 2411 860 2467; x_wconf 75' lang='lat' dir='ltr'><strong>Ans.</strong></span> <span class='ocrx_word' id='word_1_219' title='bbox 886 2410 998 2465; x_wconf 92' lang='lat' dir='ltr'><strong>lmo</strong></span> <span class='ocrx_word' id='word_1_220' title='bbox 1017 2409 1253 2464; x_wconf 81' lang='lat' dir='ltr'><strong>maxime</strong></span> <span class='ocrx_word' id='word_1_221' title='bbox 1277 2408 1433 2464; x_wconf 87' lang='lat' dir='ltr'><strong>decet</strong></span> <span class='ocrx_word' id='word_1_222' title='bbox 1453 2407 1616 2461; x_wconf 87' lang='lat' dir='ltr'><strong>talem</strong></span> <span class='ocrx_word' id='word_1_223' title='bbox 1642 2405 1860 2460; x_wconf 89' lang='lat' dir='ltr'><strong>Patrem</strong></span> <span class='ocrx_word' id='word_1_224' title='bbox 1875 2404 1968 2459; x_wconf 90' lang='lat' dir='ltr'><strong>tali</strong></span> 
     </span>
    </p>
   </div>
   <div class='ocr_carea' id='block_1_28' title="bbox 392 2497 1968 2570">
    <p class='ocr_par' dir='ltr' id='par_1_28' title="bbox 392 2497 1968 2570">
     <span class='ocr_line' id='line_1_28' title="bbox 392 2497 1968 2570; baseline -0.004 -12"><span class='ocrx_word' id='word_1_225' title='bbox 392 2502 531 2558; x_wconf 85' lang='lat' dir='ltr'><strong>Filio</strong></span> <span class='ocrx_word' id='word_1_226' title='bbox 562 2502 898 2566; x_wconf 85' lang='lat' dir='ltr'><strong>consentire,</strong></span> <span class='ocrx_word' id='word_1_227' title='bbox 923 2501 971 2557; x_wconf 87' lang='lat' dir='ltr'><strong>si</strong></span> <span class='ocrx_word' id='word_1_228' title='bbox 1000 2499 1129 2570; x_wconf 78' lang='lat' dir='ltr'><strong>quid</strong></span> <span class='ocrx_word' id='word_1_229' title='bbox 1158 2499 1272 2554; x_wconf 92' lang='lat' dir='ltr'><strong>vult</strong></span> <span class='ocrx_word' id='word_1_230' title='bbox 1307 2498 1654 2554; x_wconf 81' lang='lat' dir='ltr'><strong>laudabiliter</strong></span> <span class='ocrx_word' id='word_1_231' title='bbox 1685 2498 1752 2552; x_wconf 86' lang='lat' dir='ltr'><strong>ad</strong></span> <span class='ocrx_word' id='word_1_232' title='bbox 1793 2497 1968 2552; x_wconf 86' lang='lat' dir='ltr'><strong>hono-</strong></span> 
     </span>
    </p>
   </div>
   <div class='ocr_carea' id='block_1_29' title="bbox 395 2585 1972 2658">
    <p class='ocr_par' dir='ltr' id='par_1_29' title="bbox 395 2585 1972 2658">
     <span class='ocr_line' id='line_1_29' title="bbox 395 2585 1972 2658; baseline -0.006 -10"><span class='ocrx_word' id='word_1_233' title='bbox 395 2607 512 2648; x_wconf 85' lang='lat' dir='ltr'><strong>rem</strong></span> <span class='ocrx_word' id='word_1_234' title='bbox 541 2593 662 2658; x_wconf 87' lang='lat' dir='ltr'><strong>Dei,</strong></span> <span class='ocrx_word' id='word_1_235' title='bbox 691 2602 749 2647; x_wconf 92' lang='lat' dir='ltr'><strong>e-t</strong></span> <span class='ocrx_word' id='word_1_236' title='bbox 790 2591 997 2647; x_wconf 84' lang='lat' dir='ltr'><strong>utiliter</strong></span> <span class='ocrx_word' id='word_1_237' title='bbox 1029 2592 1098 2645; x_wconf 86' lang='lat' dir='ltr'><strong>ad</strong></span> <span class='ocrx_word' id='word_1_238' title='bbox 1127 2589 1357 2644; x_wconf 87' lang='lat' dir='ltr'><strong>salutem</strong></span> <span class='ocrx_word' id='word_1_239' title='bbox 1390 2589 1690 2653; x_wconf 86' lang='lat' dir='ltr'><strong>hominum,</strong></span> <span class='ocrx_word' id='word_1_240' title='bbox 1721 2601 1841 2656; x_wconf 64' lang='lat' dir='ltr'><strong>quae</strong></span> <span class='ocrx_word' id='word_1_241' title='bbox 1873 2585 1972 2640; x_wconf 88' lang='lat' dir='ltr'><strong>ali-</strong></span> 
     </span>
    </p>
   </div>
   <div class='ocr_carea' id='block_1_30' title="bbox 396 2680 1968 2753">
    <p class='ocr_par' dir='ltr' id='par_1_30' title="bbox 396 2680 1968 2753">
     <span class='ocr_line' id='line_1_30' title="bbox 396 2680 1968 2753; baseline -0.004 -15"><span class='ocrx_word' id='word_1_242' title='bbox 396 2697 478 2741; x_wconf 88' lang='lat' dir='ltr'><strong>tcr</strong></span> <span class='ocrx_word' id='word_1_243' title='bbox 498 2685 594 2717; x_wconf 68' lang='lat' dir='ltr'><strong>&#39;m</strong></span> <span class='ocrx_word' id='word_1_244' title='bbox 623 2683 737 2739; x_wconf 82' lang='lat' dir='ltr'><strong>fieri</strong></span> <span class='ocrx_word' id='word_1_245' title='bbox 765 2698 873 2739; x_wconf 91' lang='lat' dir='ltr'><strong>non</strong></span> <span class='ocrx_word' id='word_1_246' title='bbox 902 2683 1095 2753; x_wconf 92' lang='lat' dir='ltr'><strong>potuit.</strong></span> <span class='ocrx_word' id='word_1_247' title='bbox 1119 2681 1244 2736; x_wconf 89' lang='lat' dir='ltr'><strong>Bos.</strong></span> <span class='ocrx_word' id='word_1_248' title='bbox 1271 2680 1328 2736; x_wconf 92' lang='lat' dir='ltr'><strong>ln</strong></span> <span class='ocrx_word' id='word_1_249' title='bbox 1351 2681 1455 2736; x_wconf 89' lang='lat' dir='ltr'><strong>hoc</strong></span> <span class='ocrx_word' id='word_1_250' title='bbox 1475 2680 1650 2735; x_wconf 89' lang='lat' dir='ltr'><strong>adhuc</strong></span> <span class='ocrx_word' id='word_1_251' title='bbox 1667 2693 1968 2744; x_wconf 85' lang='lat' dir='ltr'><strong>versamur,</strong></span> 
     </span>
    </p>
   </div>
   <div class='ocr_carea' id='block_1_31' title="bbox 395 2771 1974 2846">
    <p class='ocr_par' dir='ltr' id='par_1_31' title="bbox 395 2771 1974 2846">
     <span class='ocr_line' id='line_1_31' title="bbox 395 2771 1974 2846; baseline -0.003 -17"><span class='ocrx_word' id='word_1_252' title='bbox 395 2776 629 2846; x_wconf 83' lang='lat' dir='ltr'><strong>qualiter</strong></span> <span class='ocrx_word' id='word_1_253' title='bbox 658 2790 807 2831; x_wconf 83' lang='lat' dir='ltr'><strong>mors</strong></span> <span class='ocrx_word' id='word_1_254' title='bbox 853 2774 946 2829; x_wconf 92' lang='lat' dir='ltr'><strong>illa</strong></span> <span class='ocrx_word' id='word_1_255' title='bbox 988 2772 1327 2829; x_wconf 84' lang='lat' dir='ltr'><strong>rationabilis</strong></span> <span class='ocrx_word' id='word_1_256' title='bbox 1366 2781 1423 2827; x_wconf 91' lang='lat' dir='ltr'><strong>et</strong></span> <span class='ocrx_word' id='word_1_257' title='bbox 1465 2771 1773 2828; x_wconf 88' lang='lat' dir='ltr'><strong>necessaria</strong></span> <span class='ocrx_word' id='word_1_258' title='bbox 1816 2785 1974 2825; x_wconf 88' lang='lat' dir='ltr'><strong>mon-</strong></span> 
     </span>
    </p>
   </div>
   <div class='ocr_carea' id='block_1_32' title="bbox 393 2861 1973 2936">
    <p class='ocr_par' dir='ltr' id='par_1_32' title="bbox 393 2861 1973 2936">
     <span class='ocr_line' id='line_1_32' title="bbox 393 2861 1973 2936; baseline -0.004 -15"><span class='ocrx_word' id='word_1_259' title='bbox 393 2867 556 2921; x_wconf 89' lang='lat' dir='ltr'><strong>strari</strong></span> <span class='ocrx_word' id='word_1_260' title='bbox 587 2866 780 2936; x_wconf 90' lang='lat' dir='ltr'><strong>possit.</strong></span> <span class='ocrx_word' id='word_1_261' title='bbox 832 2865 1005 2920; x_wconf 81' lang='lat' dir='ltr'><strong>Aliter</strong></span> <span class='ocrx_word' id='word_1_262' title='bbox 1055 2879 1291 2934; x_wconf 87' lang='lat' dir='ltr'><strong>namque</strong></span> <span class='ocrx_word' id='word_1_263' title='bbox 1332 2877 1434 2919; x_wconf 89' lang='lat' dir='ltr'><strong>nec</strong></span> <span class='ocrx_word' id='word_1_264' title='bbox 1479 2863 1595 2933; x_wconf 89' lang='lat' dir='ltr'><strong>ipse</strong></span> <span class='ocrx_word' id='word_1_265' title='bbox 1636 2861 1808 2918; x_wconf 90' lang='lat' dir='ltr'><strong>Filius</strong></span> <span class='ocrx_word' id='word_1_266' title='bbox 1851 2874 1973 2916; x_wconf 91' lang='lat' dir='ltr'><strong>eam</strong></span> 
     </span>
    </p>
   </div>
   <div class='ocr_carea' id='block_1_33' title="bbox 2048 416 3624 486">
    <p class='ocr_par' dir='ltr' id='par_1_33' title="bbox 2048 416 3624 486">
     <span class='ocr_line' id='line_1_33' title="bbox 2048 416 3624 486; baseline 0.003 -14"><span class='ocrx_word' id='word_1_267' title='bbox 2048 425 2263 486; x_wconf 83' lang='lat' dir='ltr'><strong>sumpto</strong></span> <span class='ocrx_word' id='word_1_268' title='bbox 2291 417 2508 472; x_wconf 89' lang='lat' dir='ltr'><strong>homine</strong></span> <span class='ocrx_word' id='word_1_269' title='bbox 2541 418 2818 473; x_wconf 85' lang='lat' dir='ltr'><strong>credimus</strong></span> <span class='ocrx_word' id='word_1_270' title='bbox 2854 417 3083 486; x_wconf 81' lang='lat' dir='ltr'><strong>quaestio</strong></span> <span class='ocrx_word' id='word_1_271' title='bbox 3113 426 3212 471; x_wconf 90' lang='lat' dir='ltr'><strong>est.</strong></span> <span class='ocrx_word' id='word_1_272' title='bbox 3255 416 3378 472; x_wconf 87' lang='lat' dir='ltr'><strong>Bos.</strong></span> <span class='ocrx_word' id='word_1_273' title='bbox 3413 419 3488 473; x_wconf 81' lang='lat' dir='ltr'><strong>Ita</strong></span> <span class='ocrx_word' id='word_1_274' title='bbox 3519 431 3624 476; x_wconf 92' lang='lat' dir='ltr'><strong>est.</strong></span> 
     </span>
    </p>
   </div>
   <div class='ocr_carea' id='block_1_34' title="bbox 2049 506 3629 579">
    <p class='ocr_par' dir='ltr' id='par_1_34' title="bbox 2049 506 3629 579">
     <span class='ocr_line' id='line_1_34' title="bbox 2049 506 3629 579; baseline 0.004 -19"><span class='ocrx_word' id='word_1_275' title='bbox 2049 506 2178 560; x_wconf 72' lang='lat' dir='ltr'><strong>ANS.</strong></span> <span class='ocrx_word' id='word_1_276' title='bbox 2211 506 2485 562; x_wconf 88' lang='lat' dir='ltr'><strong>Ponamus</strong></span> <span class='ocrx_word' id='word_1_277' title='bbox 2521 521 2650 577; x_wconf 83' lang='lat' dir='ltr'><strong>ergo</strong></span> <span class='ocrx_word' id='word_1_278' title='bbox 2699 507 2794 561; x_wconf 89' lang='lat' dir='ltr'><strong>Dei</strong></span> <span class='ocrx_word' id='word_1_279' title='bbox 2840 507 3294 571; x_wconf 84' lang='lat' dir='ltr'><strong>incarnationem,</strong></span> <span class='ocrx_word' id='word_1_280' title='bbox 3327 518 3380 563; x_wconf 85' lang='lat' dir='ltr'><strong>et</strong></span> <span class='ocrx_word' id='word_1_281' title='bbox 3412 524 3531 579; x_wconf 83' lang='lat' dir='ltr'><strong>quae</strong></span> <span class='ocrx_word' id='word_1_282' title='bbox 3562 513 3629 567; x_wconf 90' lang='lat' dir='ltr'><strong>dc</strong></span> 
     </span>
    </p>
   </div>
   <div class='ocr_carea' id='block_1_35' title="bbox 2051 597 3628 668">
    <p class='ocr_par' dir='ltr' id='par_1_35' title="bbox 2051 597 3628 668">
     <span class='ocr_line' id='line_1_35' title="bbox 2051 597 3628 668; baseline 0.006 -18"><span class='ocrx_word' id='word_1_283' title='bbox 2051 597 2141 652; x_wconf 89' lang='lat' dir='ltr'><strong>illo</strong></span> <span class='ocrx_word' id='word_1_284' title='bbox 2169 597 2401 654; x_wconf 91' lang='lat' dir='ltr'><strong>dicimus</strong></span> <span class='ocrx_word' id='word_1_285' title='bbox 2421 598 2663 663; x_wconf 84' lang='lat' dir='ltr'><strong>homine,</strong></span> <span class='ocrx_word' id='word_1_286' title='bbox 2691 613 2965 668; x_wconf 87' lang='lat' dir='ltr'><strong>nunquam</strong></span> <span class='ocrx_word' id='word_1_287' title='bbox 2992 597 3158 654; x_wconf 84' lang='lat' dir='ltr'><strong>fuisse</strong></span> <span class='ocrx_word' id='word_1_288' title='bbox 3190 619 3204 653; x_wconf 84' lang='grc'>;</span> <span class='ocrx_word' id='word_1_289' title='bbox 3234 608 3290 656; x_wconf 89' lang='grc' dir='ltr'><strong>ει</strong></span> <span class='ocrx_word' id='word_1_290' title='bbox 3313 609 3522 656; x_wconf 84' lang='lat' dir='ltr'><strong>constet</strong></span> <span class='ocrx_word' id='word_1_291' title='bbox 3547 603 3628 659; x_wconf 87' lang='lat' dir='ltr'><strong>in-</strong></span> 
     </span>
    </p>
   </div>
   <div class='ocr_carea' id='block_1_36' title="bbox 2053 689 3633 764">
    <p class='ocr_par' dir='ltr' id='par_1_36' title="bbox 2053 689 3633 764">
     <span class='ocr_line' id='line_1_36' title="bbox 2053 689 3633 764; baseline 0.003 -22"><span class='ocrx_word' id='word_1_292' title='bbox 2053 697 2134 744; x_wconf 92' lang='lat' dir='ltr'><strong>ter</strong></span> <span class='ocrx_word' id='word_1_293' title='bbox 2156 703 2253 743; x_wconf 83' lang='lat' dir='ltr'><strong>nos</strong></span> <span class='ocrx_word' id='word_1_294' title='bbox 2279 689 2554 744; x_wconf 88' lang='lat' dir='ltr'><strong>hominem</strong></span> <span class='ocrx_word' id='word_1_295' title='bbox 2587 704 2709 745; x_wconf 90' lang='lat' dir='ltr'><strong>esse</strong></span> <span class='ocrx_word' id='word_1_296' title='bbox 2737 689 2936 744; x_wconf 88' lang='lat' dir='ltr'><strong>factum</strong></span> <span class='ocrx_word' id='word_1_297' title='bbox 2967 690 3034 745; x_wconf 86' lang='lat' dir='ltr'><strong>ad</strong></span> <span class='ocrx_word' id='word_1_298' title='bbox 3063 691 3481 756; x_wconf 88' lang='lat' dir='ltr'><strong>beatitudinem,</strong></span> <span class='ocrx_word' id='word_1_299' title='bbox 3509 709 3633 764; x_wconf 62' lang='lat' dir='ltr'><strong>quas</strong></span> 
     </span>
    </p>
   </div>
   <div class='ocr_carea' id='block_1_37' title="bbox 2052 779 3633 852">
    <p class='ocr_par' dir='ltr' id='par_1_37' title="bbox 2052 779 3633 852">
     <span class='ocr_line' id='line_1_37' title="bbox 2052 779 3633 852; baseline 0.002 -18"><span class='ocrx_word' id='word_1_300' title='bbox 2052 780 2104 834; x_wconf 91' lang='lat' dir='ltr'><strong>in</strong></span> <span class='ocrx_word' id='word_1_301' title='bbox 2144 781 2246 834; x_wconf 87' lang='lat' dir='ltr'><strong>hac</strong></span> <span class='ocrx_word' id='word_1_302' title='bbox 2275 780 2386 834; x_wconf 91' lang='lat' dir='ltr'><strong>vita</strong></span> <span class='ocrx_word' id='word_1_303' title='bbox 2424 779 2612 835; x_wconf 90' lang='lat' dir='ltr'><strong>haberi</strong></span> <span class='ocrx_word' id='word_1_304' title='bbox 2653 793 2760 835; x_wconf 90' lang='lat' dir='ltr'><strong>non</strong></span> <span class='ocrx_word' id='word_1_305' title='bbox 2790 789 2995 848; x_wconf 81' lang='lat' dir='ltr'><strong>potest;</strong></span> <span class='ocrx_word' id='word_1_306' title='bbox 3040 795 3140 836; x_wconf 91' lang='lat' dir='ltr'><strong>nec</strong></span> <span class='ocrx_word' id='word_1_307' title='bbox 3181 781 3247 834; x_wconf 86' lang='lat' dir='ltr'><strong>ad</strong></span> <span class='ocrx_word' id='word_1_308' title='bbox 3283 780 3429 835; x_wconf 91' lang='lat' dir='ltr'><strong>illam</strong></span> <span class='ocrx_word' id='word_1_309' title='bbox 3472 796 3633 852; x_wconf 88' lang='lat' dir='ltr'><strong>posse</strong></span> 
     </span>
    </p>
   </div>
   <div class='ocr_carea' id='block_1_38' title="bbox 2051 871 3631 943">
    <p class='ocr_par' dir='ltr' id='par_1_38' title="bbox 2051 871 3631 943">
     <span class='ocr_line' id='line_1_38' title="bbox 2051 871 3631 943; baseline 0.001 -16"><span class='ocrx_word' id='word_1_310' title='bbox 2051 873 2340 943; x_wconf 81' lang='lat' dir='ltr'><strong>pervenire</strong></span> <span class='ocrx_word' id='word_1_311' title='bbox 2389 886 2739 942; x_wconf 89' lang='lat' dir='ltr'><strong>quemquam,</strong></span> <span class='ocrx_word' id='word_1_312' title='bbox 2779 871 2889 927; x_wconf 86' lang='lat' dir='ltr'><strong>nisi</strong></span> <span class='ocrx_word' id='word_1_313' title='bbox 2929 871 3170 927; x_wconf 90' lang='lat' dir='ltr'><strong>dimissis</strong></span> <span class='ocrx_word' id='word_1_314' title='bbox 3216 874 3486 942; x_wconf 88' lang='lat' dir='ltr'><strong>peccatis;</strong></span> <span class='ocrx_word' id='word_1_315' title='bbox 3532 888 3631 930; x_wconf 90' lang='lat' dir='ltr'><strong>nec</strong></span> 
     </span>
    </p>
   </div>
   <div class='ocr_carea' id='block_1_39' title="bbox 2051 969 3626 1042">
    <p class='ocr_par' dir='ltr' id='par_1_39' title="bbox 2051 969 3626 1042">
     <span class='ocr_line' id='line_1_39' title="bbox 2051 969 3626 1042; baseline 0.003 -18"><span class='ocrx_word' id='word_1_316' title='bbox 2051 970 2218 1024; x_wconf 90' lang='lat' dir='ltr'><strong>ullum</strong></span> <span class='ocrx_word' id='word_1_317' title='bbox 2262 969 2540 1024; x_wconf 90' lang='lat' dir='ltr'><strong>hominem</strong></span> <span class='ocrx_word' id='word_1_318' title='bbox 2573 969 2714 1024; x_wconf 90' lang='lat' dir='ltr'><strong>hanc</strong></span> <span class='ocrx_word' id='word_1_319' title='bbox 2744 969 2912 1024; x_wconf 90' lang='lat' dir='ltr'><strong>vitam</strong></span> <span class='ocrx_word' id='word_1_320' title='bbox 2944 971 3178 1025; x_wconf 88' lang='lat' dir='ltr'><strong>transire</strong></span> <span class='ocrx_word' id='word_1_321' title='bbox 3212 971 3332 1027; x_wconf 91' lang='lat' dir='ltr'><strong>sine</strong></span> <span class='ocrx_word' id='word_1_322' title='bbox 3366 982 3626 1042; x_wconf 90' lang='lat' dir='ltr'><strong>peccato:</strong></span> 
     </span>
    </p>
   </div>
   <div class='ocr_carea' id='block_1_40' title="bbox 2052 1059 3630 1132">
    <p class='ocr_par' dir='ltr' id='par_1_40' title="bbox 2052 1059 3630 1132">
     <span class='ocr_line' id='line_1_40' title="bbox 2052 1059 3630 1132; baseline 0.001 -16"><span class='ocrx_word' id='word_1_323' title='bbox 2052 1070 2107 1116; x_wconf 90' lang='lat' dir='ltr'><strong>et</strong></span> <span class='ocrx_word' id='word_1_324' title='bbox 2127 1061 2230 1116; x_wconf 92' lang='lat' dir='ltr'><strong>alia</strong></span> <span class='ocrx_word' id='word_1_325' title='bbox 2257 1076 2484 1132; x_wconf 87' lang='lat' dir='ltr'><strong>quorum</strong></span> <span class='ocrx_word' id='word_1_326' title='bbox 2522 1060 2656 1116; x_wconf 82' lang='lat' dir='ltr'><strong>ﬁdes</strong></span> <span class='ocrx_word' id='word_1_327' title='bbox 2687 1061 2753 1114; x_wconf 93' lang='lat' dir='ltr'><strong>ad</strong></span> <span class='ocrx_word' id='word_1_328' title='bbox 2783 1059 3010 1114; x_wconf 89' lang='lat' dir='ltr'><strong>salutem</strong></span> <span class='ocrx_word' id='word_1_329' title='bbox 3040 1068 3300 1115; x_wconf 64' lang='lat' dir='ltr'><strong>aeternam</strong></span> <span class='ocrx_word' id='word_1_330' title='bbox 3324 1063 3630 1118; x_wconf 88' lang='lat' dir='ltr'><strong>necessaria</strong></span> 
     </span>
    </p>
   </div>
   <div class='ocr_carea' id='block_1_41' title="bbox 2053 1151 3633 1221">
    <p class='ocr_par' dir='ltr' id='par_1_41' title="bbox 2053 1151 3633 1221">
     <span class='ocr_line' id='line_1_41' title="bbox 2053 1151 3633 1221; baseline 0.001 -13"><span class='ocrx_word' id='word_1_331' title='bbox 2053 1161 2153 1208; x_wconf 90' lang='lat' dir='ltr'><strong>est.</strong></span> <span class='ocrx_word' id='word_1_332' title='bbox 2185 1153 2309 1208; x_wconf 84' lang='lat' dir='ltr'><strong>Bos.</strong></span> <span class='ocrx_word' id='word_1_333' title='bbox 2331 1152 2410 1207; x_wconf 89' lang='lat' dir='ltr'><strong>ita</strong></span> <span class='ocrx_word' id='word_1_334' title='bbox 2441 1152 2562 1218; x_wconf 79' lang='lat' dir='ltr'><strong>fiat;</strong></span> <span class='ocrx_word' id='word_1_335' title='bbox 2592 1151 2719 1221; x_wconf 89' lang='lat' dir='ltr'><strong>quia</strong></span> <span class='ocrx_word' id='word_1_336' title='bbox 2747 1151 2883 1206; x_wconf 85' lang='lat' dir='ltr'><strong>nihil</strong></span> <span class='ocrx_word' id='word_1_337' title='bbox 2914 1151 2966 1205; x_wconf 93' lang='lat' dir='ltr'><strong>in</strong></span> <span class='ocrx_word' id='word_1_338' title='bbox 3000 1152 3084 1207; x_wconf 92' lang='lat' dir='ltr'><strong>his</strong></span> <span class='ocrx_word' id='word_1_339' title='bbox 3111 1153 3518 1220; x_wconf 84' lang='lat' dir='ltr'><strong>inconveniens,</strong></span> <span class='ocrx_word' id='word_1_340' title='bbox 3541 1165 3633 1211; x_wconf 91' lang='lat' dir='ltr'><strong>aut</strong></span> 
     </span>
    </p>
   </div>
   <div class='ocr_carea' id='block_1_42' title="bbox 2055 1239 3636 1316">
    <p class='ocr_par' dir='ltr' id='par_1_42' title="bbox 2055 1239 3636 1316">
     <span class='ocr_line' id='line_1_42' title="bbox 2055 1239 3636 1316; baseline 0.001 -18"><span class='ocrx_word' id='word_1_341' title='bbox 2055 1242 2392 1314; x_wconf 85' lang='lat' dir='ltr'><strong>impossibile</strong></span> <span class='ocrx_word' id='word_1_342' title='bbox 2425 1241 2538 1297; x_wconf 92' lang='lat' dir='ltr'><strong>Deo</strong></span> <span class='ocrx_word' id='word_1_343' title='bbox 2568 1242 2801 1296; x_wconf 89' lang='lat' dir='ltr'><strong>videtur.</strong></span> <span class='ocrx_word' id='word_1_344' title='bbox 2839 1242 2971 1295; x_wconf 72' lang='lat' dir='ltr'><strong>Ass.</strong></span> <span class='ocrx_word' id='word_1_345' title='bbox 3009 1239 3328 1297; x_wconf 81' lang='lat' dir='ltr'><strong>Necessaria</strong></span> <span class='ocrx_word' id='word_1_346' title='bbox 3359 1254 3441 1298; x_wconf 91' lang='lat' dir='ltr'><strong>est</strong></span> <span class='ocrx_word' id='word_1_347' title='bbox 3468 1245 3636 1316; x_wconf 81' lang='lat' dir='ltr'><strong>igitur</strong></span> 
     </span>
    </p>
   </div>
   <div class='ocr_carea' id='block_1_43' title="bbox 2055 1333 3635 1402">
    <p class='ocr_par' dir='ltr' id='par_1_43' title="bbox 2055 1333 3635 1402">
     <span class='ocr_line' id='line_1_43' title="bbox 2055 1333 3635 1402; baseline 0.003 -15"><span class='ocrx_word' id='word_1_348' title='bbox 2055 1333 2258 1388; x_wconf 90' lang='lat' dir='ltr'><strong>homini</strong></span> <span class='ocrx_word' id='word_1_349' title='bbox 2313 1341 2658 1402; x_wconf 84' lang='lat' dir='ltr'><strong>peccatorum</strong></span> <span class='ocrx_word' id='word_1_350' title='bbox 2711 1333 2980 1395; x_wconf 85' lang='lat' dir='ltr'><strong>remissio,</strong></span> <span class='ocrx_word' id='word_1_351' title='bbox 3030 1341 3089 1386; x_wconf 91' lang='lat' dir='ltr'><strong>ut</strong></span> <span class='ocrx_word' id='word_1_352' title='bbox 3134 1333 3200 1388; x_wconf 90' lang='lat' dir='ltr'><strong>ad</strong></span> <span class='ocrx_word' id='word_1_353' title='bbox 3245 1335 3635 1393; x_wconf 86' lang='lat' dir='ltr'><strong>beatitudinem</strong></span> 
     </span>
    </p>
   </div>
   <div class='ocr_carea' id='block_1_44' title="bbox 2057 1425 3146 1496">
    <p class='ocr_par' dir='ltr' id='par_1_44' title="bbox 2057 1425 3146 1496">
     <span class='ocr_line' id='line_1_44' title="bbox 2057 1425 3146 1496; baseline 0.003 -16"><span class='ocrx_word' id='word_1_354' title='bbox 2057 1426 2355 1496; x_wconf 86' lang='lat' dir='ltr'><strong>perveniat.</strong></span> <span class='ocrx_word' id='word_1_355' title='bbox 2384 1425 2508 1481; x_wconf 88' lang='lat' dir='ltr'><strong>Bos.</strong></span> <span class='ocrx_word' id='word_1_356' title='bbox 2537 1425 2628 1481; x_wconf 89' lang='lat' dir='ltr'><strong>Sic</strong></span> <span class='ocrx_word' id='word_1_357' title='bbox 2659 1441 2849 1481; x_wconf 88' lang='lat' dir='ltr'><strong>omnes</strong></span> <span class='ocrx_word' id='word_1_358' title='bbox 2879 1436 3146 1483; x_wconf 89' lang='lat' dir='ltr'><strong>tenemus.</strong></span> 
     </span>
    </p>
   </div>
   <div class='ocr_carea' id='block_1_45' title="bbox 2665 1514 3025 1572">
    <p class='ocr_par' dir='ltr' id='par_1_45' title="bbox 2665 1514 3025 1572">
     <span class='ocr_line' id='line_1_45' title="bbox 2665 1514 3025 1572; baseline 0 0"><span class='ocrx_word' id='word_1_359' title='bbox 2665 1514 2895 1572; x_wconf 82' lang='lat' dir='ltr'><strong>CAPUT</strong></span> <span class='ocrx_word' id='word_1_360' title='bbox 2935 1517 3025 1572; x_wconf 81' lang='lat' dir='ltr'><strong>XI.</strong></span> 
     </span>
    </p>
   </div>
   <div class='ocr_carea' id='block_1_46' title="bbox 2205 1605 3493 1679">
    <p class='ocr_par' dir='ltr' id='par_1_46' title="bbox 2205 1605 3493 1679">
     <span class='ocr_line' id='line_1_46' title="bbox 2205 1605 3493 1679; baseline 0.005 -21"><span class='ocrx_word' id='word_1_361' title='bbox 2205 1605 2344 1672; x_wconf 82' lang='lat' dir='ltr'><strong>Quid</strong></span> <span class='ocrx_word' id='word_1_362' title='bbox 2372 1606 2438 1660; x_wconf 82' lang='lat' dir='ltr'><strong>sit</strong></span> <span class='ocrx_word' id='word_1_363' title='bbox 2463 1621 2698 1675; x_wconf 83' lang='lat' dir='ltr'><strong>peccare,</strong></span> <span class='ocrx_word' id='word_1_364' title='bbox 2725 1617 2773 1661; x_wconf 86' lang='lat' dir='ltr'><strong>et</strong></span> <span class='ocrx_word' id='word_1_365' title='bbox 2796 1624 2890 1677; x_wconf 85' lang='lat' dir='ltr'><strong>pro</strong></span> <span class='ocrx_word' id='word_1_366' title='bbox 2919 1619 3131 1678; x_wconf 83' lang='lat' dir='ltr'><strong>peccato</strong></span> <span class='ocrx_word' id='word_1_367' title='bbox 3169 1609 3493 1679; x_wconf 78' lang='lat' dir='ltr'><strong>satisfacere.</strong></span> 
     </span>
    </p>
   </div>
   <div class='ocr_carea' id='block_1_47' title="bbox 2135 1693 3636 1766">
    <p class='ocr_par' dir='ltr' id='par_1_47' title="bbox 2135 1693 3636 1766">
     <span class='ocr_line' id='line_1_47' title="bbox 2135 1693 3636 1766; baseline 0.004 -18"><span class='ocrx_word' id='word_1_368' title='bbox 2135 1695 2262 1750; x_wconf 62' lang='lat' dir='ltr'><strong>Axs.</strong></span> <span class='ocrx_word' id='word_1_369' title='bbox 2299 1693 2658 1760; x_wconf 69' lang='lat' dir='ltr'><strong>Quaerendum</strong></span> <span class='ocrx_word' id='word_1_370' title='bbox 2688 1705 2773 1750; x_wconf 91' lang='lat' dir='ltr'><strong>est</strong></span> <span class='ocrx_word' id='word_1_371' title='bbox 2809 1696 2974 1765; x_wconf 84' lang='lat' dir='ltr'><strong>igitur</strong></span> <span class='ocrx_word' id='word_1_372' title='bbox 2995 1712 3102 1766; x_wconf 92' lang='lat' dir='ltr'><strong>qua</strong></span> <span class='ocrx_word' id='word_1_373' title='bbox 3132 1699 3345 1754; x_wconf 87' lang='lat' dir='ltr'><strong>ratione</strong></span> <span class='ocrx_word' id='word_1_374' title='bbox 3385 1699 3528 1754; x_wconf 91' lang='lat' dir='ltr'><strong>Deus</strong></span> <span class='ocrx_word' id='word_1_375' title='bbox 3555 1698 3636 1754; x_wconf 86' lang='lat' dir='ltr'><strong>di-</strong></span> 
     </span>
    </p>
   </div>
   <div class='ocr_carea' id='block_1_48' title="bbox 2066 1782 3642 1852">
    <p class='ocr_par' dir='ltr' id='par_1_48' title="bbox 2066 1782 3642 1852">
     <span class='ocr_line' id='line_1_48' title="bbox 2066 1782 3642 1852; baseline 0.004 -16"><span class='ocrx_word' id='word_1_376' title='bbox 2066 1782 2244 1838; x_wconf 86' lang='lat' dir='ltr'><strong>mittat</strong></span> <span class='ocrx_word' id='word_1_377' title='bbox 2284 1783 2378 1814; x_wconf 81' lang='lat'><strong>””</strong></span> <span class='ocrx_word' id='word_1_378' title='bbox 2408 1790 2631 1852; x_wconf 91' lang='lat' dir='ltr'><strong>peccata</strong></span> <span class='ocrx_word' id='word_1_379' title='bbox 2662 1782 2970 1840; x_wconf 87' lang='lat' dir='ltr'><strong>hominibus</strong></span> <span class='ocrx_word' id='word_1_380' title='bbox 3009 1803 3023 1839; x_wconf 89' lang='lat'><strong>:</strong></span> <span class='ocrx_word' id='word_1_381' title='bbox 3056 1795 3114 1841; x_wconf 92' lang='lat' dir='ltr'><strong>et</strong></span> <span class='ocrx_word' id='word_1_382' title='bbox 3155 1796 3214 1841; x_wconf 91' lang='lat' dir='ltr'><strong>ut</strong></span> <span class='ocrx_word' id='word_1_383' title='bbox 3245 1787 3348 1842; x_wconf 88' lang='lat' dir='ltr'><strong>hoc</strong></span> <span class='ocrx_word' id='word_1_384' title='bbox 3375 1785 3642 1843; x_wconf 79' lang='lat' dir='ltr'><strong>faciamus</strong></span> 
     </span>
    </p>
   </div>
   <div class='ocr_carea' id='block_1_49' title="bbox 2065 1871 3646 1944">
    <p class='ocr_par' dir='ltr' id='par_1_49' title="bbox 2065 1871 3646 1944">
     <span class='ocr_line' id='line_1_49' title="bbox 2065 1871 3646 1944; baseline 0.005 -21"><span class='ocrx_word' id='word_1_385' title='bbox 2065 1872 2160 1904; x_wconf 74' lang='grc'><strong><em>³³⁹⁶</em></strong></span> <span class='ocrx_word' id='word_1_386' title='bbox 2181 1871 2446 1941; x_wconf 87' lang='lat' dir='ltr'><strong>apertius,</strong></span> <span class='ocrx_word' id='word_1_387' title='bbox 2466 1871 2620 1940; x_wconf 89' lang='lat' dir='ltr'><strong>prius</strong></span> <span class='ocrx_word' id='word_1_388' title='bbox 2639 1871 2922 1928; x_wconf 84' lang='lat' dir='ltr'><strong>videamus</strong></span> <span class='ocrx_word' id='word_1_389' title='bbox 2937 1874 3064 1943; x_wconf 91' lang='lat' dir='ltr'><strong>quid</strong></span> <span class='ocrx_word' id='word_1_390' title='bbox 3088 1874 3154 1928; x_wconf 93' lang='lat' dir='ltr'><strong>sit</strong></span> <span class='ocrx_word' id='word_1_391' title='bbox 3177 1888 3424 1943; x_wconf 81' lang='lat' dir='ltr'><strong>peccare,</strong></span> <span class='ocrx_word' id='word_1_392' title='bbox 3446 1883 3501 1930; x_wconf 92' lang='lat' dir='ltr'><strong>et</strong></span> <span class='ocrx_word' id='word_1_393' title='bbox 3515 1876 3646 1944; x_wconf 89' lang='lat' dir='ltr'><strong>quid</strong></span> 
     </span>
    </p>
   </div>
   <div class='ocr_carea' id='block_1_50' title="bbox 2065 1958 3738 2032">
    <p class='ocr_par' dir='ltr' id='par_1_50' title="bbox 2065 1958 3738 2032">
     <span class='ocr_line' id='line_1_50' title="bbox 2065 1958 3738 2032; baseline 0.004 -19"><span class='ocrx_word' id='word_1_394' title='bbox 2065 1977 2164 2032; x_wconf 88' lang='lat' dir='ltr'><strong>pro</strong></span> <span class='ocrx_word' id='word_1_395' title='bbox 2196 1971 2421 2031; x_wconf 88' lang='lat' dir='ltr'><strong>peccato</strong></span> <span class='ocrx_word' id='word_1_396' title='bbox 2458 1961 2553 1993; x_wconf 69' lang='grc' dir='ltr'><strong>⁸³η</strong></span> <span class='ocrx_word' id='word_1_397' title='bbox 2593 1958 2934 2016; x_wconf 90' lang='lat' dir='ltr'><strong>satisfacere.</strong></span> <span class='ocrx_word' id='word_1_398' title='bbox 2978 1961 3104 2017; x_wconf 90' lang='lat' dir='ltr'><strong>Bos.</strong></span> <span class='ocrx_word' id='word_1_399' title='bbox 3146 1960 3320 2017; x_wconf 90' lang='lat' dir='ltr'><strong>Tuum</strong></span> <span class='ocrx_word' id='word_1_400' title='bbox 3351 1973 3434 2018; x_wconf 90' lang='lat' dir='ltr'><strong>est</strong></span> <span class='ocrx_word' id='word_1_401' title='bbox 3461 1973 3644 2018; x_wconf 87' lang='lat' dir='ltr'><strong>osten-</strong></span> <span class='ocrx_word' id='word_1_402' title='bbox 3733 1962 3738 1967; x_wconf 89' lang='grc'><strong>’</strong></span> 
     </span>
    </p>
   </div>
   <div class='ocr_carea' id='block_1_51' title="bbox 2068 2050 3648 2124">
    <p class='ocr_par' dir='ltr' id='par_1_51' title="bbox 2068 2050 3648 2124">
     <span class='ocr_line' id='line_1_51' title="bbox 2068 2050 3648 2124; baseline 0.003 -18"><span class='ocrx_word' id='word_1_403' title='bbox 2068 2052 2217 2115; x_wconf 91' lang='lat' dir='ltr'><strong>dere,</strong></span> <span class='ocrx_word' id='word_1_404' title='bbox 2250 2059 2304 2105; x_wconf 92' lang='lat' dir='ltr'><strong>et</strong></span> <span class='ocrx_word' id='word_1_405' title='bbox 2335 2065 2515 2106; x_wconf 90' lang='lat' dir='ltr'><strong>meum</strong></span> <span class='ocrx_word' id='word_1_406' title='bbox 2558 2050 2859 2106; x_wconf 89' lang='lat' dir='ltr'><strong>intendere.</strong></span> <span class='ocrx_word' id='word_1_407' title='bbox 2889 2050 3017 2106; x_wconf 73' lang='lat' dir='ltr'><strong>Ans.</strong></span> <span class='ocrx_word' id='word_1_408' title='bbox 3056 2050 3114 2107; x_wconf 91' lang='lat' dir='ltr'><strong>Si</strong></span> <span class='ocrx_word' id='word_1_409' title='bbox 3143 2053 3366 2124; x_wconf 83' lang='lat' dir='ltr'><strong>angelus</strong></span> <span class='ocrx_word' id='word_1_410' title='bbox 3396 2063 3452 2108; x_wconf 90' lang='lat' dir='ltr'><strong>et</strong></span> <span class='ocrx_word' id='word_1_411' title='bbox 3486 2054 3648 2110; x_wconf 91' lang='lat' dir='ltr'><strong>homo</strong></span> 
     </span>
    </p>
   </div>
   <div class='ocr_carea' id='block_1_52' title="bbox 2069 2143 3647 2216">
    <p class='ocr_par' dir='ltr' id='par_1_52' title="bbox 2069 2143 3647 2216">
     <span class='ocr_line' id='line_1_52' title="bbox 2069 2143 3647 2216; baseline 0.002 -17"><span class='ocrx_word' id='word_1_412' title='bbox 2069 2159 2284 2212; x_wconf 88' lang='lat' dir='ltr'><strong>semper</strong></span> <span class='ocrx_word' id='word_1_413' title='bbox 2308 2144 2562 2199; x_wconf 90' lang='lat' dir='ltr'><strong>redderet</strong></span> <span class='ocrx_word' id='word_1_414' title='bbox 2597 2143 2709 2198; x_wconf 92' lang='lat' dir='ltr'><strong>Deo</strong></span> <span class='ocrx_word' id='word_1_415' title='bbox 2739 2143 2882 2212; x_wconf 89' lang='lat' dir='ltr'><strong>quod</strong></span> <span class='ocrx_word' id='word_1_416' title='bbox 2913 2143 3092 2209; x_wconf 87' lang='lat' dir='ltr'><strong>debet,</strong></span> <span class='ocrx_word' id='word_1_417' title='bbox 3136 2159 3412 2216; x_wconf 89' lang='lat' dir='ltr'><strong>nunquam</strong></span> <span class='ocrx_word' id='word_1_418' title='bbox 3451 2161 3647 2216; x_wconf 86' lang='lat' dir='ltr'><strong>pecca-</strong></span> 
     </span>
    </p>
   </div>
   <div class='ocr_carea' id='block_1_53' title="bbox 2071 2233 3651 2305">
    <p class='ocr_par' dir='ltr' id='par_1_53' title="bbox 2071 2233 3651 2305">
     <span class='ocr_line' id='line_1_53' title="bbox 2071 2233 3651 2305; baseline 0.001 -15"><span class='ocrx_word' id='word_1_419' title='bbox 2071 2244 2172 2291; x_wconf 90' lang='lat' dir='ltr'><strong>ret.</strong></span> <span class='ocrx_word' id='word_1_420' title='bbox 2213 2235 2339 2291; x_wconf 89' lang='lat' dir='ltr'><strong>Bos.</strong></span> <span class='ocrx_word' id='word_1_421' title='bbox 2374 2233 2596 2305; x_wconf 78' lang='lat' dir='ltr'><strong>Nequeo</strong></span> <span class='ocrx_word' id='word_1_422' title='bbox 2622 2234 3015 2290; x_wconf 89' lang='lat' dir='ltr'><strong>contradicere.</strong></span> <span class='ocrx_word' id='word_1_423' title='bbox 3041 2237 3171 2290; x_wconf 80' lang='lat' dir='ltr'><strong>ANS.</strong></span> <span class='ocrx_word' id='word_1_424' title='bbox 3200 2235 3317 2291; x_wconf 88' lang='lat' dir='ltr'><strong>Non</strong></span> <span class='ocrx_word' id='word_1_425' title='bbox 3351 2245 3434 2290; x_wconf 89' lang='lat' dir='ltr'><strong>est</strong></span> <span class='ocrx_word' id='word_1_426' title='bbox 3468 2236 3651 2305; x_wconf 87' lang='lat' dir='ltr'><strong>itaque</strong></span> 
     </span>
    </p>
   </div>
   <div class='ocr_carea' id='block_1_54' title="bbox 2070 2324 3648 2396">
    <p class='ocr_par' dir='ltr' id='par_1_54' title="bbox 2070 2324 3648 2396">
     <span class='ocr_line' id='line_1_54' title="bbox 2070 2324 3648 2396; baseline -0.001 -15"><span class='ocrx_word' id='word_1_427' title='bbox 2070 2327 2215 2382; x_wconf 90' lang='lat' dir='ltr'><strong>aliud</strong></span> <span class='ocrx_word' id='word_1_428' title='bbox 2247 2339 2475 2396; x_wconf 88' lang='lat' dir='ltr'><strong>peccare</strong></span> <span class='ocrx_word' id='word_1_429' title='bbox 2497 2339 2661 2394; x_wconf 87' lang='lat' dir='ltr'><strong>quam</strong></span> <span class='ocrx_word' id='word_1_430' title='bbox 2694 2324 2803 2380; x_wconf 86' lang='lat' dir='ltr'><strong>Deo</strong></span> <span class='ocrx_word' id='word_1_431' title='bbox 2828 2339 2934 2379; x_wconf 92' lang='lat' dir='ltr'><strong>non</strong></span> <span class='ocrx_word' id='word_1_432' title='bbox 2960 2325 3188 2380; x_wconf 87' lang='lat' dir='ltr'><strong>reddere</strong></span> <span class='ocrx_word' id='word_1_433' title='bbox 3219 2325 3497 2381; x_wconf 84' lang='lat' dir='ltr'><strong>debitum?</strong></span> <span class='ocrx_word' id='word_1_434' title='bbox 3520 2324 3648 2381; x_wconf 88' lang='lat' dir='ltr'><strong>Bos.</strong></span> 
     </span>
    </p>
   </div>
   <div class='ocr_carea' id='block_1_55' title="bbox 2071 2412 3651 2484">
    <p class='ocr_par' dir='ltr' id='par_1_55' title="bbox 2071 2412 3651 2484">
     <span class='ocr_line' id='line_1_55' title="bbox 2071 2412 3651 2484; baseline -0.003 -14"><span class='ocrx_word' id='word_1_435' title='bbox 2071 2417 2224 2484; x_wconf 81' lang='lat' dir='ltr'><strong>Quod</strong></span> <span class='ocrx_word' id='word_1_436' title='bbox 2245 2425 2331 2472; x_wconf 91' lang='lat' dir='ltr'><strong>est</strong></span> <span class='ocrx_word' id='word_1_437' title='bbox 2359 2415 2603 2472; x_wconf 90' lang='lat' dir='ltr'><strong>debitum</strong></span> <span class='ocrx_word' id='word_1_438' title='bbox 2630 2415 2726 2446; x_wconf 78' lang='grc'><strong>⁸³⁸⁰</strong></span> <span class='ocrx_word' id='word_1_439' title='bbox 2745 2415 2888 2480; x_wconf 88' lang='lat' dir='ltr'><strong>quod</strong></span> <span class='ocrx_word' id='word_1_440' title='bbox 2916 2415 3348 2474; x_wconf 80' lang='lat' dir='ltr'><strong>Deo.debemus?</strong></span> <span class='ocrx_word' id='word_1_441' title='bbox 3369 2415 3501 2469; x_wconf 74' lang='lat' dir='ltr'><strong>Ans.</strong></span> <span class='ocrx_word' id='word_1_442' title='bbox 3526 2412 3651 2470; x_wconf 85' lang='lat' dir='ltr'><strong>Om-</strong></span> 
     </span>
    </p>
   </div>
   <div class='ocr_carea' id='block_1_56' title="bbox 2073 2504 3653 2573">
    <p class='ocr_par' dir='ltr' id='par_1_56' title="bbox 2073 2504 3653 2573">
     <span class='ocr_line' id='line_1_56' title="bbox 2073 2504 3653 2573; baseline -0.003 -10"><span class='ocrx_word' id='word_1_443' title='bbox 2073 2508 2158 2563; x_wconf 90' lang='lat' dir='ltr'><strong>nis</strong></span> <span class='ocrx_word' id='word_1_444' title='bbox 2185 2507 2432 2562; x_wconf 85' lang='lat' dir='ltr'><strong>voluntas</strong></span> <span class='ocrx_word' id='word_1_445' title='bbox 2461 2505 2746 2561; x_wconf 88' lang='lat' dir='ltr'><strong>rationalis</strong></span> <span class='ocrx_word' id='word_1_446' title='bbox 2773 2515 3042 2559; x_wconf 74' lang='lat' dir='ltr'><strong>creaturae</strong></span> <span class='ocrx_word' id='word_1_447' title='bbox 3073 2504 3314 2573; x_wconf 79' lang='lat' dir='ltr'><strong>subjecta</strong></span> <span class='ocrx_word' id='word_1_448' title='bbox 3345 2505 3504 2560; x_wconf 88' lang='lat' dir='ltr'><strong>debet</strong></span> <span class='ocrx_word' id='word_1_449' title='bbox 3529 2519 3653 2559; x_wconf 89' lang='lat' dir='ltr'><strong>esse</strong></span> 
     </span>
    </p>
   </div>
   <div class='ocr_carea' id='block_1_57' title="bbox 2075 2593 3654 2651">
    <p class='ocr_par' dir='ltr' id='par_1_57' title="bbox 2075 2593 3654 2651">
     <span class='ocr_line' id='line_1_57' title="bbox 2075 2593 3654 2651; baseline 0.001 -4"><span class='ocrx_word' id='word_1_450' title='bbox 2075 2596 2338 2651; x_wconf 81' lang='lat' dir='ltr'><strong>voluntati</strong></span> <span class='ocrx_word' id='word_1_451' title='bbox 2367 2595 2482 2650; x_wconf 92' lang='lat' dir='ltr'><strong>Dei.</strong></span> <span class='ocrx_word' id='word_1_452' title='bbox 2515 2595 2639 2649; x_wconf 87' lang='lat' dir='ltr'><strong>Bos.</strong></span> <span class='ocrx_word' id='word_1_453' title='bbox 2672 2593 2818 2648; x_wconf 85' lang='lat' dir='ltr'><strong>Nihil</strong></span> <span class='ocrx_word' id='word_1_454' title='bbox 2846 2594 3048 2650; x_wconf 85' lang='lat' dir='ltr'><strong>verius.</strong></span> <span class='ocrx_word' id='word_1_455' title='bbox 3089 2596 3221 2650; x_wconf 73' lang='lat' dir='ltr'><strong>Ans.</strong></span> <span class='ocrx_word' id='word_1_456' title='bbox 3253 2593 3363 2650; x_wconf 80' lang='lat' dir='ltr'><strong>Hoc</strong></span> <span class='ocrx_word' id='word_1_457' title='bbox 3393 2604 3476 2648; x_wconf 89' lang='lat' dir='ltr'><strong>est</strong></span> <span class='ocrx_word' id='word_1_458' title='bbox 3503 2594 3654 2648; x_wconf 89' lang='lat' dir='ltr'><strong>debi-</strong></span> 
     </span>
    </p>
   </div>
   <div class='ocr_carea' id='block_1_58' title="bbox 2078 2685 3653 2757">
    <p class='ocr_par' dir='ltr' id='par_1_58' title="bbox 2078 2685 3653 2757">
     <span class='ocr_line' id='line_1_58' title="bbox 2078 2685 3653 2757; baseline -0.003 -15"><span class='ocrx_word' id='word_1_459' title='bbox 2078 2697 2210 2755; x_wconf 91' lang='lat' dir='ltr'><strong>tum,</strong></span> <span class='ocrx_word' id='word_1_460' title='bbox 2249 2688 2392 2757; x_wconf 92' lang='lat' dir='ltr'><strong>quod</strong></span> <span class='ocrx_word' id='word_1_461' title='bbox 2433 2686 2596 2741; x_wconf 89' lang='lat' dir='ltr'><strong>debet</strong></span> <span class='ocrx_word' id='word_1_462' title='bbox 2633 2685 2862 2755; x_wconf 80' lang='lat' dir='ltr'><strong>angelus</strong></span> <span class='ocrx_word' id='word_1_463' title='bbox 2900 2694 2956 2740; x_wconf 93' lang='lat' dir='ltr'><strong>et</strong></span> <span class='ocrx_word' id='word_1_464' title='bbox 2997 2686 3159 2741; x_wconf 91' lang='lat' dir='ltr'><strong>homo</strong></span> <span class='ocrx_word' id='word_1_465' title='bbox 3203 2685 3336 2749; x_wconf 90' lang='lat' dir='ltr'><strong>Deo,</strong></span> <span class='ocrx_word' id='word_1_466' title='bbox 3376 2686 3516 2754; x_wconf 89' lang='lat' dir='ltr'><strong>quod</strong></span> <span class='ocrx_word' id='word_1_467' title='bbox 3549 2685 3653 2740; x_wconf 91' lang='lat' dir='ltr'><strong>sol-</strong></span> 
     </span>
    </p>
   </div>
   <div class='ocr_carea' id='block_1_59' title="bbox 2075 2774 3656 2846">
    <p class='ocr_par' dir='ltr' id='par_1_59' title="bbox 2075 2774 3656 2846">
     <span class='ocr_line' id='line_1_59' title="bbox 2075 2774 3656 2846; baseline -0.002 -16"><span class='ocrx_word' id='word_1_468' title='bbox 2075 2778 2250 2834; x_wconf 89' lang='lat' dir='ltr'><strong>vendo</strong></span> <span class='ocrx_word' id='word_1_469' title='bbox 2275 2775 2456 2831; x_wconf 89' lang='lat' dir='ltr'><strong>nullus</strong></span> <span class='ocrx_word' id='word_1_470' title='bbox 2481 2784 2707 2846; x_wconf 85' lang='lat' dir='ltr'><strong>peccat;</strong></span> <span class='ocrx_word' id='word_1_471' title='bbox 2737 2783 2793 2828; x_wconf 93' lang='lat' dir='ltr'><strong>et</strong></span> <span class='ocrx_word' id='word_1_472' title='bbox 2828 2775 2971 2843; x_wconf 89' lang='lat' dir='ltr'><strong>quod</strong></span> <span class='ocrx_word' id='word_1_473' title='bbox 2999 2775 3199 2840; x_wconf 90' lang='lat' dir='ltr'><strong>omnis,</strong></span> <span class='ocrx_word' id='word_1_474' title='bbox 3226 2775 3317 2844; x_wconf 90' lang='lat' dir='ltr'><strong>qui</strong></span> <span class='ocrx_word' id='word_1_475' title='bbox 3348 2790 3454 2829; x_wconf 92' lang='lat' dir='ltr'><strong>non</strong></span> <span class='ocrx_word' id='word_1_476' title='bbox 3476 2774 3656 2837; x_wconf 86' lang='lat' dir='ltr'><strong>solvit,</strong></span> 
     </span>
    </p>
   </div>
   <div class='ocr_carea' id='block_1_60' title="bbox 2077 2863 3656 2940">
    <p class='ocr_par' dir='ltr' id='par_1_60' title="bbox 2077 2863 3656 2940">
     <span class='ocr_line' id='line_1_60' title="bbox 2077 2863 3656 2940; baseline -0.003 -16"><span class='ocrx_word' id='word_1_477' title='bbox 2077 2876 2285 2940; x_wconf 87' lang='lat' dir='ltr'><strong>peccat.</strong></span> <span class='ocrx_word' id='word_1_478' title='bbox 2315 2866 2441 2922; x_wconf 68' lang='lat' dir='ltr'><strong>Haec</strong></span> <span class='ocrx_word' id='word_1_479' title='bbox 2479 2875 2563 2922; x_wconf 92' lang='lat' dir='ltr'><strong>est</strong></span> <span class='ocrx_word' id='word_1_480' title='bbox 2601 2863 2815 2936; x_wconf 87' lang='lat' dir='ltr'><strong>jnstitia</strong></span> <span class='ocrx_word' id='word_1_481' title='bbox 2864 2865 2980 2921; x_wconf 87' lang='lat' dir='ltr'><strong>sive</strong></span> <span class='ocrx_word' id='word_1_482' title='bbox 3028 2865 3296 2921; x_wconf 85' lang='lat' dir='ltr'><strong>rectitude</strong></span> <span class='ocrx_word' id='word_1_483' title='bbox 3339 2863 3656 2928; x_wconf 87' lang='lat' dir='ltr'><strong>voluntatis,</strong></span> 
     </span>
    </p>
   </div>
   <div class='ocr_carea' id='block_1_61' title="bbox 399 2951 3655 3049">
    <p class='ocr_par' dir='ltr' id='par_1_61' title="bbox 399 2951 3655 3049">
     <span class='ocr_line' id='line_1_61' title="bbox 399 2951 3655 3049; baseline -0.001 -37"><span class='ocrx_word' id='word_1_484' title='bbox 399 2955 558 3021; x_wconf 84' lang='lat' dir='ltr'><strong>velle,</strong></span> <span class='ocrx_word' id='word_1_485' title='bbox 603 2971 704 3049; x_wconf 83' lang='lat' dir='ltr'><strong>nec</strong></span> <span class='ocrx_word' id='word_1_486' title='bbox 731 2955 892 3049; x_wconf 79' lang='lat' dir='ltr'><strong>Pater</strong></span> <span class='ocrx_word' id='word_1_487' title='bbox 919 2968 1115 3049; x_wconf 81' lang='lat' dir='ltr'><strong>cogere</strong></span> <span class='ocrx_word' id='word_1_488' title='bbox 1143 2962 1238 3049; x_wconf 67' lang='lat' dir='ltr'><strong>aut</strong></span> <span class='ocrx_word' id='word_1_489' title='bbox 1259 2953 1579 3049; x_wconf 75' lang='lat' dir='ltr'><strong>permittere</strong></span> <span class='ocrx_word' id='word_1_490' title='bbox 1605 2952 1860 3008; x_wconf 80' lang='lat' dir='ltr'><strong>debuisse</strong></span> <span class='ocrx_word' id='word_1_491' title='bbox 1889 2951 1972 3049; x_wconf 46' lang='lat' dir='ltr'><strong>vi:</strong></span> <span class='ocrx_word' id='word_1_492' title='bbox 2004 2985 2052 3049; x_wconf 67' lang='grc' dir='ltr'>ο</span> <span class='ocrx_word' id='word_1_493' title='bbox 2081 2975 2202 3030; x_wconf 82' lang='lat' dir='ltr'><strong>quae</strong></span> <span class='ocrx_word' id='word_1_494' title='bbox 2225 2959 2401 3030; x_wconf 89' lang='lat' dir='ltr'><strong>justos</strong></span> <span class='ocrx_word' id='word_1_495' title='bbox 2429 2957 2558 3013; x_wconf 81' lang='lat' dir='ltr'><strong>facit</strong></span> <span class='ocrx_word' id='word_1_496' title='bbox 2593 2958 2708 3013; x_wconf 89' lang='lat' dir='ltr'><strong>sive</strong></span> <span class='ocrx_word' id='word_1_497' title='bbox 2742 2966 2919 3012; x_wconf 89' lang='lat' dir='ltr'><strong>rectos</strong></span> <span class='ocrx_word' id='word_1_498' title='bbox 2947 2957 3132 3022; x_wconf 91' lang='lat' dir='ltr'><strong>corde,</strong></span> <span class='ocrx_word' id='word_1_499' title='bbox 3160 2956 3211 3011; x_wconf 87' lang='lat' dir='ltr'><strong>id</strong></span> <span class='ocrx_word' id='word_1_500' title='bbox 3239 2966 3323 3012; x_wconf 90' lang='lat' dir='ltr'><strong>est</strong></span> <span class='ocrx_word' id='word_1_501' title='bbox 3350 2957 3655 3019; x_wconf 87' lang='lat' dir='ltr'><strong>voluntate;</strong></span> 
     </span>
    </p>
   </div>
   <div class='ocr_carea' id='block_1_62' title="bbox 398 3041 1976 3115">
    <p class='ocr_par' dir='ltr' id='par_1_62' title="bbox 398 3041 1976 3115">
     <span class='ocr_line' id='line_1_62' title="bbox 398 3041 1976 3115; baseline -0.003 -15"><span class='ocrx_word' id='word_1_502' title='bbox 398 3049 576 3102; x_wconf 87' lang='lat' dir='ltr'><strong>detur.</strong></span> <span class='ocrx_word' id='word_1_503' title='bbox 603 3047 878 3115; x_wconf 67' lang='lat' dir='ltr'><strong>Quaeritur</strong></span> <span class='ocrx_word' id='word_1_504' title='bbox 905 3046 1053 3102; x_wconf 86' lang='lat' dir='ltr'><strong>enim</strong></span> <span class='ocrx_word' id='word_1_505' title='bbox 1084 3060 1181 3099; x_wconf 92' lang='lat' dir='ltr'><strong>cur</strong></span> <span class='ocrx_word' id='word_1_506' title='bbox 1207 3044 1348 3099; x_wconf 84' lang='lat' dir='ltr'><strong>Deus</strong></span> <span class='ocrx_word' id='word_1_507' title='bbox 1378 3043 1545 3107; x_wconf 80' lang='lat' dir='ltr'><strong>aliter</strong></span> <span class='ocrx_word' id='word_1_508' title='bbox 1565 3043 1842 3098; x_wconf 87' lang='lat' dir='ltr'><strong>hominem</strong></span> <span class='ocrx_word' id='word_1_509' title='bbox 1870 3041 1976 3097; x_wconf 85' lang='lat' dir='ltr'><strong>sal-</strong></span> 
     </span>
    </p>
   </div>
   <div class='ocr_carea' id='block_1_63' title="bbox 400 3135 1974 3209">
    <p class='ocr_par' dir='ltr' id='par_1_63' title="bbox 400 3135 1974 3209">
     <span class='ocr_line' id='line_1_63' title="bbox 400 3135 1974 3209; baseline -0.001 -17"><span class='ocrx_word' id='word_1_510' title='bbox 400 3156 528 3196; x_wconf 85' lang='lat' dir='ltr'><strong>vare</strong></span> <span class='ocrx_word' id='word_1_511' title='bbox 562 3156 669 3195; x_wconf 86' lang='lat' dir='ltr'><strong>non</strong></span> <span class='ocrx_word' id='word_1_512' title='bbox 701 3139 907 3209; x_wconf 83' lang='lat' dir='ltr'><strong>potuit;</strong></span> <span class='ocrx_word' id='word_1_513' title='bbox 945 3147 1040 3193; x_wconf 87' lang='lat' dir='ltr'><strong>aut</strong></span> <span class='ocrx_word' id='word_1_514' title='bbox 1065 3137 1110 3192; x_wconf 88' lang='lat' dir='ltr'><strong>si</strong></span> <span class='ocrx_word' id='word_1_515' title='bbox 1135 3137 1332 3207; x_wconf 89' lang='lat' dir='ltr'><strong>potuit,</strong></span> <span class='ocrx_word' id='word_1_516' title='bbox 1363 3151 1459 3192; x_wconf 93' lang='lat' dir='ltr'><strong>cur</strong></span> <span class='ocrx_word' id='word_1_517' title='bbox 1481 3137 1583 3192; x_wconf 87' lang='lat' dir='ltr'><strong>hoc</strong></span> <span class='ocrx_word' id='word_1_518' title='bbox 1605 3135 1765 3191; x_wconf 88' lang='lat' dir='ltr'><strong>modo</strong></span> <span class='ocrx_word' id='word_1_519' title='bbox 1786 3135 1974 3190; x_wconf 90' lang='lat' dir='ltr'><strong>voluit.</strong></span> 
     </span>
    </p>
   </div>
   <div class='ocr_carea' id='block_1_64' title="bbox 399 3225 1976 3288">
    <p class='ocr_par' dir='ltr' id='par_1_64' title="bbox 399 3225 1976 3288">
     <span class='ocr_line' id='line_1_64' title="bbox 399 3225 1976 3288; baseline -0.004 -2"><span class='ocrx_word' id='word_1_520' title='bbox 399 3231 538 3287; x_wconf 82' lang='lat' dir='ltr'><strong>Nam</strong></span> <span class='ocrx_word' id='word_1_521' title='bbox 562 3241 618 3288; x_wconf 91' lang='lat' dir='ltr'><strong>et</strong></span> <span class='ocrx_word' id='word_1_522' title='bbox 649 3231 1036 3287; x_wconf 88' lang='lat' dir='ltr'><strong>inconveniens</strong></span> <span class='ocrx_word' id='word_1_523' title='bbox 1061 3227 1157 3261; x_wconf 76' lang='grc'><strong>’³⁸⁸</strong></span> <span class='ocrx_word' id='word_1_524' title='bbox 1185 3228 1397 3283; x_wconf 88' lang='lat' dir='ltr'><strong>videtur</strong></span> <span class='ocrx_word' id='word_1_525' title='bbox 1417 3241 1537 3282; x_wconf 90' lang='lat' dir='ltr'><strong>esse</strong></span> <span class='ocrx_word' id='word_1_526' title='bbox 1560 3226 1674 3281; x_wconf 85' lang='lat' dir='ltr'><strong>Deo</strong></span> <span class='ocrx_word' id='word_1_527' title='bbox 1703 3225 1976 3282; x_wconf 82' lang='lat' dir='ltr'><strong>hominem</strong></span> 
     </span>
    </p>
   </div>
   <div class='ocr_carea' id='block_1_65' title="bbox 401 3315 1981 3390">
    <p class='ocr_par' dir='ltr' id='par_1_65' title="bbox 401 3315 1981 3390">
     <span class='ocr_line' id='line_1_65' title="bbox 401 3315 1981 3390; baseline -0.007 -10"><span class='ocrx_word' id='word_1_528' title='bbox 401 3328 498 3379; x_wconf 90' lang='lat' dir='ltr'><strong>hoc</strong></span> <span class='ocrx_word' id='word_1_529' title='bbox 539 3324 700 3380; x_wconf 88' lang='lat' dir='ltr'><strong>modo</strong></span> <span class='ocrx_word' id='word_1_530' title='bbox 731 3323 1002 3386; x_wconf 84' lang='lat' dir='ltr'><strong>salvasse;</strong></span> <span class='ocrx_word' id='word_1_531' title='bbox 1049 3335 1150 3375; x_wconf 88' lang='lat' dir='ltr'><strong>nec</strong></span> <span class='ocrx_word' id='word_1_532' title='bbox 1177 3325 1403 3390; x_wconf 87' lang='lat' dir='ltr'><strong>apparet</strong></span> <span class='ocrx_word' id='word_1_533' title='bbox 1434 3318 1565 3387; x_wconf 89' lang='lat' dir='ltr'><strong>quid</strong></span> <span class='ocrx_word' id='word_1_534' title='bbox 1591 3331 1738 3372; x_wconf 90' lang='lat' dir='ltr'><strong>mors</strong></span> <span class='ocrx_word' id='word_1_535' title='bbox 1765 3315 1856 3371; x_wconf 89' lang='lat' dir='ltr'><strong>illa</strong></span> <span class='ocrx_word' id='word_1_536' title='bbox 1886 3331 1981 3370; x_wconf 81' lang='lat' dir='ltr'><strong>va-</strong></span> 
     </span>
    </p>
   </div>
   <div class='ocr_carea' id='block_1_66' title="bbox 401 3405 1981 3471">
    <p class='ocr_par' dir='ltr' id='par_1_66' title="bbox 401 3405 1981 3471">
     <span class='ocr_line' id='line_1_66' title="bbox 401 3405 1981 3471; baseline -0.004 -5"><span class='ocrx_word' id='word_1_537' title='bbox 401 3416 508 3468; x_wconf 86' lang='lat' dir='ltr'><strong>leat</strong></span> <span class='ocrx_word' id='word_1_538' title='bbox 552 3415 618 3468; x_wconf 87' lang='lat' dir='ltr'><strong>ad</strong></span> <span class='ocrx_word' id='word_1_539' title='bbox 661 3411 982 3466; x_wconf 83' lang='lat' dir='ltr'><strong>salvandum</strong></span> <span class='ocrx_word' id='word_1_540' title='bbox 1027 3409 1322 3466; x_wconf 91' lang='lat' dir='ltr'><strong>hominem.</strong></span> <span class='ocrx_word' id='word_1_541' title='bbox 1368 3407 1564 3461; x_wconf 77' lang='lat' dir='ltr'><strong>Mirum</strong></span> <span class='ocrx_word' id='word_1_542' title='bbox 1605 3405 1750 3460; x_wconf 90' lang='lat' dir='ltr'><strong>enim</strong></span> <span class='ocrx_word' id='word_1_543' title='bbox 1787 3412 1893 3471; x_wconf 91' lang='lat' dir='ltr'><strong>est,</strong></span> <span class='ocrx_word' id='word_1_544' title='bbox 1933 3405 1981 3460; x_wconf 91' lang='lat' dir='ltr'><strong>si</strong></span> 
     </span>
    </p>
   </div>
   <div class='ocr_carea' id='block_1_67' title="bbox 406 3493 1984 3568">
    <p class='ocr_par' dir='ltr' id='par_1_67' title="bbox 406 3493 1984 3568">
     <span class='ocr_line' id='line_1_67' title="bbox 406 3493 1984 3568; baseline -0.007 -10"><span class='ocrx_word' id='word_1_545' title='bbox 406 3506 545 3558; x_wconf 88' lang='lat' dir='ltr'><strong>Deus</strong></span> <span class='ocrx_word' id='word_1_546' title='bbox 571 3502 650 3555; x_wconf 92' lang='lat' dir='ltr'><strong>sic</strong></span> <span class='ocrx_word' id='word_1_547' title='bbox 678 3500 983 3554; x_wconf 89' lang='lat' dir='ltr'><strong>delectatur</strong></span> <span class='ocrx_word' id='word_1_548' title='bbox 1007 3507 1102 3551; x_wconf 91' lang='lat' dir='ltr'><strong>aut</strong></span> <span class='ocrx_word' id='word_1_549' title='bbox 1125 3505 1247 3568; x_wconf 89' lang='lat' dir='ltr'><strong>eget</strong></span> <span class='ocrx_word' id='word_1_550' title='bbox 1279 3495 1544 3564; x_wconf 79' lang='lat' dir='ltr'><strong>sanguine</strong></span> <span class='ocrx_word' id='word_1_551' title='bbox 1570 3493 1899 3559; x_wconf 90' lang='lat' dir='ltr'><strong>innocentis,</strong></span> <span class='ocrx_word' id='word_1_552' title='bbox 1924 3501 1984 3547; x_wconf 92' lang='lat' dir='ltr'><strong>ut</strong></span> 
     </span>
    </p>
   </div>
   <div class='ocr_carea' id='block_1_68' title="bbox 404 3585 1980 3658">
    <p class='ocr_par' dir='ltr' id='par_1_68' title="bbox 404 3585 1980 3658">
     <span class='ocr_line' id='line_1_68' title="bbox 404 3585 1980 3658; baseline -0.006 -10"><span class='ocrx_word' id='word_1_553' title='bbox 404 3592 618 3648; x_wconf 85' lang='lat' dir='ltr'><strong>nonnisi</strong></span> <span class='ocrx_word' id='word_1_554' title='bbox 643 3589 927 3646; x_wconf 88' lang='lat' dir='ltr'><strong>interfecto</strong></span> <span class='ocrx_word' id='word_1_555' title='bbox 945 3604 1010 3644; x_wconf 92' lang='lat' dir='ltr'><strong>eo</strong></span> <span class='ocrx_word' id='word_1_556' title='bbox 1031 3603 1256 3658; x_wconf 88' lang='lat' dir='ltr'><strong>parcere</strong></span> <span class='ocrx_word' id='word_1_557' title='bbox 1272 3586 1402 3642; x_wconf 88' lang='lat' dir='ltr'><strong>velit</strong></span> <span class='ocrx_word' id='word_1_558' title='bbox 1425 3595 1518 3640; x_wconf 90' lang='lat' dir='ltr'><strong>aut</strong></span> <span class='ocrx_word' id='word_1_559' title='bbox 1547 3585 1716 3653; x_wconf 90' lang='lat' dir='ltr'><strong>possit</strong></span> <span class='ocrx_word' id='word_1_560' title='bbox 1740 3586 1980 3640; x_wconf 89' lang='lat' dir='ltr'><strong>nocenti.</strong></span> 
     </span>
    </p>
   </div>
   <div class='ocr_carea' id='block_1_69' title="bbox 400 3679 1984 3751">
    <p class='ocr_par' dir='ltr' id='par_1_69' title="bbox 400 3679 1984 3751">
     <span class='ocr_line' id='line_1_69' title="bbox 400 3679 1984 3751; baseline -0.004 -13"><span class='ocrx_word' id='word_1_561' title='bbox 400 3686 531 3738; x_wconf 74' lang='lat' dir='ltr'><strong>Ans.</strong></span> <span class='ocrx_word' id='word_1_562' title='bbox 575 3683 839 3750; x_wconf 79' lang='lat' dir='ltr'><strong>Quoniam</strong></span> <span class='ocrx_word' id='word_1_563' title='bbox 882 3680 1086 3751; x_wconf 88' lang='lat' dir='ltr'><strong>accipis</strong></span> <span class='ocrx_word' id='word_1_564' title='bbox 1129 3680 1181 3734; x_wconf 88' lang='lat' dir='ltr'><strong>in</strong></span> <span class='ocrx_word' id='word_1_565' title='bbox 1227 3680 1330 3734; x_wconf 93' lang='lat' dir='ltr'><strong>hac</strong></span> <span class='ocrx_word' id='word_1_566' title='bbox 1367 3679 1664 3750; x_wconf 76' lang='lat' dir='ltr'><strong>quaestione</strong></span> <span class='ocrx_word' id='word_1_567' title='bbox 1692 3692 1984 3748; x_wconf 82' lang='lat' dir='ltr'><strong>personam</strong></span> 
     </span>
    </p>
   </div>
   <div class='ocr_carea' id='block_1_70' title="bbox 401 3770 1982 3845">
    <p class='ocr_par' dir='ltr' id='par_1_70' title="bbox 401 3770 1982 3845">
     <span class='ocr_line' id='line_1_70' title="bbox 401 3770 1982 3845; baseline -0.006 -13"><span class='ocrx_word' id='word_1_568' title='bbox 401 3791 595 3832; x_wconf 90' lang='lat' dir='ltr'><strong>eorum</strong></span> <span class='ocrx_word' id='word_1_569' title='bbox 629 3776 721 3845; x_wconf 91' lang='lat' dir='ltr'><strong>qui</strong></span> <span class='ocrx_word' id='word_1_570' title='bbox 759 3775 985 3830; x_wconf 88' lang='lat' dir='ltr'><strong>credere</strong></span> <span class='ocrx_word' id='word_1_571' title='bbox 1027 3773 1163 3827; x_wconf 84' lang='lat' dir='ltr'><strong>nihil</strong></span> <span class='ocrx_word' id='word_1_572' title='bbox 1192 3772 1380 3828; x_wconf 90' lang='lat' dir='ltr'><strong>volunt</strong></span> <span class='ocrx_word' id='word_1_573' title='bbox 1423 3770 1528 3826; x_wconf 89' lang='lat' dir='ltr'><strong>nisi</strong></span> <span class='ocrx_word' id='word_1_574' title='bbox 1566 3778 1982 3840; x_wconf 69' lang='lat' dir='ltr'><strong>praemonstrata</strong></span> 
     </span>
    </p>
   </div>
   <div class='ocr_carea' id='block_1_71' title="bbox 409 3861 1984 3936">
    <p class='ocr_par' dir='ltr' id='par_1_71' title="bbox 409 3861 1984 3936">
     <span class='ocr_line' id='line_1_71' title="bbox 409 3861 1984 3936; baseline -0.005 -12"><span class='ocrx_word' id='word_1_575' title='bbox 409 3868 641 3935; x_wconf 83' lang='lat' dir='ltr'><strong>ratione,</strong></span> <span class='ocrx_word' id='word_1_576' title='bbox 665 3866 788 3922; x_wconf 92' lang='lat' dir='ltr'><strong>volo</strong></span> <span class='ocrx_word' id='word_1_577' title='bbox 813 3875 990 3921; x_wconf 89' lang='lat' dir='ltr'><strong>tecum</strong></span> <span class='ocrx_word' id='word_1_578' title='bbox 1013 3864 1238 3936; x_wconf 89' lang='lat' dir='ltr'><strong>pacisci,</strong></span> <span class='ocrx_word' id='word_1_579' title='bbox 1271 3871 1329 3917; x_wconf 92' lang='lat' dir='ltr'><strong>ut</strong></span> <span class='ocrx_word' id='word_1_580' title='bbox 1357 3861 1562 3917; x_wconf 92' lang='lat' dir='ltr'><strong>nullum</strong></span> <span class='ocrx_word' id='word_1_581' title='bbox 1591 3861 1673 3915; x_wconf 88' lang='lat' dir='ltr'><strong>vel</strong></span> <span class='ocrx_word' id='word_1_582' title='bbox 1701 3862 1984 3916; x_wconf 90' lang='lat' dir='ltr'><strong>minimum</strong></span> 
     </span>
    </p>
   </div>
   <div class='ocr_carea' id='block_1_72' title="bbox 406 3950 1986 4023">
    <p class='ocr_par' dir='ltr' id='par_1_72' title="bbox 406 3950 1986 4023">
     <span class='ocr_line' id='line_1_72' title="bbox 406 3950 1986 4023; baseline -0.008 -7"><span class='ocrx_word' id='word_1_583' title='bbox 406 3961 794 4016; x_wconf 86' lang='lat' dir='ltr'><strong>inconveniens</strong></span> <span class='ocrx_word' id='word_1_584' title='bbox 821 3958 874 4012; x_wconf 91' lang='lat' dir='ltr'><strong>iu</strong></span> <span class='ocrx_word' id='word_1_585' title='bbox 906 3957 1018 4012; x_wconf 92' lang='lat' dir='ltr'><strong>Deo</strong></span> <span class='ocrx_word' id='word_1_586' title='bbox 1044 3971 1075 4010; x_wconf 91' lang='lat' dir='ltr'><strong>a</strong></span> <span class='ocrx_word' id='word_1_587' title='bbox 1106 3955 1262 4010; x_wconf 80' lang='lat' dir='ltr'><strong>nobis</strong></span> <span class='ocrx_word' id='word_1_588' title='bbox 1288 3954 1615 4023; x_wconf 89' lang='lat' dir='ltr'><strong>accipiatur,</strong></span> <span class='ocrx_word' id='word_1_589' title='bbox 1647 3961 1703 4007; x_wconf 91' lang='lat' dir='ltr'><strong>et</strong></span> <span class='ocrx_word' id='word_1_590' title='bbox 1731 3951 1875 4006; x_wconf 90' lang='lat' dir='ltr'><strong>nulla</strong></span> <span class='ocrx_word' id='word_1_591' title='bbox 1904 3950 1986 4006; x_wconf 89' lang='lat' dir='ltr'><strong>vel</strong></span> 
     </span>
    </p>
   </div>
   <div class='ocr_carea' id='block_1_73' title="bbox 406 4039 1990 4117">
    <p class='ocr_par' dir='ltr' id='par_1_73' title="bbox 406 4039 1990 4117">
     <span class='ocr_line' id='line_1_73' title="bbox 406 4039 1990 4117; baseline -0.006 -12"><span class='ocrx_word' id='word_1_592' title='bbox 406 4051 630 4105; x_wconf 89' lang='lat' dir='ltr'><strong>minima</strong></span> <span class='ocrx_word' id='word_1_593' title='bbox 659 4049 822 4113; x_wconf 89' lang='lat' dir='ltr'><strong>ratio,</strong></span> <span class='ocrx_word' id='word_1_594' title='bbox 848 4047 894 4102; x_wconf 88' lang='lat' dir='ltr'><strong>si</strong></span> <span class='ocrx_word' id='word_1_595' title='bbox 920 4047 1092 4117; x_wconf 87' lang='lat' dir='ltr'><strong>major</strong></span> <span class='ocrx_word' id='word_1_596' title='bbox 1121 4060 1228 4099; x_wconf 92' lang='lat' dir='ltr'><strong>non</strong></span> <span class='ocrx_word' id='word_1_597' title='bbox 1256 4053 1541 4114; x_wconf 87' lang='lat' dir='ltr'><strong>repugnat,</strong></span> <span class='ocrx_word' id='word_1_598' title='bbox 1577 4041 1878 4110; x_wconf 87' lang='lat' dir='ltr'><strong>rejiciatur.</strong></span> <span class='ocrx_word' id='word_1_599' title='bbox 1909 4039 1990 4096; x_wconf 88' lang='lat' dir='ltr'><strong>Si-</strong></span> 
     </span>
    </p>
   </div>
   <div class='ocr_carea' id='block_1_74' title="bbox 406 4130 1988 4202">
    <p class='ocr_par' dir='ltr' id='par_1_74' title="bbox 406 4130 1988 4202">
     <span class='ocr_line' id='line_1_74' title="bbox 406 4130 1988 4202; baseline -0.007 -7"><span class='ocrx_word' id='word_1_600' title='bbox 406 4149 500 4195; x_wconf 90' lang='lat' dir='ltr'><strong>cut</strong></span> <span class='ocrx_word' id='word_1_601' title='bbox 524 4139 668 4194; x_wconf 91' lang='lat' dir='ltr'><strong>enim</strong></span> <span class='ocrx_word' id='word_1_602' title='bbox 711 4138 765 4192; x_wconf 95' lang='lat' dir='ltr'><strong>in</strong></span> <span class='ocrx_word' id='word_1_603' title='bbox 811 4137 923 4190; x_wconf 90' lang='lat' dir='ltr'><strong>Deo</strong></span> <span class='ocrx_word' id='word_1_604' title='bbox 969 4131 1264 4202; x_wconf 88' lang='lat' dir='ltr'><strong>quamlibet</strong></span> <span class='ocrx_word' id='word_1_605' title='bbox 1323 4145 1547 4200; x_wconf 80' lang='lat' dir='ltr'><strong>parvum</strong></span> <span class='ocrx_word' id='word_1_606' title='bbox 1603 4130 1988 4185; x_wconf 89' lang='lat' dir='ltr'><strong>inconveniens</strong></span> 
     </span>
    </p>
   </div>
   <div class='ocr_carea' id='block_1_75' title="bbox 406 4218 1987 4296">
    <p class='ocr_par' dir='ltr' id='par_1_75' title="bbox 406 4218 1987 4296">
     <span class='ocr_line' id='line_1_75' title="bbox 406 4218 1987 4296; baseline -0.006 -13"><span class='ocrx_word' id='word_1_607' title='bbox 406 4228 654 4296; x_wconf 90' lang='lat' dir='ltr'><strong>sequitur</strong></span> <span class='ocrx_word' id='word_1_608' title='bbox 691 4222 1130 4294; x_wconf 88' lang='lat' dir='ltr'><strong>impossibilitas;</strong></span> <span class='ocrx_word' id='word_1_609' title='bbox 1165 4221 1238 4274; x_wconf 90' lang='lat' dir='ltr'><strong>ita</strong></span> <span class='ocrx_word' id='word_1_610' title='bbox 1281 4222 1579 4290; x_wconf 85' lang='lat' dir='ltr'><strong>quamlibet</strong></span> <span class='ocrx_word' id='word_1_611' title='bbox 1620 4235 1846 4295; x_wconf 82' lang='lat' dir='ltr'><strong>parvam</strong></span> <span class='ocrx_word' id='word_1_612' title='bbox 1894 4218 1987 4252; x_wconf 80' lang='grc'><strong>²³¹⁶</strong></span> 
     </span>
    </p>
   </div>
   <div class='ocr_carea' id='block_1_76' title="bbox 2082 3047 3657 3116">
    <p class='ocr_par' dir='ltr' id='par_1_76' title="bbox 2082 3047 3657 3116">
     <span class='ocr_line' id='line_1_76' title="bbox 2082 3047 3657 3116; baseline -0.005 -9"><span class='ocrx_word' id='word_1_613' title='bbox 2082 3052 2170 3107; x_wconf 87' lang='lat' dir='ltr'><strong>hic</strong></span> <span class='ocrx_word' id='word_1_614' title='bbox 2199 3060 2284 3107; x_wconf 90' lang='lat' dir='ltr'><strong>est</strong></span> <span class='ocrx_word' id='word_1_615' title='bbox 2308 3049 2454 3105; x_wconf 90' lang='lat' dir='ltr'><strong>solus</strong></span> <span class='ocrx_word' id='word_1_616' title='bbox 2483 3057 2538 3104; x_wconf 91' lang='lat' dir='ltr'><strong>et</strong></span> <span class='ocrx_word' id='word_1_617' title='bbox 2562 3056 2705 3103; x_wconf 89' lang='lat' dir='ltr'><strong>totus</strong></span> <span class='ocrx_word' id='word_1_618' title='bbox 2739 3048 2934 3112; x_wconf 89' lang='lat' dir='ltr'><strong>honor,</strong></span> <span class='ocrx_word' id='word_1_619' title='bbox 2971 3061 3130 3116; x_wconf 90' lang='lat' dir='ltr'><strong>quem</strong></span> <span class='ocrx_word' id='word_1_620' title='bbox 3161 3047 3420 3103; x_wconf 88' lang='lat' dir='ltr'><strong>debemus</strong></span> <span class='ocrx_word' id='word_1_621' title='bbox 3447 3047 3576 3109; x_wconf 90' lang='lat' dir='ltr'><strong>Deo,</strong></span> <span class='ocrx_word' id='word_1_622' title='bbox 3605 3056 3657 3099; x_wconf 90' lang='grc' dir='ltr'><strong>ει</strong></span> 
     </span>
    </p>
   </div>
   <div class='ocr_carea' id='block_1_77' title="bbox 2084 3136 3660 3212">
    <p class='ocr_par' dir='ltr' id='par_1_77' title="bbox 2084 3136 3660 3212">
     <span class='ocr_line' id='line_1_77' title="bbox 2084 3136 3660 3212; baseline -0.002 -16"><span class='ocrx_word' id='word_1_623' title='bbox 2084 3155 2246 3212; x_wconf 90' lang='lat' dir='ltr'><strong>quem</strong></span> <span class='ocrx_word' id='word_1_624' title='bbox 2281 3156 2312 3195; x_wconf 90' lang='lat' dir='ltr'><strong>a</strong></span> <span class='ocrx_word' id='word_1_625' title='bbox 2352 3139 2509 3196; x_wconf 87' lang='lat' dir='ltr'><strong>nobis</strong></span> <span class='ocrx_word' id='word_1_626' title='bbox 2551 3138 2642 3170; x_wconf 74' lang='grc'><strong><em>³³⁸⁸</em></strong></span> <span class='ocrx_word' id='word_1_627' title='bbox 2691 3137 2861 3208; x_wconf 77' lang='lat' dir='ltr'><strong>exigit</strong></span> <span class='ocrx_word' id='word_1_628' title='bbox 2904 3137 3065 3192; x_wconf 90' lang='lat' dir='ltr'><strong>Deus.</strong></span> <span class='ocrx_word' id='word_1_629' title='bbox 3107 3136 3231 3193; x_wconf 91' lang='lat' dir='ltr'><strong>Sola</strong></span> <span class='ocrx_word' id='word_1_630' title='bbox 3265 3153 3499 3209; x_wconf 90' lang='lat' dir='ltr'><strong>namque</strong></span> <span class='ocrx_word' id='word_1_631' title='bbox 3540 3136 3660 3193; x_wconf 88' lang='lat' dir='ltr'><strong>talis</strong></span> 
     </span>
    </p>
   </div>
   <div class='ocr_carea' id='block_1_78' title="bbox 2082 3228 3658 3301">
    <p class='ocr_par' dir='ltr' id='par_1_78' title="bbox 2082 3228 3658 3301">
     <span class='ocr_line' id='line_1_78' title="bbox 2082 3228 3658 3301; baseline -0.002 -16"><span class='ocrx_word' id='word_1_632' title='bbox 2082 3231 2332 3287; x_wconf 89' lang='lat' dir='ltr'><strong>voluntas</strong></span> <span class='ocrx_word' id='word_1_633' title='bbox 2353 3243 2517 3301; x_wconf 90' lang='lat' dir='ltr'><strong>opera</strong></span> <span class='ocrx_word' id='word_1_634' title='bbox 2547 3229 2677 3283; x_wconf 81' lang='lat' dir='ltr'><strong>facit</strong></span> <span class='ocrx_word' id='word_1_635' title='bbox 2698 3228 2893 3297; x_wconf 90' lang='lat' dir='ltr'><strong>placita</strong></span> <span class='ocrx_word' id='word_1_636' title='bbox 2918 3229 3048 3294; x_wconf 90' lang='lat' dir='ltr'><strong>Deo,</strong></span> <span class='ocrx_word' id='word_1_637' title='bbox 3072 3243 3194 3284; x_wconf 91' lang='lat' dir='ltr'><strong>cum</strong></span> <span class='ocrx_word' id='word_1_638' title='bbox 3224 3239 3403 3299; x_wconf 86' lang='lat' dir='ltr'><strong>potest</strong></span> <span class='ocrx_word' id='word_1_639' title='bbox 3424 3228 3658 3300; x_wconf 87' lang='lat' dir='ltr'><strong>operari;</strong></span> 
     </span>
    </p>
   </div>
   <div class='ocr_carea' id='block_1_79' title="bbox 2083 3317 3652 3390">
    <p class='ocr_par' dir='ltr' id='par_1_79' title="bbox 2083 3317 3652 3390">
     <span class='ocr_line' id='line_1_79' title="bbox 2083 3317 3652 3390; baseline -0.005 -13"><span class='ocrx_word' id='word_1_640' title='bbox 2083 3331 2138 3377; x_wconf 94' lang='lat' dir='ltr'><strong>et</strong></span> <span class='ocrx_word' id='word_1_641' title='bbox 2169 3335 2292 3376; x_wconf 90' lang='lat' dir='ltr'><strong>cum</strong></span> <span class='ocrx_word' id='word_1_642' title='bbox 2318 3335 2424 3375; x_wconf 92' lang='lat' dir='ltr'><strong>non</strong></span> <span class='ocrx_word' id='word_1_643' title='bbox 2453 3328 2653 3390; x_wconf 88' lang='lat' dir='ltr'><strong>potest,</strong></span> <span class='ocrx_word' id='word_1_644' title='bbox 2684 3321 2800 3389; x_wconf 90' lang='lat' dir='ltr'><strong>ipsa</strong></span> <span class='ocrx_word' id='word_1_645' title='bbox 2834 3318 2947 3372; x_wconf 87' lang='lat' dir='ltr'><strong>sola</strong></span> <span class='ocrx_word' id='word_1_646' title='bbox 2974 3332 3070 3388; x_wconf 89' lang='lat' dir='ltr'><strong>per</strong></span> <span class='ocrx_word' id='word_1_647' title='bbox 3096 3331 3155 3374; x_wconf 89' lang='lat' dir='ltr'><strong>se</strong></span> <span class='ocrx_word' id='word_1_648' title='bbox 3180 3318 3375 3386; x_wconf 88' lang='lat' dir='ltr'><strong>placet,</strong></span> <span class='ocrx_word' id='word_1_649' title='bbox 3402 3318 3523 3387; x_wconf 90' lang='lat' dir='ltr'><strong>quia</strong></span> <span class='ocrx_word' id='word_1_650' title='bbox 3545 3317 3652 3370; x_wconf 89' lang='lat' dir='ltr'><strong>nul-</strong></span> 
     </span>
    </p>
   </div>
   <div class='ocr_carea' id='block_1_80' title="bbox 2085 3407 3660 3482">
    <p class='ocr_par' dir='ltr' id='par_1_80' title="bbox 2085 3407 3660 3482">
     <span class='ocr_line' id='line_1_80' title="bbox 2085 3407 3660 3482; baseline -0.006 -14"><span class='ocrx_word' id='word_1_651' title='bbox 2085 3413 2196 3468; x_wconf 88' lang='lat' dir='ltr'><strong>lum</strong></span> <span class='ocrx_word' id='word_1_652' title='bbox 2240 3425 2373 3482; x_wconf 90' lang='lat' dir='ltr'><strong>opus</strong></span> <span class='ocrx_word' id='word_1_653' title='bbox 2411 3411 2528 3466; x_wconf 89' lang='lat' dir='ltr'><strong>sine</strong></span> <span class='ocrx_word' id='word_1_654' title='bbox 2562 3411 2651 3465; x_wconf 90' lang='lat' dir='ltr'><strong>illa</strong></span> <span class='ocrx_word' id='word_1_655' title='bbox 2697 3411 2893 3481; x_wconf 89' lang='lat' dir='ltr'><strong>placet.</strong></span> <span class='ocrx_word' id='word_1_656' title='bbox 2938 3409 3092 3464; x_wconf 83' lang='lat' dir='ltr'><strong>Hunc</strong></span> <span class='ocrx_word' id='word_1_657' title='bbox 3122 3409 3382 3463; x_wconf 88' lang='lat' dir='ltr'><strong>honorem</strong></span> <span class='ocrx_word' id='word_1_658' title='bbox 3419 3407 3660 3461; x_wconf 88' lang='lat' dir='ltr'><strong>debitum</strong></span> 
     </span>
    </p>
   </div>
   <div class='ocr_carea' id='block_1_81' title="bbox 2086 3499 3661 3573">
    <p class='ocr_par' dir='ltr' id='par_1_81' title="bbox 2086 3499 3661 3573">
     <span class='ocr_line' id='line_1_81' title="bbox 2086 3499 3661 3573; baseline -0.004 -15"><span class='ocrx_word' id='word_1_659' title='bbox 2086 3505 2179 3573; x_wconf 91' lang='lat' dir='ltr'><strong>qui</strong></span> <span class='ocrx_word' id='word_1_660' title='bbox 2209 3505 2322 3559; x_wconf 88' lang='lat' dir='ltr'><strong>Deo</strong></span> <span class='ocrx_word' id='word_1_661' title='bbox 2349 3517 2457 3558; x_wconf 87' lang='lat' dir='ltr'><strong>non</strong></span> <span class='ocrx_word' id='word_1_662' title='bbox 2502 3502 2701 3568; x_wconf 88' lang='lat' dir='ltr'><strong>reddit,</strong></span> <span class='ocrx_word' id='word_1_663' title='bbox 2751 3501 2934 3557; x_wconf 86' lang='lat' dir='ltr'><strong>aufert</strong></span> <span class='ocrx_word' id='word_1_664' title='bbox 2967 3500 3078 3557; x_wconf 86' lang='lat' dir='ltr'><strong>Deo</strong></span> <span class='ocrx_word' id='word_1_665' title='bbox 3107 3499 3252 3570; x_wconf 90' lang='lat' dir='ltr'><strong>quod</strong></span> <span class='ocrx_word' id='word_1_666' title='bbox 3282 3512 3446 3555; x_wconf 84' lang='lat' dir='ltr'><strong>suum</strong></span> <span class='ocrx_word' id='word_1_667' title='bbox 3475 3504 3579 3561; x_wconf 89' lang='lat' dir='ltr'><strong>est,</strong></span> <span class='ocrx_word' id='word_1_668' title='bbox 3606 3506 3661 3552; x_wconf 88' lang='lat' dir='ltr'><strong>et</strong></span> 
     </span>
    </p>
   </div>
   <div class='ocr_carea' id='block_1_82' title="bbox 2090 3587 3658 3660">
    <p class='ocr_par' dir='ltr' id='par_1_82' title="bbox 2090 3587 3658 3660">
     <span class='ocr_line' id='line_1_82' title="bbox 2090 3587 3658 3660; baseline -0.006 -12"><span class='ocrx_word' id='word_1_669' title='bbox 2090 3597 2256 3649; x_wconf 90' lang='lat' dir='ltr'><strong>Deum</strong></span> <span class='ocrx_word' id='word_1_670' title='bbox 2288 3593 2621 3658; x_wconf 79' lang='lat' dir='ltr'><strong>exhonorat;</strong></span> <span class='ocrx_word' id='word_1_671' title='bbox 2661 3601 2718 3647; x_wconf 91' lang='lat' dir='ltr'><strong>et</strong></span> <span class='ocrx_word' id='word_1_672' title='bbox 2755 3593 2861 3648; x_wconf 90' lang='lat' dir='ltr'><strong>hoc</strong></span> <span class='ocrx_word' id='word_1_673' title='bbox 2891 3600 2976 3646; x_wconf 83' lang='lat' dir='ltr'><strong>est</strong></span> <span class='ocrx_word' id='word_1_674' title='bbox 3004 3605 3256 3660; x_wconf 91' lang='lat' dir='ltr'><strong>peccare.</strong></span> <span class='ocrx_word' id='word_1_675' title='bbox 3283 3587 3538 3655; x_wconf 85' lang='lat' dir='ltr'><strong>Quandiu</strong></span> <span class='ocrx_word' id='word_1_676' title='bbox 3565 3601 3658 3640; x_wconf 58' lang='lat' dir='ltr'><strong>auo</strong></span> 
     </span>
    </p>
   </div>
   <div class='ocr_carea' id='block_1_83' title="bbox 2091 3673 3677 3751">
    <p class='ocr_par' dir='ltr' id='par_1_83' title="bbox 2091 3673 3677 3751">
     <span class='ocr_line' id='line_1_83' title="bbox 2091 3673 3677 3751; baseline -0.006 -13"><span class='ocrx_word' id='word_1_677' title='bbox 2091 3694 2198 3738; x_wconf 90' lang='lat' dir='ltr'><strong>tem</strong></span> <span class='ocrx_word' id='word_1_678' title='bbox 2219 3697 2326 3736; x_wconf 91' lang='lat' dir='ltr'><strong>non</strong></span> <span class='ocrx_word' id='word_1_679' title='bbox 2351 3681 2510 3736; x_wconf 89' lang='lat' dir='ltr'><strong>solvit</strong></span> <span class='ocrx_word' id='word_1_680' title='bbox 2530 3683 2672 3750; x_wconf 87' lang='lat' dir='ltr'><strong>quod</strong></span> <span class='ocrx_word' id='word_1_681' title='bbox 2698 3681 2899 3751; x_wconf 90' lang='lat' dir='ltr'><strong>rapuit,</strong></span> <span class='ocrx_word' id='word_1_682' title='bbox 2923 3689 3108 3734; x_wconf 84' lang='lat' dir='ltr'><strong>manet</strong></span> <span class='ocrx_word' id='word_1_683' title='bbox 3132 3679 3183 3732; x_wconf 91' lang='lat' dir='ltr'><strong>in</strong></span> <span class='ocrx_word' id='word_1_684' title='bbox 3212 3677 3396 3747; x_wconf 90' lang='lat' dir='ltr'><strong>culpa;</strong></span> <span class='ocrx_word' id='word_1_685' title='bbox 3428 3691 3528 3731; x_wconf 92' lang='lat' dir='ltr'><strong>nec</strong></span> <span class='ocrx_word' id='word_1_686' title='bbox 3551 3673 3677 3730; x_wconf 73' lang='lat' dir='ltr'><strong>suf~</strong></span> 
     </span>
    </p>
   </div>
   <div class='ocr_carea' id='block_1_84' title="bbox 2090 3765 3662 3839">
    <p class='ocr_par' dir='ltr' id='par_1_84' title="bbox 2090 3765 3662 3839">
     <span class='ocr_line' id='line_1_84' title="bbox 2090 3765 3662 3839; baseline -0.004 -13"><span class='ocrx_word' id='word_1_687' title='bbox 2090 3773 2202 3828; x_wconf 84' lang='lat' dir='ltr'><strong>iicit</strong></span> <span class='ocrx_word' id='word_1_688' title='bbox 2227 3770 2563 3827; x_wconf 91' lang='lat' dir='ltr'><strong>solummodo</strong></span> <span class='ocrx_word' id='word_1_689' title='bbox 2591 3770 2817 3824; x_wconf 87' lang='lat' dir='ltr'><strong>reddere</strong></span> <span class='ocrx_word' id='word_1_690' title='bbox 2841 3768 2985 3839; x_wconf 86' lang='lat' dir='ltr'><strong>quod</strong></span> <span class='ocrx_word' id='word_1_691' title='bbox 3022 3767 3260 3822; x_wconf 82' lang='lat' dir='ltr'><strong>ablatum</strong></span> <span class='ocrx_word' id='word_1_692' title='bbox 3289 3774 3397 3832; x_wconf 90' lang='lat' dir='ltr'><strong>est,</strong></span> <span class='ocrx_word' id='word_1_693' title='bbox 3429 3765 3522 3820; x_wconf 90' lang='lat' dir='ltr'><strong>sed</strong></span> <span class='ocrx_word' id='word_1_694' title='bbox 3565 3779 3662 3834; x_wconf 91' lang='lat' dir='ltr'><strong>pro</strong></span> 
     </span>
    </p>
   </div>
   <div class='ocr_carea' id='block_1_85' title="bbox 2089 3857 3658 3931">
    <p class='ocr_par' dir='ltr' id='par_1_85' title="bbox 2089 3857 3658 3931">
     <span class='ocr_line' id='line_1_85' title="bbox 2089 3857 3658 3931; baseline -0.005 -11"><span class='ocrx_word' id='word_1_695' title='bbox 2089 3863 2420 3920; x_wconf 89' lang='lat' dir='ltr'><strong>contumelia</strong></span> <span class='ocrx_word' id='word_1_696' title='bbox 2449 3861 2598 3917; x_wconf 91' lang='lat' dir='ltr'><strong>illata</strong></span> <span class='ocrx_word' id='word_1_697' title='bbox 2624 3861 2743 3931; x_wconf 91' lang='lat' dir='ltr'><strong>plus</strong></span> <span class='ocrx_word' id='word_1_698' title='bbox 2789 3857 2964 3916; x_wconf 73' lang='lat' dir='ltr'><strong>debet</strong></span> <span class='ocrx_word' id='word_1_699' title='bbox 2989 3859 3084 3893; x_wconf 78' lang='lat'>”“</span> <span class='ocrx_word' id='word_1_700' title='bbox 3116 3859 3344 3914; x_wconf 90' lang='lat' dir='ltr'><strong>reddere</strong></span> <span class='ocrx_word' id='word_1_701' title='bbox 3376 3872 3539 3928; x_wconf 79' lang='lat' dir='ltr'><strong>quam</strong></span> <span class='ocrx_word' id='word_1_702' title='bbox 3571 3857 3658 3912; x_wconf 87' lang='lat' dir='ltr'><strong>ab-</strong></span> 
     </span>
    </p>
   </div>
   <div class='ocr_carea' id='block_1_86' title="bbox 2089 3949 3662 4022">
    <p class='ocr_par' dir='ltr' id='par_1_86' title="bbox 2089 3949 3662 4022">
     <span class='ocr_line' id='line_1_86' title="bbox 2089 3949 3662 4022; baseline -0.007 -10"><span class='ocrx_word' id='word_1_703' title='bbox 2089 3955 2264 4012; x_wconf 85' lang='lat' dir='ltr'><strong>stulit.</strong></span> <span class='ocrx_word' id='word_1_704' title='bbox 2312 3953 2469 4010; x_wconf 89' lang='lat' dir='ltr'><strong>Sicut</strong></span> <span class='ocrx_word' id='word_1_705' title='bbox 2501 3953 2646 4008; x_wconf 89' lang='lat' dir='ltr'><strong>enim</strong></span> <span class='ocrx_word' id='word_1_706' title='bbox 2691 3953 2781 4022; x_wconf 86' lang='lat' dir='ltr'><strong>qui</strong></span> <span class='ocrx_word' id='word_1_707' title='bbox 2831 3951 2975 4007; x_wconf 65' lang='lat' dir='ltr'><strong>[edit</strong></span> <span class='ocrx_word' id='word_1_708' title='bbox 3021 3951 3248 4005; x_wconf 90' lang='lat' dir='ltr'><strong>salutem</strong></span> <span class='ocrx_word' id='word_1_709' title='bbox 3291 3949 3516 4005; x_wconf 90' lang='lat' dir='ltr'><strong>alterius</strong></span> <span class='ocrx_word' id='word_1_710' title='bbox 3557 3963 3662 4002; x_wconf 92' lang='lat' dir='ltr'><strong>non</strong></span> 
     </span>
    </p>
   </div>
   <div class='ocr_carea' id='block_1_87' title="bbox 2090 4039 3666 4112">
    <p class='ocr_par' dir='ltr' id='par_1_87' title="bbox 2090 4039 3666 4112">
     <span class='ocr_line' id='line_1_87' title="bbox 2090 4039 3666 4112; baseline -0.004 -10"><span class='ocrx_word' id='word_1_711' title='bbox 2090 4046 2306 4110; x_wconf 83' lang='lat' dir='ltr'><strong>suillcit,</strong></span> <span class='ocrx_word' id='word_1_712' title='bbox 2350 4045 2396 4100; x_wconf 92' lang='lat' dir='ltr'><strong>si</strong></span> <span class='ocrx_word' id='word_1_713' title='bbox 2423 4043 2652 4099; x_wconf 88' lang='lat' dir='ltr'><strong>salutem</strong></span> <span class='ocrx_word' id='word_1_714' title='bbox 2690 4043 2949 4108; x_wconf 88' lang='lat' dir='ltr'><strong>restituit,</strong></span> <span class='ocrx_word' id='word_1_715' title='bbox 2995 4042 3098 4097; x_wconf 92' lang='lat' dir='ltr'><strong>nisi</strong></span> <span class='ocrx_word' id='word_1_716' title='bbox 3141 4056 3240 4112; x_wconf 90' lang='lat' dir='ltr'><strong>pro</strong></span> <span class='ocrx_word' id='word_1_717' title='bbox 3276 4041 3424 4095; x_wconf 89' lang='lat' dir='ltr'><strong>illata</strong></span> <span class='ocrx_word' id='word_1_718' title='bbox 3461 4039 3666 4096; x_wconf 88' lang='lat' dir='ltr'><strong>doloris</strong></span> 
     </span>
    </p>
   </div>
   <div class='ocr_carea' id='block_1_88' title="bbox 2093 4129 3665 4209">
    <p class='ocr_par' dir='ltr' id='par_1_88' title="bbox 2093 4129 3665 4209">
     <span class='ocr_line' id='line_1_88' title="bbox 2093 4129 3665 4209; baseline -0.007 -16"><span class='ocrx_word' id='word_1_719' title='bbox 2093 4137 2289 4209; x_wconf 85' lang='lat' dir='ltr'><strong>injuria</strong></span> <span class='ocrx_word' id='word_1_720' title='bbox 2317 4141 2690 4204; x_wconf 88' lang='lat' dir='ltr'><strong>recompenset</strong></span> <span class='ocrx_word' id='word_1_721' title='bbox 2718 4132 2953 4202; x_wconf 91' lang='lat' dir='ltr'><strong>aliquid;</strong></span> <span class='ocrx_word' id='word_1_722' title='bbox 2982 4133 3059 4187; x_wconf 90' lang='lat' dir='ltr'><strong>ita</strong></span> <span class='ocrx_word' id='word_1_723' title='bbox 3088 4132 3181 4203; x_wconf 90' lang='lat' dir='ltr'><strong>qui</strong></span> <span class='ocrx_word' id='word_1_724' title='bbox 3213 4132 3476 4186; x_wconf 91' lang='lat' dir='ltr'><strong>honorem</strong></span> <span class='ocrx_word' id='word_1_725' title='bbox 3500 4129 3665 4184; x_wconf 85' lang='lat' dir='ltr'><strong>alicu-</strong></span> 
     </span>
    </p>
   </div>
   <div class='ocr_carea' id='block_1_89' title="bbox 2087 4222 3665 4304">
    <p class='ocr_par' dir='ltr' id='par_1_89' title="bbox 2087 4222 3665 4304">
     <span class='ocr_line' id='line_1_89' title="bbox 2087 4222 3665 4304; baseline -0.007 -18"><span class='ocrx_word' id='word_1_726' title='bbox 2087 4235 2174 4304; x_wconf 76' lang='lat' dir='ltr'><strong>jus</strong></span> <span class='ocrx_word' id='word_1_727' title='bbox 2194 4232 2380 4299; x_wconf 92' lang='lat' dir='ltr'><strong>violat,</strong></span> <span class='ocrx_word' id='word_1_728' title='bbox 2407 4247 2514 4288; x_wconf 88' lang='lat' dir='ltr'><strong>non</strong></span> <span class='ocrx_word' id='word_1_729' title='bbox 2550 4225 2746 4282; x_wconf 77' lang='lat' dir='ltr'><strong>sumcit</strong></span> <span class='ocrx_word' id='word_1_730' title='bbox 2777 4227 3037 4281; x_wconf 88' lang='lat' dir='ltr'><strong>honorem</strong></span> <span class='ocrx_word' id='word_1_731' title='bbox 3078 4225 3330 4287; x_wconf 90' lang='lat' dir='ltr'><strong>reddere,</strong></span> <span class='ocrx_word' id='word_1_732' title='bbox 3363 4222 3411 4278; x_wconf 89' lang='lat' dir='ltr'><strong>si</strong></span> <span class='ocrx_word' id='word_1_733' title='bbox 3445 4235 3550 4276; x_wconf 92' lang='lat' dir='ltr'><strong>non</strong></span> <span class='ocrx_word' id='word_1_734' title='bbox 3578 4236 3665 4275; x_wconf 86' lang='lat' dir='ltr'><strong>se-</strong></span> 
     </span>
    </p>
   </div>
   <div class='ocr_carea' id='block_1_90' title="bbox 409 4310 1967 4384">
    <p class='ocr_par' dir='ltr' id='par_1_90' title="bbox 409 4311 1967 4384">
     <span class='ocr_line' id='line_1_90' title="bbox 409 4311 1967 4384; baseline -0.004 -11"><span class='ocrx_word' id='word_1_735' title='bbox 409 4319 697 4381; x_wconf 87' lang='lat' dir='ltr'><strong>rationem,</strong></span> <span class='ocrx_word' id='word_1_736' title='bbox 734 4317 779 4372; x_wconf 89' lang='lat' dir='ltr'><strong>si</strong></span> <span class='ocrx_word' id='word_1_737' title='bbox 811 4314 1003 4384; x_wconf 76' lang='lat' dir='ltr'><strong>majori</strong></span> <span class='ocrx_word' id='word_1_738' title='bbox 1049 4327 1156 4368; x_wconf 91' lang='lat' dir='ltr'><strong>non</strong></span> <span class='ocrx_word' id='word_1_739' title='bbox 1187 4311 1440 4375; x_wconf 86' lang='lat' dir='ltr'><strong>vincitur,</strong></span> <span class='ocrx_word' id='word_1_740' title='bbox 1477 4319 1771 4373; x_wconf 85' lang='lat' dir='ltr'><strong>comitatur</strong></span> <span class='ocrx_word' id='word_1_741' title='bbox 1796 4327 1967 4368; x_wconf 84' lang='lat' dir='ltr'><strong>neces-</strong></span> 
     </span>
    </p>
   </div>
   <div class='ocr_carea' id='block_1_91' title="bbox 2074 4310 3665 4384">
    <p class='ocr_par' dir='ltr' id='par_1_91' title="bbox 2097 4310 3665 4382">
     <span class='ocr_line' id='line_1_91' title="bbox 2097 4310 3665 4382; baseline -0.012 -2"><span class='ocrx_word' id='word_1_742' title='bbox 2097 4327 2334 4382; x_wconf 89' lang='lat' dir='ltr'><strong>cundum</strong></span> <span class='ocrx_word' id='word_1_743' title='bbox 2383 4317 2827 4379; x_wconf 82' lang='lat' dir='ltr'><strong>exhonorationis</strong></span> <span class='ocrx_word' id='word_1_744' title='bbox 2865 4315 3064 4370; x_wconf 89' lang='lat' dir='ltr'><strong>factam</strong></span> <span class='ocrx_word' id='word_1_745' title='bbox 3109 4313 3435 4376; x_wconf 88' lang='lat' dir='ltr'><strong>molestiam,</strong></span> <span class='ocrx_word' id='word_1_746' title='bbox 3465 4310 3665 4378; x_wconf 83' lang='lat' dir='ltr'><strong>aiiqnid</strong></span> 
     </span>
    </p>
   </div>
   <div class='ocr_carea' id='block_1_92' title="bbox 411 4409 1985 4480">
    <p class='ocr_par' dir='ltr' id='par_1_92' title="bbox 411 4409 1985 4480">
     <span class='ocr_line' id='line_1_92' title="bbox 411 4409 1985 4480; baseline -0.001 -17"><span class='ocrx_word' id='word_1_747' title='bbox 411 4412 562 4466; x_wconf 79' lang='lat' dir='ltr'><strong>sitas.</strong></span> <span class='ocrx_word' id='word_1_748' title='bbox 593 4409 718 4466; x_wconf 83' lang='lat' dir='ltr'><strong>Bos.</strong></span> <span class='ocrx_word' id='word_1_749' title='bbox 747 4410 892 4467; x_wconf 84' lang='lat' dir='ltr'><strong>Nihil</strong></span> <span class='ocrx_word' id='word_1_750' title='bbox 924 4411 977 4466; x_wconf 84' lang='lat' dir='ltr'><strong>in</strong></span> <span class='ocrx_word' id='word_1_751' title='bbox 1010 4409 1116 4464; x_wconf 89' lang='lat' dir='ltr'><strong>hac</strong></span> <span class='ocrx_word' id='word_1_752' title='bbox 1144 4424 1206 4465; x_wconf 91' lang='lat' dir='ltr'><strong>rc</strong></span> <span class='ocrx_word' id='word_1_753' title='bbox 1228 4411 1483 4468; x_wconf 88' lang='lat' dir='ltr'><strong>libentius</strong></span> <span class='ocrx_word' id='word_1_754' title='bbox 1507 4409 1717 4480; x_wconf 88' lang='lat' dir='ltr'><strong>accipio</strong></span> <span class='ocrx_word' id='word_1_755' title='bbox 1735 4422 1897 4478; x_wconf 90' lang='lat' dir='ltr'><strong>quam</strong></span> <span class='ocrx_word' id='word_1_756' title='bbox 1925 4417 1985 4462; x_wconf 91' lang='lat' dir='ltr'><strong>ut</strong></span> 
     </span>
    </p>
   </div>
   <div class='ocr_carea' id='block_1_93' title="bbox 417 4496 1989 4574">
    <p class='ocr_par' dir='ltr' id='par_1_93' title="bbox 417 4496 1989 4574">
     <span class='ocr_line' id='line_1_93' title="bbox 417 4496 1989 4574; baseline -0.004 -15"><span class='ocrx_word' id='word_1_757' title='bbox 417 4507 519 4560; x_wconf 79' lang='lat' dir='ltr'><strong>hoc</strong></span> <span class='ocrx_word' id='word_1_758' title='bbox 539 4510 756 4574; x_wconf 89' lang='lat' dir='ltr'><strong>pactum</strong></span> <span class='ocrx_word' id='word_1_759' title='bbox 781 4503 926 4559; x_wconf 89' lang='lat' dir='ltr'><strong>inter</strong></span> <span class='ocrx_word' id='word_1_760' title='bbox 946 4517 1046 4559; x_wconf 91' lang='lat' dir='ltr'><strong>nos</strong></span> <span class='ocrx_word' id='word_1_761' title='bbox 1070 4501 1434 4559; x_wconf 91' lang='lat' dir='ltr'><strong>communiter</strong></span> <span class='ocrx_word' id='word_1_762' title='bbox 1458 4508 1724 4556; x_wconf 89' lang='lat' dir='ltr'><strong>servetur.</strong></span> <span class='ocrx_word' id='word_1_763' title='bbox 1755 4498 1883 4551; x_wconf 74' lang='lat' dir='ltr'><strong>Ans.</strong></span> <span class='ocrx_word' id='word_1_764' title='bbox 1913 4496 1989 4552; x_wconf 92' lang='lat' dir='ltr'><strong>De</strong></span> 
     </span>
    </p>
   </div>
   <div class='ocr_carea' id='block_1_94' title="bbox 2097 4403 3664 4491">
    <p class='ocr_par' dir='ltr' id='par_1_94' title="bbox 2097 4403 3664 4491">
     <span class='ocr_line' id='line_1_94' title="bbox 2097 4403 3664 4491; baseline -0.011 -17"><span class='ocrx_word' id='word_1_765' title='bbox 2097 4420 2238 4491; x_wconf 89' lang='lat' dir='ltr'><strong>quod</strong></span> <span class='ocrx_word' id='word_1_766' title='bbox 2281 4417 2492 4488; x_wconf 87' lang='lat' dir='ltr'><strong>placeat</strong></span> <span class='ocrx_word' id='word_1_767' title='bbox 2525 4413 2622 4476; x_wconf 89' lang='lat' dir='ltr'><strong>illi,</strong></span> <span class='ocrx_word' id='word_1_768' title='bbox 2661 4425 2822 4482; x_wconf 89' lang='lat' dir='ltr'><strong>quem</strong></span> <span class='ocrx_word' id='word_1_769' title='bbox 2855 4408 3234 4473; x_wconf 78' lang='lat' dir='ltr'><strong>exhonoravit,</strong></span> <span class='ocrx_word' id='word_1_770' title='bbox 3271 4406 3522 4460; x_wconf 85' lang='lat' dir='ltr'><strong>restituat</strong></span> <span class='ocrx_word' id='word_1_771' title='bbox 3551 4403 3664 4456; x_wconf 78' lang='grc'><strong>’⁸³³.</strong></span> 
     </span>
    </p>
   </div>
   <div class='ocr_carea' id='block_1_95' title="bbox 2099 4495 3666 4584">
    <p class='ocr_par' dir='ltr' id='par_1_95' title="bbox 2099 4495 3666 4584">
     <span class='ocr_line' id='line_1_95' title="bbox 2099 4495 3666 4584; baseline -0.016 -13"><span class='ocrx_word' id='word_1_772' title='bbox 2099 4515 2212 4571; x_wconf 90' lang='lat' dir='ltr'><strong>lloc</strong></span> <span class='ocrx_word' id='word_1_773' title='bbox 2238 4526 2451 4584; x_wconf 91' lang='lat' dir='ltr'><strong>quoque</strong></span> <span class='ocrx_word' id='word_1_774' title='bbox 2470 4505 2870 4567; x_wconf 78' lang='lat' dir='ltr'><strong>attendendum,</strong></span> <span class='ocrx_word' id='word_1_775' title='bbox 2895 4502 3171 4573; x_wconf 87' lang='lat' dir='ltr'><strong>quodcum</strong></span> <span class='ocrx_word' id='word_1_776' title='bbox 3186 4499 3400 4569; x_wconf 88' lang='lat' dir='ltr'><strong>aliquis,</strong></span> <span class='ocrx_word' id='word_1_777' title='bbox 3416 4497 3510 4529; x_wconf 64' lang='grc'><strong>³³³³</strong></span> <span class='ocrx_word' id='word_1_778' title='bbox 3527 4495 3666 4565; x_wconf 85' lang='lat' dir='ltr'><strong>quod</strong></span> 
     </span>
    </p>
   </div>
   <div class='ocr_carea' id='block_1_96' title="bbox 1680 4623 2351 4685">
    <p class='ocr_par' dir='ltr' id='par_1_96' title="bbox 1680 4623 2351 4685">
     <span class='ocr_line' id='line_1_96' title="bbox 1680 4623 2351 4685; baseline -0.007 -4"><span class='ocrx_word' id='word_1_779' title='bbox 1680 4627 1911 4685; x_wconf 67' lang='lat' dir='ltr'><strong>VABIE</strong></span> <span class='ocrx_word' id='word_1_780' title='bbox 1949 4623 2351 4685; x_wconf 79' lang='lat' dir='ltr'><strong>LECTIONES.</strong></span> 
     </span>
    </p>
   </div>
   <div class='ocr_carea' id='block_1_97' title="bbox 488 4697 3670 4790">
    <p class='ocr_par' dir='ltr' id='par_1_97' title="bbox 488 4697 3670 4790">
     <span class='ocr_line' id='line_1_97' title="bbox 488 4697 3670 4790; baseline -0.011 -6"><span class='ocrx_word' id='word_1_781' title='bbox 488 4727 586 4761; x_wconf 74' lang='grc'><strong>’³³⁸</strong></span> <span class='ocrx_word' id='word_1_782' title='bbox 624 4725 730 4782; x_wconf 84' lang='lat' dir='ltr'><strong>Per</strong></span> <span class='ocrx_word' id='word_1_783' title='bbox 790 4731 1019 4779; x_wconf 87' lang='lat' dir='ltr'><strong>mortem</strong></span> <span class='ocrx_word' id='word_1_784' title='bbox 1077 4720 1194 4790; x_wconf 82' lang='lat' dir='ltr'><strong>ejus</strong></span> <span class='ocrx_word' id='word_1_785' title='bbox 1257 4737 1380 4776; x_wconf 80' lang='lat' dir='ltr'><strong>mss.</strong></span> <span class='ocrx_word' id='word_1_786' title='bbox 1445 4733 1541 4789; x_wconf 88' lang='lat' dir='ltr'><strong>per</strong></span> <span class='ocrx_word' id='word_1_787' title='bbox 1599 4726 1828 4790; x_wconf 88' lang='lat' dir='ltr'><strong>mortem</strong></span> <span class='ocrx_word' id='word_1_788' title='bbox 1866 4733 2030 4790; x_wconf 78' lang='lat' dir='ltr'><strong>suam</strong></span> <span class='ocrx_word' id='word_1_789' title='bbox 2089 4716 2197 4790; x_wconf 49' lang='lat'><strong>9&quot;</strong></span> <span class='ocrx_word' id='word_1_790' title='bbox 2248 4712 2496 4768; x_wconf 76' lang='lat' dir='ltr'><strong>Voluisse</strong></span> <span class='ocrx_word' id='word_1_791' title='bbox 2536 4709 2711 4790; x_wconf 65' lang='lat' dir='ltr'><strong>vitare</strong></span> <span class='ocrx_word' id='word_1_792' title='bbox 2759 4724 2886 4790; x_wconf 63' lang='lat' dir='ltr'><strong>mss.</strong></span> <span class='ocrx_word' id='word_1_793' title='bbox 2940 4703 3186 4790; x_wconf 55' lang='lat' dir='ltr'><strong>.valuisse</strong></span> <span class='ocrx_word' id='word_1_794' title='bbox 3226 4697 3670 4790; x_wconf 37' lang='lat' dir='ltr'><strong>vitiarej_A”&quot;&#39;.-_li_e</strong></span> 
     </span>
    </p>
   </div>
   <div class='ocr_carea' id='block_1_98' title="bbox 412 4767 3668 4861">
    <p class='ocr_par' dir='ltr' id='par_1_98' title="bbox 412 4767 3668 4861">
     <span class='ocr_line' id='line_1_98' title="bbox 412 4767 3668 4861; baseline -0.011 -4"><span class='ocrx_word' id='word_1_795' title='bbox 412 4800 506 4859; x_wconf 89' lang='lat' dir='ltr'><strong>illo</strong></span> <span class='ocrx_word' id='word_1_796' title='bbox 557 4767 1194 4859; x_wconf 46' lang='grc' dir='ltr'><strong>(Ιίιζιιῖιιιιῖηξηἐξ..Ιιὲ,υ</strong></span> <span class='ocrx_word' id='word_1_797' title='bbox 1213 4767 1530 4861; x_wconf 59' lang='grc' dir='ltr'><strong>ᾳέίὲζὶιῑὲίιῖ</strong></span> <span class='ocrx_word' id='word_1_798' title='bbox 1583 4767 2030 4861; x_wconf 34' lang='lat' dir='ltr'><strong>sunt-similia&quot;:</strong></span> <span class='ocrx_word' id='word_1_799' title='bbox 2057 4787 2313 4861; x_wconf 74' lang='lat' dir='ltr'><strong>s_ic___sun_t</strong></span> <span class='ocrx_word' id='word_1_800' title='bbox 2360 4797 2487 4835; x_wconf 79' lang='lat' dir='ltr'><strong>mss.</strong></span> <span class='ocrx_word' id='word_1_801' title='bbox 2545 4776 2692 4861; x_wconf 72' lang='lat' dir='ltr'><strong>Gem.</strong></span> <span class='ocrx_word' id='word_1_802' title='bbox 2726 4777 2874 4861; x_wconf 54' lang='lat' dir='ltr'><strong>&quot;lico.</strong></span> <span class='ocrx_word' id='word_1_803' title='bbox 2917 4773 3074 4861; x_wconf 77' lang='lat' dir='ltr'><strong>_Vict.</strong></span> <span class='ocrx_word' id='word_1_804' title='bbox 3105 4767 3668 4861; x_wconf 43' lang='grc' dir='ltr'><strong>Δ(ΙεηὶΙιιι)Ι</strong></span> 
     </span>
    </p>
   </div>
   <div class='ocr_carea' id='block_1_99' title="bbox 413 4838 3670 4938">
    <p class='ocr_par' dir='ltr' id='par_1_99' title="bbox 413 4838 3670 4938">
     <span class='ocr_line' id='line_1_99' title="bbox 413 4838 3670 4938; baseline -0.012 -9"><span class='ocrx_word' id='word_1_805' title='bbox 413 4838 523 4936; x_wconf 52' lang='lat' dir='ltr'><strong>iis“,</strong></span> <span class='ocrx_word' id='word_1_806' title='bbox 1143 4838 1355 4938; x_wconf 38' lang='lat' dir='ltr'><strong>,siiln‘iii&#39;a</strong></span> <span class='ocrx_word' id='word_1_807' title='bbox 1376 4838 1710 4938; x_wconf 40' lang='grc' dir='ltr'><strong>..-εἶξ-</strong></span> <span class='ocrx_word' id='word_1_808' title='bbox 1742 4838 2033 4938; x_wconf 20' lang='lat' dir='ltr'><strong>mis—fio!)</strong></span> <span class='ocrx_word' id='word_1_809' title='bbox 2058 4838 2236 4911; x_wconf 74' lang='lat' dir='ltr'><strong>deillo</strong></span> <span class='ocrx_word' id='word_1_810' title='bbox 2261 4853 2403 4906; x_wconf 88' lang='lat' dir='ltr'><strong>dicta</strong></span> <span class='ocrx_word' id='word_1_811' title='bbox 2449 4858 2596 4938; x_wconf 64' lang='lat' dir='ltr'><strong>sunt&quot;</strong></span> <span class='ocrx_word' id='word_1_812' title='bbox 2617 4848 2834 4938; x_wconf 76' lang='lat' dir='ltr'><strong>similia,</strong></span> <span class='ocrx_word' id='word_1_813' title='bbox 2885 4847 2965 4900; x_wconf 91' lang='lat' dir='ltr'><strong>sic</strong></span> <span class='ocrx_word' id='word_1_814' title='bbox 3000 4852 3131 4938; x_wconf 81' lang='lat' dir='ltr'><strong>suntl</strong></span> <span class='ocrx_word' id='word_1_815' title='bbox 3157 4838 3670 4938; x_wconf 44' lang='grc' dir='ltr'><strong>Λὲίίῇξιέιέεξειηῐῒ</strong></span> 
     </span>
    </p>
   </div>
   <div class='ocr_carea' id='block_1_100' title="bbox 415 4912 3254 5004">
    <p class='ocr_par' dir='ltr' id='par_1_100' title="bbox 415 4912 3254 5004">
     <span class='ocr_line' id='line_1_100' title="bbox 415 4912 3254 5004; baseline -0.012 -6"><span class='ocrx_word' id='word_1_816' title='bbox 415 4912 898 5004; x_wconf 51' lang='grc' dir='ltr'><strong>ίῶιῖιιιῖἷιεξῖὁῖυ</strong></span> <span class='ocrx_word' id='word_1_817' title='bbox 930 4912 1614 5004; x_wconf 30' lang='lat' dir='ltr'><strong>propriavoluutatc&quot;1”&quot;</strong></span> <span class='ocrx_word' id='word_1_818' title='bbox 1646 4929 1711 4982; x_wconf 85' lang='lat' dir='ltr'><strong>Et</strong></span> <span class='ocrx_word' id='word_1_819' title='bbox 1742 4912 1938 4982; x_wconf 88' lang='lat' dir='ltr'><strong>iterum</strong></span> <span class='ocrx_word' id='word_1_820' title='bbox 1963 4912 2118 4982; x_wconf 67' lang='lat' dir='ltr'><strong>sumo</strong></span> <span class='ocrx_word' id='word_1_821' title='bbox 2149 4939 2291 4986; x_wconf 86' lang='lat' dir='ltr'><strong>eam,</strong></span> <span class='ocrx_word' id='word_1_822' title='bbox 2324 4936 2482 4976; x_wconf 85' lang='lat' dir='ltr'><strong>nemo</strong></span> <span class='ocrx_word' id='word_1_823' title='bbox 2507 4919 2657 5004; x_wconf 71' lang='lat' dir='ltr'><strong>tollet</strong></span> <span class='ocrx_word' id='word_1_824' title='bbox 2683 4912 2859 4971; x_wconf 21' lang='lat' dir='ltr'><strong>eam’a</strong></span> <span class='ocrx_word' id='word_1_825' title='bbox 2889 4931 3005 4977; x_wconf 90' lang='lat' dir='ltr'><strong>me;</strong></span> <span class='ocrx_word' id='word_1_826' title='bbox 3037 4912 3254 5004; x_wconf 63' lang='lat' dir='ltr'><strong>scdcgo</strong></span> 
     </span>
    </p>
   </div>
   <div class='ocr_carea' id='block_1_101' title="bbox 413 4989 3270 5071">
    <p class='ocr_par' dir='ltr' id='par_1_101' title="bbox 413 4989 3270 5071">
     <span class='ocr_line' id='line_1_101' title="bbox 413 4989 3270 5071; baseline -0.013 -2"><span class='ocrx_word' id='word_1_827' title='bbox 726 4989 893 5060; x_wconf 78' lang='lat' dir='ltr'><strong>suth</strong></span> <span class='ocrx_word' id='word_1_828' title='bbox 911 4989 1061 5065; x_wconf 57' lang='lat' dir='ltr'><strong>e&#39;anf;</strong></span> <span class='ocrx_word' id='word_1_829' title='bbox 1093 5011 1411 5071; x_wconf 77' lang='lat' dir='ltr'><strong>potestatem</strong></span> <span class='ocrx_word' id='word_1_830' title='bbox 1436 4999 1634 5054; x_wconf 85' lang='lat' dir='ltr'><strong>habere</strong></span> <span class='ocrx_word' id='word_1_831' title='bbox 1661 5013 1904 5071; x_wconf 62' lang='lat' dir='ltr'><strong>ponere.</strong></span> <span class='ocrx_word' id='word_1_832' title='bbox 1943 5011 2158 5071; x_wconf 77' lang='lat' dir='ltr'><strong>sumere</strong></span> <span class='ocrx_word' id='word_1_833' title='bbox 2190 5008 2312 5047; x_wconf 86' lang='lat' dir='ltr'><strong>cam</strong></span> <span class='ocrx_word' id='word_1_834' title='bbox 2346 4999 2557 5071; x_wconf 48' lang='grc' dir='ltr'>νισι-ιιι</span> <span class='ocrx_word' id='word_1_835' title='bbox 2604 4989 2796 5069; x_wconf 74' lang='lat' dir='ltr'><strong>iterum</strong></span> <span class='ocrx_word' id='word_1_836' title='bbox 2845 5000 3054 5040; x_wconf 88' lang='lat' dir='ltr'><strong>sumam</strong></span> <span class='ocrx_word' id='word_1_837' title='bbox 3086 4997 3212 5071; x_wconf 70' lang='lat' dir='ltr'><strong>eain</strong></span> <span class='ocrx_word' id='word_1_838' title='bbox 3254 4995 3270 5034; x_wconf 92' lang='lat'><strong>:</strong></span> 
     </span>
    </p>
   </div>
   <div class='ocr_carea' id='block_1_102' title="bbox 3304 4922 3668 4980">
    <p class='ocr_par' dir='ltr' id='par_1_102' title="bbox 3304 4922 3668 4980">
     <span class='ocr_line' id='line_1_102' title="bbox 3304 4922 3668 4980; baseline -0.008 -18"><span class='ocrx_word' id='word_1_839' title='bbox 3304 4923 3503 4980; x_wconf 88' lang='lat' dir='ltr'><strong>ponam</strong></span> <span class='ocrx_word' id='word_1_840' title='bbox 3525 4922 3668 4980; x_wconf 76' lang='lat' dir='ltr'><strong>eam,</strong></span> 
     </span>
    </p>
   </div>
   <div class='ocr_carea' id='block_1_103' title="bbox 3321 4976 3672 5032">
    <p class='ocr_par' dir='ltr' id='par_1_103' title="bbox 3321 4976 3672 5032">
     <span class='ocr_line' id='line_1_103' title="bbox 3321 4976 3672 5032; baseline -0.011 0"><span class='ocrx_word' id='word_1_841' title='bbox 3321 4993 3481 5032; x_wconf 88' lang='lat' dir='ltr'><strong>nemo</strong></span> <span class='ocrx_word' id='word_1_842' title='bbox 3536 4976 3672 5030; x_wconf 86' lang='lat' dir='ltr'><strong>tollit</strong></span> 
     </span>
    </p>
   </div>
   <div class='ocr_carea' id='block_1_104' title="bbox 381 5045 3671 5144">
    <p class='ocr_par' dir='ltr' id='par_1_104' title="bbox 381 5045 3671 5144">
     <span class='ocr_line' id='line_1_104' title="bbox 381 5045 3671 5144; baseline -0.011 -8"><span class='ocrx_word' id='word_1_843' title='bbox 381 5045 754 5144; x_wconf 53' lang='lat' dir='ltr'><strong>g3§.ii&quot;zi&quot;nie;</strong></span> <span class='ocrx_word' id='word_1_844' title='bbox 781 5075 872 5131; x_wconf 84' lang='lat' dir='ltr'><strong>sed</strong></span> <span class='ocrx_word' id='word_1_845' title='bbox 888 5087 988 5144; x_wconf 80' lang='lat' dir='ltr'><strong>ego</strong></span> <span class='ocrx_word' id='word_1_846' title='bbox 1016 5045 1158 5142; x_wconf 62' lang='grc' dir='ltr'><strong>ι)ᾈῖιο</strong></span> <span class='ocrx_word' id='word_1_847' title='bbox 1179 5087 1300 5126; x_wconf 88' lang='lat' dir='ltr'><strong>eam</strong></span> <span class='ocrx_word' id='word_1_848' title='bbox 1343 5087 1373 5124; x_wconf 88' lang='lat' dir='ltr'><strong>a</strong></span> <span class='ocrx_word' id='word_1_849' title='bbox 1406 5086 1491 5144; x_wconf 82' lang='lat' dir='ltr'><strong>me</strong></span> <span class='ocrx_word' id='word_1_850' title='bbox 1523 5045 2029 5144; x_wconf 27' lang='lat' dir='ltr'><strong>i‘pso.rl_’p_t_es__tate_m</strong></span> <span class='ocrx_word' id='word_1_851' title='bbox 2049 5067 2238 5144; x_wconf 80' lang='lat' dir='ltr'><strong>_l_iabeo</strong></span> <span class='ocrx_word' id='word_1_852' title='bbox 2278 5059 2508 5130; x_wconf 89' lang='lat' dir='ltr'><strong>ponendi</strong></span> <span class='ocrx_word' id='word_1_853' title='bbox 2558 5058 3049 5144; x_wconf 41' lang='lat' dir='ltr'><strong>animamanimam,</strong></span> <span class='ocrx_word' id='word_1_854' title='bbox 3085 5061 3149 5144; x_wconf 47' lang='lat' dir='ltr'><strong>elt‘</strong></span> <span class='ocrx_word' id='word_1_855' title='bbox 3178 5051 3373 5144; x_wconf 52' lang='lat' dir='ltr'><strong>iterum</strong></span> <span class='ocrx_word' id='word_1_856' title='bbox 3402 5045 3671 5144; x_wconf 38' lang='lat' dir='ltr'><strong>fugitat-(fi</strong></span> 
     </span>
    </p>
   </div>
   <div class='ocr_carea' id='block_1_105' title="bbox 384 5136 2171 5214">
    <p class='ocr_par' dir='ltr' id='par_1_105' title="bbox 384 5136 2171 5214">
     <span class='ocr_line' id='line_1_105' title="bbox 384 5136 2171 5214; baseline -0.011 -7"><span class='ocrx_word' id='word_1_857' title='bbox 384 5136 535 5208; x_wconf 59' lang='lat' dir='ltr'><strong>‘eum</strong></span> <span class='ocrx_word' id='word_1_858' title='bbox 610 5147 706 5180; x_wconf 75' lang='grc'>’³⁸³</span> <span class='ocrx_word' id='word_1_859' title='bbox 732 5147 897 5204; x_wconf 80' lang='lat' dir='ltr'><strong>Recte</strong></span> <span class='ocrx_word' id='word_1_860' title='bbox 921 5136 1097 5214; x_wconf 74' lang='lat' dir='ltr'><strong>potest</strong></span> <span class='ocrx_word' id='word_1_861' title='bbox 1118 5159 1242 5196; x_wconf 82' lang='lat' dir='ltr'><strong>mss.</strong></span> <span class='ocrx_word' id='word_1_862' title='bbox 1272 5149 1418 5214; x_wconf 68' lang='lat' dir='ltr'><strong>recte</strong></span> <span class='ocrx_word' id='word_1_863' title='bbox 1433 5136 1638 5214; x_wconf 70' lang='lat' dir='ltr'><strong>dicitur</strong></span> <span class='ocrx_word' id='word_1_864' title='bbox 1699 5137 1804 5214; x_wconf 50' lang='lat' dir='ltr'><strong>ff”</strong></span> <span class='ocrx_word' id='word_1_865' title='bbox 1837 5139 1989 5203; x_wconf 77' lang='lat' dir='ltr'><strong>Quod</strong></span> <span class='ocrx_word' id='word_1_866' title='bbox 2015 5136 2171 5190; x_wconf 89' lang='lat' dir='ltr'><strong>aliter</strong></span> 
     </span>
    </p>
   </div>
   <div class='ocr_carea' id='block_1_106' title="bbox 2209 5117 3668 5198">
    <p class='ocr_par' dir='ltr' id='par_1_106' title="bbox 2209 5117 3668 5198">
     <span class='ocr_line' id='line_1_106' title="bbox 2209 5117 3668 5198; baseline -0.014 -11"><span class='ocrx_word' id='word_1_867' title='bbox 2209 5117 2332 5187; x_wconf 61' lang='lat' dir='ltr'><strong>ms&#39;s.</strong></span> <span class='ocrx_word' id='word_1_868' title='bbox 2362 5144 2482 5198; x_wconf 80' lang='lat' dir='ltr'><strong>qua:</strong></span> <span class='ocrx_word' id='word_1_869' title='bbox 2522 5128 2680 5198; x_wconf 85' lang='lat' dir='ltr'><strong>aliter</strong></span> <span class='ocrx_word' id='word_1_870' title='bbox 2753 5126 2846 5157; x_wconf 71' lang='grc'><strong>’³³⁵</strong></span> <span class='ocrx_word' id='word_1_871' title='bbox 2883 5124 3085 5178; x_wconf 80' lang='lat' dir='ltr'><strong>Ibidem</strong></span> <span class='ocrx_word' id='word_1_872' title='bbox 3109 5117 3668 5198; x_wconf 43' lang='lat' dir='ltr'><strong>C._&#39;Nam_e.t.inlcon-</strong></span> 
     </span>
    </p>
   </div>
   <div class='ocr_carea' id='block_1_107' title="bbox 418 5184 3667 5277">
    <p class='ocr_par' dir='ltr' id='par_1_107' title="bbox 418 5184 3667 5277">
     <span class='ocr_line' id='line_1_107' title="bbox 418 5184 3667 5277; baseline -0.011 -2"><span class='ocrx_word' id='word_1_873' title='bbox 418 5184 636 5277; x_wconf 46' lang='lat' dir='ltr'><strong>iﬁiiicns</strong></span> <span class='ocrx_word' id='word_1_874' title='bbox 1272 5184 1827 5274; x_wconf 50' lang='grc' dir='ltr'>’ἶῦῗριιῖιιῖιίιιιιίὺει</span> <span class='ocrx_word' id='word_1_875' title='bbox 2206 5184 2276 5256; x_wconf 79' lang='lat' dir='ltr'><strong>ita</strong></span> <span class='ocrx_word' id='word_1_876' title='bbox 2308 5184 2702 5277; x_wconf 69' lang='lat' dir='ltr'><strong>quantumlibet</strong></span> <span class='ocrx_word' id='word_1_877' title='bbox 2725 5211 2958 5277; x_wconf 46' lang='lat' dir='ltr'><strong>.parvaiu</strong></span> <span class='ocrx_word' id='word_1_878' title='bbox 3005 5207 3132 5277; x_wconf 45' lang='lat' dir='ltr'><strong>inst:</strong></span> <span class='ocrx_word' id='word_1_879' title='bbox 3331 5184 3667 5277; x_wconf 42' lang='lat' dir='ltr'><strong>July:</strong></span> 
     </span>
    </p>
   </div>
   <div class='ocr_carea' id='block_1_108' title="bbox 419 5253 3671 5357">
    <p class='ocr_par' dir='ltr' id='par_1_108' title="bbox 419 5253 3671 5357">
     <span class='ocr_line' id='line_1_108' title="bbox 419 5253 3671 5357; baseline -0.002 7"><span class='ocrx_word' id='word_1_880' title='bbox 419 5253 636 5348; x_wconf 68' lang='grc' dir='ltr'><strong>ἓῖἙὲἓῗ</strong></span> <span class='ocrx_word' id='word_1_881' title='bbox 647 5253 945 5357; x_wconf 48' lang='lat' dir='ltr'><strong>«inanimi</strong></span> <span class='ocrx_word' id='word_1_882' title='bbox 965 5253 1272 5357; x_wconf 53' lang='grc' dir='ltr'><strong>ὒὲιῖοὲἷὶιιῖῖη</strong></span> <span class='ocrx_word' id='word_1_883' title='bbox 1309 5253 1952 5357; x_wconf 52' lang='grc' dir='ltr'><strong>ίιελιῖὗίὶῖίῦἕίίἶᾶἦὲὗίυ</strong></span> <span class='ocrx_word' id='word_1_884' title='bbox 1967 5253 1977 5260; x_wconf 80' lang='grc'><em>’</em></span> <span class='ocrx_word' id='word_1_885' title='bbox 1993 5253 2294 5357; x_wconf 57' lang='grc' dir='ltr'><strong>’δίτῗῡέειξ</strong></span> <span class='ocrx_word' id='word_1_886' title='bbox 2319 5253 2692 5357; x_wconf 38' lang='lat' dir='ltr'><strong>Meiste-</strong></span> <span class='ocrx_word' id='word_1_887' title='bbox 2725 5253 3540 5357; x_wconf 56' lang='grc' dir='ltr'><strong>ἓελιεηιὲἒξξξίὲἱίέι-.ηἷῗεῖῗ..ἓέεὲἱ³ἲ⁰</strong></span> <span class='ocrx_word' id='word_1_888' title='bbox 3559 5253 3671 5357; x_wconf 65' lang='grc' dir='ltr'><strong>ιῖἔῖζ</strong></span> 
     </span>
    </p>
   </div>
   <div class='ocr_carea' id='block_1_109' title="bbox 415 5348 1582 5418">
    <p class='ocr_par' dir='ltr' id='par_1_109' title="bbox 415 5348 1582 5418">
     <span class='ocr_line' id='line_1_109' title="bbox 415 5348 1582 5418; baseline -0.016 0"><span class='ocrx_word' id='word_1_889' title='bbox 415 5363 624 5418; x_wconf 86' lang='lat' dir='ltr'><strong>ciamus</strong></span> <span class='ocrx_word' id='word_1_890' title='bbox 653 5348 776 5412; x_wconf 77' lang='lat' dir='ltr'><strong>mss.</strong></span> <span class='ocrx_word' id='word_1_891' title='bbox 803 5364 859 5410; x_wconf 91' lang='lat' dir='ltr'><strong>ut</strong></span> <span class='ocrx_word' id='word_1_892' title='bbox 882 5348 986 5411; x_wconf 77' lang='lat' dir='ltr'><strong>hoc</strong></span> <span class='ocrx_word' id='word_1_893' title='bbox 1005 5353 1263 5406; x_wconf 83' lang='lat' dir='ltr'><strong>faciamus</strong></span> <span class='ocrx_word' id='word_1_894' title='bbox 1336 5349 1429 5380; x_wconf 78' lang='grc'><strong>’³³³</strong></span> <span class='ocrx_word' id='word_1_895' title='bbox 1461 5348 1526 5401; x_wconf 87' lang='grc' dir='ltr'>Ει</span> <span class='ocrx_word' id='word_1_896' title='bbox 1549 5363 1582 5416; x_wconf 93' lang='lat' dir='ltr'><strong>p</strong></span> 
     </span>
    </p>
   </div>
   <div class='ocr_carea' id='block_1_110' title="bbox 415 5416 2007 5493">
    <p class='ocr_par' dir='ltr' id='par_1_110' title="bbox 415 5416 2007 5493">
     <span class='ocr_line' id='line_1_110' title="bbox 415 5416 2007 5493; baseline -0.01 -7"><span class='ocrx_word' id='word_1_897' title='bbox 415 5416 464 5486; x_wconf 81' lang='lat' dir='ltr'><strong>et</strong></span> <span class='ocrx_word' id='word_1_898' title='bbox 485 5431 673 5486; x_wconf 79' lang='lat' dir='ltr'><strong>Cister.</strong></span> <span class='ocrx_word' id='word_1_899' title='bbox 700 5425 852 5493; x_wconf 84' lang='lat' dir='ltr'><strong>Quod</strong></span> <span class='ocrx_word' id='word_1_900' title='bbox 873 5434 958 5480; x_wconf 90' lang='lat' dir='ltr'><strong>est</strong></span> <span class='ocrx_word' id='word_1_901' title='bbox 981 5423 1230 5493; x_wconf 88' lang='lat' dir='ltr'><strong>debitum_</strong></span> <span class='ocrx_word' id='word_1_902' title='bbox 1293 5419 1384 5451; x_wconf 73' lang='grc'><strong>’³³³</strong></span> <span class='ocrx_word' id='word_1_903' title='bbox 1409 5417 1568 5472; x_wconf 90' lang='lat' dir='ltr'><strong>Solus</strong></span> <span class='ocrx_word' id='word_1_904' title='bbox 1585 5416 1839 5493; x_wconf 57' lang='lat' dir='ltr'><strong>honoret</strong></span> <span class='ocrx_word' id='word_1_905' title='bbox 1865 5424 2007 5493; x_wconf 54' lang='lat' dir='ltr'><strong>totus</strong></span> 
     </span>
    </p>
   </div>
   <div class='ocr_carea' id='block_1_111' title="bbox 418 5484 1989 5578">
    <p class='ocr_par' dir='ltr' id='par_1_111' title="bbox 418 5484 1989 5578">
     <span class='ocr_line' id='line_1_111' title="bbox 418 5484 1989 5578; baseline -0.009 -24"><span class='ocrx_word' id='word_1_906' title='bbox 418 5484 515 5578; x_wconf 49' lang='lat' dir='ltr'><strong>ius;</strong></span> <span class='ocrx_word' id='word_1_907' title='bbox 537 5484 892 5578; x_wconf 42' lang='lat' dir='ltr'><strong>honora-item</strong></span> <span class='ocrx_word' id='word_1_908' title='bbox 924 5493 1181 5549; x_wconf 89' lang='lat' dir='ltr'><strong>debemus</strong></span> <span class='ocrx_word' id='word_1_909' title='bbox 1195 5490 1331 5578; x_wconf 39' lang='lat' dir='ltr'><strong>‘Deo,</strong></span> <span class='ocrx_word' id='word_1_910' title='bbox 1352 5499 1415 5578; x_wconf 37' lang='lat' dir='ltr'><strong>‘ct</strong></span> <span class='ocrx_word' id='word_1_911' title='bbox 1446 5503 1476 5540; x_wconf 89' lang='lat' dir='ltr'><strong>a</strong></span> <span class='ocrx_word' id='word_1_912' title='bbox 1513 5486 1667 5578; x_wconf 72' lang='lat' dir='ltr'><strong>nobis</strong></span> <span class='ocrx_word' id='word_1_913' title='bbox 1740 5484 1989 5578; x_wconf 46' lang='lat' dir='ltr'><strong>&#39;fﬁli‘lus</strong></span> 
     </span>
    </p>
   </div>
   <div class='ocr_carea' id='block_1_112' title="bbox 1587 5321 3673 5416">
    <p class='ocr_par' dir='ltr' id='par_1_112' title="bbox 1587 5321 3673 5416">
     <span class='ocr_line' id='line_1_112' title="bbox 1587 5321 3673 5416; baseline -0.012 -14"><span class='ocrx_word' id='word_1_914' title='bbox 1587 5321 2043 5416; x_wconf 48' lang='grc' dir='ltr'>’διεδ</span> <span class='ocrx_word' id='word_1_915' title='bbox 2077 5352 2133 5398; x_wconf 90' lang='lat' dir='ltr'><strong>et</strong></span> <span class='ocrx_word' id='word_1_916' title='bbox 2152 5321 2300 5416; x_wconf 65' lang='lat' dir='ltr'><strong>quid</strong></span> <span class='ocrx_word' id='word_1_917' title='bbox 2328 5321 2423 5408; x_wconf 88' lang='lat' dir='ltr'><strong>pro</strong></span> <span class='ocrx_word' id='word_1_918' title='bbox 2439 5346 2660 5416; x_wconf 62' lang='lat' dir='ltr'><strong>peccato</strong></span> <span class='ocrx_word' id='word_1_919' title='bbox 2733 5337 2824 5367; x_wconf 62' lang='grc' dir='ltr'><strong>’κθ</strong></span> <span class='ocrx_word' id='word_1_920' title='bbox 2859 5332 2993 5400; x_wconf 88' lang='lat' dir='ltr'><strong>Quid</strong></span> <span class='ocrx_word' id='word_1_921' title='bbox 3018 5341 3102 5416; x_wconf 73' lang='lat' dir='ltr'><strong>est</strong></span> <span class='ocrx_word' id='word_1_922' title='bbox 3131 5321 3673 5416; x_wconf 37' lang='lat' dir='ltr'><strong>debitumlmssLJo‘ly</strong></span> 
     </span>
    </p>
   </div>
   <div class='ocr_carea' id='block_1_113' title="bbox 2067 5397 3671 5474">
    <p class='ocr_par' dir='ltr' id='par_1_113' title="bbox 2067 5397 3671 5474">
     <span class='ocr_line' id='line_1_113' title="bbox 2067 5397 3671 5474; baseline -0.014 -7"><span class='ocrx_word' id='word_1_923' title='bbox 2067 5397 2194 5467; x_wconf 66' lang='lat' dir='ltr'><strong>ueni</strong></span> <span class='ocrx_word' id='word_1_924' title='bbox 2220 5397 2478 5464; x_wconf 67' lang='lat' dir='ltr'><strong>debeinus</strong></span> <span class='ocrx_word' id='word_1_925' title='bbox 2501 5409 2608 5462; x_wconf 86' lang='lat' dir='ltr'><strong>Deo</strong></span> <span class='ocrx_word' id='word_1_926' title='bbox 2635 5416 2690 5461; x_wconf 93' lang='lat' dir='ltr'><strong>ct</strong></span> <span class='ocrx_word' id='word_1_927' title='bbox 2717 5397 2930 5474; x_wconf 51' lang='lat' dir='ltr'><strong>quein&#39;a</strong></span> <span class='ocrx_word' id='word_1_928' title='bbox 2959 5401 3116 5474; x_wconf 71' lang='lat' dir='ltr'><strong>nobis</strong></span> <span class='ocrx_word' id='word_1_929' title='bbox 3131 5416 3260 5474; x_wconf 68' lang='lat' dir='ltr'><strong>mss.</strong></span> <span class='ocrx_word' id='word_1_930' title='bbox 3309 5397 3470 5474; x_wconf 77' lang='lat' dir='ltr'><strong>solus-</strong></span> <span class='ocrx_word' id='word_1_931' title='bbox 3503 5403 3558 5474; x_wconf 68' lang='grc' dir='ltr'><strong>ει</strong></span> <span class='ocrx_word' id='word_1_932' title='bbox 3579 5403 3671 5474; x_wconf 34' lang='lat' dir='ltr'><strong>to?</strong></span> 
     </span>
    </p>
   </div>
   <div class='ocr_carea' id='block_1_114' title="bbox 2062 5463 3670 5539">
    <p class='ocr_par' dir='ltr' id='par_1_114' title="bbox 2062 5463 3670 5539">
     <span class='ocr_line' id='line_1_114' title="bbox 2062 5463 3670 5539; baseline -0.014 -1"><span class='ocrx_word' id='word_1_933' title='bbox 2062 5463 2362 5539; x_wconf 58' lang='grc' dir='ltr'><strong>ιὶιὶᾠέέιὶιὶέέ.</strong></span> <span class='ocrx_word' id='word_1_934' title='bbox 2401 5477 2532 5532; x_wconf 76' lang='lat' dir='ltr'><strong>Vict.</strong></span> <span class='ocrx_word' id='word_1_935' title='bbox 2565 5463 2882 5530; x_wconf 77' lang='grc' dir='ltr'><strong>ϐεηι.’Βεε.</strong></span> <span class='ocrx_word' id='word_1_936' title='bbox 2903 5481 2948 5525; x_wconf 86' lang='grc' dir='ltr'><strong>ει</strong></span> <span class='ocrx_word' id='word_1_937' title='bbox 2994 5470 3054 5525; x_wconf 92' lang='lat' dir='ltr'><strong>S.</strong></span> <span class='ocrx_word' id='word_1_938' title='bbox 3125 5469 3283 5522; x_wconf 80' lang='lat' dir='ltr'><strong>Mich.</strong></span> <span class='ocrx_word' id='word_1_939' title='bbox 3345 5465 3464 5539; x_wconf 88' lang='lat' dir='ltr'><strong>plus</strong></span> <span class='ocrx_word' id='word_1_940' title='bbox 3510 5463 3670 5539; x_wconf 76' lang='lat' dir='ltr'><strong>debet</strong></span> 
     </span>
    </p>
   </div>
   <div class='ocr_carea' id='block_1_115' title="bbox 417 5532 3672 5634">
    <p class='ocr_par' dir='ltr' id='par_1_115' title="bbox 417 5532 3672 5634">
     <span class='ocr_line' id='line_1_115' title="bbox 417 5532 3672 5634; baseline -0.009 -11"><span class='ocrx_word' id='word_1_941' title='bbox 417 5532 517 5604; x_wconf 54' lang='lat'><strong>3&#39;3</strong></span> <span class='ocrx_word' id='word_1_942' title='bbox 539 5532 1774 5634; x_wconf 50' lang='lat' dir='ltr'><strong>iiii&#39;é&#39;e‘tiﬁial.zﬁifi‘}&quot;é§£iiiéi‘in};1.15mi</strong></span> <span class='ocrx_word' id='word_1_943' title='bbox 1801 5532 1885 5612; x_wconf 70' lang='lat' dir='ltr'><strong>illi</strong></span> <span class='ocrx_word' id='word_1_944' title='bbox 1905 5532 2389 5628; x_wconf 48' lang='grc' dir='ltr'><strong>ἱιῖἶεηῖἶῖτέδιίιιωι</strong></span> <span class='ocrx_word' id='word_1_945' title='bbox 2463 5549 2557 5581; x_wconf 61' lang='lat'><strong>&quot;3*</strong></span> <span class='ocrx_word' id='word_1_946' title='bbox 2582 5546 2732 5614; x_wconf 83' lang='lat' dir='ltr'><strong>Quod</strong></span> <span class='ocrx_word' id='word_1_947' title='bbox 2761 5560 2880 5598; x_wconf 90' lang='lat' dir='ltr'><strong>cum</strong></span> <span class='ocrx_word' id='word_1_948' title='bbox 2905 5539 3096 5612; x_wconf 86' lang='lat' dir='ltr'><strong>aliquis</strong></span> <span class='ocrx_word' id='word_1_949' title='bbox 3118 5555 3240 5600; x_wconf 78' lang='lat' dir='ltr'><strong>mss.</strong></span> <span class='ocrx_word' id='word_1_950' title='bbox 3268 5532 3393 5608; x_wconf 76' lang='lat' dir='ltr'><strong>quia</strong></span> <span class='ocrx_word' id='word_1_951' title='bbox 3416 5548 3538 5590; x_wconf 85' lang='lat' dir='ltr'><strong>cum</strong></span> <span class='ocrx_word' id='word_1_952' title='bbox 3568 5532 3639 5596; x_wconf 75' lang='lat' dir='ltr'><strong>ali</strong></span> <span class='ocrx_word' id='word_1_953' title='bbox 3654 5561 3672 5583; x_wconf 67' lang='grc' dir='ltr'><strong>ς</strong></span> 
     </span>
    </p>
   </div>
   <div class='ocr_carea' id='block_1_116' title="bbox 423 5639 565 5714">
    <p class='ocr_par' dir='ltr' id='par_1_116' title="bbox 423 5639 565 5714">
     <span class='ocr_line' id='line_1_116' title="bbox 423 5639 565 5714; baseline -0.021 -19"><span class='ocrx_word' id='word_1_954' title='bbox 423 5639 565 5714; x_wconf 83' lang='lat' dir='ltr'><strong>quis.</strong></span> 
     </span>
    </p>
   </div>
  </div>
