3926 6054
391 225 496 281 577

1546 222 1686 280 cun
1725 222 1905 280 usus
1940 177 2155 315 nouo.
2183 251 2253 263 --
2277 220 2404 275 LIB.
2436 220 2477 275 ι.

3529 217 3633 271 578

390 337 589 405 injuste
619 332 859 398 abstulit,
894 333 1083 400 solvit;
1112 334 1218 390 hoc
1247 334 1405 390 debet
1427 335 1577 401 dare,
1611 336 1753 404 quod
1782 336 1849 391 ab
1872 336 1963 391 illo
1989 341 2037 397 Λ
2067 334 2189 404 legi,
2230 333 2432 388 nullius
2467 332 2745 400 subjaceat
2777 329 2983 399 judicio
3030 328 3145 394 ηδ’,
3180 337 3236 383 ει
3270 327 3339 382 sit
3369 327 3440 381 ita
3480 328 3628 383 beni-

393 439 498 479 non
528 431 712 493 posset
732 422 897 493 exigi,
920 424 965 479 si
991 423 1225 478 alienum
1254 438 1361 479 non
1387 425 1676 493 rapuisset.
1711 423 1804 478 Sic
1831 438 1962 494 ergo

388 515 551 569 debet
590 514 771 569 omnis
814 514 904 582 qui
959 524 1177 583 peccat,
1226 513 1509 579 honorem,
1566 528 1729 583 quem
1781 514 1961 583 rapuit

390 605 524 669 Deo,
550 602 788 668 solvere;
831 611 887 658 et
915 603 1031 657 haec
1060 612 1144 658 est
1174 603 1267 634 ³³⁸⁸
1293 603 1616 667 satisfactio,
1655 617 1818 671 quam
1839 617 1959 657 om-

364 694 472 757 _nis
498 701 755 763 peccator
777 693 936 748 debet
964 694 1074 748 Deo
1099 693 1301 749 facere.
1331 692 1456 748 Bos.
1489 693 1548 747 In
1574 693 1659 747 his
1685 694 1958 759 omnibus,

385 785 642 854 quoniam
670 784 937 840 rationem
966 785 1116 854 sequi
1140 784 1539 855 proposuimus,
1573 785 1820 853 quamvis
1855 785 1957 840 ali-

384 876 704 944 quantulum
736 889 823 931 me
846 884 1070 941 terreas,
1104 875 1241 930 nihil
1271 875 1444 932 habeo
1476 876 1618 945 quod
1646 876 1850 946 possim
1876 875 1959 931 di-

383 981 508 1021 CCI‘C
531 974 743 1022 contra.

970 1056 1197 1112 CAPUT
1238 1056 1351 1110 XII.

384 1167 575 1223 Utrum
606 1167 718 1223 sola
758 1167 1131 1231 misericordia,
1153 1168 1264 1221 sine
1297 1169 1440 1221 omni
1477 1168 1635 1222 debiti
1661 1169 1944 1236 solutione,

698 1240 876 1292 deceat
905 1238 1073 1291 Deum
1106 1248 1318 1307 peccata
1359 1237 1635 1293 dimittere.

450 1330 581 1384 Axs.
635 1327 939 1384 Redeamus
970 1339 1027 1383 et
1056 1328 1333 1383 videamus
1370 1338 1551 1383 utrum
1584 1314 1701 1384 sola
1738 1329 1951 1385 miseri-

380 1422 589 1481 cordia,
622 1420 740 1474 sine
766 1420 913 1475 omni
954 1420 1221 1474 solutione
1250 1419 1414 1474 ablati
1452 1419 1551 1474 sibi
1587 1420 1830 1486 honoris,
1859 1420 1951 1475 de-

2064 436 2201 493 gnus
2242 431 2302 476 ut
2330 421 2462 476 nihil
2496 421 2780 491 benignius
2818 420 3045 489 cogitari
3083 428 3268 487 queat,
3307 427 3361 473 et
3402 418 3532 472 nihil
3561 419 3629 471 sit

2062 525 2266 570 rectum
2294 524 2385 569 aut
2415 517 2636 581 decens,
2667 514 2768 568 nisi
2799 513 2943 583 quod
2982 512 3098 580 ipse
3127 511 3245 564 vult
3270 528 3283 563 :
3318 511 3515 563 mirum
3544 510 3628 561 vi-

2061 603 2237 668 detur,
2264 603 2307 658 si
2336 603 2569 657 dicimus
2589 603 2716 671 quia
2746 602 3057 657 nullatenus
3086 598 3219 665 vult,
3251 608 3342 654 aut
3362 613 3468 654 non
3493 600 3541 653 ei
3567 599 3630 651 li-

2060 702 2146 749 cet
2176 694 2431 763 injuriam
2471 694 2583 764 80
2618 709 2774 748 suam
2815 694 3112 757 dimittere,
3154 706 3184 744 a
3220 705 3327 759 quo
3358 691 3522 744 etiam
3564 690 3630 743 de

2062 787 2167 851 his,
2210 802 2347 855 quas
2391 786 2512 841 aliis
2554 788 2802 852 facimus,
2838 785 3074 840 solemus
3120 781 3506 852 indulgentiam
3535 795 3627 849 pe-

2061 886 2193 932 tere.
2225 877 2351 931 Aras.
2386 875 2582 929 Verum
2609 883 2687 929 est
2721 876 2863 944 quod
2894 874 3030 927 dicis
3057 874 3121 927 de
3144 871 3420 935 libertate,
3448 879 3503 924 et
3532 887 3626 925 vo-

2060 969 2285 1030 luntate,
2320 976 2374 1022 et
2415 967 2750 1036 benignitate
2788 965 2964 1028 illius;
2997 964 3091 1019 sed
3133 964 3212 1018 sic
3239 977 3331 1017 eas
3367 962 3627 1017 debemus

2057 1056 2447 1111 rationabiliter
2474 1055 2774 1126 intelligere
2798 1063 2855 1108 ut
2876 1054 3124 1125 dignitati
3152 1053 3294 1109 illius
3317 1069 3423 1109 non
3446 1053 3624 1107 videa-

2057 1161 2175 1199 mus
2210 1160 2531 1215 rcpugnare.
2562 1145 2811 1199 Libertas
2836 1145 2979 1198 enim
3012 1159 3116 1198 non
3147 1153 3228 1199 est
3260 1144 3361 1199 nisi
3401 1144 3466 1198 ad
3496 1144 3622 1210 hoc,

2055 1233 2197 1301 quod
2229 1233 2443 1301 expedit
2465 1241 2558 1286 aut
2582 1232 2724 1300 quod
2755 1232 2909 1286 decet
2936 1232 3057 1297 ’3“;
3092 1247 3191 1286 nec
3223 1232 3524 1301 benignitas
3544 1231 3624 1286 di-

2054 1328 2225 1378 cenda
2261 1334 2363 1389 est,
2395 1338 2517 1393 quae
2552 1323 2755 1393 aliquid
2786 1324 2896 1377 Deo
2928 1323 3184 1377 indecens
3220 1335 3477 1393 operatur
3506 1325 3621 1380 "‘7.

2053 1413 2205 1479 Quod
2242 1422 2419 1468 autem
2452 1414 2669 1481 dicitur,
2708 1416 2829 1484 quia
2870 1415 3010 1483 quod
3042 1413 3153 1483 vult
3182 1413 3388 1481 justum
3422 1424 3528 1482 est,
3567 1426 3622 1471 et

380 1526 503 1568 ceat
557 1513 720 1567 Deum
764 1522 983 1580 peccata
1023 1513 1314 1565 dimittere.
1354 1510 1478 1565 Bos.
1525 1509 1640 1564 Non
1673 1511 1827 1565 video
1856 1525 1954 1563 cur
2049 1505 2193 1574 quod
2226 1519 2329 1558 non
2360 1504 2492 1569 vult,
2521 1505 2725 1575 justum
2753 1520 2859 1558 non
2895 1513 3014 1568 €81;
3064 1518 3176 1558 ιιοη
3212 1505 3283 1558 ila
3315 1505 3622 1575 intelligen-

386 1616 494 1658 non
525 1603 732 1657 deceat.
767 1601 899 1656 ΛΝΒ.
941 1601 1031 1656 Sic
1071 1601 1345 1655 dimittere
1391 1610 1669 1669 peccatum
1712 1613 1817 1652 non
1866 1606 1969 1652 est.

2055 1594 2179 1647 dum
2217 1603 2320 1658 est,
2360 1604 2419 1648 ut
2460 1594 2503 1648 si
2551 1593 2691 1648 Deus
2735 1593 2866 1647 velit
2904 1591 3179 1662 quodlibet
3219 1594 3621 1659 inconveniens,

380 1692 527 1751 aliud
557 1706 719 1760 quam
758 1705 862 1746 non
896 1690 1108 1761 punire,
1149 1699 1204 1744 et
1239 1688 1499 1758 quoniam
1523 1696 1671 1743 recte
1698 1687 1951 1742 ordinare
1979 1660 2025 1721 Β
2048 1684 2255 1753 justum
2289 1685 2389 1750 sit,
2432 1685 2557 1754 quia
2600 1685 2715 1756 ipse
2752 1685 2882 1738 vult.
2922 1684 3038 1741 Non
3080 1688 3225 1743 enim
3268 1686 3533 1756 sequitur,
3576 1686 3624 1739 si

381 1788 661 1849 peccatum
692 1781 809 1836 sine
836 1780 1228 1845 satisfactione,
1258 1795 1363 1835 non
1394 1789 1477 1834 est
1515 1780 1616 1834 nisi
1646 1777 1875 1849 punire;
1904 1779 1949 1834 si

379 1888 485 1928 non
516 1874 756 1942 punitur,
790 1873 1152 1927 inordinatum
1188 1872 1498 1926 dimittitur.
1535 1871 1661 1925 Bos.
1694 1871 1948 1926 Rationa-

377 1960 486 2015 bile
512 1968 595 2015 est
625 1962 767 2030 quod
791 1962 948 2017 dicis.
978 1960 1106 2015 ANS.
1149 1961 1315 2031 Deum
1352 1974 1482 2014 vero
1520 1976 1625 2015 non
1661 1961 1817 2016 decet
1847 1961 1949 2014 ali-

377 2048 506 2113 quid
542 2047 595 2101 in
626 2063 724 2102 suo
762 2064 927 2118 regno
990 2048 1354 2103 inordinatum
1395 2046 1689 2103 dimittere.
1731 2048 1856 2103 Bos.
1891 2050 1947 2103 Si

377 2138 524 2191 aliud
570 2138 692 2193 volo
745 2140 839 2171 ³³³⁸
881 2141 1086 2205 dicere,
1132 2140 1296 2195 timeo
1338 2154 1582 2207 peccare.
1618 2145 1747 2198 Aus.
1782 2143 1950 2212 Igitur

377 2244 485 2283 non
514 2229 671 2285 decet
700 2231 866 2286 Deum
895 2241 1175 2301 peccatum
1207 2232 1287 2288 sic
1308 2233 1632 2303 impunitum
1655 2234 1947 2288 dimittere.

375 2320 505 2376 Bos.
537 2320 616 2376 Ita
648 2323 914 2391 sequitur.
944 2324 1075 2378 Aus.
1108 2324 1203 2378 Est
1232 2334 1288 2379 et
1317 2324 1461 2378 aliud
1495 2323 1637 2392 quod
1681 2322 1949 2392 sequitur,

374 2415 420 2468 si
453 2422 734 2483 peccatum
762 2414 807 2468 si
832 2413 1128 2469 dimittitur
1154 2415 1508 2484 impunitum;
1542 2413 1668 2482 quia
1699 2413 1950 2468 similiter

375 2505 482 2559 erit
517 2504 655 2573 apud
703 2505 869 2559 Deum
911 2505 1176 2574 peccauti,
1218 2515 1274 2559 et
1323 2519 1429 2557 non
1475 2504 1722 2571 peccanti
1755 2522 1769 2558 :
1799 2504 1940 2572 quod

374 2590 485 2646 Deo
512 2604 618 2644 non
646 2590 920 2644 convenit.
967 2590 1092 2646 Bos.
1143 2590 1260 2644 Non
1307 2603 1527 2659 possum
1571 2603 1789 2656 negare.
1817 2589 1945 2644 Axs.

377 2681 509 2736 Vide
534 2690 590 2735 et
617 2682 720 2735 hoc
750 2700 762 2735 :
792 2681 1069 2736 Justitiam
1122 2682 1399 2737 hominum
1436 2694 1597 2735 nemo
1627 2681 1801 2735 nescit
1829 2695 1948 2735 esse

372 2770 475 2824 sub
505 2770 641 2841 lege,
671 2780 731 2826 ut
760 2772 1060 2828 secundum
1105 2773 1224 2843 ejus
1266 2776 1646 2842 quantitatem,
1686 2786 1945 2826 mensura

371 2860 748 2915 retributionis
775 2876 804 2916 a
851 2861 960 2915 Deo
1003 2872 1460 2933 recompensetur.
1499 2865 1625 2918 Bos.
1664 2861 1738 2916 Ita
1767 2863 1945 2917 credi-

371 2963 513 3004 mus.
541 2949 669 3004 Aris.
706 2950 762 3004 Si
794 2960 975 3005 autem
1007 2963 1288 3021 peccatum
1311 2969 1411 3010 nec
1432 2955 1686 3021 solvitur,
1718 2969 1818 3009 nec
1844 2968 1942 3022 pu-

2056 1776 2196 1831 Deus
2226 1776 2339 1830 vult
2369 1776 2611 1844 mentiri,
2639 1778 2845 1847 justum
2880 1793 3001 1834 esse
3034 1779 3283 1845 mentiri;
3324 1779 3417 1834 sed
3447 1779 3626 1849 potius

2052 1863 2219 1919 Demn
2254 1865 2402 1920 illum
2436 1881 2541 1919 non
2586 1880 2724 1921 esse.
2756 1865 2892 1920 Nam
2919 1882 3261 1937 nequaquam
3288 1876 3466 1938 potest
3487 1868 3624 1922 velle

2052 1958 2270 2013 mentiri
2312 1959 2583 2025 voluntas,
2622 1958 2723 2013 nisi
2757 1959 2808 2012 in
2849 1973 2954 2027 qua
2985 1968 3241 2029 corrupta
3282 1968 3368 2015 est
3399 1960 3619 2023 veritas,

2054 2046 2163 2102 imo
2217 2065 2339 2119 quae
2386 2050 2686 2105 deserendo
2723 2050 3010 2104 veritatem
3054 2060 3305 2120 corrupta
3344 2061 3445 2105 est.
3487 2051 3620 2106 Cum

2051 2152 2180 2207 ergo
2209 2138 2431 2203 dicitur,
2469 2138 2512 2191 si
2572 2138 2710 2192 Deus
2749 2137 2863 2190 vult
2904 2138 3160 2202 mentiri,
3200 2153 3306 2192 non
3352 2147 3433 2193 est
3478 2138 3621 2191 aliud

2050 2242 2214 2296 quam
2254 2228 2300 2282 si
2346 2228 2488 2282 Deus
2527 2238 2612 2281 est
2648 2227 2770 2283 talis
2800 2235 2992 2281 natura
3024 2227 3139 2295 ωε,
3173 2243 3291 2297 qua:
3317 2227 3449 2281 velit
3472 2242 3621 2281 men-

2054 2318 2139 2371 tiri
2186 2336 2199 2371 :
2236 2328 2291 2373 et
2325 2318 2531 2374 idcirco
2567 2333 2673 2375 non
2720 2323 2985 2391 sequitur,
3010 2321 3213 2389 justum
3252 2335 3372 2375 esse
3397 2319 3620 2373 menda-

2051 2410 2214 2477 cium,
2246 2410 2350 2464 nisi
2375 2410 2447 2464 ita
2478 2410 2832 2483 intelligatur,
2858 2415 2997 2469 sicut
3027 2429 3153 2469 cum
3182 2412 3248 2467 de
3283 2412 3492 2466 duobus
3519 2411 3621 2464 im-

2051 2499 2396 2568 possibilibus
2448 2501 2684 2557 dicimus
2724 2519 2738 2556 :
2786 2501 2844 2559 Si
2886 2505 2988 2558 hoc
3027 2513 3132 2567 est,
3173 2503 3302 2558 illud
3341 2514 3451 2568 est;
3494 2502 3620 2572 quia

2051 2605 2149 2646 nec
2182 2593 2304 2656 hoc,
2355 2605 2458 2648 nec
2495 2592 2626 2647 illud
2665 2604 2748 2648 est
2784 2611 2796 2647 :
2833 2603 2893 2648 ut
2922 2595 2967 2649 si
3012 2594 3133 2664 quis
3160 2594 3305 2649 dicat
3339 2611 3352 2647 :
3384 2592 3440 2647 Si
3482 2607 3620 2663 aqua

2049 2692 2130 2734 est
2149 2680 2316 2746 sicca,
2339 2690 2395 2736 et
2416 2681 2555 2752 ignis
2577 2691 2660 2738 est
2690 2683 2976 2748 humidus;
2996 2693 3246 2739 neutrum
3270 2684 3413 2738 enim
3433 2698 3620 2739 verum

2047 2780 2150 2827 est.
2185 2771 2376 2841 Itaque
2405 2773 2471 2828 de
2511 2773 2619 2829 illis
2662 2783 2870 2829 tantum
2902 2784 2985 2831 est
3027 2790 3214 2830 verum
3263 2776 3445 2830 dicere
3492 2792 3505 2827 :
3559 2774 3618 2831 Si

2048 2861 2190 2916 Deus
2229 2862 2331 2917 hoc
2371 2862 2504 2926 vult,
2542 2862 2747 2930 justum
2788 2874 2874 2918 est
2919 2882 2933 2917 :
2975 2879 3096 2933 quae
3126 2864 3290 2918 Deum
3333 2864 3473 2921 velle
3510 2879 3618 2917 non

2049 2952 2569 3008 est'inconveniens.
2611 2952 2668 3008 Si
2715 2954 2860 3008 enim
2903 2953 3016 3007 vult
3060 2955 3200 3009 Deus
3238 2962 3297 3007 ut
3334 2954 3502 3023 pluat,
3530 2953 3619 3023 ju-

357 3040 537 3104 .nitur,
584 3040 715 3095 nulli
755 3041 857 3111 legi
893 3041 1156 3111 subjacet.
1204 3044 1331 3099 Bos.
1373 3044 1489 3101 Non
1535 3062 1753 3117 possum
1784 3046 1943 3101 aliter
1969 3023 2011 3082 θ
2048 3050 2189 3096 stum
2216 3052 2299 3098 est
2337 3053 2394 3097 ut
2441 3043 2621 3113 pluat;
2655 3053 2709 3099 et
2740 3045 2785 3099 si
2821 3045 2936 3099 vult
2969 3057 3025 3098 ut
3052 3044 3245 3114 aliquis
3283 3045 3445 3100 homo
3474 3047 3620 3099 occi-

372 3129 691 3200 intelligere.
714 3131 841 3187 Axs.
875 3132 1123 3191 Liberior
1150 3135 1313 3205 igitur
1347 3144 1431 3191 est
1458 3135 1723 3203 injustitia
1753 3136 1869 3201 ³³³⁷,
1896 3136 1940 3191 si

370 3218 484 3273 sola
531 3220 903 3275 misericordia
946 3222 1261 3289 dimittitur,
1307 3239 1468 3293 quam
1508 3223 1721 3293 justitia
1752 3244 1765 3279 :
1796 3226 1940 3295 quod

369 3308 525 3364 valde
561 3310 949 3367 inconveniens
986 3313 1222 3370 videtur.
1257 3313 1339 3369 Ad
1370 3314 1476 3369 hoc
1512 3315 1676 3370 etiam
1720 3316 1814 3347 ³⁸³⁸
1841 3331 1940 3371 ex-

374 3399 611 3454 tenditur
635 3400 751 3454 hazc
784 3401 1242 3469 inconvenientia,
1284 3412 1343 3456 ut
1385 3403 1699 3473 iniustitiam
1733 3405 1841 3458 Deo
1870 3405 1941 3458 si-

371 3490 552 3544 milem
585 3490 750 3546 faciat
786 3493 898 3556 ⁸³³⁸,
945 3492 1071 3562 quia
1121 3494 1260 3548 sicut
1298 3495 1441 3550 Deus
1475 3495 1673 3550 nullius
1711 3495 1813 3566 legi
1848 3495 1939 3527 ’κο

367 3582 632 3651 subiacet,
671 3583 740 3638 ita
766 3594 820 3638 et
849 3582 1133 3653 injustitia.
1164 3584 1290 3640 Bos.
1319 3584 1540 3656 Nequeo
1568 3586 1824 3641 resistere
1854 3601 1941 3640 ra-

370 3674 503 3728 tioni
547 3683 653 3728 tua:
692 3693 705 3727 :
742 3674 858 3738 sed,
898 3690 1022 3729 cum
1060 3676 1199 3729 Deus
1228 3675 1383 3729 nobis
1410 3674 1692 3744 prmcipiat
1718 3675 1940 3728 omnino

369 3764 641 3820 dimittere
670 3766 1020 3835 peccantibus
1055 3766 1108 3820 in
1160 3780 1278 3831 nos,
1310 3765 1523 3821 videtur
1552 3780 1853 3836 repugnare
1882 3774 1943 3819 ut

367 3854 472 3908 hoc
517 3856 795 3925 praecipiat
842 3855 935 3887 ²³δ¹
973 3856 1152 3920 nobis,
1193 3857 1336 3925 quod
1386 3856 1563 3926 ipsum
1611 3857 1794 3911 facere
1830 3872 1937 3911 non

368 3944 545 4000 decet.
598 3945 728 4001 ANS.
777 3945 933 4001 Nulla
977 3946 1031 4001 in
1080 3946 1184 4002 hoc
1232 3953 1315 4001 est
1362 3947 1754 4018 repugnantia;
1809 3947 1938 4016 quia

366 4034 513 4090 Deus
540 4037 645 4091 hoc
671 4039 915 4108 pmcipit
952 4039 1109 4094 nobis
1151 4048 1211 4093 ut
1236 4052 1341 4094 non
1369 4053 1765 4107 praesumamus
1790 4036 1938 4109 quod

365 4125 534 4181 solius
566 4127 661 4182 Dei
699 4137 804 4183 est.
843 4128 925 4183 Ad
954 4128 1160 4184 nullum
1188 4132 1334 4185 enim
1370 4130 1603 4199 pertinet
1640 4130 1933 4186 vindictam

364 4213 568 4282 facere,
624 4216 727 4272 nisi
773 4218 839 4271 ad
889 4217 1035 4272 illum
1073 4220 1166 4287 qui
1210 4218 1470 4274 Dominus
1516 4226 1602 4274 est
1641 4218 1880 4273 omnium
1917 4234 1932 4273 :

366 4320 490 4359 nam
518 4322 642 4361 cum
676 4315 905 4362 terrente
932 4317 1225 4376 potestates
1250 4308 1353 4364 hoc
1383 4316 1531 4364 recte
1555 4307 1782 4373 faciunt,
1815 4307 1929 4376 ipse

366 4394 493 4448 facit
521 4393 682 4460 Deus,
705 4411 735 4450 a
762 4412 869 4466 quo
896 4396 991 4428 ’³⁸⁸
1017 4396 1087 4451 ad
1130 4397 1234 4452 hoc
1272 4396 1448 4465 ipsum
1484 4404 1612 4451 sunt
1640 4395 1925 4450 ordinatas.

362 4482 486 4537 Bos.
518 4483 813 4539 Removisti
856 4485 955 4519 ³⁸⁸³
988 4487 1425 4556 repugnantiam,
1469 4500 1631 4555 quam
1670 4484 1928 4554 putabam

360 4574 571 4639 inesse;
603 4575 695 4629 sed
720 4584 804 4631 est
830 4576 996 4642 aliud,
1018 4577 1085 4631 ad
1114 4576 1255 4647 quod
1286 4585 1435 4631 tuum
1470 4574 1590 4631 volo
1615 4575 1815 4630 habere
1844 4590 1929 4630 re-

360 4678 615 4734 sponsum
650 4685 663 4723 :
696 4683 842 4731 nam,
885 4682 1007 4722 cum
1043 4667 1186 4723 Deus
1214 4667 1292 4722 sic
1317 4667 1387 4721 sit
1412 4666 1549 4721 liber
1574 4666 1670 4702 ’δδδ
1699 4673 1758 4721 ut
1786 4665 1921 4720 nulli

2046 3131 2228 3197 datur,
2252 3131 2456 3200 justqu
2499 3143 2583 3188 est
2619 3143 2677 3189 ttt
2717 3135 3017 3190 occidatur.
3058 3135 3398 3203 Quapropter
3434 3134 3477 3189 si
3510 3150 3615 3189 non

2045 3220 2199 3275 decet
2236 3220 2404 3276 Deum
2443 3222 2646 3292 aliquid
2685 3222 2887 3291 injuste
2929 3233 3023 3279 aut
3070 3224 3377 3279 inordinate
3415 3223 3615 3288 facere,

2046 3327 2152 3366 non
2194 3313 2431 3384 pertinet
2467 3317 2534 3370 ad
2566 3315 2683 3384 ejus
2722 3316 3051 3380 libertatem,
3082 3324 3175 3370 aut
3202 3315 3614 3386 benignitatem,

2046 3412 2139 3457 aut
2167 3404 2521 3471 voluntatem,
2551 3416 2866 3476 peccantem
2891 3408 2982 3476 qui
3011 3423 3114 3462 non
3137 3406 3293 3462 solvit
3325 3406 3455 3472 Deo,
3474 3407 3617 3475 quod

2043 3496 2286 3563 abstulit,
2314 3496 2639 3567 imptmitum
2670 3499 2966 3553 dimittere.
2999 3498 3123 3553 Bos.
3152 3498 3343 3553 Omnia
3367 3497 3496 3550 mihi
3522 3511 3616 3549 au-

2041 3585 2172 3646 fers,
2207 3602 2327 3655 quas
2356 3589 2608 3656 putabam
2652 3590 2745 3643 tibi
2780 3605 2937 3658 posse
2975 3590 3161 3659 objici.
3199 3589 3326 3643 Axs.
3363 3588 3497 3643 Vide
3523 3589 3618 3640 ad-

2041 3674 2147 3729 huc
2173 3690 2270 3728 cur
2301 3675 2465 3730 Deum
2504 3692 2612 3732 non
2650 3678 2842 3733 deceat
2873 3678 2976 3734 hoc
3005 3677 3186 3733 facere
3226 3677 3336 3731 ’3".
3365 3676 3491 3731 Bos.
3524 3674 3615 3728 Li-

2042 3765 2236 3820 benter
2258 3767 2503 3823 ausculto
2528 3769 2787 3837 quidquid
2814 3769 2971 3824 dicis.

2623 3875 2850 3930 CAPUT
2885 3874 3022 3929 XIII.

2044 3963 2198 4030 Quod
2237 3966 2367 4019 nihil
2396 3966 2567 4019 minus
2602 3967 2666 4020 sit
2714 3965 3048 4019 tolerandum
3092 3966 3145 4019 in
3187 3981 3361 4019 rerum
3408 3965 3614 4029 ordine,

2111 4052 2269 4105 quam
2296 4044 2351 4090 ut
2381 4045 2621 4089 creatura
2652 4034 2890 4089 Creatori
2930 4036 3160 4089 debitum
3201 4034 3446 4089 honorem
3467 4034 3618 4103 aufe-

2112 4114 2213 4168 rat,
2250 4115 2295 4159 et
2326 4122 2429 4160 non
2464 4105 2562 4137 ³³⁸⁸
2587 4106 2750 4159 solvat
2775 4106 2914 4175 quod
2938 4108 3134 4174 aufert.

2110 4216 2241 4271 Aus.
2277 4213 2420 4269 Nihil
2445 4215 2627 4272 minus
2656 4216 3003 4271 tolerandum
3031 4223 3115 4270 est
3141 4214 3194 4269 in
3218 4228 3399 4269 rerum
3425 4214 3617 4270 ordine

2042 4320 2204 4375 quam
2230 4312 2288 4359 ut
2325 4312 2575 4359 creatura
2611 4303 2856 4360 Creatori
2894 4304 3135 4360 debitum
3171 4305 3429 4358 honorem
3461 4302 3615 4358 aufe-

2043 4403 2147 4460 rat,
2197 4409 2301 4450 non
2337 4394 2508 4449 solvat
2542 4394 2687 4464 quod
2746 4392 2941 4448 aufert.
2990 4392 3117 4449 Bos.
3163 4394 3278 4449 lIoc
3328 4392 3463 4448 nihil
3502 4393 3615 4447 cla-

2039 4486 2151 4541 rius
2180 4486 2295 4539 ²³⁶¹.
2331 4486 2460 4540 Aus.
2494 4484 2637 4539 Nihil
2664 4493 2847 4538 autem
2876 4484 3131 4553 iniustius
3160 4484 3421 4540 toleratur
3450 4497 3614 4553 quam

2036 4590 2145 4645 quo
2172 4573 2306 4628 nihil
2333 4575 2512 4629 minus
2536 4581 2621 4627 est
2647 4572 3010 4627 tolerandum.
3045 4573 3171 4629 Bos.
3198 4572 3386 4643 Neque
3407 4573 3509 4627 hoc
3535 4582 3619 4627 est

2035 4663 2349 4719 obscurum.
2372 4663 2503 4717 Aus.
2535 4661 2672 4717 Puto
2698 4676 2828 4733 ergo
2850 4661 2981 4732 quia
3009 4676 3117 4718 non
3144 4662 3294 4720 dices
3324 4660 3495 4718 Deum
3526 4663 3620 4717 dc-

1636 4846 1867 4903 VARUE
1908 4844 2317 4904 LECTIONES.

426 5002 619 5075 ”_”_E_t
647 5004 751 5075 hoc
773 5015 855 5059 est
882 5021 1004 5060 mss.
1031 5012 1088 5059 et
1120 5005 1235 5061 haec
1264 5013 1349 5060 est
1419 5004 1513 5075 ’Ψ
1540 5004 1598 5060 Si
1622 5004 1821 5075 aliquid
1846 5004 1991 5059 aliud
2016 5002 2137 5059 volo
2165 5020 2301 5075 mss:
2319 5002 2539 5075 sialind
2566 5002 2687 5058 volo
2720 5073 2729 5075 A
2764 5003 2857 5036 ”"
2888 5003 3172 5075 Estomnis
3195 5000 3607 5075 illjllsllllaﬂtfs.

361 5071 648 5142 ViclJofy,
671 5072 1115 5130 Gem.Bec.omit.
1137 5075 1313 5131 omnis
1383 5074 1567 5128 ""Ad
1586 5071 1885 5130 haec—etiam
1905 5084 2089 5128 mss.et
2120 5072 2496 5128 edit.Goth.ad
2528 5072 2630 5127 hoc
2660 5073 2851 5129 etiam.
2877 5074 2976 5106 ⁸³³⁸
3008 5074 3250 5127 Similem
3283 5086 3403 5127 esse
3452 5071 3614 5142 faciat

352 5158 479 5214 mss.
513 5152 559 5196 et
588 5144 713 5214 edit.
746 5143 897 5198 Goth.
929 5144 1157 5198 similem
1186 5144 1346 5199 faciat
1417 5144 1659 5199 'MNulli
1675 5145 1776 5214 legi
1807 5160 1931 5214 mss.
1960 5143 2157 5198 nullius
2188 5142 2287 5212 legi

2362 5142 2451 5174 ²³“
2486 5142 2553 5213 Ut
2583 5143 2697 5198 haec
2734 5144 3009 5213 praecipiat
3030 5159 3156 5196 mss.
3184 5153 3239 5213 et
3289 5142 3416 5213 edit.
3454 5141 3611 5213 (iam.

354 5213 818 5282 uthocpraecipiat
846 5274 865 5282 _
887 5216 978 5246 ³³⁵³
1003 5215 1153 5268 Facit
1170 5214 1327 5277 Deus,
1348 5228 1499 5282 aquo
1515 5231 1640 5271 mss.
1673 5208 1857 5269 Ci'ster.
1875 5213 2005 5267 facit
2023 5228 2052 5266 a
2076 5229 2183 5282 quo
2242 5208 2350 5249 3’"
2376 5211 2613 5267 Ansehn.
2633 5208 2924 5268 [letiiovisti
2948 5230 3076 5282 mss.
3095 5222 3141 5282 et
3160 5211 3281 5263 edit.
3297 5208 3454 5282 Cotti.
3474 5210 3617 5261 Boso

353 5274 653 5351 Ilemof'isti
696 5274 824 5351 73‘“
846 5274 992 5339 Deus
1013 5286 1081 5338 sit
1107 5284 1241 5337 liber
1254 5274 1378 5338 mss.
1402 5274 1449 5337 et
1494 5286 1651 5338 editio
1683 5284 1900 5338 Gothira
1938 5284 2077 5339 Deus
2093 5274 2178 5338 sic
2203 5284 2272 5338 sit
2295 5283 2429 5337 liber
2502 5282 2597 5313 ’3“
2626 5283 2831 5336 Nullius
2854 5282 2983 5351 legis
3002 5281 3255 5351 subjacet
3286 5279 3479 5351 jttditio
3507 5295 3615 5331 mss

360 5349 495 5425 Vict.
515 5349 841 5425 oly,Cis_t_et:
853 5354 1085 5425 et‘Mich.
1108 5363 1154 5408 et
1176 5354 1303 5407 edit.
1326 5352 1481 5425 Goth.
1507 5353 1771 5425 nul_lilegi,
1789 5352 2478 5425 nulliussubiaceatjudicio
2549 5352 2645 5384 ”“
2664 5346 3153 5425 Aut__dcce't_m_ss.'et
3175 5346 3300 5425 edit.
3324 5346 3480 5425 gata.
3508 5359 3602 5425 aut

349 5421 493 5487 quod
520 5420 678 5475 decet

746 5422 841 5493 FW
886 5423 1148 5491 Operetur
1167 5440 1291 5476 mss.
1317 5433 1364 5477 et
1386 5424 1513 5477 edit.
1540 5434 1549 5445 ‘
1570 5420 1725 5493 Goth'.
1752 5433 2009 5493 Operatur
2080 5423 2172 5493 ’Ψ
2218 5423 2365 5493 Talis
2387 5432 2590 5477 natura:
2616 5420 2889 5477 utss.Vict.
2924 5420 3051 5491 1on

3078 5430 3123 5474 et
3154 5420 3257 5474 edit
3316 5417 3471 5472 Coth.
3491 5417 3613 5473 talis

351 5499 546 5564 natura
614 5490 724 5564 ξ⁸⁴ι⁹Δ
742 5487 1062 5548 ῡεεεειιίηεε
1083 5494 1258 5564 facere
1280 5510 1404 5547 mss.
1426 5503 1488 5564 et
1534 5494 1660 5564 edit.
1688 5487 1843 5547 Goth.
1890 5493 2076 5564 deceat
2105 5492 2413 5564 liocgfaccrc
2484 5494 2577 5526 ²³⁸⁰
2608 5493 2675 5549 Ει
2706 5493 2846 5564 quod
2871 5507 2975 5549 non
3001 5487 3125 5547 ritu.
3149 5489 3296 5547 Gem.
3324 5489 3451 5545 Bec.
3475 5487 3615 5543 Vict.

350 5569 400 5623 et
424 5559 551 5623 edit.
601 5558 756 5621 ϐαιὴ.
790 5572 845 5618 ει
879 5579 983 5621 non
1080 5564 1172 5597 ⁸³⁸⁸
1202 5563 1343 5619 Nihil
1368 5563 1564 5620 clarius
1582 5562 1785 5632 judicio
1814 5579 1937 5627 mss.
1970 5562 2072 5619 hoc
2110 5563 2242 5633 nihil
2294 5563 2494 5622 clarius
