3926 6054
336 203 437 262 381

1508 197 1647 259 CUR
1687 201 1869 260 DEUS
1906 202 2118 264 HOMO.
2152 233 2222 246 —
2248 203 2375 260 LIB.
2411 206 2452 261 I.

3482 209 3589 274 ως

337 317 471 386 agit,
506 313 558 369 in
586 309 958 368 universitatis
989 309 1228 382 praefata:
1259 309 1506 370 ordinem
1533 323 1590 369 et
1617 314 1918 386 pulchritu-
1944 322 1993 382 Α
2020 320 2332 377 ceciderunt
2361 336 2378 375 :
2405 319 2547 390 quod
2574 319 2878 378 absurdum
2904 330 2988 378 est
3013 319 3246 392 Opinsri.
3281 317 3408 379 Bos.
3446 323 3600 380 Veri-

334 409 519 466 dinem
545 420 756 464 summa
785 404 1053 473 sapient-ia
1081 404 1354 460 convertit
1388 403 1502 458 ¹⁸⁸¹.
1534 405 1652 476 lpsa
1687 422 1920 477 namque

334 499 709 572 perversitatis
733 504 1030 568 spontanea
1055 495 1384 568 satisfactio,
1409 497 1493 552 vel
1523 514 1552 553 a
1577 515 1683 555 non
1708 501 1920 555 satisfa-

339 592 520 647 ciente
550 603 722 659 preme
758 587 969 642 exactio
1009 586 1258 657 (excepto
1295 587 1400 644 hoc
1453 589 1598 657 quod
1657 589 1800 644 Deus
1853 591 1920 648 de

337 679 498 736 malis
529 677 865 733 multimodis
893 675 988 707 ’³⁸⁸
1027 675 1167 730 bona
1203 675 1355 750 facit)
1395 678 1446 732 in
1479 679 1672 734 eadem
1703 680 1922 734 univer-

333 771 496 826 sitate
527 767 708 823 locum
737 775 924 824 tenent
953 766 1048 800 ’³⁸³
1077 782 1233 822 suum
1275 777 1330 822 et
1366 762 1579 825 ordinis
1619 767 1922 840 pulchritu-

331 861 540 916 dinem.
584 857 735 925 Quas
779 857 826 911 si
883 855 1063 910 divina
1107 857 1399 926 sapientia,
1442 857 1534 912 ubi
1588 859 1920 929 perversitas

333 959 544 1006 rectum
573 952 818 1008 ordinem
857 950 1179 1021 perturbare
1214 949 1426 1014 nititur,
1479 965 1586 1005 non
1645 950 1913 1019 adderet,

333 1041 489 1098 fieret
540 1044 596 1098 in
651 1044 767 1114 ipsa
800 1044 1181 1108 universitate,
1211 1057 1375 1116 quam
1405 1043 1550 1110 Dens
1580 1041 1741 1097 debet
1769 1043 1920 1100 ordi-

335 1149 494 1198 nare,
522 1133 770 1203 quaedam
799 1149 866 1190 ex
899 1135 1094 1204 violata
1136 1134 1347 1190 ordinis
1373 1131 1780 1202 pulchritudine
1823 1136 1919 1190 de-

337 1224 612 1288 formitas,
650 1234 704 1280 et
730 1225 872 1281 Deus
897 1226 949 1280 in
975 1241 1072 1281 sua
1097 1227 1452 1296 dispositione
1477 1231 1756 1288 videretur
1789 1231 1922 1286 deli-

335 1329 480 1374 cere.
492 1315 600 1386 ει
618 1314 749 1382 Quae
763 1315 868 1372 duo
881 1317 1136 1387 quoniam
1163 1318 1301 1374 sicut
1316 1329 1441 1374 sunt
1462 1321 1918 1390 inconvenientia,

337 1405 412 1461 ita
433 1415 564 1461 sunt
592 1406 979 1477 impossibilia;
1016 1423 1239 1465 necesse
1269 1419 1353 1465 est
1375 1421 1432 1466 ut
1453 1427 1614 1469 omne
1636 1423 1917 1484 peccatum

335 1493 641 1551 satisfactio
675 1505 771 1551 aut
807 1509 971 1566 poena
998 1506 1281 1566 sequatur.
1313 1499 1439 1556 Bos.
1469 1501 1798 1559 Satisfecisti
1825 1503 1920 1561 ob-

329 1585 561 1654 jectioni
607 1601 762 1642 meat.
814 1588 945 1642 Axs.
995 1586 1182 1643 Palam
1234 1598 1319 1646 est
1374 1605 1506 1662 ergo
1541 1593 1669 1661 quia
1721 1594 1914 1662 Deum,

2024 421 2107 467 tas
2129 420 2213 466 est
2235 419 2421 481 aperta
2443 409 2586 480 quod
2616 408 2773 464 dicis.
2794 409 2929 465 ANS.
2966 411 3231 480 Quoniam
3260 426 3390 483 ergo
3419 411 3514 444 ¹⁸⁹²
3537 415 3605 468 de

2022 498 2116 554 illo
2179 513 2405 554 numero
2460 514 2582 554 esse
2644 499 2977 562 debuerunt.
3056 509 3150 556 aut
3215 501 3607 559 restaurandus

2020 603 2105 646 est
2133 591 2225 623 ’³³³
2254 607 2322 646 ex
2358 591 2681 646 necessitate
2721 606 2982 647 numerus
3008 607 3227 657 eorum;
3259 601 3354 647 aut
3398 593 3452 648 in
3502 594 3604 646 im-

2021 682 2262 754 perfecto
2291 695 2519 736 numero
2559 680 2859 736 remanebit
2893 682 3175 736 rationalis
3231 691 3420 736 natura
3441 724 3456 748 ,
3485 697 3605 752 quae

1986 813 1998 820 .
2023 773 2076 827 in
2114 788 2340 828 numero
2369 772 2610 840 perfecto
2641 772 2891 840 praescita
2916 783 2998 826 est
3025 791 3037 825 :
3067 775 3208 843 quod
3237 788 3356 827 esse
3379 786 3482 826 non
3512 786 3608 840 p0-

2025 873 2149 921 test.
2177 862 2304 920 Bos.
2329 863 2690 920 Restaurandi
2733 863 2919 932 procul
2965 863 3130 918 dubio
3174 873 3321 919 sunt.
3346 865 3476 919 Ass.
3503 864 3610 920 Ne-

2024 969 2177 1010 cesse
2206 963 2289 1009 est
2309 968 2438 1025 ergo
2464 967 2561 1009 eos
2589 952 2684 984 '3”
2717 952 2784 1007 de
2817 953 3052 1008 humana
3083 964 3271 1009 natura
3293 996 3308 1020 ,
3351 957 3605 1027 quoniam

2025 1059 2130 1098 non
2169 1053 2251 1099 est
2280 1043 2406 1109 alia,
2429 1040 2498 1098 de
2524 1057 2628 1112 qua
2657 1042 2866 1110 possint
2894 1044 3188 1098 restaurari
3213 1044 3326 1098 ³³⁸³.

2609 1131 2843 1189 CAPUT
2881 1132 3036 1188 XVII.

2026 1223 2179 1292 Quod
2206 1223 2301 1277 alii
2342 1223 2512 1294 angeli
2551 1239 2646 1292 pro
2678 1223 2785 1278 illis
2826 1223 2946 1288 "9‘,
2987 1242 3089 1279 non
3126 1227 3328 1294 possint
3382 1229 3607 1284 restitui.

2095 1314 2218 1370 Bos.
2251 1314 2362 1370 Cur
2399 1329 2507 1369 non
2553 1313 2653 1382 ipsi
2702 1324 2797 1369 aut
2844 1315 2963 1383 ³³⁸⁷,
3005 1316 3095 1371 alii
3143 1317 3319 1387 angeli
3370 1333 3467 1388 pro
3507 1319 3610 1374 illis

2021 1406 2230 1476 possint
2261 1404 2469 1459 restitui
2495 1403 2592 1438 "9°
2619 1404 2642 1458 ?
2675 1405 2804 1461 Aus.
2837 1405 2972 1461 Cum
3028 1407 3236 1463 videbis
3285 1420 3483 1465 nostra:
3527 1427 3613 1466 re-

2025 1496 2378 1551 staurationis
2397 1494 2772 1553 difﬁcultatem
2818 1497 3085 1564 intelliges
3125 1513 3311 1556 eorum
3363 1503 3611 1556 reconci-

2023 1585 2262 1643 liationis
2283 1586 2803 1657 impossibilitatem.
2828 1587 2932 1643 Alii
2959 1597 3138 1643 autem
3180 1590 3354 1660 angeli
3385 1607 3484 1660 pro
3511 1591 3615 1648 illis

335 1688 600 1749 quantum
635 1678 690 1733 in
731 1679 849 1748 ipso
892 1688 998 1746 est,
1043 1680 1223 1736 nullus
1270 1691 1454 1752 potest
1499 1683 1795 1751 honorare,
1831 1685 1917 1740 vel
1953 1685 1994 1740 Β
2022 1680 2230 1735 restitui
2305 1693 2414 1735 non
2469 1688 2719 1751 possunt,
2765 1680 2887 1734 ideo
2933 1681 3014 1749 (ut
3065 1689 3273 1736 taceam
3340 1683 3612 1750 quomodo

333 1767 682 1823 exhonorare
715 1785 729 1822 :
757 1769 852 1824 sed
873 1779 1142 1839 quantum
1179 1771 1232 1824 in
1273 1785 1331 1826 se
1359 1774 1576 1829 esthoc
1603 1775 1800 1844 aliquis
1838 1776 1918 1830 fa-

335 1871 462 1912 cere
496 1857 741 1923 videtur;
774 1873 898 1913 cum
933 1858 1271 1914 voluntatem
1305 1876 1461 1916 suam
1502 1863 1764 1919 voluntati
1800 1862 1918 1932 ejus

335 1947 578 2017 subjicit,
633 1955 728 2001 aut
785 1949 1082 2004 subtrahit.
1125 1949 1252 2006 Bos.
1297 1950 1495 2008 Nescio
1543 1955 1673 2022 quid
1727 1966 1917 2012 contra

335 2050 533 2104 queam
564 2035 749 2092 dicere
775 2037 897 2090 "‘“.
927 2037 1054 2094 Ans.
1090 2038 1285 2094 Adhuc
1307 2041 1504 2096 addam
1534 2043 1757 2114 aliquid.
1787 2045 1912 2101 Bos.

335 2124 542 2188 Taudiu
570 2127 657 2186 dic
706 2128 880 2184 donec
903 2143 992 2185 me
1018 2130 1211 2185 tzsdeat
1239 2131 1447 2189 audire.

918 2217 1147 2277 CAPUT
1183 2220 1324 2277 XVI.

442 2307 599 2364 Ratio
625 2324 721 2364 cur
745 2325 992 2365 numerus
1012 2309 1342 2380 angelorum,
1371 2312 1465 2380 qui
1489 2313 1784 2372 ceciderunt

687 2380 1034 2435 restituendus
1065 2383 1132 2436 sit
1153 2381 1216 2436 de
1245 2381 1563 2438 hominibus.

405 2492 538 2548 Axs.
566 2490 736 2548 Deum
761 2500 979 2548 constat
1005 2492 1356 2562 proposuisse
1383 2503 1444 2548 ut
1463 2493 1528 2550 de
1551 2494 1784 2550 humana
1816 2511 1916 2552 na-

335 2591 478 2649 tura,
506 2597 669 2653 quam
706 2581 833 2639 fecit
863 2583 980 2638 sine
1003 2591 1250 2653 peccato,
1283 2599 1568 2640 numerum
1601 2587 1916 2657 angelorum

332 2673 428 2746 qui
461 2673 794 2741 ceciderant,
830 2675 1166 2732 restitueret.
1205 2675 1328 2730 Bos.
1357 2667 1476 2732 lloc
1497 2678 1795 2745 credimus,
1823 2679 1918 2734 sed

333 2766 528 2820 vellem
559 2765 796 2834 aliquam
823 2765 985 2837 hujus
1013 2763 1091 2822 rei
1115 2765 1382 2822 rationem
1408 2766 1610 2823 habere
1639 2769 1755 2822 "“.
1779 2769 1914 2826 Aus.

329 2855 499 2911 Fallis
524 2871 610 2911 me
635 2871 648 2909 :
675 2871 780 2910 non
810 2856 954 2910 enim
987 2857 1370 2928 preposuimus
1407 2865 1664 2924 tractare,
1715 2861 1819 2916 nisi
1852 2864 1917 2917 de

331 2946 710 3002 lncarnatione
753 2947 848 2978 ’³⁸⁸
895 2947 1020 3012 Dei;
1070 2955 1127 3002 et
1176 2956 1230 3002 tu
1286 2949 1418 3004 mihi
1454 2949 1590 3005 alias
1635 2951 1917 3010 intorseris

2023 1772 2124 1826 hoc
2154 1772 2249 1803 ²³⁹⁹
2280 1787 2580 1843 repugnare
2616 1773 2865 1828 videatur
2908 1773 3096 1842 prima:
3139 1775 3430 1830 creationis
3477 1790 3610 1844 per-

2021 1859 2263 1930 fectioni)
2309 1861 2434 1930 quia
2481 1877 2584 1916 non
2629 1861 2858 1926 debent;
2893 1861 2996 1916 nisi
3023 1861 3156 1916 tales
3195 1877 3318 1918 esse
3369 1865 3601 1932 possint,

2021 1949 2210 2020 quales
2238 1949 2310 2004 illi
2333 1949 2584 2015 fuissent,
2618 1950 2795 2006 sinon
2848 1961 3198 2018 peccassent;
3250 1968 3372 2008 eum
3414 1953 3485 2008 illi
3516 1954 3612 1985 “°°

2022 2040 2170 2095 nulla
2215 2041 2330 2095 visa
2375 2041 2611 2096 vindicta
2659 2043 2862 2109 peccati
2920 2053 3361 2112 perseverassent
3403 2064 3416 2098 :
3465 2048 3608 2117 quod

2020 2140 2142 2201 post
2169 2131 2380 2187 illorum
2410 2148 2593 2186 casum
2621 2132 2763 2196 aliis,
2793 2133 2882 2200 qui
2910 2147 3007 2202 pro
3031 2133 3134 2188 illis
3167 2136 3605 2201 restituerentur,

2019 2229 2163 2274 esset
2193 2220 2545 2290 impossibile.
2576 2219 2693 2275 Non
2719 2222 2864 2275 enim
2893 2223 3101 2291 pariter
3134 2223 3435 2278 laudabiles
3462 2236 3608 2289 sunt,

2021 2312 2065 2368 si
2093 2321 2244 2366 stans
2277 2313 2330 2366 in
2355 2313 2606 2376 veritate,
2631 2322 2686 2366 et
2714 2313 2808 2383 qui
2857 2312 3060 2368 nullam
3095 2316 3245 2371 novit
3277 2316 3368 2346 ’λοι
3400 2317 3609 2386 peccati

2019 2414 2259 2470 ptenam,
2289 2410 2347 2458 et
2383 2402 2473 2472 qui
2507 2415 2627 2460 eam
2669 2416 2882 2472 semper
2923 2404 3117 2471 aspicit
3145 2414 3427 2459 aeternam.
3473 2405 3609 2458 Nam

2021 2505 2362 2559 nequaquam
2393 2491 2688 2559 putandum
2725 2501 2806 2546 est
2835 2493 3008 2547 bonos
3055 2495 3275 2564 angelos
3313 2511 3434 2568 esse
3483 2510 3615 2551 cou-

2021 2581 2266 2637 lirtnatos
2325 2597 2453 2636 casu
2496 2582 2794 2648 malorum,
2842 2583 2936 2638 sed
2997 2600 3095 2639 suo
3159 2587 3373 2642 merito.
3442 2589 3599 2644 Sicut

2021 2685 2256 2739 namque
2299 2670 2420 2736 Μ’,
2447 2670 2491 2725 si
2541 2671 2664 2726 boni
2723 2687 2846 2726 cum
2892 2672 3048 2727 malis
3070 2686 3407 2743 peccassent,
3454 2677 3614 2732 simul

2019 2762 2258 2817 damnati
2303 2773 2490 2817 essent
2523 2780 2536 2816 :
2570 2763 2642 2817 ita
2687 2762 2874 2832 injusti
2916 2764 3032 2831 "°°’,
3068 2766 3110 2820 si
3144 2783 3266 2820 cum
3303 2767 3466 2837 jnstis
3504 2780 3614 2824 ste-

2019 2851 2230 2916 tissent,
2255 2853 2461 2922 pariter
2485 2853 2808 2908 conformati
2843 2854 3094 2911 fuissent.
3122 2855 3330 2926 Quippe
3356 2859 3399 2913 si
3444 2861 3610 2930 aliqui

2021 2955 2229 3005 eorum,
2280 2943 2494 2998 nonnisi
2536 2959 2665 2998 casu
2717 2943 2988 3013 aliorum,
3024 2947 3379 3002 confirmandi
3424 2963 3609 3015 erant,

331 3038 678 3110 quaestiones.
712 3036 838 3092 Bos.
887 3035 966 3092 Ne
1001 3037 1276 3103 irascaris,
1316 3037 1536 3093 hilarem
1581 3041 1719 3094 enim
1767 3042 1917 3096 dato-

2025 3042 2117 3087 aut
2146 3033 2324 3088 nullus
2353 3050 2590 3104 unquam
2621 3035 3063 3103 conﬁrmaretur,
3110 3046 3205 3092 aut
3240 3054 3462 3096 necesse
3494 3051 3619 3095 erat

333 3146 442 3184 rem
467 3129 558 3161 ³³³⁷
593 3129 764 3198 diligit
810 3127 952 3182 Deus
997 3126 1078 3198 (ll
1125 3127 1248 3183 Cor.
1318 3143 1398 3195 rx,
1450 3131 1503 3199 7)
1539 3147 1553 3183 :
1589 3145 1713 3186 nam
1763 3147 1921 3189 nemo

331 3223 528 3292 probat
549 3222 724 3292 magis
749 3235 810 3277 se
841 3219 1086 3275 hilariter
1114 3220 1244 3274 dare
1268 3219 1410 3291 quod
1438 3221 1727 3290 promittit,
1753 3238 1917 3291 quam

331 3314 424 3383 qui
447 3312 568 3392 plus
598 3313 692 3368 dat
716 3326 878 3381 quam
901 3311 1171 3381 promittit
1198 3326 1213 3364 :
1244 3311 1330 3367 die
1357 3327 1488 3383 ergo
1518 3312 1748 3368 libenter
1773 3313 1918 3384 quod

330 3417 534 3474 qumro.
565 3403 695 3456 Axs.
720 3402 1058 3459 Rationalem
1091 3413 1339 3460 naturam
1367 3405 1484 3472 ⁸³⁸⁸,
1512 3420 1630 3476 quae
1665 3405 1757 3460 Dei
1784 3421 1917 3461 con-

333 3493 682 3567 templatione
701 3493 858 3550 beata
889 3493 973 3548 vel
1003 3501 1086 3547 est
1111 3493 1226 3562 ³³⁸³,
1255 3494 1339 3550 vel
1367 3495 1546 3550 futura
1569 3505 1670 3561 est,
1701 3496 1756 3550 in
1785 3512 1920 3567 quo-

331 3559 454 3639 u'am
485 3583 792 3638 rationabili
824 3593 879 3638 et
900 3583 1147 3653 perfecto
1177 3599 1406 3640 numero
1451 3589 1758 3658 praescitam
1797 3602 1918 3644 esse

332 3690 362 3728 a
395 3673 506 3729 Deo
532 3673 662 3739 "’°;
700 3674 774 3728 ita
803 3683 986 3730 utnec
1016 3673 1298 3744 majorem,
1334 3689 1432 3730 nec
1467 3675 1730 3731 minorem
1768 3675 1917 3732 illum

328 3776 452 3818 esse
493 3763 702 3827 deceat,
729 3776 837 3818 non
882 3771 968 3818 est
997 3763 1371 3818 dubitandum.
1405 3764 1514 3818 Aut
1559 3764 1703 3820 enim
1745 3764 1919 3822 nescit

331 3853 475 3908 Deus
523 3853 574 3908 in
603 3869 709 3923 quo
737 3867 963 3910 numero
1007 3853 1200 3908 melius
1229 3868 1350 3909 eam
1390 3853 1583 3908 deceat
1621 3854 1915 3924 constitui,

329 3942 479 4011 quod
509 3942 703 4000 falsum
728 3953 852 4000 est:
885 3952 980 3998 aut
1006 3945 1052 3998 si
1084 3945 1207 4008 scit,
1240 3943 1293 3998 in
1330 3959 1396 3998 eo
1427 3943 1573 3998 illam
1598 3947 1916 4014 constituet,

330 4050 495 4105 quem
518 4036 586 4090 ad
618 4035 719 4092 hoc
747 4035 1115 4092 decentiorem
1145 4035 1430 4106 intelliget.
1457 4033 1796 4108 Quapropter
1823 4046 1919 4095 aut

327 4126 507 4197 angeli
537 4126 610 4180 illi
633 4126 726 4198 qui
749 4127 1084 4192 ceciderunt,
1113 4126 1239 4182 facti
1261 4136 1421 4184 erant
1441 4127 1508 4183 ad
1536 4127 1640 4182 hoc
1661 4137 1917 4186 utessent

329 4217 475 4274 intra
506 4217 654 4274 illum
693 4234 978 4276 numerum
1004 4219 1096 4251 ’³³⁸
1128 4237 1145 4274 :
1174 4227 1268 4274 aut
1289 4219 1417 4291 quia
1447 4229 1603 4276 extra
1634 4220 1786 4276 illum
1817 4237 1916 4276 nu-

328 4322 541 4364 merum
592 4322 916 4380 permanere
958 4326 1068 4368 non
1122 4320 1438 4384 potuerunt,
1480 4327 1549 4368 ex
1591 4313 1916 4368 necessitate

2023 3123 2259 3192 aliquem
2281 3138 2557 3191 casurum,
2583 3124 2676 3193 qui
2705 3125 2772 3180 ad
2802 3125 2937 3182 alios
2959 3126 3372 3182 conﬁrmandos
3396 3129 3490 3160 ’δον
3517 3143 3618 3198 pu-

2021 3214 2231 3268 niretur
2261 3231 2273 3267 :
2306 3228 2428 3283 qua:
2466 3224 2694 3284 utraque
2757 3215 2990 3270 absurda
3039 3225 3182 3270 sunt.
3269 3217 3361 3270 lllo
3422 3219 3607 3289 itaque

2020 3305 2180 3359 modo
2209 3303 2517 3360 conﬁrmati
2543 3314 2670 3360 sunt
2697 3306 2793 3372 illi,
2824 3307 2916 3376 qui
2939 3315 3231 3372 steterunt,
3272 3323 3381 3379 quo
3407 3311 3614 3378 pariter

2019 3397 2324 3452 confirmati
2375 3407 2556 3452 essent
2601 3398 2694 3430 'm
2745 3413 2956 3464 omnes,
3005 3400 3048 3453 si
3097 3399 3418 3454 stetissent:
3449 3416 3610 3470 quem

2021 3487 2238 3542 modum
2267 3487 2360 3518 ²³⁰⁶
2386 3490 2617 3554 ostendi,
2668 3492 2809 3545 sicut
2859 3491 3041 3560 potui,
3083 3492 3171 3545 ubi
3227 3494 3460 3547 tractavi
3517 3508 3616 3546 cur

2025 3580 2166 3636 Deus
2208 3582 2423 3637 diabolo
2471 3585 2928 3652 perseverantiam
2971 3599 3076 3638 non
3122 3581 3290 3638 dedit.
3326 3584 3450 3640 Bos.
3484 3586 3613 3640 I‘ro-

2018 3668 2160 3724 basti
2190 3671 2361 3727 malos
2387 3673 2607 3744 angelos
2633 3675 2699 3728 de
2717 3674 2951 3726 humana
2977 3683 3165 3727 natura
3195 3675 3614 3728 restauraudos:

2018 3772 2074 3816 et
2102 3771 2249 3830 patet
2277 3777 2342 3818 ex
2374 3764 2476 3820 bac
2501 3765 2708 3818 ratione
2745 3765 2866 3834 quia
2902 3779 3010 3819 non
3045 3765 3097 3819 in
3144 3765 3339 3820 miaori
3391 3781 3617 3820 numero

2018 3863 2178 3910 erunt
2198 3853 2356 3908 electi
2405 3853 2500 3885 ‘W
2531 3855 2800 3920 homines,
2826 3870 2988 3924 quam
3017 3863 3143 3910 sunt
3169 3854 3346 3922 angeli
3379 3855 3615 3924 reprobi.

2016 3943 2127 4002 Sed
2156 3953 2336 4000 utrum
2371 3945 2552 4017 plures
2579 3944 2748 3999 futuri
2779 3947 2910 4011 sint,
2949 3946 2996 4000 si
3028 3953 3202 4015 potes,
3225 3946 3471 4002 ostende.

2581 4057 2811 4115 CAPUT
2851 4056 3034 4114 XVIII.

2126 4148 2518 4220 Utrum‘plures
2541 4149 2709 4221 futuri
2737 4151 2839 4221 sint
2870 4150 3042 4221 sancti
3063 4148 3320 4214 Itomines,
3347 4166 3508 4221 quam

2569 4219 2672 4278 sint
2704 4219 2833 4274 ntali
2869 4219 3061 4290 angeli.

2088 4312 2220 4368 Aris.
2266 4311 2325 4368 Si
2363 4311 2564 4385 angeli,
2593 4320 2884 4384 antequam
2936 4311 3154 4382 quidam
3205 4313 3418 4368 illorum
3450 4314 3616 4370 cades

1634 4425 1871 4482 VARME
1911 4423 2314 4482 LECTIONES.

397 4538 492 4571 ’³⁸⁸
544 4537 819 4608 Sapientia
859 4539 1129 4594 convertit
1183 4553 1305 4592 mss.
1365 4536 1422 4592 S.
1477 4537 1751 4608 Michaelis
1809 4538 2072 4608 sapientia
2133 4539 2331 4594 evertit
2397 4537 2491 4570 m‘

328 4626 467 4686 mss.
519 4604 655 4662 Vict.
710 4607 865 4686 Gem.
919 4607 1141 4686 83.0.}!
1197 4609 1362 4676 Joly,
1442 4608 1567 4686 quia
1627 4607 1770 4664 Deus
1821 4604 1894 4686 de:
1945 4608 2104 4686 malis
2170 4608 2356 4664 multis
2407 4607 2613 4686 modis_
2656 4605 2750 4638 ’³⁸³
2798 4604 3253 4686 bgeu'r‘thenent
3308 4624 3406 4686 ms.
3476 4606 3613 4663 Vict.

329 4681 419 4732 19.
454 4679 630 4734 locum
663 4685 872 4734 teneret
945 4678 1039 4710 ’³⁸⁸
1060 4678 1259 4734 Contra
1290 4674 1486 4747 queam
1513 4679 1698 4733 dicere
1727 4694 1825 4731 ms.
1854 4678 1913 4733 S.
1945 4678 2107 4733 Mich.
2139 4686 2330 4747 contra
2382 4677 2736 4747 respondeam
2814 4676 2908 4747 ἐπ’
2936 4674 3220 4747 Rationem
3241 4745 3250 4747 Α
3273 4677 3459 4732 audire
3487 4695 3612 4731 mss.

326 4759 376 4800 rt
426 4749 554 4801 edit.
581 4747 738 4803 Goth.
777 4747 1040 4804 rationem
1075 4749 1276 4803 habere
1309 4744 1320 4747 ⁷
1349 4749 1442 4779 ’³⁸⁸
1475 4749 1547 4802 De
1573 4748 1690 4802 sola
1722 4748 2102 4803 lncarnatione
2130 4765 2229 4802 ms.
2261 4745 2406 4816 Joly.
2458 4744 2525 4801 de
2576 4745 2945 4800 lncarnatione
3019 4745 3113 4777 ⁸⁸⁸⁷
3172 4744 3407 4801 Hilarem
3463 4749 3620 4803 dato-

331 4834 446 4887 rem
476 4836 600 4872 mss.
634 4816 774 4871 Vict.
806 4817 893 4872 l9.
931 4817 1056 4887 Jolg
1080 4830 1125 4871 et
1166 4818 1290 4871 edit.
1324 4816 1482 4872 Coth.
1534 4817 1764 4873 hilarem
1818 4819 1968 4873 enim
2026 4819 2272 4872 datorem
2345 4817 2442 4849 ’³⁸⁸
2477 4817 2813 4871 Rationalem
2863 4827 3170 4887 creaturam
3228 4833 3352 4871 mss.
3382 4828 3430 4872 et
3485 4819 3612 4872 edit.

329 4886 487 4959 Qoth.
522 4888 836 4959 rationalem
863 4885 1109 4959 naturain
1185 4887 1468 4959 "§’_Beata
1500 4887 1586 4959 vel
1605 4898 1686 4943 est
1710 4905 1834 4942 mss.
1868 4889 1994 4959 Joly
2016 4898 2065 4942 et
2117 4887 2252 4942 Vict.
2306 4887 2394 4942 l9.
2450 4888 2608 4942 beata
2645 4895 2729 4941 est
2771 4887 2896 4959 _”’°
2941 4885 3250 4941 Prmscitam
3284 4902 3313 4940 a
3357 4888 3462 4942 Deo
3513 4905 3609 4941 ms.

332 4957 525 5039 Easter.
551 4958 855 5039 praascitam
883 4967 965 5012 est
991 4973 1018 5010 a
1055 4957 1177 5039 Deo.
1232 4957 1326 4989 ⁹⁸⁹¹
1364 4958 1505 5039 Intra
1533 4958 1621 5039 illa
1665 4957 1977 5039 numerum
2003 4972 2341 5039 permanere
2370 4974 2494 5039 mss.
2546 4965 2699 5039 extra
2751 4957 2896 5039 illum
2951 4971 3234 5039 numerum
3289 4971 3616 5039 perma‘nere

329 5027 424 5057 “9’
452 5026 730 5110 Quomodo
780 5042 908 5110 ergo
961 5043 1088 5081 mss.
1121 5027 1251 5081 Vict.
1279 5038 1350 5110 ,ει
1379 5028 1504 5082 edit.
1561 5027 1716 5110 Galli.
1754 5026 2016 5110 quoniam
2043 5028 2343 5110 ergom":3
2369 5028 2475 5080 Aut
2524 5027 2892 5110 restituendus
2947 5036 3098 5110 est...
3142 5033 3236 5105 aut
3267 5026 3612 5110 imperfecto

328 5114 455 5151 mss.
483 5108 529 5150 et
560 5099 647 5157 ed.
669 5095 823 5150 Goth.
856 5105 947 5169 aut
973 5100 1359 5169 restaurandus
1385 5107 1537 5152 est...
1569 5109 1660 5151 aut
1683 5099 1733 5152 iu
1767 5095 2085 5169 imperfecto
2108 5095 2129 5098 “
2154 5098 2544 5169 ""Ergoeps
2592 5099 2668 5169 de
2683 5115 2780 5169 ms.
2824 5096 2958 5169 Vict.
2984 5096 3079 5169 Δ19.
3131 5096 3312 5169 omitt._
3350 5097 3614 5169 eosm’aj“

329 5169 406 5221 De
447 5182 549 5248 qua
578 5167 881 5248 restaurari
909 5183 1008 5248 ms.
1047 5166 1237 5222 Cister.
1268 5168 1334 5222 de
1354 5182 1461 5248 qua
1492 5165 1941 5248 possintuna‘tura
1974 5168 2301 5248 restaurari
2345 5165 2440 5248 "19f
2469 5167 2576 5248 _Pro
2611 5167 2722 5248 illis
2755 5165 3028 5248 nlsznlolg
3071 5179 3172 5248 pro.
3215 5166 3386 5248 ipsis“
3419 5166 3512 5248 '3‘"
3544 5166 3614 5220 1η

327 5235 769 5308 ιριδεζίῃεὶρὶι-ᾳὺ
807 5237 885 5290 Itis
911 5253 929 5289 :
954 5236 1068 5291 Cur
1095 5253 1200 5308 n_on
1239 5247 1330 5308 aut
1354 5235 1450 5306 ipsi
1480 5235 1583 5291 etc.
1656 5239 1751 5270 ’⁸⁸⁸
1783 5239 1893 5294 Cur
1923 5254 2028 5293 non
2058 5239 2182 5308 ipsi,
2215 5247 2309 5293 aut
2336 5239 2425 5291 alii
2457 5238 2644 5305 Angeli
2694 5252 2798 5308 pro,
2819 5235 2923 5308 illis
2971 5235 3185 5308 possint
3235 5236 3448 5288 restitui
3481 5254 3606 5308 rnss.

327 5305 453 5380 θέε.
489 5305 636 5380 Qem.
661 5305 812 5380 για.
867 5317 914 5361 et
940 5306 1251 5380 edit._Goth.
1284 5305 1435 5374 Quod
1455 5309 1552 5380 alii
1587 5307 1772 5380 Angeli
1805 5325 1903 5379 pro
1942 5309 2047 5364 illis
2081 5305 2418 5377 nonpossint
2448 5307 2829 5380 restitui”???
2859 5305 3143 5380 __Quoniam
3173 5305 3274 5356 hoc
3301 5321 3424 5380 mss.
3458 5307 3610 5380 Gem.

325 5375 453 5448 Dec.
492 5375 621 5430 Vict.
647 5375 771 5447 Joly
797 5386 844 5430 et
895 5378 1020 5448 edit:
1055 5375 1209 5430 Goth.
1235 5373 1504 5448 quentodo
1535 5380 1637 5432 hoc
1674 5373 1889 5434 V”°°'Et
1923 5397 2046 5434 cum
2075 5380 2146 5432 illi
2175 5373 2301 5432 niss.
2333 5394 2453 5432 cum
2499 5379 2573 5448 illi
2645 5377 2740 5409 ²⁸⁰¹
2774 5374 3173 5448 Nullamnovit
3199 5391 3294 5427 ms.
3349 5373 3482 5448 I’irt.
3516 5377 3607 5431 19.

327 5445 534 5519 nullam
562 5443 789 5519 noverat
858 5447 951 5479 ’δ”
979 5446 1080 5519 _Sic
1107 5443 1336 5518 namque
1358 5463 1484 5519 mss.
1516 5448 1656 5519 sicut
1679 5465 1910 5515 namque
1985 5450 2080 5481 ’m
2107 5450 2182 5502 lla
2212 5448 2516 5519 injustims.
2545 5447 2671 5519 Jolg
2703 5446 2916 5519 ilajusti
2995 5443 3608 5519 ’_‘°‘Aliosronlirman-

329 5517 428 5587 llos
458 5531 556 5570 ms.
580 5515 703 5587 Joly
724 5515 1267 5587 illosCOnlirmandos
1332 5517 1441 5584 ⁸⁵⁸⁸,
1458 5517 1666 5570 Pariter
1693 5519 1999 5574 conﬁrmati
2029 5529 2208 5573 essent
2235 5535 2331 5572 ms.
2367 5517 2492 5587 Joly
2523 5515 2667 5572 omit'.
2717 5515 3019 5573 confirmati
3097 5515 3194 5547 ²¹⁸⁰⁸
3239 5515 3607 5584 Quemadmo-

330 5535 428 5568 uos
458 5535 556 5570 ηις.
580 5535 688 5570 δοιι
724 5535 842 5570 ιιιοδ
864 5535 1261 5572 connrmanuos
1334 5535 1666 5584 ’ν”,νειι-ιιρι·
1693 5535 1999 5574 conurmatt
2029 5535 2208 5573 essent
2235 5535 2331 5572 ms.
2367 5535 2492 5587 JOIy
2523 5535 2550 5570 ο

330 5585 459 5653 dum
485 5602 608 5642 mss.
646 5535 794 5641 dem.
818 5584 939 5642 Bec.
973 5600 1132 5656 quem
1167 5588 1382 5644 modum
1457 5588 1548 5620 ’W
1580 5589 1748 5643 Erunt
1769 5587 1923 5643 electi
1949 5605 2043 5642 ms.
2071 5587 2195 5659 Joly
2241 5602 2364 5645 sunt
2395 5590 2554 5645 electi

2541 4535 2694 4604 Quod
2742 4535 2886 4589 Deus
2943 4535 3010 4589 de
3067 4534 3223 4590 malis
3275 4535 3618 4594 multimodis
