3926 6054
336 215 442 272 385

842 211 902 268 S.
946 212 1245 268 ANSELMI
1285 212 1640 272 CANTUAR.
1683 213 2000 269 AliClllEP.
2043 214 2193 272 OPP.
2232 214 2412 269 PARS
2450 215 2489 268 l.
2528 245 2598 254 ο·-
2637 211 3044 269 DOGMATICA.

3479 196 3582 273 ss:

337 336 476 390 rent,
508 331 665 380 erant
689 323 742 378 in
766 323 861 356 ’W
888 323 978 378 illo
1009 322 1274 393 profecto,
1294 324 1362 379 de
1384 338 1492 393 quo
1521 323 1777 390 diximus,
1805 333 1910 380 nu-’
1936 331 1981 385 Α
2007 343 2234 396 quorum
2268 327 2546 397 aequalitas
2583 329 2631 384 ei
2687 325 2931 394 debetur,
2957 327 3300 398 profecerunt
3321 336 3444 398 post
3464 331 3581 385 rui.

333 432 514 482 mero;
545 430 650 470 non
676 424 804 469 sunt
828 414 1072 469 homines
1097 413 1248 480 facti,
1277 415 1379 469 nisi
1399 429 1494 484 pro
1516 417 1906 472 restauratione

333 509 644 579 angelorum
671 505 1033 575 perditorum;
1059 514 1115 560 et
1137 504 1312 574 palam
1338 515 1420 561 est
1449 508 1573 576 quia
1611 524 1716 564 non
1749 520 1908 566 erunt

334 600 516 669 plures
543 598 666 653 illis.
697 595 752 652 Si
787 604 965 650 autem
997 594 1086 649 ille
1126 608 1381 649 numerus
1409 609 1513 648 non
1558 607 1677 652 erat
1719 599 1770 653 in
1801 600 1906 655 illis

331 691 578 743 omnibus
608 686 835 756 angelis,
871 686 1244 756 complendum
1271 694 1355 742 est
1384 684 1451 738 de
1489 685 1817 754 hominibus,
1854 697 1910 745 et

333 780 474 847 quod
496 779 675 848 periit,
733 786 788 832 et
820 778 963 845 quod
993 779 1142 846 prius
1183 782 1396 849 deerat;
1429 792 1590 839 erunt
1625 784 1780 839 electi
1807 785 1906 838 ho-

333 871 504 926 mines
532 870 714 941 plures
754 869 997 939 reprobis
1036 871 1282 941 angelis:
1320 883 1375 930 et
1402 876 1482 931 sic
1525 876 1766 931 dicemus
1811 865 1907 907 ’⁸⁵³

331 961 455 1030 quia
481 974 584 1014 non
611 958 828 1014 fuerunt
847 958 1092 1014 homines
1115 960 1240 1016 facti
1267 972 1472 1016 tantum
1503 963 1569 1018 ad
1598 970 1906 1018 restauran—

331 1054 456 1107 dum
484 1060 767 1106 numerum
798 1049 1170 1118 imminutum,
1205 1054 1295 1108 sed
1331 1055 1493 1109 etiam
1534 1055 1600 1109 ad
1630 1054 1906 1125 perficien-

329 1142 456 1198 dum
479 1143 714 1198 nondum
745 1146 1061 1213 perfectum.
1089 1143 1218 1199 Bos.
1239 1143 1376 1210 Quid
1402 1145 1579 1215 potius
1618 1145 1905 1199 tenendum

330 1239 412 1285 est
454 1250 467 1284 :
502 1246 568 1285 an
596 1234 738 1301 quod
767 1233 942 1304 angeli
972 1234 1062 1264 ’δίο
1097 1233 1245 1303 prius
1269 1232 1395 1287 facti
1431 1233 1539 1288 sint
1584 1233 1638 1286 in
1682 1248 1908 1288 numero

329 1323 585 1390 perfecto,
619 1339 685 1377 an
716 1325 866 1378 non?
911 1324 1038 1379 Aras.
1087 1323 1238 1391 Quod
1272 1323 1402 1378 mihi
1442 1323 1677 1389 videtur,
1707 1324 1902 1378 dicam.

330 1413 452 1469 Bos.
482 1413 595 1469 Non
616 1429 833 1484 possum
860 1430 890 1468 a
917 1425 970 1469 te
995 1413 1113 1485 plus
1133 1414 1351 1484 exigere
1374 1413 1488 1465 ειη.
1511 1414 1640 1468 Axs.
1667 1411 1723 1466 Si
1746 1413 1907 1467 homo

330 1503 502 1559 factus
551 1515 635 1559 est
677 1513 798 1574 post
835 1520 1020 1560 casum
1069 1503 1332 1559 malorum
1385 1503 1718 1573 angelorum,
1770 1503 1905 1557 sicut

329 1593 546 1661 quidam
571 1593 875 1664 intelligunt
914 1595 966 1648 in
989 1593 1219 1659 Genesi;
1275 1609 1378 1649 non
1408 1594 1564 1654 video
1618 1607 1776 1664 posse
1823 1606 1908 1647 me

2011 433 2132 472 nam
2164 419 2443 481 malorum,
2473 421 2596 491 quia
2620 429 3118 492 perseveraveruut.
3148 420 3224 475 Ex
3251 421 3336 475 his
3361 422 3582 477 rationi-

2008 511 2109 564 bus
2150 510 2328 579 potius
2373 512 2504 566 mihi
2553 512 2765 569 videtur
2813 514 2937 584 quia
2968 513 3020 567 in
3069 512 3276 581 angelis
3323 527 3429 567 non
3481 513 3580 569 fuit

1961 641 1964 644 .
2008 599 2097 654 ille
2162 599 2432 668 perfectus
2471 617 2746 667 numerus,
2801 617 2909 674 quo
2966 602 3158 657 civitas
3205 601 3296 654 illa
3346 616 3578 667 superna

2008 688 2359 759 perficeretur
2407 707 2422 743 :
2471 693 2726 761 quoniam
2772 693 2817 747 si
2889 693 3052 748 homo
3105 691 3198 725 ’⁸η
3253 691 3413 746 simul
3459 707 3580 746 cum

2009 781 2216 850 angelis
2243 781 2415 837 factus
2442 797 2545 837 non
2573 792 2684 848 est;
2717 783 2796 839 sic
2828 783 3084 853 possibile
3105 791 3188 839 est
3213 781 3309 815 ’δ”
3332 796 3454 838 esse
3496 795 3585 848 fel

2008 870 2052 924 si
2084 869 2241 925 simul
2272 870 2395 925 facti
2418 880 2563 937 sunt,
2593 886 2700 941 quo
2728 872 2897 942 magis
2918 879 3106 941 putant
3126 871 3301 936 multi,
3323 870 3583 940 quoniam

2009 958 2203 1029 legitur
2231 976 2246 1012 :
2273 958 2376 1024 Qui
2410 960 2528 1013 vivit
2561 961 2614 1013 in
2646 969 2918 1027 wternum,
2959 961 3148 1015 creavit
3204 959 3379 1014 omnia
3416 949 3582 1014 simul

2009 1049 2198 1121 (Eccli.
2226 1050 2447 1119 xvtn,;l)
2475 1066 2487 1101 :
2519 1051 2734 1104 videtur
2759 1064 2980 1106 necesse
3002 1064 3140 1105 esse.
3173 1049 3280 1106 Sed
3302 1058 3357 1104 et
3385 1050 3429 1104 si
3453 1061 3578 1118 per-

2010 1141 2168 1195 fectio
2217 1139 2504 1194 mundana:
2547 1149 2806 1194 creaturae
2845 1154 2949 1194 non
3003 1147 3212 1194 tantum
3253 1148 3336 1194 est
3380 1138 3578 1193 intelli-

2006 1230 2176 1298 geuda
2201 1229 2254 1283 in
2280 1243 2505 1282 numero
2533 1229 2948 1295 individuorum,
2973 1237 3233 1298 quantum
3276 1228 3328 1281 in
3357 1242 3581 1282 numero

2008 1330 2344 1384 naturarum,
2377 1331 2598 1373 necesse
2636 1326 2721 1374 est
2761 1319 3066 1372 humanam
3095 1327 3341 1373 naturam
3397 1325 3489 1371 aut
3514 1316 3581 1370 ad

2008 1410 2456 1480 complementum
2517 1408 2758 1476 ejusdem
2803 1407 3150 1478 perfectionis
3190 1423 3309 1464 esse
3359 1407 3579 1468 factam,

2009 1511 2100 1556 aut
2145 1501 2222 1556 illi
2268 1499 2706 1571 superabundare
2733 1516 2747 1552 :
2778 1498 2920 1568 quod
2944 1499 3011 1554 de
3051 1498 3258 1552 minimi
3305 1497 3580 1553 vermiculi

2009 1603 2203 1649 natura
2249 1593 2430 1648 dicere
2473 1607 2578 1647 non
2623 1590 2902 1644 audemus.
2957 1590 3134 1656 Quare
3175 1604 3274 1658 pro
3303 1589 3476 1657 seipsa
3509 1588 3581 1640 ibi

327 1696 424 1750 per
447 1681 547 1736 hoc
573 1686 803 1751 probare
823 1683 1050 1738 alterum
1081 1684 1273 1738 borum
1305 1684 1679 1738 determinate.
1720 1682 1904 1739 Potest
1934 1687 1982 1747 Β
2013 1685 2153 1742 facta
2177 1692 2284 1749 est,
2313 1692 2369 1738 et
2387 1698 2492 1738 non
2531 1681 2704 1737 solum
2729 1696 2828 1752 pro
2876 1681 3248 1736 restaurandis
3297 1679 3583 1734 individuis

329 1774 474 1827 enim
507 1772 589 1842 (ut
617 1774 766 1844 puto)
795 1789 914 1829 esse
951 1776 1093 1845 quod
1120 1775 1292 1846 angeli
1327 1777 1480 1846 prius
1508 1776 1708 1831 fuerint
1731 1777 1784 1830 in
1814 1776 1906 1808 ’δί’

329 1881 554 1920 numero
594 1865 852 1937 perfecto,
881 1875 936 1921 et
973 1877 1155 1937 postea
1199 1867 1372 1923 factus
1397 1868 1468 1923 sit
1491 1869 1653 1924 homo
1693 1863 1909 1940 propter

330 1957 743 2013 restaurandum
826 1941 1167 2014 imminutum
1231 1975 1416 2016 eorum
1475 1976 1758 2015 numerum
1799 1979 1812 2015 ἓ
1853 1969 1908 2015 ει

329 2056 645 2115 potestesse
667 2049 808 2117 quod
838 2063 941 2104 non
969 2049 1169 2105 fuerint
1193 2049 1287 2082 ’δί’
1312 2051 1364 2104 ἰιι
1389 2063 1613 2105 numero
1639 2051 1902 2122 perfecto;

326 2137 455 2206 quia
482 2135 765 2193 differebat
810 2139 970 2205 Deus,
1011 2139 1150 2194 sicut
1175 2141 1353 2196 adhuc
1379 2139 1576 2206 differt,
1624 2140 1772 2196 illum
1802 2141 1906 2196 im-

329 2225 476 2294 plere
521 2240 826 2291 numerum,
875 2225 1117 2284 facturus
1163 2228 1454 2283 humanam
1507 2239 1755 2284 naturam
1807 2244 1907 2286 suo

327 2326 590 2388 tempore.
626 2316 798 2383 Unde,
846 2327 942 2374 aut
983 2319 1320 2376 solummodo
1356 2334 1640 2375 numerum
1671 2321 1904 2377 nondum

327 2408 596 2480 integrum
620 2411 930 2480 perficeret;
963 2419 1076 2475 aut,
1106 2410 1266 2466 etiam
1296 2409 1340 2466 si
1374 2411 1723 2475 minueretur,
1753 2413 1908 2467 resti-

327 2508 522 2554 tueret.
566 2499 623 2556 Si
654 2511 834 2555 autem
881 2508 990 2555 tota
1047 2509 1293 2556 creatura
1332 2502 1492 2556 simul
1535 2501 1675 2557 facta
1711 2512 1821 2567 est;
1853 2512 1909 2558 et

327 2592 444 2646 dies
470 2591 567 2656 illi,
592 2591 646 2646 in
675 2593 872 2661 quibus
898 2591 1112 2661 Moyses
1140 2592 1300 2646 istum
1325 2593 1579 2647 mundum
1616 2607 1721 2647 non
1749 2592 1908 2648 simul

326 2680 531 2735 factum
557 2695 679 2735 esse
706 2680 920 2736 videtur
943 2679 1146 2744 dicere,
1189 2679 1348 2736 aliter
1387 2689 1513 2735 sunt
1551 2680 1905 2752 intelligendi,

325 2785 488 2838 quam
529 2769 670 2825 sicut
695 2771 938 2826 videmus
988 2771 1119 2827 istos
1141 2771 1274 2832 dies,
1304 2771 1357 2826 in
1404 2771 1600 2841 quibus
1628 2772 1859 2827 vivimus
1889 2789 1903 2827 :

325 2861 629 2932 intelligere
654 2877 860 2932 nequeo
902 2864 1170 2933 quomodo
1216 2862 1342 2918 facti
1371 2863 1480 2917 sint
1507 2862 1681 2932 angeli
1728 2863 1778 2916 in
1816 2861 1907 2916 illo

325 2953 568 3022 perfecto
609 2952 708 2984 ³⁸η
745 2966 993 3008 numero.
1022 2951 1231 3023 Quippe
1281 2952 1327 3008 si
1379 2952 1452 3006 ita
1485 2960 1644 3015 esset,
1696 2951 1909 3006 videtur

323 3043 459 3099 mihi
505 3043 630 3114 quia
677 3057 741 3098 ex
789 3043 1130 3105 necessitate,
1169 3051 1266 3097 aut
1306 3042 1469 3113 aliqui
1527 3041 1773 3097 homines
1825 3023 1978 3094 velC

325 3135 499 3206 angeli
524 3136 703 3191 casuri
740 3143 929 3200 erant;
963 3143 1056 3190 aut
1079 3135 1260 3206 plures
1280 3143 1464 3190 essent
1491 3134 1544 3189 in
1576 3133 1664 3188 illa
1705 3131 1912 3190 caelesti

323 3226 562 3291 civitate,
594 3239 756 3296 quam
789 3225 876 3278 illa
904 3223 1126 3294 perfecti
1157 3226 1365 3281 numeri
1395 3225 1769 3281 convenientia
1795 3223 1912 3278 exi-

325 3323 492 3382 geret.
525 3313 582 3369 Si
622 3329 752 3384 ergo
778 3315 956 3370 omnia
1000 3315 1159 3369 simul
1197 3315 1341 3371 facta
1372 3325 1525 3382 sunt;
1559 3317 1638 3371 sic
1659 3317 1915 3384 videntur

325 3403 526 3472 angeli,
556 3411 612 3457 et
640 3405 746 3457 duo
774 3404 931 3472 primi
966 3405 1218 3460 homines
1247 3406 1298 3460 in
1340 3421 1564 3460 numero
1593 3404 1910 3474 imperfecto

324 3495 493 3550 fuisse
527 3495 652 3560 ’ως
689 3503 746 3550 ut
775 3496 1103 3562 hominibus,
1131 3499 1176 3552 si
1204 3497 1386 3553 nullus
1412 3498 1630 3552 caderet
1655 3497 1906 3568 angelus,

324 3586 468 3657 quod
499 3587 684 3641 deerat
707 3585 882 3640 solum
905 3587 1256 3656 perficeretur
1274 3587 1389 3654 “‘8,
1409 3597 1464 3643 et
1492 3587 1536 3642 si
1561 3587 1757 3659 aliquis
1782 3602 1907 3658 per-

328 3677 432 3731 iret
463 3719 480 3744 ,
534 3677 638 3732 hoc
666 3691 903 3746 quoque,
956 3677 1098 3747 quod
1132 3678 1368 3742 caderet,
1409 3678 1783 3733 restitueretur
1809 3695 1824 3733 :
1855 3685 1911 3733 et

324 3769 562 3826 hominis
613 3778 826 3835 natura,
868 3784 989 3838 quae
1036 3769 1302 3824 infirmior
1354 3778 1490 3835 erat,
1535 3770 1688 3840 quasi
1737 3769 1905 3824 Deum

324 3869 633 3928 excusaret,
673 3870 833 3932 atque
869 3845 1540 3927 diabolumlconfunderet;
1573 3860 1617 3916 si
1639 3860 1728 3916 ille
1749 3874 1906 3916 suum

321 3969 510 4010 casum
538 3954 836 4010 infirmitati
865 3969 977 4010 suae
1005 3955 1316 4025 imputaret,
1346 3969 1467 4009 cum
1499 3954 1612 4023 ipsa
1643 3953 1908 4009 infirmior

323 4055 642 4113 staret:ac,
665 4047 712 4103 si
759 4055 814 4101 et
842 4046 1032 4103 eadem
1078 4049 1192 4116 ipsa
1241 4048 1481 4111 caderet,
1514 4046 1682 4101 multo
1733 4045 1906 4115 magis

326 4140 496 4193 Deum
570 4135 884 4193 defenderet
958 4147 1149 4190 contra
1233 4135 1528 4200 diabolum,
1601 4144 1657 4190 et
1715 4144 1905 4191 contra

324 4226 597 4295 seipsam:
634 4240 758 4279 cum
802 4225 916 4294 ipsa
945 4223 1087 4280 facta
1118 4224 1276 4281 valde
1313 4225 1581 4280 infirmior
1603 4239 1659 4280 et
1682 4225 1902 4291 mortis,

2012 1773 2357 1844 alteriussz
2381 1781 2606 1827 naturae.
2631 1771 2783 1827 Unde
2805 1772 2980 1840 palam
3002 1784 3085 1828 eSt
3105 1773 3230 1840 quia
3263 1771 3472 1826 etiamsi
3491 1772 3583 1802 ""

2009 1863 2233 1935 angelus
2268 1861 2448 1918 nullus
2466 1863 2736 1932 periisset,
2779 1862 3027 1916 homines
3061 1869 3240 1917 tamen
3283 1861 3336 1916 iu
3377 1861 3582 1916 etclesu

2008 1955 2230 2010 civitate
2284 1969 2442 2011 suum
2499 1953 2674 2008 locum
2729 1952 3059 2007 habuissent.
3115 1950 3370 2021 Sequitur
3407 1953 3584 2021 itaque

2007 2046 2132 2115 quia
2157 2047 2209 2100 in
2239 2045 2464 2113 angelis,
2495 2053 2786 2113 antequam
2815 2041 3034 2112 quidam
3068 2041 3280 2097 illorum
3308 2042 3580 2104 caderent,

2008 2150 2114 2189 non
2144 2145 2262 2191 erat
2309 2135 2396 2190 ille
2427 2134 2696 2204 perfectus
2749 2147 3047 2187 numerus:
3080 2130 3316 2200 alioquin
3365 2145 3584 2186 necesse

2006 2236 2211 2285 eratut
2258 2236 2352 2282 aut
2390 2227 2656 2292 homines,
2704 2232 2796 2278 aut
2849 2223 3022 2294 angeli
3071 2223 3235 2293 aliqui
3288 2221 3583 2278 caderent:

2008 2321 2263 2389 quoniam
2311 2327 2466 2373 extra
2505 2329 2790 2372 numerum
2831 2315 3132 2386 perfectum
3179 2314 3250 2369 ibi
3278 2313 3456 2370 nullus
3489 2313 3585 2346 ’⁸³⁸

2007 2426 2229 2466 manere
2261 2419 2492 2481 poterat.
2525 2410 2648 2464 Bos.
2681 2408 2935 2464 Nonnihil
2961 2405 3208 2463 effecisti.
3239 2407 3368 2461 Axs.
3409 2407 3504 2461 Est
3531 2417 3587 2461 et

2007 2503 2112 2557 alia
2141 2502 2297 2567 ratio,
2327 2511 2386 2557 ut
2413 2501 2542 2557 mihi
2568 2501 2800 2565 videtur,
2833 2514 2952 2570 quae
2982 2514 3086 2555 non
3112 2512 3303 2570 parum
3327 2496 3587 2568 suffraga-

2011 2600 2098 2646 tur
2141 2592 2217 2647 illi
2260 2591 2564 2656 sementim,
2599 2605 2720 2660 qua:
2767 2590 2989 2662 angelos
3019 2605 3126 2645 non
3165 2604 3285 2645 esse
3317 2588 3488 2644 factos
3532 2589 3582 2641 in

2006 2683 2248 2752 perfecto
2278 2696 2501 2737 numero
2542 2681 2835 2736 existimat.
2881 2681 3005 2737 Bos.
3030 2679 3127 2736 Dic
3171 2680 3338 2734 illam.
3370 2681 3498 2734 Ans.
3527 2681 3582 2734 Si

2008 2774 2180 2845 angeli
2223 2775 2276 2829 in
2321 2773 2411 2828 illo
2436 2773 2674 2844 perfecto
2726 2787 2953 2828 numero
2984 2771 3110 2828 facti
3140 2781 3286 2836 sunt,
3314 2782 3370 2826 et
3414 2771 3586 2825 nulla-

2010 2875 2164 2921 tenus
2209 2865 2334 2921 facti
2389 2874 2515 2921 sunt
2571 2865 2833 2928 homines,
2883 2863 2988 2918 nisi
3039 2878 3135 2933 pro
3193 2863 3587 2919 restaurationc

2007 2958 2340 3026 perditorum
2387 2957 2718 3028 angelorum,
2754 2955 2930 3026 palam
2983 2964 3066 3011 est
3094 2955 3242 3026 quia,
3271 2954 3374 3010 nisi
3414 2955 3584 3026 angeli

2012 3049 2128 3112 ω’,
2157 3049 2225 3102 ab
2255 3047 2345 3102 illa
2389 3046 2722 3102 beattiudiue
2747 3046 2841 3078 ²⁶¹²
2871 3045 3209 3112 cecidissent,
3245 3045 3490 3100 homines
3519 3045 3586 3098 ad

2011 3136 2157 3191 illam
2171 3151 2277 3192 non
2300 3135 2669 3191 ascenderem.
2695 3135 2817 3190 Bos.
2847 3133 2958 3190 lloc
2979 3143 3210 3190 constat.
3236 3133 3438 3189 Λαεδί
3468 3134 3590 3204 quis

2011 3243 2140 3283 vero
2163 3228 2257 3261 ⁸⁸²³
2281 3227 2480 3284 dixerit
2503 3229 2628 3297 quia
2657 3235 2863 3281 tantum
2892 3226 3212 3281 laetabuntur
3239 3226 3394 3281 electi
3417 3227 3588 3281 homi-

2011 3334 2108 3374 nes
2137 3320 2203 3374 de
2247 3318 2558 3391 angelorum
2606 3319 2929 3389 perditione,
2971 3328 3232 3388 quantum
3282 3318 3588 3388 gaudebunt

2011 3411 2077 3464 de
2123 3424 2218 3465 sua
2265 3410 2667 3477 assumptione,
2719 3409 2973 3478 quoniam
3029 3410 3232 3478 absque
3271 3408 3433 3462 dubio
3475 3408 3587 3462 hanc

2011 3521 2116 3562 non
2143 3514 2308 3572 esset,
2351 3504 2456 3560 nisi
2498 3503 2588 3558 illa
2635 3502 2873 3570 fuisset,
2903 3503 3174 3572 quomodo
3211 3510 3463 3573 poterunt
3509 3504 3576 3560 ab

2010 3596 2115 3650 hac
2157 3608 2412 3664 perversa
2457 3592 2817 3665 gratulatione
2850 3591 3108 3649 defendi?
3154 3591 3262 3646 Aut
3317 3592 3588 3662 quomodo

2008 3685 2249 3740 dicemus
2269 3682 2506 3755 angelos.
2517 3683 2607 3754 qui
2621 3684 2950 3740 ceciderunt.
2965 3698 3030 3739 ex
3048 3681 3352 3738 hominibus
3380 3692 3584 3737 restau-

2009 3785 2156 3830 ratos
2181 3775 2305 3840 m"’;
2336 3776 2380 3830 si
2417 3775 2490 3828 illi
2513 3775 2632 3829 sine
2660 3775 2763 3829 hoc
2789 3774 2917 3827 vitio
2943 3772 3278 3842 permansuri
3321 3782 3514 3836 erant,
3539 3773 3586 3828 si

2008 3881 2114 3923 non
2170 3865 2512 3930 cecidissent,
2563 3865 2614 3920 id
2649 3873 2733 3920 est
2793 3865 2912 3920 sine
2951 3863 3310 3932 gratulatione
3349 3865 3416 3920 de
3459 3880 3585 3921 casu

2006 3956 2237 4012 aliorum
2282 3955 2404 4021 “";
2446 3955 2534 4011 isti
2580 3968 2708 4009 vero
2728 3955 2844 4009 sine
2881 3953 2972 4009 illo
2995 3967 3116 4009 esse
3143 3969 3249 4009 non
3293 3955 3587 4024 poterunt?

2005 4046 2104 4088 ’δ”
2145 4047 2258 4102 lmo
2292 4045 2526 4116 qualiter
2544 4059 2667 4100 cum
2694 4045 2798 4101 hoc
2819 4045 2954 4099 vitio
2978 4045 3121 4100 beati
3143 4059 3262 4102 esse
3288 4045 3588 4102 debebunt?

2008 4138 2210 4194 Deinde
2235 4151 2342 4208 qua
2375 4135 2597 4191 audacia
2631 4135 2873 4192 dicemus
2921 4135 3091 4191 Deum
3135 4152 3241 4192 non
3289 4137 3443 4203 velle,
3494 4145 3588 4191 aut

2009 4243 2118 4284 non
2151 4242 2311 4300 posse
2339 4228 2454 4294 Μ’,
2481 4228 2620 4283 hanc
2659 4228 3105 4283 restaurationem
3157 4229 3276 4284 sine
3309 4227 3414 4285 hoc
3455 4229 3587 4284 vitio

322 4318 382 4372 in
406 4315 592 4372 electis
620 4315 689 4373 de
723 4315 1198 4372 tantainfirmitate
1232 4324 1380 4372 tanto
1403 4317 1562 4373 altius
1589 4317 1908 4373 ascenderet
1940 4358 1985 4415 Β
2011 4319 2224 4376 facere?
2247 4319 2372 4377 Bos.
2399 4318 2588 4376 Nonne
2613 4319 2866 4375 similiter
2885 4328 2972 4374 est
2997 4319 3052 4373 in
3072 4319 3342 4391 gentibus,
3371 4334 3491 4389 quae
3519 4319 3586 4373 ad

321 4422 487 4478 quam
525 4408 667 4466 unde
713 4407 960 4466 diabolus
990 4408 1300 4476 cecidisset;
1338 4417 1542 4479 quanto
1582 4407 1707 4464 boni
1731 4409 1906 4480 angeli
1940 4407 1977 4415 '
2013 4410 2175 4467 fidem
2219 4419 2426 4466 vocata;
2467 4418 2615 4477 sunt,
2657 4409 2782 4481 quia
2823 4409 2971 4464 illam
3023 4407 3193 4465 Judaei
3233 4408 3588 4480 repulerunt?

1639 4628 1875 4686 VARl/E
1917 4628 2321 4687 LECTIONES.

379 4767 475 4854 ’3”
493 4766 728 4854 lit-antiit
741 4783 849 4854 ms.
867 4766 990 4854 July
1007 4777 1189 4850 essent
1205 4768 1257 4823 in
1313 4770 1408 4854 ἷξον
1424 4767 1513 4825 Sic
1533 4770 1761 4826 dicimus
1776 4787 1902 4854 mss.
1921 4780 1968 4854 et
1981 4767 2266 4853 editﬂoth.
2285 4770 2365 4854 sic
2374 4769 2617 4854 dicemus
2654 4768 2770 4854 ,ως
2787 4767 3027 4850 Anquod
3041 4769 3229 4854 Angeli
3245 4786 3368 4854 mss.
3387 4783 3454 4854 an
3477 4770 3588 4854 .Anf

361 4837 430 4910 cli
497 4837 588 4910 ft“
607 4835 722 4910 Non
739 4838 902 4910 plusa
933 4835 1158 4910 tegexigo
1178 4855 1304 4910 mss.
1324 4839 1384 4894 Β.
1410 4856 1513 4894 non
1538 4855 1753 4910 possum
1774 4857 1804 4894 ει
1830 4852 1881 4896 te
1902 4840 2021 4910 plus
2037 4842 2255 4910 exigere
2323 4838 2416 4910 “‘f
2431 4838 2671 4895 Fuerunt
2690 4839 2842 4909 prius
2867 4835 2920 4910 in
2949 4855 3077 4910 mu.
3095 4835 3242 4895 (fam.
3263 4839 3385 4910 Bac.
3400 4837 3526 4910 ιριυ
3541 4850 3586 4910 et

381 4910 469 4962 ἰοί.
491 4907 576 4962 15.
595 4907 744 4980 prius
768 4907 1040 4980 fuerintAin
1060 4907 1184 4963 mu.
1219 4907 1352 4980 Vict.
1381 4910 1466 4980 l9:
1500 4907 1919 4980 primof‘uerunt—
1976 4911 2071 4949 ³⁸η
2090 4907 2242 4976 Quod
2260 4925 2367 4964 non
2385 4909 2596 4980 fuerunt
2611 4907 2736 4964 mi.
2755 4909 3039 4980 quodnon
3060 4909 3259 4964 fuerint
3331 4909 3424 4940 ’διδ
3440 4907 3584 4980 Facti

322 4986 450 5062 sunt
473 4977 650 5048 angeli
686 4978 736 5062 in
757 4976 1099 5062 illqperf'ecto
1117 4996 1244 5062 mss;
1269 4976 1558 5062 GemlBéc.
1741 4979 1950 5062 e't‘lo‘ly.
1971 4979 2099 5034 facti
2114 4981 2224 5034 siut
2247 4981 2420 5060 angeli
2443 4979 2496 5062 in
2517 4976 3080 5062 illonintegi'om'.“:ln
3102 4994 3326 5033 numero
3336 4979 3588 5062 Perfecto

322 5049 493 5104 fuisse
521 5046 646 5118 mss.
681 5047 806 5103 Bec.
829 5046 977 5102 Gem.
1014 5046 1149 5103 Vict.
1180 5050 1266 5103 15.
1294 5060 1342 5103 et
1368 5050 1451 5104 l9.
1481 5060 1527 5102 et
1583 5051 1710 5103 edit.
1753 5046 1919 5104 Gate:
1938 5051 1990 5104 in
2017 5065 2242 5104 numero
2266 5046 2584 5118 imperfecto
2608 5046 2774 5104 fuisse
2846 5048 2942 5118 ’Ψ
2983 5047 3170 5104 Solqu
3233 5046 3587 5118 perficeretur

322 5135 422 5172 ms.
454 5117 592 5187 lofy.
624 5118 960 5176 solummodo
989 5119 1340 5190 perficeretur
1412 5119 1503 5150 ⁸⁵η
1535 5118 1626 5173 Illa
1651 5119 1888 5190 coalestis
1915 5119 2267 5190 perficeretur
2301 5117 2394 5188 qui
2420 5120 2466 5173 si
2510 5119 2670 5190 homo
2700 5135 2825 5190 mea.
2866 5117 2971 5190 illa
3001 5117 3243 5190 superna
3280 5117 3590 5190 perficietur

324 5186 578 5258 quoniam
602 5189 645 5244 si
673 5190 831 5244 homo
855 5205 955 5242 ms.
985 5186 1106 5258 1on
1134 5187 1279 5258 legit,
1302 5190 1669 5258 perficeretur
1713 5188 1808 5220 ⁸⁸³⁸
1831 5186 1984 5244 εἰόιιι
2004 5188 2261 5258 possibile
2284 5186 2369 5242 est
2390 5204 2519 5258 mss.
2557 5188 2682 5258 Bec.
2724 5186 2859 5258 Vict.
2882 5187 3026 5258 July,
3053 5186 3240 5242 Cister.
3290 5188 3370 5242 sic
3414 5187 3588 5258 possif

326 5255 433 5327 liile
459 5267 541 5312 est
569 5275 697 5320 mss.
732 5258 880 5313 Gem.
905 5257 984 5312 sic
1011 5255 1338 5327 impossibile
1357 5268 1456 5327 est,
1517 5258 1610 5292 m’
1638 5256 1774 5325 Quia
1798 5259 1841 5312 si
1872 5255 2038 5313 etiam
2063 5274 2189 5312 mss.
2221 5258 2344 5312 Bac.
2386 5255 2534 5312 Gem.
2582 5257 2715 5313 Vict.
2745 5267 2792 5312 et
2823 5255 3120 5327 loly_'quia
3157 5259 3321 5312 etiam
3375 5255 3429 5327 si
3493 5255 3588 5286 ²⁸¹⁰

326 5324 619 5396 Numerum
649 5329 949 5396 perfectum
977 5327 1049 5381 ibi
1075 5323 1252 5382 nullus
1272 5343 1370 5383 ms.
1425 5325 1555 5382 Vict.
1591 5323 1679 5383 l9.
1717 5343 1999 5382 numerum
2044 5327 2190 5396 illum
2225 5327 2526 5396 perfectum
2581 5328 2759 5384 nullus
2831 5323 2935 5358 “'f
2958 5323 3068 5384 Nisi
3109 5327 3184 5381 illi
3239 5326 3413 5396 angeli
3459 5342 3584 5396 mss.

338 5393 560 5473 Vica}.
593 5393 901 5473 et'l3:_nisi_
939 5398 1111 5473 angeli
1158 5397 1279 5473 __“*'
1319 5398 1400 5452 Ab
1433 5398 1521 5453 illa
1543 5399 2006 5473 beatitudinehms.
2045 5395 2183 5450 Vict.
2329 5399 2510 5473 alrilla
2535 5399 2756 5454 civitate
2830 5396 2926 5428 ³⁸⁸⁸
2945 5398 3002 5453 Si
3020 5399 3159 5473 Aquis
3174 5393 3433 5473 ergo'ms.
3458 5395 3582 5463 Joly

325 5465 372 5516 si
410 5465 533 5532 quis
561 5480 687 5520 vero
759 5467 854 5499 ³⁵³⁵
883 5466 940 5521 In
967 5465 1278 5522 hominibus
1307 5477 1642 5523 restauratos
1704 5483 1803 5522 ms.
1845 5465 2034 5521 Cister.
2091 5483 2158 5522 ex
2212 5467 2520 5524 hominibus
2567 5476 2942 5523 restauratos:
3019 5468 3120 5498 ³³³⁵
3165 5465 3308 5523 Casu
3356 5465 3583 5518 aliorum

328 5546 430 5584 ms.
458 5532 582 5602 1on
606 5536 968 5609 casu_i_ll_orum
1041 5537 1135 5609 "ﬁ"
1160 5538 1289 5592 Esse
1317 5553 1417 5593 non
1447 5547 1735 5609 potuerunt
1760 5555 1884 5591 mss.
1910 5535 2058 5592 Gem.
2091 5537 2209 5593 Brc.
2238 5537 2384 5609 July,
2425 5537 2562 5594 Vict.
2612 5539 2665 5594 5.
2689 5547 2736 5594 et
2769 5537 2854 5592 l9.
2892 5547 2937 5590 et
2985 5537 3044 5593 S.
3095 5535 3256 5591 Mich.
3297 5550 3418 5592 esse
3478 5550 3584 5594 non

324 5609 621 5672 potuerunt
686 5605 776 5636 ’δ”
800 5605 913 5660 Non
945 5607 1182 5676 potuisse
1205 5624 1326 5664 mss.
1353 5618 1399 5662 et
1447 5604 1570 5662 tulit.
1597 5604 1751 5662 Goth.
1779 5623 1883 5663 non
1915 5624 2086 5679 posse.
