  <div class='ocr_page' id='page_1' title='image "/cluster/home/n/w/nwhite01/storage/ocr_20150623/158/hvd.32044054760160/198.png"; bbox 0 0 3926 6054; ppageno 0'>
   <div class='ocr_carea' id='block_1_1' title="bbox 367 226 472 284">
    <p class='ocr_par' dir='ltr' id='par_1_1' title="bbox 367 226 472 284">
     <span class='ocr_line' id='line_1_1' title="bbox 367 226 472 284; baseline -0.019 0"><span class='ocrx_word' id='word_1_1' title='bbox 367 226 472 284; x_wconf 67' lang='grc'><strong>535</strong></span> 
     </span>
    </p>
   </div>
   <div class='ocr_carea' id='block_1_2' title="bbox 1532 223 2476 282">
    <p class='ocr_par' dir='ltr' id='par_1_2' title="bbox 1532 223 2476 282">
     <span class='ocr_line' id='line_1_2' title="bbox 1532 223 2476 282; baseline -0.002 -2"><span class='ocrx_word' id='word_1_2' title='bbox 1532 225 1669 282; x_wconf 74' lang='lat' dir='ltr'><strong>CUlt</strong></span> <span class='ocrx_word' id='word_1_3' title='bbox 1707 223 1887 280; x_wconf 82' lang='lat' dir='ltr'><strong>DEUS</strong></span> <span class='ocrx_word' id='word_1_4' title='bbox 1929 223 2140 280; x_wconf 76' lang='lat' dir='ltr'><strong>HOMO.</strong></span> <span class='ocrx_word' id='word_1_5' title='bbox 2183 255 2249 266; x_wconf 85' lang='lat'><strong>-</strong></span> <span class='ocrx_word' id='word_1_6' title='bbox 2279 225 2401 280; x_wconf 87' lang='lat' dir='ltr'><strong>LIB.</strong></span> <span class='ocrx_word' id='word_1_7' title='bbox 2438 225 2476 280; x_wconf 92' lang='grc' dir='ltr'>Ι.</span> 
     </span>
    </p>
   </div>
   <div class='ocr_carea' id='block_1_3' title="bbox 3523 233 3626 289">
    <p class='ocr_par' dir='ltr' id='par_1_3' title="bbox 3523 233 3626 289">
     <span class='ocr_line' id='line_1_3' title="bbox 3523 233 3626 289; baseline -0.019 0"><span class='ocrx_word' id='word_1_8' title='bbox 3523 233 3626 289; x_wconf 73' lang='grc'>586</span> 
     </span>
    </p>
   </div>
   <div class='ocr_carea' id='block_1_4' title="bbox 366 335 3633 416">
    <p class='ocr_par' dir='ltr' id='par_1_4' title="bbox 366 335 3633 416">
     <span class='ocr_line' id='line_1_4' title="bbox 366 335 3633 416; baseline 0.001 -21"><span class='ocrx_word' id='word_1_9' title='bbox 366 343 495 395; x_wconf 72' lang='lat' dir='ltr'><strong>Aris.</strong></span> <span class='ocrx_word' id='word_1_10' title='bbox 521 335 672 402; x_wconf 85' lang='lat' dir='ltr'><strong>Non;</strong></span> <span class='ocrx_word' id='word_1_11' title='bbox 699 351 824 392; x_wconf 90' lang='lat' dir='ltr'><strong>nam</strong></span> <span class='ocrx_word' id='word_1_12' title='bbox 855 336 900 392; x_wconf 90' lang='lat' dir='ltr'><strong>si</strong></span> <span class='ocrx_word' id='word_1_13' title='bbox 937 349 1128 392; x_wconf 90' lang='lat' dir='ltr'><strong>omnes</strong></span> <span class='ocrx_word' id='word_1_14' title='bbox 1146 337 1314 392; x_wconf 65' lang='lat' dir='ltr'><strong>Judaei</strong></span> <span class='ocrx_word' id='word_1_15' title='bbox 1339 337 1728 403; x_wconf 88' lang='lat' dir='ltr'><strong>credidissent,</strong></span> <span class='ocrx_word' id='word_1_16' title='bbox 1757 336 1961 393; x_wconf 86' lang='lat' dir='ltr'><strong>Gentes</strong></span> <span class='ocrx_word' id='word_1_17' title='bbox 1987 340 2036 399; x_wconf 80' lang='grc' dir='ltr'>Α</span> <span class='ocrx_word' id='word_1_18' title='bbox 2066 347 2268 392; x_wconf 88' lang='lat' dir='ltr'><strong>mutata</strong></span> <span class='ocrx_word' id='word_1_19' title='bbox 2303 338 2356 391; x_wconf 93' lang='lat' dir='ltr'><strong>in</strong></span> <span class='ocrx_word' id='word_1_20' title='bbox 2393 338 2604 406; x_wconf 84' lang='lat' dir='ltr'><strong>melius,</strong></span> <span class='ocrx_word' id='word_1_21' title='bbox 2632 353 2730 395; x_wconf 90' lang='lat' dir='ltr'><strong>suo</strong></span> <span class='ocrx_word' id='word_1_22' title='bbox 2755 341 2987 412; x_wconf 89' lang='lat' dir='ltr'><strong>quodam</strong></span> <span class='ocrx_word' id='word_1_23' title='bbox 3021 341 3180 398; x_wconf 84' lang='lat' dir='ltr'><strong>modo</strong></span> <span class='ocrx_word' id='word_1_24' title='bbox 3209 343 3362 413; x_wconf 90' lang='lat' dir='ltr'><strong>quasi</strong></span> <span class='ocrx_word' id='word_1_25' title='bbox 3404 359 3633 416; x_wconf 82' lang='lat' dir='ltr'><strong>congra-</strong></span> 
     </span>
    </p>
   </div>
   <div class='ocr_carea' id='block_1_5' title="bbox 367 428 1962 500">
    <p class='ocr_par' dir='ltr' id='par_1_5' title="bbox 367 428 1962 500">
     <span class='ocr_line' id='line_1_5' title="bbox 367 428 1962 500; baseline -0.001 -17"><span class='ocrx_word' id='word_1_26' title='bbox 367 442 546 485; x_wconf 86' lang='lat' dir='ltr'><strong>tamen</strong></span> <span class='ocrx_word' id='word_1_27' title='bbox 570 437 932 484; x_wconf 84' lang='lat' dir='ltr'><strong>vocarentur:</strong></span> <span class='ocrx_word' id='word_1_28' title='bbox 957 428 1090 498; x_wconf 79' lang='lat' dir='ltr'><strong>quia‘</strong></span> <span class='ocrx_word' id='word_1_29' title='bbox 1106 429 1160 482; x_wconf 82' lang='lat' dir='ltr'><strong>in</strong></span> <span class='ocrx_word' id='word_1_30' title='bbox 1185 430 1326 483; x_wconf 85' lang='lat' dir='ltr'><strong>omni</strong></span> <span class='ocrx_word' id='word_1_31' title='bbox 1349 439 1494 499; x_wconf 86' lang='lat' dir='ltr'><strong>gente</strong></span> <span class='ocrx_word' id='word_1_32' title='bbox 1514 431 1603 500; x_wconf 82' lang='lat' dir='ltr'><strong>qui</strong></span> <span class='ocrx_word' id='word_1_33' title='bbox 1627 431 1768 484; x_wconf 88' lang='lat' dir='ltr'><strong>timet</strong></span> <span class='ocrx_word' id='word_1_34' title='bbox 1792 429 1962 484; x_wconf 83' lang='lat' dir='ltr'><strong>Deum</strong></span> 
     </span>
    </p>
   </div>
   <div class='ocr_carea' id='block_1_6' title="bbox 363 520 1956 592">
    <p class='ocr_par' dir='ltr' id='par_1_6' title="bbox 363 520 1956 592">
     <span class='ocr_line' id='line_1_6' title="bbox 363 520 1956 592; baseline 0.001 -16"><span class='ocrx_word' id='word_1_35' title='bbox 363 532 412 576; x_wconf 89' lang='lat' dir='ltr'><strong>et</strong></span> <span class='ocrx_word' id='word_1_36' title='bbox 441 530 690 592; x_wconf 84' lang='lat' dir='ltr'><strong>operatur</strong></span> <span class='ocrx_word' id='word_1_37' title='bbox 703 520 967 589; x_wconf 70' lang='lat' dir='ltr'><strong>Justitiam</strong></span> <span class='ocrx_word' id='word_1_38' title='bbox 993 520 1090 553; x_wconf 67' lang='grc'><strong>⁸⁸⁸⁸</strong></span> <span class='ocrx_word' id='word_1_39' title='bbox 1121 531 1360 591; x_wconf 76' lang='lat' dir='ltr'><strong>acceptus</strong></span> <span class='ocrx_word' id='word_1_40' title='bbox 1379 531 1455 576; x_wconf 85' lang='lat' dir='ltr'><strong>est</strong></span> <span class='ocrx_word' id='word_1_41' title='bbox 1483 521 1564 576; x_wconf 81' lang='lat' dir='ltr'><strong>illi</strong></span> <span class='ocrx_word' id='word_1_42' title='bbox 1593 521 1732 592; x_wconf 85' lang='lat' dir='ltr'><strong>(Act.</strong></span> <span class='ocrx_word' id='word_1_43' title='bbox 1757 536 1814 586; x_wconf 81' lang='lat' dir='ltr'><strong>x,</strong></span> <span class='ocrx_word' id='word_1_44' title='bbox 1835 521 1956 591; x_wconf 75' lang='lat'><strong>35).</strong></span> 
     </span>
    </p>
   </div>
   <div class='ocr_carea' id='block_1_7' title="bbox 2067 427 3635 504">
    <p class='ocr_par' dir='ltr' id='par_1_7' title="bbox 2067 427 3635 504">
     <span class='ocr_line' id='line_1_7' title="bbox 2067 427 3635 504; baseline 0.004 -21"><span class='ocrx_word' id='word_1_45' title='bbox 2067 427 2356 496; x_wconf 89' lang='lat' dir='ltr'><strong>tularetur;</strong></span> <span class='ocrx_word' id='word_1_46' title='bbox 2403 431 2512 484; x_wconf 90' lang='lat' dir='ltr'><strong>imo</strong></span> <span class='ocrx_word' id='word_1_47' title='bbox 2565 433 2742 485; x_wconf 90' lang='lat' dir='ltr'><strong>omnis</strong></span> <span class='ocrx_word' id='word_1_48' title='bbox 2795 439 3043 486; x_wconf 74' lang='lat' dir='ltr'><strong>creatura</strong></span> <span class='ocrx_word' id='word_1_49' title='bbox 3074 435 3140 488; x_wconf 88' lang='lat' dir='ltr'><strong>de</strong></span> <span class='ocrx_word' id='word_1_50' title='bbox 3163 441 3272 488; x_wconf 89' lang='lat' dir='ltr'><strong>tam</strong></span> <span class='ocrx_word' id='word_1_51' title='bbox 3313 434 3635 504; x_wconf 71' lang='lat' dir='ltr'><strong>gloriosa/et</strong></span> 
     </span>
    </p>
   </div>
   <div class='ocr_carea' id='block_1_8' title="bbox 2063 520 3633 594">
    <p class='ocr_par' dir='ltr' id='par_1_8' title="bbox 2063 520 3633 594">
     <span class='ocr_line' id='line_1_8' title="bbox 2063 520 3633 594; baseline 0.004 -20"><span class='ocrx_word' id='word_1_52' title='bbox 2063 528 2170 574; x_wconf 86' lang='lat' dir='ltr'><strong>tam</strong></span> <span class='ocrx_word' id='word_1_53' title='bbox 2205 520 2510 575; x_wconf 83' lang='lat' dir='ltr'><strong>admirabili</strong></span> <span class='ocrx_word' id='word_1_54' title='bbox 2549 522 2632 576; x_wconf 89' lang='lat' dir='ltr'><strong>sui</strong></span> <span class='ocrx_word' id='word_1_55' title='bbox 2656 523 3123 579; x_wconf 75' lang='lat' dir='ltr'><strong>consummatione</strong></span> <span class='ocrx_word' id='word_1_56' title='bbox 3151 523 3252 594; x_wconf 89' lang='lat' dir='ltr'><strong>ipsi</strong></span> <span class='ocrx_word' id='word_1_57' title='bbox 3286 525 3554 590; x_wconf 75' lang='lat' dir='ltr'><strong>Creatori,</strong></span> <span class='ocrx_word' id='word_1_58' title='bbox 3577 536 3633 580; x_wconf 90' lang='lat' dir='ltr'><strong>et</strong></span> 
     </span>
    </p>
   </div>
   <div class='ocr_carea' id='block_1_9' title="bbox 365 609 3635 682">
    <p class='ocr_par' dir='ltr' id='par_1_9' title="bbox 365 609 3635 682">
     <span class='ocr_line' id='line_1_9' title="bbox 365 609 3635 682; baseline -0.001 -14"><span class='ocrx_word' id='word_1_59' title='bbox 365 612 472 668; x_wconf 86' lang='lat' dir='ltr'><strong>Sed</strong></span> <span class='ocrx_word' id='word_1_60' title='bbox 490 612 744 681; x_wconf 88' lang='lat' dir='ltr'><strong>quoniam</strong></span> <span class='ocrx_word' id='word_1_61' title='bbox 768 609 938 666; x_wconf 66' lang='lat' dir='ltr'><strong>Judaei</strong></span> <span class='ocrx_word' id='word_1_62' title='bbox 959 612 1230 682; x_wconf 88' lang='lat' dir='ltr'><strong>apostolos</strong></span> <span class='ocrx_word' id='word_1_63' title='bbox 1258 621 1714 682; x_wconf 85' lang='lat' dir='ltr'><strong>contempserunt,</strong></span> <span class='ocrx_word' id='word_1_64' title='bbox 1741 627 1805 668; x_wconf 90' lang='lat' dir='ltr'><strong>ea</strong></span> <span class='ocrx_word' id='word_1_65' title='bbox 1832 621 1960 669; x_wconf 91' lang='lat' dir='ltr'><strong>tunc</strong></span> <span class='ocrx_word' id='word_1_66' title='bbox 2058 610 2160 666; x_wconf 83' lang='lat' dir='ltr'><strong>sibi</strong></span> <span class='ocrx_word' id='word_1_67' title='bbox 2183 610 2437 677; x_wconf 88' lang='lat' dir='ltr'><strong>invicem,</strong></span> <span class='ocrx_word' id='word_1_68' title='bbox 2465 625 2690 681; x_wconf 71' lang='lat' dir='ltr'><strong>quaeque</strong></span> <span class='ocrx_word' id='word_1_69' title='bbox 2710 627 2808 667; x_wconf 92' lang='lat' dir='ltr'><strong>suo</strong></span> <span class='ocrx_word' id='word_1_70' title='bbox 2833 611 2993 669; x_wconf 90' lang='lat' dir='ltr'><strong>modo</strong></span> <span class='ocrx_word' id='word_1_71' title='bbox 3021 622 3222 668; x_wconf 86' lang='lat' dir='ltr'><strong>aeterne</strong></span> <span class='ocrx_word' id='word_1_72' title='bbox 3249 614 3635 682; x_wconf 88' lang='lat' dir='ltr'><strong>eongaudendo</strong></span> 
     </span>
    </p>
   </div>
   <div class='ocr_carea' id='block_1_10' title="bbox 364 700 1956 759">
    <p class='ocr_par' dir='ltr' id='par_1_10' title="bbox 364 700 1956 759">
     <span class='ocr_line' id='line_1_10' title="bbox 364 700 1956 759; baseline 0.003 -5"><span class='ocrx_word' id='word_1_73' title='bbox 364 701 466 758; x_wconf 89' lang='lat' dir='ltr'><strong>t&#39;uit</strong></span> <span class='ocrx_word' id='word_1_74' title='bbox 479 701 693 756; x_wconf 77' lang='lat' dir='ltr'><strong>occasio</strong></span> <span class='ocrx_word' id='word_1_75' title='bbox 712 708 770 754; x_wconf 91' lang='lat' dir='ltr'><strong>ut</strong></span> <span class='ocrx_word' id='word_1_76' title='bbox 789 701 858 756; x_wconf 90' lang='lat' dir='ltr'><strong>ad</strong></span> <span class='ocrx_word' id='word_1_77' title='bbox 868 700 1070 758; x_wconf 84' lang='lat' dir='ltr'><strong>Gentes</strong></span> <span class='ocrx_word' id='word_1_78' title='bbox 1088 701 1170 756; x_wconf 82' lang='lat' dir='ltr'><strong>illi</strong></span> <span class='ocrx_word' id='word_1_79' title='bbox 1189 711 1651 759; x_wconf 85' lang='lat' dir='ltr'><strong>converterentur.</strong></span> <span class='ocrx_word' id='word_1_80' title='bbox 1663 701 1785 758; x_wconf 87' lang='lat' dir='ltr'><strong>Bos.</strong></span> <span class='ocrx_word' id='word_1_81' title='bbox 1801 701 1956 758; x_wconf 83' lang='lat' dir='ltr'><strong>Nullo</strong></span> 
     </span>
    </p>
   </div>
   <div class='ocr_carea' id='block_1_11' title="bbox 369 781 1952 864">
    <p class='ocr_par' dir='ltr' id='par_1_11' title="bbox 369 781 1952 864">
     <span class='ocr_line' id='line_1_11' title="bbox 369 781 1952 864; baseline 0 -16"><span class='ocrx_word' id='word_1_82' title='bbox 369 793 531 848; x_wconf 88' lang='lat' dir='ltr'><strong>modo</strong></span> <span class='ocrx_word' id='word_1_83' title='bbox 572 791 734 846; x_wconf 87' lang='lat' dir='ltr'><strong>video</strong></span> <span class='ocrx_word' id='word_1_84' title='bbox 778 792 906 861; x_wconf 90' lang='lat' dir='ltr'><strong>quid</strong></span> <span class='ocrx_word' id='word_1_85' title='bbox 965 802 1154 849; x_wconf 84' lang='lat' dir='ltr'><strong>contra</strong></span> <span class='ocrx_word' id='word_1_86' title='bbox 1221 781 1344 849; x_wconf 68' lang='lat' dir='ltr'><strong>haec</strong></span> <span class='ocrx_word' id='word_1_87' title='bbox 1385 794 1566 850; x_wconf 87' lang='lat' dir='ltr'><strong>dicere</strong></span> <span class='ocrx_word' id='word_1_88' title='bbox 1599 794 1692 826; x_wconf 64' lang='grc' dir='ltr'><strong>’δ”</strong></span> <span class='ocrx_word' id='word_1_89' title='bbox 1731 794 1952 864; x_wconf 91' lang='lat' dir='ltr'><strong>possim.</strong></span> 
     </span>
    </p>
   </div>
   <div class='ocr_carea' id='block_1_12' title="bbox 362 879 1951 952">
    <p class='ocr_par' dir='ltr' id='par_1_12' title="bbox 362 879 1951 952">
     <span class='ocr_line' id='line_1_12' title="bbox 362 879 1951 952; baseline -0.004 -13"><span class='ocrx_word' id='word_1_90' title='bbox 362 885 494 939; x_wconf 72' lang='lat' dir='ltr'><strong>Aus.</strong></span> <span class='ocrx_word' id='word_1_91' title='bbox 529 880 688 940; x_wconf 86' lang='lat' dir='ltr'><strong>Unde</strong></span> <span class='ocrx_word' id='word_1_92' title='bbox 717 879 815 936; x_wconf 90' lang='lat' dir='ltr'><strong>tibi</strong></span> <span class='ocrx_word' id='word_1_93' title='bbox 854 881 1069 938; x_wconf 90' lang='lat' dir='ltr'><strong>videtur</strong></span> <span class='ocrx_word' id='word_1_94' title='bbox 1107 881 1357 938; x_wconf 88' lang='lat' dir='ltr'><strong>accidere</strong></span> <span class='ocrx_word' id='word_1_95' title='bbox 1401 882 1691 952; x_wconf 79' lang='lat' dir='ltr'><strong>singularis</strong></span> <span class='ocrx_word' id='word_1_96' title='bbox 1737 881 1828 936; x_wconf 81' lang='lat' dir='ltr'><strong>illa</strong></span> <span class='ocrx_word' id='word_1_97' title='bbox 1855 882 1951 916; x_wconf 62' lang='grc'>³⁵³⁸</span> 
     </span>
    </p>
   </div>
   <div class='ocr_carea' id='block_1_13' title="bbox 363 970 1950 1041">
    <p class='ocr_par' dir='ltr' id='par_1_13' title="bbox 363 970 1950 1041">
     <span class='ocr_line' id='line_1_13' title="bbox 363 970 1950 1041; baseline 0.001 -14"><span class='ocrx_word' id='word_1_98' title='bbox 363 973 547 1030; x_wconf 65' lang='lat' dir='ltr'><strong>laetitia</strong></span> <span class='ocrx_word' id='word_1_99' title='bbox 575 972 642 1027; x_wconf 89' lang='lat' dir='ltr'><strong>de</strong></span> <span class='ocrx_word' id='word_1_100' title='bbox 671 970 849 1027; x_wconf 88' lang='lat' dir='ltr'><strong>alieno</strong></span> <span class='ocrx_word' id='word_1_101' title='bbox 873 973 1041 1029; x_wconf 82' lang='lat' dir='ltr'><strong>casu?</strong></span> <span class='ocrx_word' id='word_1_102' title='bbox 1069 972 1194 1029; x_wconf 89' lang='lat' dir='ltr'><strong>Bos.</strong></span> <span class='ocrx_word' id='word_1_103' title='bbox 1224 972 1378 1029; x_wconf 89' lang='lat' dir='ltr'><strong>Unde</strong></span> <span class='ocrx_word' id='word_1_104' title='bbox 1396 1011 1413 1038; x_wconf 93' lang='lat'><strong>,</strong></span> <span class='ocrx_word' id='word_1_105' title='bbox 1461 973 1566 1028; x_wconf 86' lang='lat' dir='ltr'><strong>nisi</strong></span> <span class='ocrx_word' id='word_1_106' title='bbox 1595 972 1722 1041; x_wconf 89' lang='lat' dir='ltr'><strong>quia</strong></span> <span class='ocrx_word' id='word_1_107' title='bbox 1767 980 1950 1028; x_wconf 79' lang='lat' dir='ltr'><strong>certus</strong></span> 
     </span>
    </p>
   </div>
   <div class='ocr_carea' id='block_1_14' title="bbox 367 1062 1947 1134">
    <p class='ocr_par' dir='ltr' id='par_1_14' title="bbox 367 1062 1947 1134">
     <span class='ocr_line' id='line_1_14' title="bbox 367 1062 1947 1134; baseline -0.001 -14"><span class='ocrx_word' id='word_1_108' title='bbox 367 1064 474 1120; x_wconf 87' lang='lat' dir='ltr'><strong>erit</strong></span> <span class='ocrx_word' id='word_1_109' title='bbox 500 1064 894 1134; x_wconf 84' lang='lat' dir='ltr'><strong>unusquisque,</strong></span> <span class='ocrx_word' id='word_1_110' title='bbox 916 1063 1174 1133; x_wconf 86' lang='lat' dir='ltr'><strong>quoniam</strong></span> <span class='ocrx_word' id='word_1_111' title='bbox 1203 1063 1292 1118; x_wconf 93' lang='lat' dir='ltr'><strong>ubi</strong></span> <span class='ocrx_word' id='word_1_112' title='bbox 1322 1062 1426 1118; x_wconf 90' lang='lat' dir='ltr'><strong>erit</strong></span> <span class='ocrx_word' id='word_1_113' title='bbox 1453 1062 1762 1118; x_wconf 86' lang='lat' dir='ltr'><strong>nullatenus</strong></span> <span class='ocrx_word' id='word_1_114' title='bbox 1785 1071 1947 1132; x_wconf 82' lang='lat' dir='ltr'><strong>esset,</strong></span> 
     </span>
    </p>
   </div>
   <div class='ocr_carea' id='block_1_15' title="bbox 361 1152 1950 1226">
    <p class='ocr_par' dir='ltr' id='par_1_15' title="bbox 361 1152 1950 1226">
     <span class='ocr_line' id='line_1_15' title="bbox 361 1152 1950 1226; baseline 0 -16"><span class='ocrx_word' id='word_1_115' title='bbox 361 1155 464 1210; x_wconf 87' lang='lat' dir='ltr'><strong>nisi</strong></span> <span class='ocrx_word' id='word_1_116' title='bbox 486 1153 630 1210; x_wconf 82' lang='lat' dir='ltr'><strong>alius</strong></span> <span class='ocrx_word' id='word_1_117' title='bbox 646 1157 770 1212; x_wconf 89' lang='lat' dir='ltr'><strong>inde</strong></span> <span class='ocrx_word' id='word_1_118' title='bbox 794 1155 1082 1212; x_wconf 85' lang='lat' dir='ltr'><strong>cecidisset</strong></span> <span class='ocrx_word' id='word_1_119' title='bbox 1109 1155 1236 1208; x_wconf 72' lang='grc' dir='ltr'>ιιιιτ</span> <span class='ocrx_word' id='word_1_120' title='bbox 1263 1155 1392 1210; x_wconf 73' lang='grc' dir='ltr'>Αιιε.</span> <span class='ocrx_word' id='word_1_121' title='bbox 1426 1152 1482 1210; x_wconf 90' lang='lat' dir='ltr'><strong>Si</strong></span> <span class='ocrx_word' id='word_1_122' title='bbox 1511 1169 1640 1226; x_wconf 90' lang='lat' dir='ltr'><strong>ergo</strong></span> <span class='ocrx_word' id='word_1_123' title='bbox 1668 1156 1808 1212; x_wconf 88' lang='lat' dir='ltr'><strong>hanc</strong></span> <span class='ocrx_word' id='word_1_124' title='bbox 1830 1170 1950 1211; x_wconf 88' lang='lat' dir='ltr'><strong>cer-</strong></span> 
     </span>
    </p>
   </div>
   <div class='ocr_carea' id='block_1_16' title="bbox 374 1233 1948 1313">
    <p class='ocr_par' dir='ltr' id='par_1_16' title="bbox 374 1233 1948 1313">
     <span class='ocr_line' id='line_1_16' title="bbox 374 1233 1948 1313; baseline 0.001 -13"><span class='ocrx_word' id='word_1_125' title='bbox 374 1247 664 1302; x_wconf 83' lang='lat' dir='ltr'><strong>titudinem</strong></span> <span class='ocrx_word' id='word_1_126' title='bbox 696 1233 873 1304; x_wconf 86' lang='lat' dir='ltr'><strong>nullus</strong></span> <span class='ocrx_word' id='word_1_127' title='bbox 903 1246 1160 1313; x_wconf 87' lang='lat' dir='ltr'><strong>haberet,</strong></span> <span class='ocrx_word' id='word_1_128' title='bbox 1201 1261 1306 1304; x_wconf 89' lang='lat' dir='ltr'><strong>non</strong></span> <span class='ocrx_word' id='word_1_129' title='bbox 1349 1257 1494 1302; x_wconf 87' lang='lat' dir='ltr'><strong>esset</strong></span> <span class='ocrx_word' id='word_1_130' title='bbox 1523 1247 1666 1302; x_wconf 90' lang='lat' dir='ltr'><strong>unde</strong></span> <span class='ocrx_word' id='word_1_131' title='bbox 1703 1247 1843 1303; x_wconf 88' lang='lat' dir='ltr'><strong>ullus</strong></span> <span class='ocrx_word' id='word_1_132' title='bbox 1880 1247 1948 1302; x_wconf 88' lang='lat' dir='ltr'><strong>de</strong></span> 
     </span>
    </p>
   </div>
   <div class='ocr_carea' id='block_1_17' title="bbox 363 1333 1948 1407">
    <p class='ocr_par' dir='ltr' id='par_1_17' title="bbox 363 1333 1948 1407">
     <span class='ocr_line' id='line_1_17' title="bbox 363 1333 1948 1407; baseline 0.001 -17"><span class='ocrx_word' id='word_1_133' title='bbox 363 1333 539 1392; x_wconf 89' lang='lat' dir='ltr'><strong>alieno</strong></span> <span class='ocrx_word' id='word_1_134' title='bbox 565 1337 762 1392; x_wconf 89' lang='lat' dir='ltr'><strong>damno</strong></span> <span class='ocrx_word' id='word_1_135' title='bbox 783 1337 1060 1407; x_wconf 81' lang='lat' dir='ltr'><strong>gauderet.</strong></span> <span class='ocrx_word' id='word_1_136' title='bbox 1083 1336 1208 1392; x_wconf 86' lang='lat' dir='ltr'><strong>Bos.</strong></span> <span class='ocrx_word' id='word_1_137' title='bbox 1235 1336 1314 1392; x_wconf 87' lang='lat' dir='ltr'><strong>Ita</strong></span> <span class='ocrx_word' id='word_1_138' title='bbox 1341 1337 1553 1392; x_wconf 87' lang='lat' dir='ltr'><strong>videtur</strong></span> <span class='ocrx_word' id='word_1_139' title='bbox 1572 1338 1827 1392; x_wconf 68' lang='lat' dir='ltr'><strong>“&quot;.Aus.</strong></span> <span class='ocrx_word' id='word_1_140' title='bbox 1843 1336 1948 1392; x_wconf 83' lang='lat' dir='ltr'><strong>Pu-</strong></span> 
     </span>
    </p>
   </div>
   <div class='ocr_carea' id='block_1_18' title="bbox 362 1427 1940 1499">
    <p class='ocr_par' dir='ltr' id='par_1_18' title="bbox 362 1427 1940 1499">
     <span class='ocr_line' id='line_1_18' title="bbox 362 1427 1940 1499; baseline 0.003 -19"><span class='ocrx_word' id='word_1_141' title='bbox 362 1436 516 1484; x_wconf 84' lang='lat' dir='ltr'><strong>tasne</strong></span> <span class='ocrx_word' id='word_1_142' title='bbox 544 1429 776 1499; x_wconf 84' lang='lat' dir='ltr'><strong>aliquem</strong></span> <span class='ocrx_word' id='word_1_143' title='bbox 801 1427 1015 1483; x_wconf 89' lang='lat' dir='ltr'><strong>illorum</strong></span> <span class='ocrx_word' id='word_1_144' title='bbox 1035 1428 1345 1484; x_wconf 88' lang='lat' dir='ltr'><strong>habiturum</strong></span> <span class='ocrx_word' id='word_1_145' title='bbox 1374 1431 1515 1485; x_wconf 89' lang='lat' dir='ltr'><strong>hanc</strong></span> <span class='ocrx_word' id='word_1_146' title='bbox 1531 1429 1940 1496; x_wconf 89' lang='lat' dir='ltr'><strong>certitudinem;</strong></span> 
     </span>
    </p>
   </div>
   <div class='ocr_carea' id='block_1_19' title="bbox 359 1515 1942 1587">
    <p class='ocr_par' dir='ltr' id='par_1_19' title="bbox 359 1515 1942 1587">
     <span class='ocr_line' id='line_1_19' title="bbox 359 1515 1942 1587; baseline 0 -15"><span class='ocrx_word' id='word_1_147' title='bbox 359 1515 406 1572; x_wconf 89' lang='lat' dir='ltr'><strong>si</strong></span> <span class='ocrx_word' id='word_1_148' title='bbox 454 1517 624 1572; x_wconf 89' lang='lat' dir='ltr'><strong>multo</strong></span> <span class='ocrx_word' id='word_1_149' title='bbox 663 1517 846 1587; x_wconf 83' lang='lat' dir='ltr'><strong>plures</strong></span> <span class='ocrx_word' id='word_1_150' title='bbox 895 1525 1075 1583; x_wconf 90' lang='lat' dir='ltr'><strong>erunt,</strong></span> <span class='ocrx_word' id='word_1_151' title='bbox 1114 1530 1276 1586; x_wconf 86' lang='lat' dir='ltr'><strong>quam</strong></span> <span class='ocrx_word' id='word_1_152' title='bbox 1316 1517 1410 1586; x_wconf 85' lang='lat' dir='ltr'><strong>qui</strong></span> <span class='ocrx_word' id='word_1_153' title='bbox 1447 1517 1796 1574; x_wconf 86' lang='lat' dir='ltr'><strong>ceciderunt?</strong></span> <span class='ocrx_word' id='word_1_154' title='bbox 1847 1516 1942 1550; x_wconf 76' lang='lat'>““</span> 
     </span>
    </p>
   </div>
   <div class='ocr_carea' id='block_1_20' title="bbox 359 1606 1935 1678">
    <p class='ocr_par' dir='ltr' id='par_1_20' title="bbox 359 1606 1935 1678">
     <span class='ocr_line' id='line_1_20' title="bbox 359 1606 1935 1678; baseline -0.001 -14"><span class='ocrx_word' id='word_1_155' title='bbox 359 1607 484 1664; x_wconf 84' lang='lat' dir='ltr'><strong>Bos.</strong></span> <span class='ocrx_word' id='word_1_156' title='bbox 511 1606 862 1677; x_wconf 83' lang='lat' dir='ltr'><strong>Nequaquam</strong></span> <span class='ocrx_word' id='word_1_157' title='bbox 892 1621 1112 1677; x_wconf 88' lang='lat' dir='ltr'><strong>possum</strong></span> <span class='ocrx_word' id='word_1_158' title='bbox 1146 1607 1362 1678; x_wconf 85' lang='lat' dir='ltr'><strong>opinari</strong></span> <span class='ocrx_word' id='word_1_159' title='bbox 1394 1608 1538 1677; x_wconf 90' lang='lat' dir='ltr'><strong>quod</strong></span> <span class='ocrx_word' id='word_1_160' title='bbox 1567 1621 1686 1662; x_wconf 90' lang='lat' dir='ltr'><strong>eam</strong></span> <span class='ocrx_word' id='word_1_161' title='bbox 1717 1607 1935 1674; x_wconf 83' lang='lat' dir='ltr'><strong>habeat,</strong></span> 
     </span>
    </p>
   </div>
   <div class='ocr_carea' id='block_1_21' title="bbox 2052 697 3632 772">
    <p class='ocr_par' dir='ltr' id='par_1_21' title="bbox 2052 697 3632 772">
     <span class='ocr_line' id='line_1_21' title="bbox 2052 697 3632 772; baseline 0.002 -17"><span class='ocrx_word' id='word_1_162' title='bbox 2052 697 2470 769; x_wconf 87' lang='lat' dir='ltr'><strong>jucundaretur;</strong></span> <span class='ocrx_word' id='word_1_163' title='bbox 2521 710 2790 771; x_wconf 86' lang='lat' dir='ltr'><strong>quatenus</strong></span> <span class='ocrx_word' id='word_1_164' title='bbox 2814 698 2956 772; x_wconf 76' lang='lat' dir='ltr'><strong>quOd</strong></span> <span class='ocrx_word' id='word_1_165' title='bbox 2998 703 3246 758; x_wconf 80' lang='lat' dir='ltr'><strong>voluntas</strong></span> <span class='ocrx_word' id='word_1_166' title='bbox 3295 703 3347 758; x_wconf 91' lang='lat' dir='ltr'><strong>in</strong></span> <span class='ocrx_word' id='word_1_167' title='bbox 3384 705 3632 760; x_wconf 89' lang='lat' dir='ltr'><strong>rationali</strong></span> 
     </span>
    </p>
   </div>
   <div class='ocr_carea' id='block_1_22' title="bbox 2057 790 3635 862">
    <p class='ocr_par' dir='ltr' id='par_1_22' title="bbox 2057 790 3635 862">
     <span class='ocr_line' id='line_1_22' title="bbox 2057 790 3635 862; baseline 0.002 -17"><span class='ocrx_word' id='word_1_168' title='bbox 2057 791 2148 826; x_wconf 67' lang='grc'><strong>’⁵⁸⁷</strong></span> <span class='ocrx_word' id='word_1_169' title='bbox 2180 801 2372 846; x_wconf 88' lang='lat' dir='ltr'><strong>natura</strong></span> <span class='ocrx_word' id='word_1_170' title='bbox 2403 800 2596 860; x_wconf 89' lang='lat' dir='ltr'><strong>sponte</strong></span> <span class='ocrx_word' id='word_1_171' title='bbox 2637 790 2788 856; x_wconf 81' lang='lat' dir='ltr'><strong>facit,</strong></span> <span class='ocrx_word' id='word_1_172' title='bbox 2818 792 2922 847; x_wconf 91' lang='lat' dir='ltr'><strong>hoc</strong></span> <span class='ocrx_word' id='word_1_173' title='bbox 2966 801 3022 847; x_wconf 92' lang='lat' dir='ltr'><strong>et</strong></span> <span class='ocrx_word' id='word_1_174' title='bbox 3041 791 3154 862; x_wconf 91' lang='lat' dir='ltr'><strong>jam</strong></span> <span class='ocrx_word' id='word_1_175' title='bbox 3182 791 3280 824; x_wconf 69' lang='grc'>’⁸³⁸</span> <span class='ocrx_word' id='word_1_176' title='bbox 3305 792 3635 848; x_wconf 86' lang='lat' dir='ltr'><strong>insensibilis</strong></span> 
     </span>
    </p>
   </div>
   <div class='ocr_carea' id='block_1_23' title="bbox 2053 881 3630 952">
    <p class='ocr_par' dir='ltr' id='par_1_23' title="bbox 2053 881 3630 952">
     <span class='ocr_line' id='line_1_23' title="bbox 2053 881 3630 952; baseline -0.001 -14"><span class='ocrx_word' id='word_1_177' title='bbox 2053 891 2302 938; x_wconf 87' lang='lat' dir='ltr'><strong>creatura</strong></span> <span class='ocrx_word' id='word_1_178' title='bbox 2331 895 2426 952; x_wconf 89' lang='lat' dir='ltr'><strong>per</strong></span> <span class='ocrx_word' id='word_1_179' title='bbox 2441 881 2535 937; x_wconf 89' lang='lat' dir='ltr'><strong>Dei</strong></span> <span class='ocrx_word' id='word_1_180' title='bbox 2557 881 2964 952; x_wconf 83' lang='lat' dir='ltr'><strong>dispositionem</strong></span> <span class='ocrx_word' id='word_1_181' title='bbox 2988 881 3310 937; x_wconf 85' lang='lat' dir='ltr'><strong>naturaliter</strong></span> <span class='ocrx_word' id='word_1_182' title='bbox 3333 881 3630 938; x_wconf 80' lang='lat' dir='ltr'><strong>exhiberet.</strong></span> 
     </span>
    </p>
   </div>
   <div class='ocr_carea' id='block_1_24' title="bbox 2055 973 3635 1044">
    <p class='ocr_par' dir='ltr' id='par_1_24' title="bbox 2055 973 3635 1044">
     <span class='ocr_line' id='line_1_24' title="bbox 2055 973 3635 1044; baseline 0.001 -16"><span class='ocrx_word' id='word_1_183' title='bbox 2055 973 2304 1029; x_wconf 89' lang='lat' dir='ltr'><strong>Solemus</strong></span> <span class='ocrx_word' id='word_1_184' title='bbox 2341 988 2574 1043; x_wconf 89' lang='lat' dir='ltr'><strong>namque</strong></span> <span class='ocrx_word' id='word_1_185' title='bbox 2603 973 2658 1028; x_wconf 90' lang='lat' dir='ltr'><strong>in</strong></span> <span class='ocrx_word' id='word_1_186' title='bbox 2686 973 2951 1044; x_wconf 84' lang='lat' dir='ltr'><strong>majorem</strong></span> <span class='ocrx_word' id='word_1_187' title='bbox 2978 982 3286 1030; x_wconf 86' lang='lat' dir='ltr'><strong>nostrorum</strong></span> <span class='ocrx_word' id='word_1_188' title='bbox 3311 973 3635 1030; x_wconf 84' lang='lat' dir='ltr'><strong>exaltatione</strong></span> 
     </span>
    </p>
   </div>
   <div class='ocr_carea' id='block_1_25' title="bbox 2055 1063 3631 1134">
    <p class='ocr_par' dir='ltr' id='par_1_25' title="bbox 2055 1063 3631 1134">
     <span class='ocr_line' id='line_1_25' title="bbox 2055 1063 3631 1134; baseline 0.001 -16"><span class='ocrx_word' id='word_1_189' title='bbox 2055 1063 2399 1134; x_wconf 86' lang='lat' dir='ltr'><strong>congaudere</strong></span> <span class='ocrx_word' id='word_1_190' title='bbox 2423 1081 2437 1117; x_wconf 88' lang='lat'><strong>:</strong></span> <span class='ocrx_word' id='word_1_191' title='bbox 2467 1072 2528 1118; x_wconf 91' lang='lat' dir='ltr'><strong>ut</strong></span> <span class='ocrx_word' id='word_1_192' title='bbox 2551 1079 2672 1119; x_wconf 91' lang='lat' dir='ltr'><strong>cum</strong></span> <span class='ocrx_word' id='word_1_193' title='bbox 2692 1064 2744 1118; x_wconf 91' lang='lat' dir='ltr'><strong>in</strong></span> <span class='ocrx_word' id='word_1_194' title='bbox 2770 1063 3026 1120; x_wconf 88' lang='lat' dir='ltr'><strong>natalitiis</strong></span> <span class='ocrx_word' id='word_1_195' title='bbox 3055 1075 3365 1120; x_wconf 90' lang='lat' dir='ltr'><strong>sanctorum</strong></span> <span class='ocrx_word' id='word_1_196' title='bbox 3391 1065 3631 1122; x_wconf 80' lang='lat' dir='ltr'><strong>exsulta-</strong></span> 
     </span>
    </p>
   </div>
   <div class='ocr_carea' id='block_1_26' title="bbox 2063 1154 3635 1227">
    <p class='ocr_par' dir='ltr' id='par_1_26' title="bbox 2063 1154 3635 1227">
     <span class='ocr_line' id='line_1_26' title="bbox 2063 1154 3635 1227; baseline 0.004 -19"><span class='ocrx_word' id='word_1_197' title='bbox 2063 1155 2210 1210; x_wconf 88' lang='lat' dir='ltr'><strong>tione</strong></span> <span class='ocrx_word' id='word_1_198' title='bbox 2242 1155 2432 1210; x_wconf 83' lang='lat' dir='ltr'><strong>festiva</strong></span> <span class='ocrx_word' id='word_1_199' title='bbox 2476 1154 2843 1223; x_wconf 89' lang='lat' dir='ltr'><strong>jucundamur</strong></span> <span class='ocrx_word' id='word_1_200' title='bbox 2887 1156 2952 1211; x_wconf 91' lang='lat' dir='ltr'><strong>de</strong></span> <span class='ocrx_word' id='word_1_201' title='bbox 2989 1155 3158 1227; x_wconf 91' lang='lat' dir='ltr'><strong>gloria</strong></span> <span class='ocrx_word' id='word_1_202' title='bbox 3181 1171 3370 1213; x_wconf 91' lang='lat' dir='ltr'><strong>eorum</strong></span> <span class='ocrx_word' id='word_1_203' title='bbox 3391 1157 3635 1214; x_wconf 71' lang='lat' dir='ltr'><strong>laetantes</strong></span> 
     </span>
    </p>
   </div>
   <div class='ocr_carea' id='block_1_27' title="bbox 2049 1239 3629 1313">
    <p class='ocr_par' dir='ltr' id='par_1_27' title="bbox 2049 1239 3629 1313">
     <span class='ocr_line' id='line_1_27' title="bbox 2049 1239 3629 1313; baseline 0.003 -20"><span class='ocrx_word' id='word_1_204' title='bbox 2049 1239 2163 1293; x_wconf 70' lang='grc'>³⁸³⁸.</span> <span class='ocrx_word' id='word_1_205' title='bbox 2196 1239 2369 1307; x_wconf 91' lang='lat' dir='ltr'><strong>Quam</strong></span> <span class='ocrx_word' id='word_1_206' title='bbox 2401 1240 2730 1295; x_wconf 87' lang='lat' dir='ltr'><strong>sententiam</strong></span> <span class='ocrx_word' id='word_1_207' title='bbox 2769 1240 2898 1293; x_wconf 91' lang='lat' dir='ltr'><strong>illud</strong></span> <span class='ocrx_word' id='word_1_208' title='bbox 2933 1241 3191 1310; x_wconf 82' lang='lat' dir='ltr'><strong>adjuvare</strong></span> <span class='ocrx_word' id='word_1_209' title='bbox 3220 1243 3472 1298; x_wconf 85' lang='lat' dir='ltr'><strong>videtur:</strong></span> <span class='ocrx_word' id='word_1_210' title='bbox 3503 1243 3629 1313; x_wconf 89' lang='lat' dir='ltr'><strong>quia</strong></span> 
     </span>
    </p>
   </div>
   <div class='ocr_carea' id='block_1_28' title="bbox 2048 1329 3628 1399">
    <p class='ocr_par' dir='ltr' id='par_1_28' title="bbox 2048 1329 3628 1399">
     <span class='ocr_line' id='line_1_28' title="bbox 2048 1329 3628 1399; baseline 0.001 -13"><span class='ocrx_word' id='word_1_211' title='bbox 2048 1331 2095 1386; x_wconf 91' lang='lat' dir='ltr'><strong>si</strong></span> <span class='ocrx_word' id='word_1_212' title='bbox 2123 1330 2296 1384; x_wconf 86' lang='lat' dir='ltr'><strong>Adam</strong></span> <span class='ocrx_word' id='word_1_213' title='bbox 2325 1344 2433 1386; x_wconf 91' lang='lat' dir='ltr'><strong>non</strong></span> <span class='ocrx_word' id='word_1_214' title='bbox 2471 1337 2779 1399; x_wconf 87' lang='lat' dir='ltr'><strong>peccasset,</strong></span> <span class='ocrx_word' id='word_1_215' title='bbox 2805 1329 3048 1388; x_wconf 75' lang='lat' dir='ltr'><strong>diﬁ‘erret</strong></span> <span class='ocrx_word' id='word_1_216' title='bbox 3079 1342 3257 1389; x_wconf 90' lang='lat' dir='ltr'><strong>tamen</strong></span> <span class='ocrx_word' id='word_1_217' title='bbox 3311 1333 3454 1391; x_wconf 90' lang='lat' dir='ltr'><strong>Deus</strong></span> <span class='ocrx_word' id='word_1_218' title='bbox 3483 1333 3628 1389; x_wconf 88' lang='lat' dir='ltr'><strong>illam</strong></span> 
     </span>
    </p>
   </div>
   <div class='ocr_carea' id='block_1_29' title="bbox 2045 1420 3628 1492">
    <p class='ocr_par' dir='ltr' id='par_1_29' title="bbox 2045 1420 3628 1492">
     <span class='ocr_line' id='line_1_29' title="bbox 2045 1420 3628 1492; baseline 0.003 -15"><span class='ocrx_word' id='word_1_219' title='bbox 2045 1421 2322 1478; x_wconf 86' lang='lat' dir='ltr'><strong>civitatem</strong></span> <span class='ocrx_word' id='word_1_220' title='bbox 2349 1420 2632 1491; x_wconf 87' lang='lat' dir='ltr'><strong>perﬁcere,</strong></span> <span class='ocrx_word' id='word_1_221' title='bbox 2676 1424 2873 1486; x_wconf 87' lang='lat' dir='ltr'><strong>donec,</strong></span> <span class='ocrx_word' id='word_1_222' title='bbox 2903 1424 3176 1492; x_wconf 89' lang='lat' dir='ltr'><strong>completo</strong></span> <span class='ocrx_word' id='word_1_223' title='bbox 3201 1439 3266 1479; x_wconf 80' lang='lat' dir='ltr'><strong>ex</strong></span> <span class='ocrx_word' id='word_1_224' title='bbox 3298 1426 3628 1491; x_wconf 89' lang='lat' dir='ltr'><strong>hominibus,</strong></span> 
     </span>
    </p>
   </div>
   <div class='ocr_carea' id='block_1_30' title="bbox 2043 1514 3627 1585">
    <p class='ocr_par' dir='ltr' id='par_1_30' title="bbox 2043 1514 3627 1585">
     <span class='ocr_line' id='line_1_30' title="bbox 2043 1514 3627 1585; baseline 0.003 -18"><span class='ocrx_word' id='word_1_225' title='bbox 2043 1527 2206 1582; x_wconf 87' lang='lat' dir='ltr'><strong>quem</strong></span> <span class='ocrx_word' id='word_1_226' title='bbox 2231 1514 2604 1583; x_wconf 77' lang='lat' dir='ltr'><strong>exspectabat,</strong></span> <span class='ocrx_word' id='word_1_227' title='bbox 2630 1529 2876 1579; x_wconf 89' lang='lat' dir='ltr'><strong>numero,</strong></span> <span class='ocrx_word' id='word_1_228' title='bbox 2915 1515 3020 1585; x_wconf 88' lang='lat' dir='ltr'><strong>ipsi</strong></span> <span class='ocrx_word' id='word_1_229' title='bbox 3047 1531 3263 1585; x_wconf 88' lang='lat' dir='ltr'><strong>quoque</strong></span> <span class='ocrx_word' id='word_1_230' title='bbox 3291 1518 3540 1573; x_wconf 88' lang='lat' dir='ltr'><strong>homines</strong></span> <span class='ocrx_word' id='word_1_231' title='bbox 3575 1518 3627 1573; x_wconf 91' lang='lat' dir='ltr'><strong>in</strong></span> 
     </span>
    </p>
   </div>
   <div class='ocr_carea' id='block_1_31' title="bbox 2043 1605 3627 1673">
    <p class='ocr_par' dir='ltr' id='par_1_31' title="bbox 2043 1605 3627 1673">
     <span class='ocr_line' id='line_1_31' title="bbox 2043 1605 3627 1673; baseline 0.002 -14"><span class='ocrx_word' id='word_1_232' title='bbox 2043 1618 2355 1673; x_wconf 81' lang='lat' dir='ltr'><strong>corporum,</strong></span> <span class='ocrx_word' id='word_1_233' title='bbox 2415 1612 2473 1658; x_wconf 91' lang='lat' dir='ltr'><strong>ut</strong></span> <span class='ocrx_word' id='word_1_234' title='bbox 2521 1605 2597 1659; x_wconf 88' lang='lat' dir='ltr'><strong>ita</strong></span> <span class='ocrx_word' id='word_1_235' title='bbox 2637 1605 2835 1669; x_wconf 86' lang='lat' dir='ltr'><strong>dicam,</strong></span> <span class='ocrx_word' id='word_1_236' title='bbox 2897 1605 3259 1661; x_wconf 86' lang='lat' dir='ltr'><strong>immortalem</strong></span> <span class='ocrx_word' id='word_1_237' title='bbox 3303 1616 3627 1662; x_wconf 86' lang='lat' dir='ltr'><strong>transmuta-</strong></span> 
     </span>
    </p>
   </div>
   <div class='ocr_carea' id='block_1_32' title="bbox 359 1684 3627 1768">
    <p class='ocr_par' dir='ltr' id='par_1_32' title="bbox 359 1684 3627 1768">
     <span class='ocr_line' id='line_1_32' title="bbox 359 1684 3627 1768; baseline 0 -14"><span class='ocrx_word' id='word_1_238' title='bbox 359 1705 452 1754; x_wconf 87' lang='lat' dir='ltr'><strong>aut</strong></span> <span class='ocrx_word' id='word_1_239' title='bbox 500 1697 700 1753; x_wconf 90' lang='lat' dir='ltr'><strong>habere</strong></span> <span class='ocrx_word' id='word_1_240' title='bbox 737 1696 953 1752; x_wconf 85' lang='lat' dir='ltr'><strong>debeat.</strong></span> <span class='ocrx_word' id='word_1_241' title='bbox 1001 1695 1283 1764; x_wconf 87' lang='lat' dir='ltr'><strong>Quomodo</strong></span> <span class='ocrx_word' id='word_1_242' title='bbox 1309 1711 1545 1767; x_wconf 85' lang='lat' dir='ltr'><strong>namque</strong></span> <span class='ocrx_word' id='word_1_243' title='bbox 1571 1697 1694 1767; x_wconf 89' lang='lat' dir='ltr'><strong>quis</strong></span> <span class='ocrx_word' id='word_1_244' title='bbox 1739 1700 1938 1768; x_wconf 82' lang='lat' dir='ltr'><strong>poterit</strong></span> <span class='ocrx_word' id='word_1_245' title='bbox 1967 1684 2015 1746; x_wconf 84' lang='grc' dir='ltr'><strong>Β</strong></span> <span class='ocrx_word' id='word_1_246' title='bbox 2048 1703 2234 1750; x_wconf 85' lang='lat' dir='ltr'><strong>rentur</strong></span> <span class='ocrx_word' id='word_1_247' title='bbox 2264 1694 2725 1752; x_wconf 86' lang='lat' dir='ltr'><strong>immortalitatem</strong></span> <span class='ocrx_word' id='word_1_248' title='bbox 2755 1695 2868 1750; x_wconf 76' lang='lat'><strong>&#39;“°.</strong></span> <span class='ocrx_word' id='word_1_249' title='bbox 2898 1696 3182 1752; x_wconf 83' lang='lat' dir='ltr'><strong>Habebam</strong></span> <span class='ocrx_word' id='word_1_250' title='bbox 3219 1697 3363 1752; x_wconf 91' lang='lat' dir='ltr'><strong>enim</strong></span> <span class='ocrx_word' id='word_1_251' title='bbox 3390 1699 3443 1752; x_wconf 93' lang='lat' dir='ltr'><strong>in</strong></span> <span class='ocrx_word' id='word_1_252' title='bbox 3471 1713 3627 1768; x_wconf 81' lang='lat' dir='ltr'><strong>para-</strong></span> 
     </span>
    </p>
   </div>
   <div class='ocr_carea' id='block_1_33' title="bbox 357 1785 1939 1856">
    <p class='ocr_par' dir='ltr' id='par_1_33' title="bbox 357 1785 1939 1856">
     <span class='ocr_line' id='line_1_33' title="bbox 357 1785 1939 1856; baseline 0 -14"><span class='ocrx_word' id='word_1_253' title='bbox 357 1787 500 1842; x_wconf 89' lang='lat' dir='ltr'><strong>scire</strong></span> <span class='ocrx_word' id='word_1_254' title='bbox 524 1794 706 1841; x_wconf 90' lang='lat' dir='ltr'><strong>utrum</strong></span> <span class='ocrx_word' id='word_1_255' title='bbox 732 1799 831 1855; x_wconf 91' lang='lat' dir='ltr'><strong>pro</strong></span> <span class='ocrx_word' id='word_1_256' title='bbox 860 1786 1216 1842; x_wconf 86' lang='lat' dir='ltr'><strong>restaurando</strong></span> <span class='ocrx_word' id='word_1_257' title='bbox 1241 1787 1386 1856; x_wconf 90' lang='lat' dir='ltr'><strong>quod</strong></span> <span class='ocrx_word' id='word_1_258' title='bbox 1413 1785 1762 1848; x_wconf 88' lang='lat' dir='ltr'><strong>imminutum</strong></span> <span class='ocrx_word' id='word_1_259' title='bbox 1798 1797 1939 1852; x_wconf 86' lang='lat' dir='ltr'><strong>erat,</strong></span> 
     </span>
    </p>
   </div>
   <div class='ocr_carea' id='block_1_34' title="bbox 357 1875 1937 1949">
    <p class='ocr_par' dir='ltr' id='par_1_34' title="bbox 357 1875 1937 1949">
     <span class='ocr_line' id='line_1_34' title="bbox 357 1875 1937 1949; baseline 0.001 -18"><span class='ocrx_word' id='word_1_260' title='bbox 357 1887 452 1932; x_wconf 83' lang='lat' dir='ltr'><strong>aut</strong></span> <span class='ocrx_word' id='word_1_261' title='bbox 473 1890 572 1946; x_wconf 90' lang='lat' dir='ltr'><strong>pro</strong></span> <span class='ocrx_word' id='word_1_262' title='bbox 598 1876 918 1949; x_wconf 83' lang='lat' dir='ltr'><strong>complenda</strong></span> <span class='ocrx_word' id='word_1_263' title='bbox 944 1876 1088 1946; x_wconf 89' lang='lat' dir='ltr'><strong>quod</strong></span> <span class='ocrx_word' id='word_1_264' title='bbox 1115 1876 1355 1932; x_wconf 88' lang='lat' dir='ltr'><strong>nondum</strong></span> <span class='ocrx_word' id='word_1_265' title='bbox 1380 1875 1681 1947; x_wconf 79' lang='lat' dir='ltr'><strong>perfectum</strong></span> <span class='ocrx_word' id='word_1_266' title='bbox 1721 1882 1841 1932; x_wconf 86' lang='lat' dir='ltr'><strong>erat</strong></span> <span class='ocrx_word' id='word_1_267' title='bbox 1869 1878 1937 1934; x_wconf 88' lang='lat' dir='ltr'><strong>de</strong></span> 
     </span>
    </p>
   </div>
   <div class='ocr_carea' id='block_1_35' title="bbox 358 1965 1941 2034">
    <p class='ocr_par' dir='ltr' id='par_1_35' title="bbox 358 1965 1941 2034">
     <span class='ocr_line' id='line_1_35' title="bbox 358 1965 1941 2034; baseline 0.002 -13"><span class='ocrx_word' id='word_1_268' title='bbox 358 1965 450 2022; x_wconf 93' lang='lat' dir='ltr'><strong>illo</strong></span> <span class='ocrx_word' id='word_1_269' title='bbox 479 1982 706 2024; x_wconf 91' lang='lat' dir='ltr'><strong>numero</strong></span> <span class='ocrx_word' id='word_1_270' title='bbox 741 1967 1136 2024; x_wconf 63' lang='lat' dir='ltr'><strong>constituenda:</strong></span> <span class='ocrx_word' id='word_1_271' title='bbox 1173 1968 1433 2034; x_wconf 84' lang='lat' dir='ltr'><strong>civitatis,</strong></span> <span class='ocrx_word' id='word_1_272' title='bbox 1481 1967 1555 2024; x_wconf 87' lang='lat' dir='ltr'><strong>sit</strong></span> <span class='ocrx_word' id='word_1_273' title='bbox 1592 1967 1768 2023; x_wconf 81' lang='lat' dir='ltr'><strong>factus</strong></span> <span class='ocrx_word' id='word_1_274' title='bbox 1799 1985 1814 2023; x_wconf 87' lang='lat'><strong>:</strong></span> <span class='ocrx_word' id='word_1_275' title='bbox 1845 1969 1941 2024; x_wconf 89' lang='lat' dir='ltr'><strong>sed</strong></span> 
     </span>
    </p>
   </div>
   <div class='ocr_carea' id='block_1_36' title="bbox 354 2057 1937 2126">
    <p class='ocr_par' dir='ltr' id='par_1_36' title="bbox 354 2057 1937 2126">
     <span class='ocr_line' id='line_1_36' title="bbox 354 2057 1937 2126; baseline -0.001 -13"><span class='ocrx_word' id='word_1_276' title='bbox 354 2071 545 2113; x_wconf 88' lang='lat' dir='ltr'><strong>omnes</strong></span> <span class='ocrx_word' id='word_1_277' title='bbox 572 2058 705 2113; x_wconf 92' lang='lat' dir='ltr'><strong>certi</strong></span> <span class='ocrx_word' id='word_1_278' title='bbox 755 2064 916 2113; x_wconf 88' lang='lat' dir='ltr'><strong>erunt</strong></span> <span class='ocrx_word' id='word_1_279' title='bbox 941 2071 1002 2114; x_wconf 88' lang='lat' dir='ltr'><strong>se</strong></span> <span class='ocrx_word' id='word_1_280' title='bbox 1047 2057 1219 2114; x_wconf 80' lang='lat' dir='ltr'><strong>factos</strong></span> <span class='ocrx_word' id='word_1_281' title='bbox 1264 2071 1385 2114; x_wconf 89' lang='lat' dir='ltr'><strong>esse</strong></span> <span class='ocrx_word' id='word_1_282' title='bbox 1437 2058 1506 2113; x_wconf 90' lang='lat' dir='ltr'><strong>ad</strong></span> <span class='ocrx_word' id='word_1_283' title='bbox 1552 2057 1937 2126; x_wconf 84' lang='lat' dir='ltr'><strong>perﬁciendam</strong></span> 
     </span>
    </p>
   </div>
   <div class='ocr_carea' id='block_1_37' title="bbox 355 2146 1936 2218">
    <p class='ocr_par' dir='ltr' id='par_1_37' title="bbox 355 2146 1936 2218">
     <span class='ocr_line' id='line_1_37' title="bbox 355 2146 1936 2218; baseline 0.001 -17"><span class='ocrx_word' id='word_1_284' title='bbox 355 2148 503 2202; x_wconf 87' lang='lat' dir='ltr'><strong>illam</strong></span> <span class='ocrx_word' id='word_1_285' title='bbox 553 2147 866 2204; x_wconf 84' lang='lat' dir='ltr'><strong>civitatem?</strong></span> <span class='ocrx_word' id='word_1_286' title='bbox 908 2148 1041 2202; x_wconf 65' lang='lat' dir='ltr'><strong>Axs.</strong></span> <span class='ocrx_word' id='word_1_287' title='bbox 1081 2147 1224 2218; x_wconf 85' lang='lat' dir='ltr'><strong>Ergo</strong></span> <span class='ocrx_word' id='word_1_288' title='bbox 1261 2147 1306 2202; x_wconf 87' lang='lat' dir='ltr'><strong>si</strong></span> <span class='ocrx_word' id='word_1_289' title='bbox 1348 2146 1534 2218; x_wconf 88' lang='lat' dir='ltr'><strong>plures</strong></span> <span class='ocrx_word' id='word_1_290' title='bbox 1571 2155 1732 2202; x_wconf 89' lang='lat' dir='ltr'><strong>erunt</strong></span> <span class='ocrx_word' id='word_1_291' title='bbox 1776 2163 1936 2216; x_wconf 90' lang='lat' dir='ltr'><strong>quam</strong></span> 
     </span>
    </p>
   </div>
   <div class='ocr_carea' id='block_1_38' title="bbox 356 2235 1939 2307">
    <p class='ocr_par' dir='ltr' id='par_1_38' title="bbox 356 2235 1939 2307">
     <span class='ocr_line' id='line_1_38' title="bbox 356 2235 1939 2307; baseline -0.001 -15"><span class='ocrx_word' id='word_1_292' title='bbox 356 2237 573 2307; x_wconf 87' lang='lat' dir='ltr'><strong>reprobi</strong></span> <span class='ocrx_word' id='word_1_293' title='bbox 614 2237 788 2306; x_wconf 78' lang='lat' dir='ltr'><strong>angeli</strong></span> <span class='ocrx_word' id='word_1_294' title='bbox 827 2235 1003 2292; x_wconf 91' lang='lat' dir='ltr'><strong>nullus</strong></span> <span class='ocrx_word' id='word_1_295' title='bbox 1051 2236 1249 2307; x_wconf 90' lang='lat' dir='ltr'><strong>poterit</strong></span> <span class='ocrx_word' id='word_1_296' title='bbox 1281 2243 1375 2290; x_wconf 90' lang='lat' dir='ltr'><strong>aut</strong></span> <span class='ocrx_word' id='word_1_297' title='bbox 1431 2235 1649 2291; x_wconf 87' lang='lat' dir='ltr'><strong>debebit</strong></span> <span class='ocrx_word' id='word_1_298' title='bbox 1693 2236 1836 2292; x_wconf 84' lang='lat' dir='ltr'><strong>scire</strong></span> <span class='ocrx_word' id='word_1_299' title='bbox 1879 2251 1939 2291; x_wconf 92' lang='lat' dir='ltr'><strong>se</strong></span> 
     </span>
    </p>
   </div>
   <div class='ocr_carea' id='block_1_39' title="bbox 356 2325 1933 2398">
    <p class='ocr_par' dir='ltr' id='par_1_39' title="bbox 356 2325 1933 2398">
     <span class='ocr_line' id='line_1_39' title="bbox 356 2325 1933 2398; baseline -0.001 -17"><span class='ocrx_word' id='word_1_300' title='bbox 356 2343 464 2383; x_wconf 92' lang='lat' dir='ltr'><strong>non</strong></span> <span class='ocrx_word' id='word_1_301' title='bbox 487 2342 608 2384; x_wconf 91' lang='lat' dir='ltr'><strong>esse</strong></span> <span class='ocrx_word' id='word_1_302' title='bbox 628 2327 700 2384; x_wconf 90' lang='lat' dir='ltr'><strong>ibi</strong></span> <span class='ocrx_word' id='word_1_303' title='bbox 733 2337 1091 2398; x_wconf 89' lang='lat' dir='ltr'><strong>assumptum,</strong></span> <span class='ocrx_word' id='word_1_304' title='bbox 1124 2327 1227 2382; x_wconf 90' lang='lat' dir='ltr'><strong>nisi</strong></span> <span class='ocrx_word' id='word_1_305' title='bbox 1261 2341 1359 2397; x_wconf 91' lang='lat' dir='ltr'><strong>pro</strong></span> <span class='ocrx_word' id='word_1_306' title='bbox 1391 2326 1568 2381; x_wconf 87' lang='lat' dir='ltr'><strong>alieno</strong></span> <span class='ocrx_word' id='word_1_307' title='bbox 1599 2340 1752 2382; x_wconf 89' lang='lat' dir='ltr'><strong>casu.</strong></span> <span class='ocrx_word' id='word_1_308' title='bbox 1808 2325 1933 2381; x_wconf 87' lang='lat' dir='ltr'><strong>Bos.</strong></span> 
     </span>
    </p>
   </div>
   <div class='ocr_carea' id='block_1_40' title="bbox 356 2416 1936 2488">
    <p class='ocr_par' dir='ltr' id='par_1_40' title="bbox 356 2416 1936 2488">
     <span class='ocr_line' id='line_1_40' title="bbox 356 2416 1936 2488; baseline 0.001 -17"><span class='ocrx_word' id='word_1_309' title='bbox 356 2416 555 2472; x_wconf 77' lang='lat' dir='ltr'><strong>Verum</strong></span> <span class='ocrx_word' id='word_1_310' title='bbox 584 2427 687 2474; x_wconf 91' lang='lat' dir='ltr'><strong>est.</strong></span> <span class='ocrx_word' id='word_1_311' title='bbox 713 2419 844 2474; x_wconf 64' lang='lat' dir='ltr'><strong>Axs.</strong></span> <span class='ocrx_word' id='word_1_312' title='bbox 875 2417 992 2473; x_wconf 85' lang='lat' dir='ltr'><strong>Non</strong></span> <span class='ocrx_word' id='word_1_313' title='bbox 1021 2417 1188 2487; x_wconf 77' lang='lat' dir='ltr'><strong>igitur</strong></span> <span class='ocrx_word' id='word_1_314' title='bbox 1213 2417 1436 2473; x_wconf 86' lang='lat' dir='ltr'><strong>habebit</strong></span> <span class='ocrx_word' id='word_1_315' title='bbox 1460 2416 1783 2486; x_wconf 72' lang='lat' dir='ltr'><strong>aliquiscur</strong></span> <span class='ocrx_word' id='word_1_316' title='bbox 1804 2433 1936 2488; x_wconf 88' lang='lat' dir='ltr'><strong>gau-</strong></span> 
     </span>
    </p>
   </div>
   <div class='ocr_carea' id='block_1_41' title="bbox 354 2506 1935 2578">
    <p class='ocr_par' dir='ltr' id='par_1_41' title="bbox 354 2506 1935 2578">
     <span class='ocr_line' id='line_1_41' title="bbox 354 2506 1935 2578; baseline 0.001 -16"><span class='ocrx_word' id='word_1_317' title='bbox 354 2507 484 2562; x_wconf 88' lang='lat' dir='ltr'><strong>dere</strong></span> <span class='ocrx_word' id='word_1_318' title='bbox 508 2506 701 2563; x_wconf 82' lang='lat' dir='ltr'><strong>debeat</strong></span> <span class='ocrx_word' id='word_1_319' title='bbox 725 2508 792 2563; x_wconf 91' lang='lat' dir='ltr'><strong>de</strong></span> <span class='ocrx_word' id='word_1_320' title='bbox 826 2507 1050 2564; x_wconf 87' lang='lat' dir='ltr'><strong>alterius</strong></span> <span class='ocrx_word' id='word_1_321' title='bbox 1074 2507 1394 2577; x_wconf 89' lang='lat' dir='ltr'><strong>perditione.</strong></span> <span class='ocrx_word' id='word_1_322' title='bbox 1424 2506 1548 2563; x_wconf 89' lang='lat' dir='ltr'><strong>Bos.</strong></span> <span class='ocrx_word' id='word_1_323' title='bbox 1572 2507 1646 2562; x_wconf 88' lang='lat' dir='ltr'><strong>lta</strong></span> <span class='ocrx_word' id='word_1_324' title='bbox 1670 2508 1935 2578; x_wconf 87' lang='lat' dir='ltr'><strong>sequitur.</strong></span> 
     </span>
    </p>
   </div>
   <div class='ocr_carea' id='block_1_42' title="bbox 354 2598 1937 2671">
    <p class='ocr_par' dir='ltr' id='par_1_42' title="bbox 354 2598 1937 2671">
     <span class='ocr_line' id='line_1_42' title="bbox 354 2598 1937 2671; baseline 0.002 -18"><span class='ocrx_word' id='word_1_325' title='bbox 354 2598 489 2654; x_wconf 69' lang='lat' dir='ltr'><strong>Axs.</strong></span> <span class='ocrx_word' id='word_1_326' title='bbox 520 2598 654 2655; x_wconf 91' lang='lat' dir='ltr'><strong>Cum</strong></span> <span class='ocrx_word' id='word_1_327' title='bbox 693 2601 878 2671; x_wconf 88' lang='lat' dir='ltr'><strong>itaque</strong></span> <span class='ocrx_word' id='word_1_328' title='bbox 915 2600 1195 2655; x_wconf 80' lang='lat' dir='ltr'><strong>videamus</strong></span> <span class='ocrx_word' id='word_1_329' title='bbox 1219 2601 1344 2669; x_wconf 90' lang='lat' dir='ltr'><strong>quia</strong></span> <span class='ocrx_word' id='word_1_330' title='bbox 1367 2600 1412 2656; x_wconf 88' lang='lat' dir='ltr'><strong>si</strong></span> <span class='ocrx_word' id='word_1_331' title='bbox 1450 2600 1631 2669; x_wconf 89' lang='lat' dir='ltr'><strong>plures</strong></span> <span class='ocrx_word' id='word_1_332' title='bbox 1653 2609 1813 2656; x_wconf 89' lang='lat' dir='ltr'><strong>erunt</strong></span> <span class='ocrx_word' id='word_1_333' title='bbox 1841 2602 1937 2656; x_wconf 92' lang='lat' dir='ltr'><strong>ho-</strong></span> 
     </span>
    </p>
   </div>
   <div class='ocr_carea' id='block_1_43' title="bbox 371 2687 1934 2759">
    <p class='ocr_par' dir='ltr' id='par_1_43' title="bbox 371 2687 1934 2759">
     <span class='ocr_line' id='line_1_43' title="bbox 371 2687 1934 2759; baseline 0.003 -18"><span class='ocrx_word' id='word_1_334' title='bbox 371 2687 546 2743; x_wconf 89' lang='lat' dir='ltr'><strong>mines</strong></span> <span class='ocrx_word' id='word_1_335' title='bbox 573 2688 729 2743; x_wconf 90' lang='lat' dir='ltr'><strong>electi</strong></span> <span class='ocrx_word' id='word_1_336' title='bbox 773 2703 934 2759; x_wconf 89' lang='lat' dir='ltr'><strong>quam</strong></span> <span class='ocrx_word' id='word_1_337' title='bbox 962 2689 1070 2744; x_wconf 88' lang='lat' dir='ltr'><strong>sint</strong></span> <span class='ocrx_word' id='word_1_338' title='bbox 1109 2687 1322 2757; x_wconf 91' lang='lat' dir='ltr'><strong>reprobi</strong></span> <span class='ocrx_word' id='word_1_339' title='bbox 1347 2687 1559 2757; x_wconf 88' lang='lat' dir='ltr'><strong>Angeli,</strong></span> <span class='ocrx_word' id='word_1_340' title='bbox 1588 2689 1676 2743; x_wconf 91' lang='lat' dir='ltr'><strong>illa</strong></span> <span class='ocrx_word' id='word_1_341' title='bbox 1699 2704 1806 2744; x_wconf 92' lang='lat' dir='ltr'><strong>non</strong></span> <span class='ocrx_word' id='word_1_342' title='bbox 1847 2704 1934 2745; x_wconf 86' lang='lat' dir='ltr'><strong>se-</strong></span> 
     </span>
    </p>
   </div>
   <div class='ocr_carea' id='block_1_44' title="bbox 353 2778 1930 2848">
    <p class='ocr_par' dir='ltr' id='par_1_44' title="bbox 353 2778 1930 2848">
     <span class='ocr_line' id='line_1_44' title="bbox 353 2778 1930 2848; baseline 0.002 -17"><span class='ocrx_word' id='word_1_343' title='bbox 353 2786 554 2846; x_wconf 88' lang='lat' dir='ltr'><strong>quatur</strong></span> <span class='ocrx_word' id='word_1_344' title='bbox 578 2778 1021 2835; x_wconf 88' lang='lat' dir='ltr'><strong>inconvenientia</strong></span> <span class='ocrx_word' id='word_1_345' title='bbox 1049 2792 1211 2846; x_wconf 90' lang='lat' dir='ltr'><strong>quam</strong></span> <span class='ocrx_word' id='word_1_346' title='bbox 1239 2778 1334 2810; x_wconf 66' lang='grc' dir='ltr'><strong>¹δ³³</strong></span> <span class='ocrx_word' id='word_1_347' title='bbox 1365 2778 1518 2848; x_wconf 88' lang='lat' dir='ltr'><strong>sequi</strong></span> <span class='ocrx_word' id='word_1_348' title='bbox 1552 2793 1774 2834; x_wconf 89' lang='lat' dir='ltr'><strong>necesse</strong></span> <span class='ocrx_word' id='word_1_349' title='bbox 1827 2790 1930 2846; x_wconf 89' lang='lat' dir='ltr'><strong>est,</strong></span> 
     </span>
    </p>
   </div>
   <div class='ocr_carea' id='block_1_45' title="bbox 356 2867 1930 2939">
    <p class='ocr_par' dir='ltr' id='par_1_45' title="bbox 356 2867 1930 2939">
     <span class='ocr_line' id='line_1_45' title="bbox 356 2867 1930 2939; baseline 0.003 -19"><span class='ocrx_word' id='word_1_350' title='bbox 356 2867 404 2924; x_wconf 84' lang='lat' dir='ltr'><strong>si</strong></span> <span class='ocrx_word' id='word_1_351' title='bbox 427 2868 610 2939; x_wconf 90' lang='lat' dir='ltr'><strong>plures</strong></span> <span class='ocrx_word' id='word_1_352' title='bbox 640 2885 748 2925; x_wconf 91' lang='lat' dir='ltr'><strong>non</strong></span> <span class='ocrx_word' id='word_1_353' title='bbox 801 2877 962 2926; x_wconf 89' lang='lat' dir='ltr'><strong>erunt</strong></span> <span class='ocrx_word' id='word_1_354' title='bbox 988 2886 1002 2923; x_wconf 88' lang='lat'><strong>:</strong></span> <span class='ocrx_word' id='word_1_355' title='bbox 1027 2877 1083 2924; x_wconf 91' lang='lat' dir='ltr'><strong>et</strong></span> <span class='ocrx_word' id='word_1_356' title='bbox 1117 2882 1239 2925; x_wconf 92' lang='lat' dir='ltr'><strong>cum</strong></span> <span class='ocrx_word' id='word_1_357' title='bbox 1281 2867 1611 2937; x_wconf 88' lang='lat' dir='ltr'><strong>impossibile</strong></span> <span class='ocrx_word' id='word_1_358' title='bbox 1651 2869 1723 2924; x_wconf 89' lang='lat' dir='ltr'><strong>sit</strong></span> <span class='ocrx_word' id='word_1_359' title='bbox 1764 2869 1930 2924; x_wconf 88' lang='lat' dir='ltr'><strong>ullum</strong></span> 
     </span>
    </p>
   </div>
   <div class='ocr_carea' id='block_1_46' title="bbox 350 2950 1933 3024">
    <p class='ocr_par' dir='ltr' id='par_1_46' title="bbox 350 2950 1933 3024">
     <span class='ocr_line' id='line_1_46' title="bbox 350 2950 1933 3024; baseline 0 -10"><span class='ocrx_word' id='word_1_360' title='bbox 350 2964 405 3014; x_wconf 83' lang='lat' dir='ltr'><strong>in</strong></span> <span class='ocrx_word' id='word_1_361' title='bbox 431 2950 522 3014; x_wconf 85' lang='lat' dir='ltr'><strong>illa</strong></span> <span class='ocrx_word' id='word_1_362' title='bbox 543 2959 764 3014; x_wconf 84' lang='lat' dir='ltr'><strong>civitate</strong></span> <span class='ocrx_word' id='word_1_363' title='bbox 784 2959 1024 3014; x_wconf 78' lang='lat' dir='ltr'><strong>futurum</strong></span> <span class='ocrx_word' id='word_1_364' title='bbox 1050 2958 1456 3024; x_wconf 82' lang='lat' dir='ltr'><strong>inconveniens,</strong></span> <span class='ocrx_word' id='word_1_365' title='bbox 1483 2957 1698 3013; x_wconf 89' lang='lat' dir='ltr'><strong>videtur</strong></span> <span class='ocrx_word' id='word_1_366' title='bbox 1713 2972 1933 3014; x_wconf 91' lang='lat' dir='ltr'><strong>necesse</strong></span> 
     </span>
    </p>
   </div>
   <div class='ocr_carea' id='block_1_47' title="bbox 2045 1786 3626 1858">
    <p class='ocr_par' dir='ltr' id='par_1_47' title="bbox 2045 1786 3626 1858">
     <span class='ocr_line' id='line_1_47' title="bbox 2045 1786 3626 1858; baseline 0.003 -18"><span class='ocrx_word' id='word_1_367' title='bbox 2045 1787 2164 1841; x_wconf 89' lang='lat' dir='ltr'><strong>diso</strong></span> <span class='ocrx_word' id='word_1_368' title='bbox 2187 1786 2476 1855; x_wconf 88' lang='lat' dir='ltr'><strong>quamdam</strong></span> <span class='ocrx_word' id='word_1_369' title='bbox 2517 1787 3007 1853; x_wconf 83' lang='lat' dir='ltr'><strong>immortalitatem,</strong></span> <span class='ocrx_word' id='word_1_370' title='bbox 3068 1788 3122 1843; x_wconf 90' lang='lat' dir='ltr'><strong>id</strong></span> <span class='ocrx_word' id='word_1_371' title='bbox 3169 1795 3275 1854; x_wconf 90' lang='lat' dir='ltr'><strong>est,</strong></span> <span class='ocrx_word' id='word_1_372' title='bbox 3304 1797 3626 1858; x_wconf 89' lang='lat' dir='ltr'><strong>potestatem</strong></span> 
     </span>
    </p>
   </div>
   <div class='ocr_carea' id='block_1_48' title="bbox 2042 1877 3614 1950">
    <p class='ocr_par' dir='ltr' id='par_1_48' title="bbox 2042 1877 3614 1950">
     <span class='ocr_line' id='line_1_48' title="bbox 2042 1877 3614 1950; baseline 0.001 -18"><span class='ocrx_word' id='word_1_373' title='bbox 2042 1893 2148 1932; x_wconf 88' lang='lat' dir='ltr'><strong>non</strong></span> <span class='ocrx_word' id='word_1_374' title='bbox 2192 1877 2624 1933; x_wconf 90' lang='lat' dir='ltr'><strong>moriendi:sed</strong></span> <span class='ocrx_word' id='word_1_375' title='bbox 2669 1893 2776 1934; x_wconf 91' lang='lat' dir='ltr'><strong>non</strong></span> <span class='ocrx_word' id='word_1_376' title='bbox 2816 1888 2939 1934; x_wconf 90' lang='lat' dir='ltr'><strong>erat</strong></span> <span class='ocrx_word' id='word_1_377' title='bbox 2984 1879 3311 1935; x_wconf 87' lang='lat' dir='ltr'><strong>immortalis</strong></span> <span class='ocrx_word' id='word_1_378' title='bbox 3362 1881 3478 1936; x_wconf 59' lang='lat' dir='ltr'><strong>haec</strong></span> <span class='ocrx_word' id='word_1_379' title='bbox 3530 1894 3614 1950; x_wconf 72' lang='lat' dir='ltr'><strong>po</strong></span> 
     </span>
    </p>
   </div>
   <div class='ocr_carea' id='block_1_49' title="bbox 2053 1955 3623 2040">
    <p class='ocr_par' dir='ltr' id='par_1_49' title="bbox 2053 1955 3623 2040">
     <span class='ocr_line' id='line_1_49' title="bbox 2053 1955 3623 2040; baseline 0.001 -18"><span class='ocrx_word' id='word_1_380' title='bbox 2053 1977 2240 2033; x_wconf 85' lang='lat' dir='ltr'><strong>testas,</strong></span> <span class='ocrx_word' id='word_1_381' title='bbox 2267 1969 2394 2037; x_wconf 86' lang='lat' dir='ltr'><strong>quia</strong></span> <span class='ocrx_word' id='word_1_382' title='bbox 2424 1975 2636 2037; x_wconf 88' lang='lat' dir='ltr'><strong>poterat</strong></span> <span class='ocrx_word' id='word_1_383' title='bbox 2675 1969 2812 2024; x_wconf 91' lang='lat' dir='ltr'><strong>mori</strong></span> <span class='ocrx_word' id='word_1_384' title='bbox 2842 1969 2956 2036; x_wconf 64' lang='grc'>⁸⁸⁸⁸,</span> <span class='ocrx_word' id='word_1_385' title='bbox 2987 1980 3067 2034; x_wconf 85' lang='grc' dir='ltr'>ιιι,</span> <span class='ocrx_word' id='word_1_386' title='bbox 3115 1955 3342 2032; x_wconf 83' lang='lat' dir='ltr'><strong>scilicet,</strong></span> <span class='ocrx_word' id='word_1_387' title='bbox 3389 1970 3494 2040; x_wconf 89' lang='lat' dir='ltr'><strong>ipsi</strong></span> <span class='ocrx_word' id='word_1_388' title='bbox 3519 1984 3623 2025; x_wconf 91' lang='lat' dir='ltr'><strong>non</strong></span> 
     </span>
    </p>
   </div>
   <div class='ocr_carea' id='block_1_50' title="bbox 2040 2056 3625 2127">
    <p class='ocr_par' dir='ltr' id='par_1_50' title="bbox 2040 2056 3625 2127">
     <span class='ocr_line' id='line_1_50' title="bbox 2040 2056 3625 2127; baseline -0.001 -14"><span class='ocrx_word' id='word_1_389' title='bbox 2040 2067 2262 2127; x_wconf 86' lang='lat' dir='ltr'><strong>possent</strong></span> <span class='ocrx_word' id='word_1_390' title='bbox 2293 2059 2428 2113; x_wconf 92' lang='lat' dir='ltr'><strong>mori</strong></span> <span class='ocrx_word' id='word_1_391' title='bbox 2466 2058 2580 2112; x_wconf 61' lang='grc' dir='ltr'><strong>Μ’.</strong></span> <span class='ocrx_word' id='word_1_392' title='bbox 2615 2056 2722 2114; x_wconf 89' lang='lat' dir='ltr'><strong>Sed</strong></span> <span class='ocrx_word' id='word_1_393' title='bbox 2769 2059 2816 2114; x_wconf 93' lang='lat' dir='ltr'><strong>si</strong></span> <span class='ocrx_word' id='word_1_394' title='bbox 2859 2059 2933 2114; x_wconf 87' lang='lat' dir='ltr'><strong>ita</strong></span> <span class='ocrx_word' id='word_1_395' title='bbox 2963 2059 3058 2091; x_wconf 66' lang='lat' dir='ltr'><strong>&#39;W</strong></span> <span class='ocrx_word' id='word_1_396' title='bbox 3091 2068 3196 2125; x_wconf 90' lang='lat' dir='ltr'><strong>est,</strong></span> <span class='ocrx_word' id='word_1_397' title='bbox 3240 2068 3320 2124; x_wconf 89' lang='lat' dir='ltr'><strong>ut,</strong></span> <span class='ocrx_word' id='word_1_398' title='bbox 3353 2059 3625 2122; x_wconf 85' lang='lat' dir='ltr'><strong>videlicet.</strong></span> 
     </span>
    </p>
   </div>
   <div class='ocr_carea' id='block_1_51' title="bbox 2042 2145 3624 2212">
    <p class='ocr_par' dir='ltr' id='par_1_51' title="bbox 2042 2145 3624 2212">
     <span class='ocr_line' id='line_1_51' title="bbox 2042 2145 3624 2212; baseline 0.001 -12"><span class='ocrx_word' id='word_1_399' title='bbox 2042 2146 2308 2201; x_wconf 89' lang='lat' dir='ltr'><strong>rationem</strong></span> <span class='ocrx_word' id='word_1_400' title='bbox 2336 2145 2482 2200; x_wconf 91' lang='lat' dir='ltr'><strong>illam</strong></span> <span class='ocrx_word' id='word_1_401' title='bbox 2504 2155 2559 2206; x_wconf 88' lang='lat' dir='ltr'><strong>et</strong></span> <span class='ocrx_word' id='word_1_402' title='bbox 2584 2147 2801 2204; x_wconf 89' lang='lat' dir='ltr'><strong>beatam</strong></span> <span class='ocrx_word' id='word_1_403' title='bbox 2831 2148 3134 2212; x_wconf 90' lang='lat' dir='ltr'><strong>civitatem,</strong></span> <span class='ocrx_word' id='word_1_404' title='bbox 3167 2156 3220 2203; x_wconf 89' lang='lat' dir='ltr'><strong>et</strong></span> <span class='ocrx_word' id='word_1_405' title='bbox 3244 2148 3382 2203; x_wconf 91' lang='lat' dir='ltr'><strong>hanc</strong></span> <span class='ocrx_word' id='word_1_406' title='bbox 3403 2146 3624 2202; x_wconf 83' lang='lat' dir='ltr'><strong>munda-</strong></span> 
     </span>
    </p>
   </div>
   <div class='ocr_carea' id='block_1_52' title="bbox 2039 2234 3624 2304">
    <p class='ocr_par' dir='ltr' id='par_1_52' title="bbox 2039 2234 3624 2304">
     <span class='ocr_line' id='line_1_52' title="bbox 2039 2234 3624 2304; baseline 0.001 -15"><span class='ocrx_word' id='word_1_407' title='bbox 2039 2250 2164 2290; x_wconf 90' lang='lat' dir='ltr'><strong>nam</strong></span> <span class='ocrx_word' id='word_1_408' title='bbox 2219 2234 2705 2304; x_wconf 90' lang='lat' dir='ltr'><strong>insensibilemque</strong></span> <span class='ocrx_word' id='word_1_409' title='bbox 2757 2244 3009 2291; x_wconf 90' lang='lat' dir='ltr'><strong>naturam</strong></span> <span class='ocrx_word' id='word_1_410' title='bbox 3033 2236 3126 2269; x_wconf 66' lang='grc'><strong>’⁸⁸⁸</strong></span> <span class='ocrx_word' id='word_1_411' title='bbox 3157 2235 3301 2290; x_wconf 90' lang='lat' dir='ltr'><strong>Deus</strong></span> <span class='ocrx_word' id='word_1_412' title='bbox 3349 2236 3418 2291; x_wconf 90' lang='lat' dir='ltr'><strong>ab</strong></span> <span class='ocrx_word' id='word_1_413' title='bbox 3469 2235 3624 2292; x_wconf 91' lang='lat' dir='ltr'><strong>initio</strong></span> 
     </span>
    </p>
   </div>
   <div class='ocr_carea' id='block_1_53' title="bbox 2038 2321 3620 2393">
    <p class='ocr_par' dir='ltr' id='par_1_53' title="bbox 2038 2321 3620 2393">
     <span class='ocr_line' id='line_1_53' title="bbox 2038 2321 3620 2393; baseline 0.001 -17"><span class='ocrx_word' id='word_1_414' title='bbox 2038 2323 2384 2392; x_wconf 88' lang='lat' dir='ltr'><strong>proposuerit</strong></span> <span class='ocrx_word' id='word_1_415' title='bbox 2409 2321 2570 2378; x_wconf 89' lang='lat' dir='ltr'><strong>simul</strong></span> <span class='ocrx_word' id='word_1_416' title='bbox 2598 2321 2859 2392; x_wconf 91' lang='lat' dir='ltr'><strong>perﬁcere</strong></span> <span class='ocrx_word' id='word_1_417' title='bbox 2884 2341 2898 2377; x_wconf 85' lang='lat'><strong>:</strong></span> <span class='ocrx_word' id='word_1_418' title='bbox 2921 2323 3133 2378; x_wconf 81' lang='lat' dir='ltr'><strong>videtur</strong></span> <span class='ocrx_word' id='word_1_419' title='bbox 3154 2324 3280 2393; x_wconf 88' lang='lat' dir='ltr'><strong>quia</strong></span> <span class='ocrx_word' id='word_1_420' title='bbox 3307 2331 3401 2377; x_wconf 89' lang='lat' dir='ltr'><strong>aut</strong></span> <span class='ocrx_word' id='word_1_421' title='bbox 3424 2323 3514 2378; x_wconf 90' lang='lat' dir='ltr'><strong>illa</strong></span> <span class='ocrx_word' id='word_1_422' title='bbox 3540 2324 3620 2378; x_wconf 84' lang='lat' dir='ltr'><strong>ci-</strong></span> 
     </span>
    </p>
   </div>
   <div class='ocr_carea' id='block_1_54' title="bbox 2040 2410 3620 2481">
    <p class='ocr_par' dir='ltr' id='par_1_54' title="bbox 2040 2410 3620 2481">
     <span class='ocr_line' id='line_1_54' title="bbox 2040 2410 3620 2481; baseline 0.001 -16"><span class='ocrx_word' id='word_1_423' title='bbox 2040 2411 2178 2466; x_wconf 91' lang='lat' dir='ltr'><strong>vitas</strong></span> <span class='ocrx_word' id='word_1_424' title='bbox 2204 2426 2310 2466; x_wconf 89' lang='lat' dir='ltr'><strong>non</strong></span> <span class='ocrx_word' id='word_1_425' title='bbox 2341 2418 2460 2466; x_wconf 90' lang='lat' dir='ltr'><strong>erat</strong></span> <span class='ocrx_word' id='word_1_426' title='bbox 2486 2410 2754 2481; x_wconf 88' lang='lat' dir='ltr'><strong>completa</strong></span> <span class='ocrx_word' id='word_1_427' title='bbox 2801 2411 2854 2466; x_wconf 92' lang='lat' dir='ltr'><strong>in</strong></span> <span class='ocrx_word' id='word_1_428' title='bbox 2893 2425 3118 2467; x_wconf 89' lang='lat' dir='ltr'><strong>numero</strong></span> <span class='ocrx_word' id='word_1_429' title='bbox 3148 2411 3460 2481; x_wconf 89' lang='lat' dir='ltr'><strong>angelorum</strong></span> <span class='ocrx_word' id='word_1_430' title='bbox 3494 2422 3620 2466; x_wconf 87' lang='lat' dir='ltr'><strong>ante</strong></span> 
     </span>
    </p>
   </div>
   <div class='ocr_carea' id='block_1_55' title="bbox 2039 2503 3620 2575">
    <p class='ocr_par' dir='ltr' id='par_1_55' title="bbox 2039 2503 3620 2575">
     <span class='ocr_line' id='line_1_55' title="bbox 2039 2503 3620 2575; baseline -0.004 -12"><span class='ocrx_word' id='word_1_431' title='bbox 2039 2507 2304 2563; x_wconf 88' lang='lat' dir='ltr'><strong>malorum</strong></span> <span class='ocrx_word' id='word_1_432' title='bbox 2335 2507 2579 2570; x_wconf 87' lang='lat' dir='ltr'><strong>ruinam;</strong></span> <span class='ocrx_word' id='word_1_433' title='bbox 2611 2505 2706 2560; x_wconf 84' lang='lat' dir='ltr'><strong>sed</strong></span> <span class='ocrx_word' id='word_1_434' title='bbox 2753 2504 3105 2575; x_wconf 74' lang='lat' dir='ltr'><strong>exspectabat</strong></span> <span class='ocrx_word' id='word_1_435' title='bbox 3128 2503 3271 2559; x_wconf 89' lang='lat' dir='ltr'><strong>Deus</strong></span> <span class='ocrx_word' id='word_1_436' title='bbox 3312 2513 3373 2558; x_wconf 89' lang='lat' dir='ltr'><strong>ut</strong></span> <span class='ocrx_word' id='word_1_437' title='bbox 3398 2517 3519 2558; x_wconf 89' lang='lat' dir='ltr'><strong>eam</strong></span> <span class='ocrx_word' id='word_1_438' title='bbox 3553 2504 3620 2558; x_wconf 91' lang='lat' dir='ltr'><strong>de</strong></span> 
     </span>
    </p>
   </div>
   <div class='ocr_carea' id='block_1_56' title="bbox 2037 2595 3619 2666">
    <p class='ocr_par' dir='ltr' id='par_1_56' title="bbox 2037 2595 3619 2666">
     <span class='ocr_line' id='line_1_56' title="bbox 2037 2595 3619 2666; baseline -0.001 -14"><span class='ocrx_word' id='word_1_439' title='bbox 2037 2597 2346 2653; x_wconf 87' lang='lat' dir='ltr'><strong>hominibus</strong></span> <span class='ocrx_word' id='word_1_440' title='bbox 2368 2595 2683 2665; x_wconf 86' lang='lat' dir='ltr'><strong>compleret,</strong></span> <span class='ocrx_word' id='word_1_441' title='bbox 2713 2596 2928 2666; x_wconf 90' lang='lat' dir='ltr'><strong>quando</strong></span> <span class='ocrx_word' id='word_1_442' title='bbox 2956 2610 3272 2666; x_wconf 87' lang='lat' dir='ltr'><strong>corpoream</strong></span> <span class='ocrx_word' id='word_1_443' title='bbox 3310 2595 3403 2627; x_wconf 74' lang='lat'><strong>““</strong></span> <span class='ocrx_word' id='word_1_444' title='bbox 3432 2596 3619 2650; x_wconf 85' lang='lat' dir='ltr'><strong>mundi</strong></span> 
     </span>
    </p>
   </div>
   <div class='ocr_carea' id='block_1_57' title="bbox 2037 2686 3621 2757">
    <p class='ocr_par' dir='ltr' id='par_1_57' title="bbox 2037 2686 3621 2757">
     <span class='ocr_line' id='line_1_57' title="bbox 2037 2686 3621 2757; baseline -0.001 -14"><span class='ocrx_word' id='word_1_445' title='bbox 2037 2699 2286 2744; x_wconf 84' lang='lat' dir='ltr'><strong>naturam</strong></span> <span class='ocrx_word' id='word_1_446' title='bbox 2310 2688 2362 2742; x_wconf 92' lang='lat' dir='ltr'><strong>in</strong></span> <span class='ocrx_word' id='word_1_447' title='bbox 2389 2687 2583 2742; x_wconf 90' lang='lat' dir='ltr'><strong>melius</strong></span> <span class='ocrx_word' id='word_1_448' title='bbox 2607 2695 2842 2742; x_wconf 89' lang='lat' dir='ltr'><strong>mutaret</strong></span> <span class='ocrx_word' id='word_1_449' title='bbox 2872 2686 2964 2720; x_wconf 52' lang='grc' dir='ltr'>’Μ</span> <span class='ocrx_word' id='word_1_450' title='bbox 2994 2701 3009 2740; x_wconf 90' lang='lat'><strong>:</strong></span> <span class='ocrx_word' id='word_1_451' title='bbox 3041 2697 3133 2742; x_wconf 88' lang='lat' dir='ltr'><strong>aut</strong></span> <span class='ocrx_word' id='word_1_452' title='bbox 3162 2687 3208 2742; x_wconf 90' lang='lat' dir='ltr'><strong>si</strong></span> <span class='ocrx_word' id='word_1_453' title='bbox 3241 2686 3478 2757; x_wconf 78' lang='lat' dir='ltr'><strong>perfecta</strong></span> <span class='ocrx_word' id='word_1_454' title='bbox 3504 2696 3621 2741; x_wconf 90' lang='lat' dir='ltr'><strong>erat</strong></span> 
     </span>
    </p>
   </div>
   <div class='ocr_carea' id='block_1_58' title="bbox 2038 2777 3623 2848">
    <p class='ocr_par' dir='ltr' id='par_1_58' title="bbox 2038 2777 3623 2848">
     <span class='ocr_line' id='line_1_58' title="bbox 2038 2777 3623 2848; baseline 0.001 -16"><span class='ocrx_word' id='word_1_455' title='bbox 2038 2779 2091 2833; x_wconf 91' lang='lat' dir='ltr'><strong>in</strong></span> <span class='ocrx_word' id='word_1_456' title='bbox 2119 2792 2366 2843; x_wconf 90' lang='lat' dir='ltr'><strong>numero,</strong></span> <span class='ocrx_word' id='word_1_457' title='bbox 2402 2792 2508 2832; x_wconf 92' lang='lat' dir='ltr'><strong>non</strong></span> <span class='ocrx_word' id='word_1_458' title='bbox 2548 2777 2788 2848; x_wconf 86' lang='lat' dir='ltr'><strong>perfecta</strong></span> <span class='ocrx_word' id='word_1_459' title='bbox 2823 2786 2946 2832; x_wconf 86' lang='lat' dir='ltr'><strong>erat</strong></span> <span class='ocrx_word' id='word_1_460' title='bbox 2991 2777 3043 2832; x_wconf 92' lang='lat' dir='ltr'><strong>in</strong></span> <span class='ocrx_word' id='word_1_461' title='bbox 3075 2777 3526 2842; x_wconf 89' lang='lat' dir='ltr'><strong>conﬁrmatione;</strong></span> <span class='ocrx_word' id='word_1_462' title='bbox 3566 2788 3623 2833; x_wconf 91' lang='lat' dir='ltr'><strong>et</strong></span> 
     </span>
    </p>
   </div>
   <div class='ocr_carea' id='block_1_59' title="bbox 2037 2867 3620 2938">
    <p class='ocr_par' dir='ltr' id='par_1_59' title="bbox 2037 2867 3620 2938">
     <span class='ocr_line' id='line_1_59' title="bbox 2037 2867 3620 2938; baseline 0 -14"><span class='ocrx_word' id='word_1_463' title='bbox 2037 2867 2332 2924; x_wconf 87' lang='lat' dir='ltr'><strong>diﬁ‘erenda</strong></span> <span class='ocrx_word' id='word_1_464' title='bbox 2363 2877 2482 2924; x_wconf 89' lang='lat' dir='ltr'><strong>erat</strong></span> <span class='ocrx_word' id='word_1_465' title='bbox 2511 2868 2628 2938; x_wconf 87' lang='lat' dir='ltr'><strong>ejus</strong></span> <span class='ocrx_word' id='word_1_466' title='bbox 2659 2867 3020 2934; x_wconf 89' lang='lat' dir='ltr'><strong>conﬁrmatio,</strong></span> <span class='ocrx_word' id='word_1_467' title='bbox 3056 2868 3219 2923; x_wconf 88' lang='lat' dir='ltr'><strong>etiam</strong></span> <span class='ocrx_word' id='word_1_468' title='bbox 3270 2868 3315 2924; x_wconf 90' lang='lat' dir='ltr'><strong>si</strong></span> <span class='ocrx_word' id='word_1_469' title='bbox 3358 2867 3537 2924; x_wconf 89' lang='lat' dir='ltr'><strong>nullus</strong></span> <span class='ocrx_word' id='word_1_470' title='bbox 3564 2869 3620 2924; x_wconf 90' lang='lat' dir='ltr'><strong>in</strong></span> 
     </span>
    </p>
   </div>
   <div class='ocr_carea' id='block_1_60' title="bbox 2037 2959 3618 3030">
    <p class='ocr_par' dir='ltr' id='par_1_60' title="bbox 2037 2959 3618 3030">
     <span class='ocr_line' id='line_1_60' title="bbox 2037 2959 3618 3030; baseline 0 -14"><span class='ocrx_word' id='word_1_471' title='bbox 2037 2974 2100 3016; x_wconf 91' lang='lat' dir='ltr'><strong>ea</strong></span> <span class='ocrx_word' id='word_1_472' title='bbox 2129 2970 2444 3030; x_wconf 85' lang='lat' dir='ltr'><strong>peccasset,</strong></span> <span class='ocrx_word' id='word_1_473' title='bbox 2502 2974 2673 3029; x_wconf 89' lang='lat' dir='ltr'><strong>usque</strong></span> <span class='ocrx_word' id='word_1_474' title='bbox 2715 2959 2784 3014; x_wconf 90' lang='lat' dir='ltr'><strong>ad</strong></span> <span class='ocrx_word' id='word_1_475' title='bbox 2836 2975 2954 3016; x_wconf 89' lang='lat' dir='ltr'><strong>eam</strong></span> <span class='ocrx_word' id='word_1_476' title='bbox 3004 2960 3189 3015; x_wconf 88' lang='lat' dir='ltr'><strong>mundi</strong></span> <span class='ocrx_word' id='word_1_477' title='bbox 3265 2960 3360 2992; x_wconf 65' lang='lat'><strong>“‘7</strong></span> <span class='ocrx_word' id='word_1_478' title='bbox 3393 3001 3410 3026; x_wconf 91' lang='lat'><strong>,</strong></span> <span class='ocrx_word' id='word_1_479' title='bbox 3459 2975 3618 3030; x_wconf 88' lang='lat' dir='ltr'><strong>quam</strong></span> 
     </span>
    </p>
   </div>
   <div class='ocr_carea' id='block_1_61' title="bbox 351 3026 3618 3119">
    <p class='ocr_par' dir='ltr' id='par_1_61' title="bbox 351 3026 3618 3119">
     <span class='ocr_line' id='line_1_61' title="bbox 351 3026 3618 3119; baseline 0 -17"><span class='ocrx_word' id='word_1_480' title='bbox 351 3061 472 3102; x_wconf 87' lang='lat' dir='ltr'><strong>esse</strong></span> <span class='ocrx_word' id='word_1_481' title='bbox 523 3055 580 3101; x_wconf 90' lang='lat' dir='ltr'><strong>ut</strong></span> <span class='ocrx_word' id='word_1_482' title='bbox 609 3047 784 3119; x_wconf 87' lang='lat' dir='ltr'><strong>angeli</strong></span> <span class='ocrx_word' id='word_1_483' title='bbox 820 3063 924 3102; x_wconf 93' lang='lat' dir='ltr'><strong>non</strong></span> <span class='ocrx_word' id='word_1_484' title='bbox 953 3047 1064 3103; x_wconf 90' lang='lat' dir='ltr'><strong>sint</strong></span> <span class='ocrx_word' id='word_1_485' title='bbox 1106 3045 1238 3101; x_wconf 81' lang='lat' dir='ltr'><strong>facti</strong></span> <span class='ocrx_word' id='word_1_486' title='bbox 1279 3045 1371 3100; x_wconf 87' lang='lat' dir='ltr'><strong>illo</strong></span> <span class='ocrx_word' id='word_1_487' title='bbox 1399 3045 1641 3115; x_wconf 75' lang='lat' dir='ltr'><strong>perfecto</strong></span> <span class='ocrx_word' id='word_1_488' title='bbox 1675 3063 1929 3113; x_wconf 86' lang='lat' dir='ltr'><strong>numero,</strong></span> <span class='ocrx_word' id='word_1_489' title='bbox 1960 3026 2006 3086; x_wconf 64' lang='grc' dir='ltr'><strong><em>ε</em></strong></span> <span class='ocrx_word' id='word_1_490' title='bbox 2039 3026 2445 3118; x_wconf 79' lang='lat' dir='ltr'><strong>exspectamus,</strong></span> <span class='ocrx_word' id='word_1_491' title='bbox 2479 3026 2886 3105; x_wconf 81' lang='lat' dir='ltr'><strong>renovationem</strong></span> <span class='ocrx_word' id='word_1_492' title='bbox 2917 3067 2930 3102; x_wconf 92' lang='lat'>:</span> <span class='ocrx_word' id='word_1_493' title='bbox 2964 3058 3058 3103; x_wconf 90' lang='lat' dir='ltr'><strong>aut</strong></span> <span class='ocrx_word' id='word_1_494' title='bbox 3086 3049 3132 3104; x_wconf 91' lang='lat' dir='ltr'><strong>si</strong></span> <span class='ocrx_word' id='word_1_495' title='bbox 3165 3065 3271 3103; x_wconf 90' lang='lat' dir='ltr'><strong>non</strong></span> <span class='ocrx_word' id='word_1_496' title='bbox 3297 3026 3501 3104; x_wconf 76' lang='lat' dir='ltr'><strong>diutius</strong></span> <span class='ocrx_word' id='word_1_497' title='bbox 3528 3051 3618 3104; x_wconf 89' lang='lat' dir='ltr'><strong>illa</strong></span> 
     </span>
    </p>
   </div>
   <div class='ocr_carea' id='block_1_62' title="bbox 349 3136 1930 3208">
    <p class='ocr_par' dir='ltr' id='par_1_62' title="bbox 349 3136 1930 3208">
     <span class='ocr_line' id='line_1_62' title="bbox 349 3136 1930 3208; baseline 0 -15"><span class='ocrx_word' id='word_1_498' title='bbox 349 3147 405 3193; x_wconf 91' lang='lat' dir='ltr'><strong>et</strong></span> <span class='ocrx_word' id='word_1_499' title='bbox 435 3137 616 3208; x_wconf 87' lang='lat' dir='ltr'><strong>plures</strong></span> <span class='ocrx_word' id='word_1_500' title='bbox 643 3137 810 3192; x_wconf 81' lang='lat' dir='ltr'><strong>futuri</strong></span> <span class='ocrx_word' id='word_1_501' title='bbox 839 3139 949 3194; x_wconf 90' lang='lat' dir='ltr'><strong>sint</strong></span> <span class='ocrx_word' id='word_1_502' title='bbox 977 3138 1120 3193; x_wconf 89' lang='lat' dir='ltr'><strong>beati</strong></span> <span class='ocrx_word' id='word_1_503' title='bbox 1152 3136 1422 3203; x_wconf 88' lang='lat' dir='ltr'><strong>homines,</strong></span> <span class='ocrx_word' id='word_1_504' title='bbox 1455 3151 1617 3207; x_wconf 88' lang='lat' dir='ltr'><strong>qttam</strong></span> <span class='ocrx_word' id='word_1_505' title='bbox 1665 3137 1776 3192; x_wconf 89' lang='lat' dir='ltr'><strong>sint</strong></span> <span class='ocrx_word' id='word_1_506' title='bbox 1827 3139 1930 3193; x_wconf 92' lang='lat' dir='ltr'><strong>mi-</strong></span> 
     </span>
    </p>
   </div>
   <div class='ocr_carea' id='block_1_63' title="bbox 349 3229 1931 3300">
    <p class='ocr_par' dir='ltr' id='par_1_63' title="bbox 349 3229 1931 3300">
     <span class='ocr_line' id='line_1_63' title="bbox 349 3229 1931 3300; baseline 0.001 -15"><span class='ocrx_word' id='word_1_507' title='bbox 349 3230 458 3285; x_wconf 88' lang='lat' dir='ltr'><strong>seri</strong></span> <span class='ocrx_word' id='word_1_508' title='bbox 508 3229 702 3300; x_wconf 86' lang='lat' dir='ltr'><strong>ungeli.</strong></span> <span class='ocrx_word' id='word_1_509' title='bbox 736 3230 859 3285; x_wconf 88' lang='lat' dir='ltr'><strong>Bos.</strong></span> <span class='ocrx_word' id='word_1_510' title='bbox 910 3231 1025 3286; x_wconf 86' lang='lat' dir='ltr'><strong>Non</strong></span> <span class='ocrx_word' id='word_1_511' title='bbox 1081 3230 1238 3285; x_wconf 90' lang='lat' dir='ltr'><strong>video</strong></span> <span class='ocrx_word' id='word_1_512' title='bbox 1291 3244 1397 3299; x_wconf 84' lang='lat' dir='ltr'><strong>qua</strong></span> <span class='ocrx_word' id='word_1_513' title='bbox 1439 3229 1651 3286; x_wconf 87' lang='lat' dir='ltr'><strong>ratione</strong></span> <span class='ocrx_word' id='word_1_514' title='bbox 1685 3231 1789 3286; x_wconf 88' lang='lat' dir='ltr'><strong>hoc</strong></span> <span class='ocrx_word' id='word_1_515' title='bbox 1836 3246 1931 3286; x_wconf 86' lang='lat' dir='ltr'><strong>ne-</strong></span> 
     </span>
    </p>
   </div>
   <div class='ocr_carea' id='block_1_64' title="bbox 348 3317 1931 3388">
    <p class='ocr_par' dir='ltr' id='par_1_64' title="bbox 348 3317 1931 3388">
     <span class='ocr_line' id='line_1_64' title="bbox 348 3317 1931 3388; baseline 0.003 -17"><span class='ocrx_word' id='word_1_516' title='bbox 348 3318 467 3388; x_wconf 83' lang='lat' dir='ltr'><strong>gari</strong></span> <span class='ocrx_word' id='word_1_517' title='bbox 498 3317 592 3358; x_wconf 69' lang='grc' dir='ltr'><strong>²δ³⁸</strong></span> <span class='ocrx_word' id='word_1_518' title='bbox 619 3327 804 3388; x_wconf 88' lang='lat' dir='ltr'><strong>queat.</strong></span> <span class='ocrx_word' id='word_1_519' title='bbox 831 3319 959 3375; x_wconf 68' lang='lat' dir='ltr'><strong>Axs.</strong></span> <span class='ocrx_word' id='word_1_520' title='bbox 985 3319 1158 3374; x_wconf 83' lang='lat' dir='ltr'><strong>Aliam</strong></span> <span class='ocrx_word' id='word_1_521' title='bbox 1184 3319 1362 3375; x_wconf 89' lang='lat' dir='ltr'><strong>adhuc</strong></span> <span class='ocrx_word' id='word_1_522' title='bbox 1384 3317 1626 3388; x_wconf 78' lang='lat' dir='ltr'><strong>ejusdem</strong></span> <span class='ocrx_word' id='word_1_523' title='bbox 1648 3323 1931 3376; x_wconf 70' lang='lat' dir='ltr'><strong>sententia:</strong></span> 
     </span>
    </p>
   </div>
   <div class='ocr_carea' id='block_1_65' title="bbox 347 3407 1930 3482">
    <p class='ocr_par' dir='ltr' id='par_1_65' title="bbox 347 3407 1930 3482">
     <span class='ocr_line' id='line_1_65' title="bbox 347 3407 1930 3482; baseline 0.004 -22"><span class='ocrx_word' id='word_1_524' title='bbox 347 3421 511 3474; x_wconf 87' lang='lat' dir='ltr'><strong>posse</strong></span> <span class='ocrx_word' id='word_1_525' title='bbox 540 3407 647 3468; x_wconf 88' lang='lat' dir='ltr'><strong>dici</strong></span> <span class='ocrx_word' id='word_1_526' title='bbox 691 3416 823 3479; x_wconf 89' lang='lat' dir='ltr'><strong>puto</strong></span> <span class='ocrx_word' id='word_1_527' title='bbox 856 3410 1145 3465; x_wconf 88' lang='lat' dir='ltr'><strong>rationem.</strong></span> <span class='ocrx_word' id='word_1_528' title='bbox 1195 3408 1318 3464; x_wconf 89' lang='lat' dir='ltr'><strong>Bos.</strong></span> <span class='ocrx_word' id='word_1_529' title='bbox 1373 3409 1521 3465; x_wconf 82' lang='lat' dir='ltr'><strong>Hanc</strong></span> <span class='ocrx_word' id='word_1_530' title='bbox 1548 3425 1763 3481; x_wconf 90' lang='lat' dir='ltr'><strong>quoque</strong></span> <span class='ocrx_word' id='word_1_531' title='bbox 1805 3426 1930 3482; x_wconf 85' lang='lat' dir='ltr'><strong>pro-</strong></span> 
     </span>
    </p>
   </div>
   <div class='ocr_carea' id='block_1_66' title="bbox 345 3497 1931 3558">
    <p class='ocr_par' dir='ltr' id='par_1_66' title="bbox 345 3497 1931 3558">
     <span class='ocr_line' id='line_1_66' title="bbox 345 3497 1931 3558; baseline 0.005 -8"><span class='ocrx_word' id='word_1_532' title='bbox 345 3497 492 3552; x_wconf 82' lang='lat' dir='ltr'><strong>terre</strong></span> <span class='ocrx_word' id='word_1_533' title='bbox 513 3497 697 3553; x_wconf 88' lang='lat' dir='ltr'><strong>debes.</strong></span> <span class='ocrx_word' id='word_1_534' title='bbox 733 3497 861 3556; x_wconf 71' lang='lat' dir='ltr'><strong>A‘NS.</strong></span> <span class='ocrx_word' id='word_1_535' title='bbox 893 3499 1172 3555; x_wconf 86' lang='lat' dir='ltr'><strong>Credimus</strong></span> <span class='ocrx_word' id='word_1_536' title='bbox 1196 3501 1339 3556; x_wconf 87' lang='lat' dir='ltr'><strong>hanc</strong></span> <span class='ocrx_word' id='word_1_537' title='bbox 1363 3501 1547 3556; x_wconf 87' lang='lat' dir='ltr'><strong>mundi</strong></span> <span class='ocrx_word' id='word_1_538' title='bbox 1579 3501 1778 3556; x_wconf 89' lang='lat' dir='ltr'><strong>molem</strong></span> <span class='ocrx_word' id='word_1_539' title='bbox 1809 3518 1931 3558; x_wconf 91' lang='lat' dir='ltr'><strong>cor-</strong></span> 
     </span>
    </p>
   </div>
   <div class='ocr_carea' id='block_1_67' title="bbox 349 3591 1926 3661">
    <p class='ocr_par' dir='ltr' id='par_1_67' title="bbox 349 3591 1926 3661">
     <span class='ocr_line' id='line_1_67' title="bbox 349 3591 1926 3661; baseline 0.004 -16"><span class='ocrx_word' id='word_1_540' title='bbox 349 3607 568 3661; x_wconf 88' lang='lat' dir='ltr'><strong>poream</strong></span> <span class='ocrx_word' id='word_1_541' title='bbox 608 3591 660 3645; x_wconf 91' lang='lat' dir='ltr'><strong>in</strong></span> <span class='ocrx_word' id='word_1_542' title='bbox 713 3592 904 3649; x_wconf 83' lang='lat' dir='ltr'><strong>melius</strong></span> <span class='ocrx_word' id='word_1_543' title='bbox 956 3594 1351 3660; x_wconf 85' lang='lat' dir='ltr'><strong>renovandam;</strong></span> <span class='ocrx_word' id='word_1_544' title='bbox 1386 3608 1484 3648; x_wconf 91' lang='lat' dir='ltr'><strong>nec</strong></span> <span class='ocrx_word' id='word_1_545' title='bbox 1528 3595 1630 3648; x_wconf 90' lang='lat' dir='ltr'><strong>hoc</strong></span> <span class='ocrx_word' id='word_1_546' title='bbox 1683 3593 1926 3650; x_wconf 79' lang='lat' dir='ltr'><strong>futurum</strong></span> 
     </span>
    </p>
   </div>
   <div class='ocr_carea' id='block_1_68' title="bbox 349 3685 1929 3756">
    <p class='ocr_par' dir='ltr' id='par_1_68' title="bbox 349 3685 1929 3756">
     <span class='ocr_line' id='line_1_68' title="bbox 349 3685 1929 3756; baseline 0.004 -20"><span class='ocrx_word' id='word_1_547' title='bbox 349 3697 494 3750; x_wconf 89' lang='lat' dir='ltr'><strong>esse,</strong></span> <span class='ocrx_word' id='word_1_548' title='bbox 519 3685 688 3741; x_wconf 88' lang='lat' dir='ltr'><strong>donec</strong></span> <span class='ocrx_word' id='word_1_549' title='bbox 719 3685 1008 3756; x_wconf 89' lang='lat' dir='ltr'><strong>impleatur</strong></span> <span class='ocrx_word' id='word_1_550' title='bbox 1030 3701 1287 3742; x_wconf 89' lang='lat' dir='ltr'><strong>numerus</strong></span> <span class='ocrx_word' id='word_1_551' title='bbox 1307 3687 1604 3744; x_wconf 83' lang='lat' dir='ltr'><strong>electorum</strong></span> <span class='ocrx_word' id='word_1_552' title='bbox 1627 3687 1929 3754; x_wconf 89' lang='lat' dir='ltr'><strong>hominum,</strong></span> 
     </span>
    </p>
   </div>
   <div class='ocr_carea' id='block_1_69' title="bbox 347 3773 1930 3849">
    <p class='ocr_par' dir='ltr' id='par_1_69' title="bbox 347 3773 1930 3849">
     <span class='ocr_line' id='line_1_69' title="bbox 347 3773 1930 3849; baseline 0.004 -22"><span class='ocrx_word' id='word_1_553' title='bbox 347 3782 401 3827; x_wconf 90' lang='lat' dir='ltr'><strong>et</strong></span> <span class='ocrx_word' id='word_1_554' title='bbox 431 3773 522 3828; x_wconf 86' lang='lat' dir='ltr'><strong>illa</strong></span> <span class='ocrx_word' id='word_1_555' title='bbox 548 3775 705 3830; x_wconf 89' lang='lat' dir='ltr'><strong>beata</strong></span> <span class='ocrx_word' id='word_1_556' title='bbox 749 3775 1070 3846; x_wconf 89' lang='lat' dir='ltr'><strong>perﬁciatur</strong></span> <span class='ocrx_word' id='word_1_557' title='bbox 1122 3777 1346 3843; x_wconf 90' lang='lat' dir='ltr'><strong>civitas;</strong></span> <span class='ocrx_word' id='word_1_558' title='bbox 1374 3793 1473 3834; x_wconf 89' lang='lat' dir='ltr'><strong>nec</strong></span> <span class='ocrx_word' id='word_1_559' title='bbox 1505 3787 1626 3848; x_wconf 90' lang='lat' dir='ltr'><strong>post</strong></span> <span class='ocrx_word' id='word_1_560' title='bbox 1653 3779 1772 3849; x_wconf 89' lang='lat' dir='ltr'><strong>ejus</strong></span> <span class='ocrx_word' id='word_1_561' title='bbox 1802 3793 1930 3849; x_wconf 87' lang='lat' dir='ltr'><strong>per-</strong></span> 
     </span>
    </p>
   </div>
   <div class='ocr_carea' id='block_1_70' title="bbox 351 3862 1926 3941">
    <p class='ocr_par' dir='ltr' id='par_1_70' title="bbox 351 3862 1926 3941">
     <span class='ocr_line' id='line_1_70' title="bbox 351 3862 1926 3941; baseline 0.005 -25"><span class='ocrx_word' id='word_1_562' title='bbox 351 3862 641 3920; x_wconf 78' lang='lat' dir='ltr'><strong>fectionem</strong></span> <span class='ocrx_word' id='word_1_563' title='bbox 693 3865 1053 3922; x_wconf 78' lang='lat' dir='ltr'><strong>differendum</strong></span> <span class='ocrx_word' id='word_1_564' title='bbox 1104 3868 1220 3932; x_wconf 57' lang='grc' dir='ltr'><strong>ω’.</strong></span> <span class='ocrx_word' id='word_1_565' title='bbox 1280 3869 1429 3925; x_wconf 89' lang='lat' dir='ltr'><strong>Unde</strong></span> <span class='ocrx_word' id='word_1_566' title='bbox 1475 3868 1654 3941; x_wconf 87' lang='lat' dir='ltr'><strong>colligi</strong></span> <span class='ocrx_word' id='word_1_567' title='bbox 1729 3878 1926 3939; x_wconf 87' lang='lat' dir='ltr'><strong>potest,</strong></span> 
     </span>
    </p>
   </div>
   <div class='ocr_carea' id='block_1_71' title="bbox 349 3954 1930 4034">
    <p class='ocr_par' dir='ltr' id='par_1_71' title="bbox 349 3954 1930 4034">
     <span class='ocr_line' id='line_1_71' title="bbox 349 3954 1930 4034; baseline 0.004 -26"><span class='ocrx_word' id='word_1_568' title='bbox 349 3954 519 4009; x_wconf 87' lang='lat' dir='ltr'><strong>Dcqu</strong></span> <span class='ocrx_word' id='word_1_569' title='bbox 560 3958 628 4012; x_wconf 92' lang='lat' dir='ltr'><strong>ab</strong></span> <span class='ocrx_word' id='word_1_570' title='bbox 658 3957 814 4034; x_wconf 82' lang='lat' dir='ltr'><strong>initio</strong></span> <span class='ocrx_word' id='word_1_571' title='bbox 842 3959 1189 4028; x_wconf 87' lang='lat' dir='ltr'><strong>proposuisse</strong></span> <span class='ocrx_word' id='word_1_572' title='bbox 1211 3967 1270 4014; x_wconf 89' lang='lat' dir='ltr'><strong>ut</strong></span> <span class='ocrx_word' id='word_1_573' title='bbox 1295 3968 1587 4032; x_wconf 89' lang='lat' dir='ltr'><strong>utrumque</strong></span> <span class='ocrx_word' id='word_1_574' title='bbox 1609 3961 1769 4016; x_wconf 90' lang='lat' dir='ltr'><strong>simul</strong></span> <span class='ocrx_word' id='word_1_575' title='bbox 1806 3975 1930 4030; x_wconf 85' lang='lat' dir='ltr'><strong>per-</strong></span> 
     </span>
    </p>
   </div>
   <div class='ocr_carea' id='block_1_72' title="bbox 350 4044 1924 4119">
    <p class='ocr_par' dir='ltr' id='par_1_72' title="bbox 350 4044 1924 4119">
     <span class='ocr_line' id='line_1_72' title="bbox 350 4044 1924 4119; baseline 0.006 -22"><span class='ocrx_word' id='word_1_576' title='bbox 350 4044 568 4112; x_wconf 88' lang='lat' dir='ltr'><strong>ﬁceret;</strong></span> <span class='ocrx_word' id='word_1_577' title='bbox 601 4057 869 4116; x_wconf 90' lang='lat' dir='ltr'><strong>quatenus</strong></span> <span class='ocrx_word' id='word_1_578' title='bbox 892 4058 947 4103; x_wconf 88' lang='lat' dir='ltr'><strong>et</strong></span> <span class='ocrx_word' id='word_1_579' title='bbox 974 4048 1170 4114; x_wconf 90' lang='lat' dir='ltr'><strong>minor,</strong></span> <span class='ocrx_word' id='word_1_580' title='bbox 1199 4065 1319 4119; x_wconf 82' lang='lat' dir='ltr'><strong>quae</strong></span> <span class='ocrx_word' id='word_1_581' title='bbox 1349 4049 1518 4105; x_wconf 91' lang='lat' dir='ltr'><strong>Deum</strong></span> <span class='ocrx_word' id='word_1_582' title='bbox 1544 4066 1650 4106; x_wconf 90' lang='lat' dir='ltr'><strong>non</strong></span> <span class='ocrx_word' id='word_1_583' title='bbox 1676 4052 1924 4116; x_wconf 88' lang='lat' dir='ltr'><strong>sentiret,</strong></span> 
     </span>
    </p>
   </div>
   <div class='ocr_carea' id='block_1_73' title="bbox 349 4135 1926 4208">
    <p class='ocr_par' dir='ltr' id='par_1_73' title="bbox 349 4135 1926 4208">
     <span class='ocr_line' id='line_1_73' title="bbox 349 4135 1926 4208; baseline 0.007 -22"><span class='ocrx_word' id='word_1_584' title='bbox 349 4143 540 4189; x_wconf 88' lang='lat' dir='ltr'><strong>natura</strong></span> <span class='ocrx_word' id='word_1_585' title='bbox 589 4144 714 4192; x_wconf 87' lang='lat' dir='ltr'><strong>ante</strong></span> <span class='ocrx_word' id='word_1_586' title='bbox 761 4135 1044 4207; x_wconf 87' lang='lat' dir='ltr'><strong>majorem,</strong></span> <span class='ocrx_word' id='word_1_587' title='bbox 1093 4153 1212 4208; x_wconf 72' lang='lat' dir='ltr'><strong>qum</strong></span> <span class='ocrx_word' id='word_1_588' title='bbox 1251 4139 1359 4194; x_wconf 89' lang='lat' dir='ltr'><strong>Deo</strong></span> <span class='ocrx_word' id='word_1_589' title='bbox 1408 4139 1510 4195; x_wconf 84' lang='lat' dir='ltr'><strong>l‘rui</strong></span> <span class='ocrx_word' id='word_1_590' title='bbox 1560 4140 1800 4206; x_wconf 91' lang='lat' dir='ltr'><strong>deberet,</strong></span> <span class='ocrx_word' id='word_1_591' title='bbox 1833 4157 1926 4197; x_wconf 84' lang='lat' dir='ltr'><strong>ne-</strong></span> 
     </span>
    </p>
   </div>
   <div class='ocr_carea' id='block_1_74' title="bbox 2032 3136 3617 3202">
    <p class='ocr_par' dir='ltr' id='par_1_74' title="bbox 2032 3136 3617 3202">
     <span class='ocr_line' id='line_1_74' title="bbox 2032 3136 3617 3202; baseline -0.001 -8"><span class='ocrx_word' id='word_1_592' title='bbox 2032 3139 2370 3195; x_wconf 88' lang='lat' dir='ltr'><strong>conﬁrmatio</strong></span> <span class='ocrx_word' id='word_1_593' title='bbox 2383 3136 2673 3194; x_wconf 77' lang='lat' dir='ltr'><strong>ditlerenda</strong></span> <span class='ocrx_word' id='word_1_594' title='bbox 2691 3147 2830 3202; x_wconf 89' lang='lat' dir='ltr'><strong>erat,</strong></span> <span class='ocrx_word' id='word_1_595' title='bbox 2845 3139 3188 3194; x_wconf 86' lang='lat' dir='ltr'><strong>acceleranda</strong></span> <span class='ocrx_word' id='word_1_596' title='bbox 3209 3148 3326 3193; x_wconf 90' lang='lat' dir='ltr'><strong>crat</strong></span> <span class='ocrx_word' id='word_1_597' title='bbox 3347 3140 3617 3194; x_wconf 85' lang='lat' dir='ltr'><strong>mundana</strong></span> 
     </span>
    </p>
   </div>
   <div class='ocr_carea' id='block_1_75' title="bbox 2036 3229 3618 3293">
    <p class='ocr_par' dir='ltr' id='par_1_75' title="bbox 2036 3229 3618 3293">
     <span class='ocr_line' id='line_1_75' title="bbox 2036 3229 3618 3293; baseline 0.001 -10"><span class='ocrx_word' id='word_1_598' title='bbox 2036 3230 2335 3293; x_wconf 87' lang='lat' dir='ltr'><strong>renovatio,</strong></span> <span class='ocrx_word' id='word_1_599' title='bbox 2366 3237 2424 3284; x_wconf 90' lang='lat' dir='ltr'><strong>ut</strong></span> <span class='ocrx_word' id='word_1_600' title='bbox 2453 3245 2575 3284; x_wconf 92' lang='lat' dir='ltr'><strong>cum</strong></span> <span class='ocrx_word' id='word_1_601' title='bbox 2600 3230 2789 3285; x_wconf 88' lang='lat' dir='ltr'><strong>eadem</strong></span> <span class='ocrx_word' id='word_1_602' title='bbox 2839 3229 3251 3284; x_wconf 87' lang='lat' dir='ltr'><strong>conﬁrmatione</strong></span> <span class='ocrx_word' id='word_1_603' title='bbox 3293 3229 3466 3286; x_wconf 89' lang='lat' dir='ltr'><strong>ﬁeret.</strong></span> <span class='ocrx_word' id='word_1_604' title='bbox 3509 3231 3618 3285; x_wconf 86' lang='lat' dir='ltr'><strong>Sed</strong></span> 
     </span>
    </p>
   </div>
   <div class='ocr_carea' id='block_1_76' title="bbox 2033 3319 3614 3391">
    <p class='ocr_par' dir='ltr' id='par_1_76' title="bbox 2033 3319 3614 3391">
     <span class='ocr_line' id='line_1_76' title="bbox 2033 3319 3614 3391; baseline 0 -16"><span class='ocrx_word' id='word_1_605' title='bbox 2033 3322 2175 3391; x_wconf 90' lang='lat' dir='ltr'><strong>quod</strong></span> <span class='ocrx_word' id='word_1_606' title='bbox 2220 3321 2478 3376; x_wconf 91' lang='lat' dir='ltr'><strong>mundum</strong></span> <span class='ocrx_word' id='word_1_607' title='bbox 2519 3320 2732 3376; x_wconf 91' lang='lat' dir='ltr'><strong>noviter</strong></span> <span class='ocrx_word' id='word_1_608' title='bbox 2777 3319 2979 3376; x_wconf 80' lang='lat' dir='ltr'><strong>factum</strong></span> <span class='ocrx_word' id='word_1_609' title='bbox 3033 3321 3215 3375; x_wconf 87' lang='lat' dir='ltr'><strong>statim</strong></span> <span class='ocrx_word' id='word_1_610' title='bbox 3256 3321 3398 3376; x_wconf 89' lang='lat' dir='ltr'><strong>Deus</strong></span> <span class='ocrx_word' id='word_1_611' title='bbox 3449 3335 3614 3375; x_wconf 87' lang='lat' dir='ltr'><strong>reno-</strong></span> 
     </span>
    </p>
   </div>
   <div class='ocr_carea' id='block_1_77' title="bbox 2034 3412 3614 3482">
    <p class='ocr_par' dir='ltr' id='par_1_77' title="bbox 2034 3412 3614 3482">
     <span class='ocr_line' id='line_1_77' title="bbox 2034 3412 3614 3482; baseline -0.003 -12"><span class='ocrx_word' id='word_1_612' title='bbox 2034 3427 2163 3470; x_wconf 85' lang='lat' dir='ltr'><strong>vare</strong></span> <span class='ocrx_word' id='word_1_613' title='bbox 2187 3413 2310 3475; x_wconf 71' lang='lat' dir='ltr'><strong>’W’,</strong></span> <span class='ocrx_word' id='word_1_614' title='bbox 2334 3421 2390 3466; x_wconf 93' lang='lat' dir='ltr'><strong>et</strong></span> <span class='ocrx_word' id='word_1_615' title='bbox 2422 3428 2516 3468; x_wconf 85' lang='lat' dir='ltr'><strong>eas</strong></span> <span class='ocrx_word' id='word_1_616' title='bbox 2550 3428 2659 3476; x_wconf 86' lang='lat' dir='ltr'><strong>res,</strong></span> <span class='ocrx_word' id='word_1_617' title='bbox 2688 3427 2811 3482; x_wconf 81' lang='lat' dir='ltr'><strong>quae</strong></span> <span class='ocrx_word' id='word_1_618' title='bbox 2859 3421 2982 3482; x_wconf 91' lang='lat' dir='ltr'><strong>post</strong></span> <span class='ocrx_word' id='word_1_619' title='bbox 3016 3413 3416 3468; x_wconf 86' lang='lat' dir='ltr'><strong>renovationem</strong></span> <span class='ocrx_word' id='word_1_620' title='bbox 3463 3412 3614 3466; x_wconf 88' lang='lat' dir='ltr'><strong>illam</strong></span> 
     </span>
    </p>
   </div>
   <div class='ocr_carea' id='block_1_78' title="bbox 2035 3504 3614 3575">
    <p class='ocr_par' dir='ltr' id='par_1_78' title="bbox 2035 3504 3614 3575">
     <span class='ocr_line' id='line_1_78' title="bbox 2035 3504 3614 3575; baseline -0.003 -14"><span class='ocrx_word' id='word_1_621' title='bbox 2035 3523 2141 3561; x_wconf 89' lang='lat' dir='ltr'><strong>non</strong></span> <span class='ocrx_word' id='word_1_622' title='bbox 2176 3515 2360 3570; x_wconf 90' lang='lat' dir='ltr'><strong>erunt,</strong></span> <span class='ocrx_word' id='word_1_623' title='bbox 2405 3507 2456 3560; x_wconf 91' lang='lat' dir='ltr'><strong>in</strong></span> <span class='ocrx_word' id='word_1_624' title='bbox 2501 3504 2815 3575; x_wconf 88' lang='lat' dir='ltr'><strong>ipsoinitio,</strong></span> <span class='ocrx_word' id='word_1_625' title='bbox 2860 3514 3150 3574; x_wconf 87' lang='lat' dir='ltr'><strong>antequam</strong></span> <span class='ocrx_word' id='word_1_626' title='bbox 3198 3513 3486 3575; x_wconf 88' lang='lat' dir='ltr'><strong>appareret</strong></span> <span class='ocrx_word' id='word_1_627' title='bbox 3512 3519 3614 3559; x_wconf 89' lang='lat' dir='ltr'><strong>cur</strong></span> 
     </span>
    </p>
   </div>
   <div class='ocr_carea' id='block_1_79' title="bbox 2034 3595 3615 3663">
    <p class='ocr_par' dir='ltr' id='par_1_79' title="bbox 2034 3595 3615 3663">
     <span class='ocr_line' id='line_1_79' title="bbox 2034 3595 3615 3663; baseline -0.001 -11"><span class='ocrx_word' id='word_1_628' title='bbox 2034 3598 2191 3653; x_wconf 65' lang='lat' dir='ltr'><strong>facta:</strong></span> <span class='ocrx_word' id='word_1_629' title='bbox 2229 3606 2412 3654; x_wconf 89' lang='lat' dir='ltr'><strong>essent</strong></span> <span class='ocrx_word' id='word_1_630' title='bbox 2460 3598 2739 3652; x_wconf 91' lang='lat' dir='ltr'><strong>destruere</strong></span> <span class='ocrx_word' id='word_1_631' title='bbox 2791 3595 3088 3650; x_wconf 89' lang='lat' dir='ltr'><strong>instituerit</strong></span> <span class='ocrx_word' id='word_1_632' title='bbox 3116 3595 3230 3663; x_wconf 64' lang='grc' dir='ltr'><strong>ω’,</strong></span> <span class='ocrx_word' id='word_1_633' title='bbox 3276 3595 3422 3650; x_wconf 82' lang='grc' dir='ltr'><strong>οηιηί</strong></span> <span class='ocrx_word' id='word_1_634' title='bbox 3464 3605 3615 3650; x_wconf 90' lang='lat' dir='ltr'><strong>caret</strong></span> 
     </span>
    </p>
   </div>
   <div class='ocr_carea' id='block_1_80' title="bbox 2035 3685 3616 3758">
    <p class='ocr_par' dir='ltr' id='par_1_80' title="bbox 2035 3685 3616 3758">
     <span class='ocr_line' id='line_1_80' title="bbox 2035 3685 3616 3758; baseline -0.001 -15"><span class='ocrx_word' id='word_1_635' title='bbox 2035 3689 2271 3744; x_wconf 87' lang='lat' dir='ltr'><strong>ratione.</strong></span> <span class='ocrx_word' id='word_1_636' title='bbox 2301 3689 2559 3758; x_wconf 89' lang='lat' dir='ltr'><strong>Sequitur</strong></span> <span class='ocrx_word' id='word_1_637' title='bbox 2587 3702 2718 3758; x_wconf 90' lang='lat' dir='ltr'><strong>ergo</strong></span> <span class='ocrx_word' id='word_1_638' title='bbox 2739 3687 2866 3757; x_wconf 88' lang='lat' dir='ltr'><strong>quia</strong></span> <span class='ocrx_word' id='word_1_639' title='bbox 2895 3687 3070 3758; x_wconf 85' lang='lat' dir='ltr'><strong>angeli</strong></span> <span class='ocrx_word' id='word_1_640' title='bbox 3112 3703 3220 3744; x_wconf 90' lang='lat' dir='ltr'><strong>non</strong></span> <span class='ocrx_word' id='word_1_641' title='bbox 3272 3687 3345 3742; x_wconf 90' lang='lat' dir='ltr'><strong>ita</strong></span> <span class='ocrx_word' id='word_1_642' title='bbox 3397 3685 3616 3743; x_wconf 82' lang='lat' dir='ltr'><strong>fuerunt</strong></span> 
     </span>
    </p>
   </div>
   <div class='ocr_carea' id='block_1_81' title="bbox 2036 3777 3613 3848">
    <p class='ocr_par' dir='ltr' id='par_1_81' title="bbox 2036 3777 3613 3848">
     <span class='ocr_line' id='line_1_81' title="bbox 2036 3777 3613 3848; baseline -0.003 -14"><span class='ocrx_word' id='word_1_643' title='bbox 2036 3781 2090 3834; x_wconf 93' lang='lat' dir='ltr'><strong>in</strong></span> <span class='ocrx_word' id='word_1_644' title='bbox 2117 3794 2346 3834; x_wconf 87' lang='lat' dir='ltr'><strong>numero</strong></span> <span class='ocrx_word' id='word_1_645' title='bbox 2393 3777 2659 3848; x_wconf 79' lang='lat' dir='ltr'><strong>perfecto,</strong></span> <span class='ocrx_word' id='word_1_646' title='bbox 2685 3786 2742 3832; x_wconf 91' lang='lat' dir='ltr'><strong>ut</strong></span> <span class='ocrx_word' id='word_1_647' title='bbox 2790 3792 2978 3833; x_wconf 85' lang='lat' dir='ltr'><strong>eorum</strong></span> <span class='ocrx_word' id='word_1_648' title='bbox 3005 3777 3347 3833; x_wconf 86' lang='lat' dir='ltr'><strong>conﬁrmatio</strong></span> <span class='ocrx_word' id='word_1_649' title='bbox 3386 3792 3494 3833; x_wconf 87' lang='lat' dir='ltr'><strong>non</strong></span> <span class='ocrx_word' id='word_1_650' title='bbox 3519 3779 3613 3831; x_wconf 82' lang='lat' dir='ltr'><strong>diu</strong></span> 
     </span>
    </p>
   </div>
   <div class='ocr_carea' id='block_1_82' title="bbox 2037 3867 3614 3938">
    <p class='ocr_par' dir='ltr' id='par_1_82' title="bbox 2037 3867 3614 3938">
     <span class='ocr_line' id='line_1_82' title="bbox 2037 3867 3614 3938; baseline -0.004 -12"><span class='ocrx_word' id='word_1_651' title='bbox 2037 3870 2318 3927; x_wconf 84' lang='lat' dir='ltr'><strong>diﬁ&#39;eretur</strong></span> <span class='ocrx_word' id='word_1_652' title='bbox 2344 3877 2630 3938; x_wconf 86' lang='lat' dir='ltr'><strong>propterea</strong></span> <span class='ocrx_word' id='word_1_653' title='bbox 2660 3869 2788 3937; x_wconf 87' lang='lat' dir='ltr'><strong>quia</strong></span> <span class='ocrx_word' id='word_1_654' title='bbox 2822 3869 3007 3923; x_wconf 92' lang='lat' dir='ltr'><strong>mundi</strong></span> <span class='ocrx_word' id='word_1_655' title='bbox 3048 3868 3172 3927; x_wconf 87' lang='lat' dir='ltr'><strong>novi</strong></span> <span class='ocrx_word' id='word_1_656' title='bbox 3207 3867 3614 3922; x_wconf 84' lang='lat' dir='ltr'><strong>renovationem</strong></span> 
     </span>
    </p>
   </div>
   <div class='ocr_carea' id='block_1_83' title="bbox 2035 3954 3614 4030">
    <p class='ocr_par' dir='ltr' id='par_1_83' title="bbox 2035 3954 3614 4030">
     <span class='ocr_line' id='line_1_83' title="bbox 2035 3954 3614 4030; baseline -0.005 -14"><span class='ocrx_word' id='word_1_657' title='bbox 2035 3975 2161 4016; x_wconf 80' lang='lat' dir='ltr'><strong>mox</strong></span> <span class='ocrx_word' id='word_1_658' title='bbox 2186 3965 2466 4030; x_wconf 87' lang='lat' dir='ltr'><strong>oporteret</strong></span> <span class='ocrx_word' id='word_1_659' title='bbox 2509 3956 2624 4011; x_wconf 89' lang='lat' dir='ltr'><strong>ﬁeri</strong></span> <span class='ocrx_word' id='word_1_660' title='bbox 2649 3955 2782 4009; x_wconf 60' lang='lat'><strong>“5°:</strong></span> <span class='ocrx_word' id='word_1_661' title='bbox 2815 3957 2958 4025; x_wconf 91' lang='lat' dir='ltr'><strong>quod</strong></span> <span class='ocrx_word' id='word_1_662' title='bbox 3005 3971 3111 4012; x_wconf 91' lang='lat' dir='ltr'><strong>non</strong></span> <span class='ocrx_word' id='word_1_663' title='bbox 3143 3954 3414 4011; x_wconf 89' lang='lat' dir='ltr'><strong>convenit.</strong></span> <span class='ocrx_word' id='word_1_664' title='bbox 3461 3954 3614 4022; x_wconf 84' lang='lat' dir='ltr'><strong>Quod</strong></span> 
     </span>
    </p>
   </div>
   <div class='ocr_carea' id='block_1_84' title="bbox 2034 4044 3614 4115">
    <p class='ocr_par' dir='ltr' id='par_1_84' title="bbox 2034 4044 3614 4115">
     <span class='ocr_line' id='line_1_84' title="bbox 2034 4044 3614 4115; baseline -0.006 -9"><span class='ocrx_word' id='word_1_665' title='bbox 2034 4058 2213 4106; x_wconf 89' lang='lat' dir='ltr'><strong>autem</strong></span> <span class='ocrx_word' id='word_1_666' title='bbox 2249 4048 2496 4104; x_wconf 89' lang='lat' dir='ltr'><strong>eamdem</strong></span> <span class='ocrx_word' id='word_1_667' title='bbox 2525 4045 2994 4102; x_wconf 85' lang='lat' dir='ltr'><strong>conﬁrmationem</strong></span> <span class='ocrx_word' id='word_1_668' title='bbox 3026 4060 3192 4115; x_wconf 90' lang='lat' dir='ltr'><strong>usque</strong></span> <span class='ocrx_word' id='word_1_669' title='bbox 3217 4046 3282 4099; x_wconf 87' lang='lat' dir='ltr'><strong>ad</strong></span> <span class='ocrx_word' id='word_1_670' title='bbox 3310 4045 3495 4098; x_wconf 91' lang='lat' dir='ltr'><strong>mundi</strong></span> <span class='ocrx_word' id='word_1_671' title='bbox 3529 4044 3614 4098; x_wconf 50' lang='lat' dir='ltr'><strong>tu-</strong></span> 
     </span>
    </p>
   </div>
   <div class='ocr_carea' id='block_1_85' title="bbox 2033 4137 3611 4201">
    <p class='ocr_par' dir='ltr' id='par_1_85' title="bbox 2033 4137 3611 4201">
     <span class='ocr_line' id='line_1_85' title="bbox 2033 4137 3611 4201; baseline -0.004 -4"><span class='ocrx_word' id='word_1_672' title='bbox 2033 4153 2210 4198; x_wconf 88' lang='lat' dir='ltr'><strong>turam</strong></span> <span class='ocrx_word' id='word_1_673' title='bbox 2233 4143 2638 4196; x_wconf 90' lang='lat' dir='ltr'><strong>renovationem</strong></span> <span class='ocrx_word' id='word_1_674' title='bbox 2669 4137 2884 4193; x_wconf 87' lang='lat' dir='ltr'><strong>diﬁ&#39;erre</strong></span> <span class='ocrx_word' id='word_1_675' title='bbox 2905 4138 3046 4192; x_wconf 90' lang='lat' dir='ltr'><strong>Deus</strong></span> <span class='ocrx_word' id='word_1_676' title='bbox 3076 4137 3325 4201; x_wconf 88' lang='lat' dir='ltr'><strong>voluerit,</strong></span> <span class='ocrx_word' id='word_1_677' title='bbox 3355 4137 3611 4191; x_wconf 83' lang='lat' dir='ltr'><strong>inconve-</strong></span> 
     </span>
    </p>
   </div>
   <div class='ocr_carea' id='block_1_86' title="bbox 347 4227 3609 4305">
    <p class='ocr_par' dir='ltr' id='par_1_86' title="bbox 347 4227 3609 4305">
     <span class='ocr_line' id='line_1_86' title="bbox 347 4227 3609 4305; baseline 0.001 -28"><span class='ocrx_word' id='word_1_678' title='bbox 347 4239 622 4295; x_wconf 88' lang='lat' dir='ltr'><strong>quaquam</strong></span> <span class='ocrx_word' id='word_1_679' title='bbox 665 4227 1053 4298; x_wconf 87' lang='lat' dir='ltr'><strong>perﬁceretur;</strong></span> <span class='ocrx_word' id='word_1_680' title='bbox 1103 4238 1157 4285; x_wconf 91' lang='lat' dir='ltr'><strong>et</strong></span> <span class='ocrx_word' id='word_1_681' title='bbox 1207 4231 1260 4284; x_wconf 90' lang='lat' dir='ltr'><strong>in</strong></span> <span class='ocrx_word' id='word_1_682' title='bbox 1315 4231 1535 4300; x_wconf 85' lang='lat' dir='ltr'><strong>majoris</strong></span> <span class='ocrx_word' id='word_1_683' title='bbox 1561 4233 1924 4302; x_wconf 81' lang='lat' dir='ltr'><strong>perfectione,</strong></span> <span class='ocrx_word' id='word_1_684' title='bbox 1957 4229 2009 4288; x_wconf 91' lang='lat' dir='ltr'><strong>D</strong></span> <span class='ocrx_word' id='word_1_685' title='bbox 2045 4233 2199 4290; x_wconf 89' lang='lat' dir='ltr'><strong>niens</strong></span> <span class='ocrx_word' id='word_1_686' title='bbox 2222 4231 2454 4299; x_wconf 85' lang='lat' dir='ltr'><strong>videtur,</strong></span> <span class='ocrx_word' id='word_1_687' title='bbox 2479 4230 2780 4305; x_wconf 78' lang='lat' dir='ltr'><strong>praesertim</strong></span> <span class='ocrx_word' id='word_1_688' title='bbox 2799 4244 2924 4286; x_wconf 90' lang='lat' dir='ltr'><strong>cum</strong></span> <span class='ocrx_word' id='word_1_689' title='bbox 2945 4228 3089 4285; x_wconf 90' lang='lat' dir='ltr'><strong>illam</strong></span> <span class='ocrx_word' id='word_1_690' title='bbox 3120 4229 3172 4282; x_wconf 92' lang='lat' dir='ltr'><strong>in</strong></span> <span class='ocrx_word' id='word_1_691' title='bbox 3206 4227 3473 4298; x_wconf 89' lang='lat' dir='ltr'><strong>aliquibus</strong></span> <span class='ocrx_word' id='word_1_692' title='bbox 3500 4236 3609 4281; x_wconf 89' lang='lat' dir='ltr'><strong>tam</strong></span> 
     </span>
    </p>
   </div>
   <div class='ocr_carea' id='block_1_87' title="bbox 1657 4383 2331 4442">
    <p class='ocr_par' dir='ltr' id='par_1_87' title="bbox 1657 4383 2331 4442">
     <span class='ocr_line' id='line_1_87' title="bbox 1657 4383 2331 4442; baseline 0 -4"><span class='ocrx_word' id='word_1_693' title='bbox 1657 4383 1890 4439; x_wconf 57' lang='lat' dir='ltr'><strong>VARI/1‘3</strong></span> <span class='ocrx_word' id='word_1_694' title='bbox 1928 4384 2331 4442; x_wconf 73' lang='lat' dir='ltr'><strong>LECTIONES.</strong></span> 
     </span>
    </p>
   </div>
   <div class='ocr_carea' id='block_1_88' title="bbox 417 4490 3609 4564">
    <p class='ocr_par' dir='ltr' id='par_1_88' title="bbox 417 4490 3609 4564">
     <span class='ocr_line' id='line_1_88' title="bbox 417 4490 3609 4564; baseline 0 -17"><span class='ocrx_word' id='word_1_695' title='bbox 417 4491 513 4564; x_wconf 10' lang='lat'><strong>“‘7&#39;</strong></span> <span class='ocrx_word' id='word_1_696' title='bbox 551 4491 818 4564; x_wconf 83' lang='lat' dir='ltr'><strong>Operatur</strong></span> <span class='ocrx_word' id='word_1_697' title='bbox 864 4490 1133 4564; x_wconf 68' lang='lat' dir='ltr'><strong>justitiam</strong></span> <span class='ocrx_word' id='word_1_698' title='bbox 1166 4531 1183 4558; x_wconf 90' lang='lat'><strong>,</strong></span> <span class='ocrx_word' id='word_1_699' title='bbox 1240 4500 1495 4564; x_wconf 65' lang='lat' dir='ltr'><strong>acceptus</strong></span> <span class='ocrx_word' id='word_1_700' title='bbox 1539 4503 1622 4548; x_wconf 89' lang='lat' dir='ltr'><strong>est</strong></span> <span class='ocrx_word' id='word_1_701' title='bbox 1671 4511 1769 4548; x_wconf 86' lang='lat' dir='ltr'><strong>ms.</strong></span> <span class='ocrx_word' id='word_1_702' title='bbox 1839 4495 1975 4550; x_wconf 88' lang='lat' dir='ltr'><strong>Vict.</strong></span> <span class='ocrx_word' id='word_1_703' title='bbox 2025 4497 2122 4551; x_wconf 91' lang='lat'><strong>19.</strong></span> <span class='ocrx_word' id='word_1_704' title='bbox 2185 4503 2542 4564; x_wconf 86' lang='lat' dir='ltr'><strong>cooperatur.</strong></span> <span class='ocrx_word' id='word_1_705' title='bbox 2595 4493 2860 4564; x_wconf 78' lang='lat' dir='ltr'><strong>justitiam</strong></span> <span class='ocrx_word' id='word_1_706' title='bbox 2915 4493 3142 4564; x_wconf 74' lang='lat' dir='ltr'><strong>adeptus</strong></span> <span class='ocrx_word' id='word_1_707' title='bbox 3185 4501 3270 4548; x_wconf 86' lang='lat' dir='ltr'><strong>est</strong></span> <span class='ocrx_word' id='word_1_708' title='bbox 3338 4495 3430 4525; x_wconf 73' lang='lat'><strong>“&#39;9</strong></span> <span class='ocrx_word' id='word_1_709' title='bbox 3467 4493 3609 4549; x_wconf 85' lang='lat' dir='ltr'><strong>Con-</strong></span> 
     </span>
    </p>
   </div>
   <div class='ocr_carea' id='block_1_89' title="bbox 347 4559 3607 4635">
    <p class='ocr_par' dir='ltr' id='par_1_89' title="bbox 347 4559 3607 4635">
     <span class='ocr_line' id='line_1_89' title="bbox 347 4559 3607 4635; baseline -0.001 -14"><span class='ocrx_word' id='word_1_710' title='bbox 347 4575 430 4622; x_wconf 87' lang='lat' dir='ltr'><strong>tra</strong></span> <span class='ocrx_word' id='word_1_711' title='bbox 480 4559 836 4635; x_wconf 17' lang='lat' dir='ltr'><strong>hocg&#39;dicerq</strong></span> <span class='ocrx_word' id='word_1_712' title='bbox 867 4576 995 4635; x_wconf 65' lang='lat' dir='ltr'><strong>mss.</strong></span> <span class='ocrx_word' id='word_1_713' title='bbox 1031 4559 1186 4635; x_wconf 82' lang='lat' dir='ltr'><strong>_Gem.</strong></span> <span class='ocrx_word' id='word_1_714' title='bbox 1248 4559 1625 4635; x_wconf 52' lang='lat' dir='ltr'><strong>Vict;__Ciater.</strong></span> <span class='ocrx_word' id='word_1_715' title='bbox 1665 4572 1852 4619; x_wconf 86' lang='lat' dir='ltr'><strong>contra</strong></span> <span class='ocrx_word' id='word_1_716' title='bbox 1909 4566 2025 4622; x_wconf 71' lang='lat' dir='ltr'><strong>htec</strong></span> <span class='ocrx_word' id='word_1_717' title='bbox 2064 4567 2244 4635; x_wconf 78' lang='lat' dir='ltr'><strong>dicere</strong></span> <span class='ocrx_word' id='word_1_718' title='bbox 2286 4559 2407 4596; x_wconf 66' lang='grc'>”⁸³⁰</span> <span class='ocrx_word' id='word_1_719' title='bbox 2464 4559 2702 4635; x_wconf 82' lang='lat' dir='ltr'><strong>Singulis</strong></span> <span class='ocrx_word' id='word_1_720' title='bbox 2764 4563 2851 4616; x_wconf 86' lang='lat' dir='ltr'><strong>illa</strong></span> <span class='ocrx_word' id='word_1_721' title='bbox 2880 4559 3031 4635; x_wconf 52' lang='grc' dir='ltr'><strong>ηερε(</strong></span> <span class='ocrx_word' id='word_1_722' title='bbox 3072 4561 3257 4635; x_wconf 72' lang='lat' dir='ltr'><strong>Cistcr.</strong></span> <span class='ocrx_word' id='word_1_723' title='bbox 3319 4563 3607 4635; x_wconf 82' lang='lat' dir='ltr'><strong>singularis</strong></span> 
     </span>
    </p>
   </div>
   <div class='ocr_carea' id='block_1_90' title="bbox 347 4630 3612 4689">
    <p class='ocr_par' dir='ltr' id='par_1_90' title="bbox 347 4630 3612 4689">
     <span class='ocr_line' id='line_1_90' title="bbox 347 4630 3612 4689; baseline -0.001 0"><span class='ocrx_word' id='word_1_724' title='bbox 347 4636 438 4689; x_wconf 89' lang='lat' dir='ltr'><strong>illa</strong></span> <span class='ocrx_word' id='word_1_725' title='bbox 513 4631 605 4664; x_wconf 69' lang='grc'><strong>¹⁸³¹</strong></span> <span class='ocrx_word' id='word_1_726' title='bbox 661 4630 718 4685; x_wconf 91' lang='lat' dir='ltr'><strong>Si</strong></span> <span class='ocrx_word' id='word_1_727' title='bbox 769 4630 906 4685; x_wconf 86' lang='lat' dir='ltr'><strong>alius</strong></span> <span class='ocrx_word' id='word_1_728' title='bbox 955 4630 1078 4684; x_wconf 89' lang='lat' dir='ltr'><strong>inde</strong></span> <span class='ocrx_word' id='word_1_729' title='bbox 1119 4647 1226 4685; x_wconf 89' lang='lat' dir='ltr'><strong>non</strong></span> <span class='ocrx_word' id='word_1_730' title='bbox 1269 4632 1555 4687; x_wconf 89' lang='lat' dir='ltr'><strong>cecidisset</strong></span> <span class='ocrx_word' id='word_1_731' title='bbox 1597 4649 1722 4688; x_wconf 76' lang='lat' dir='ltr'><strong>mss.</strong></span> <span class='ocrx_word' id='word_1_732' title='bbox 1763 4645 1810 4687; x_wconf 86' lang='lat' dir='ltr'><strong>et</strong></span> <span class='ocrx_word' id='word_1_733' title='bbox 1869 4635 1997 4689; x_wconf 85' lang='lat' dir='ltr'><strong>edit.</strong></span> <span class='ocrx_word' id='word_1_734' title='bbox 2051 4633 2206 4689; x_wconf 75' lang='lat' dir='ltr'><strong>Galli.</strong></span> <span class='ocrx_word' id='word_1_735' title='bbox 2266 4635 2367 4689; x_wconf 89' lang='lat' dir='ltr'><strong>nisi</strong></span> <span class='ocrx_word' id='word_1_736' title='bbox 2423 4630 2589 4688; x_wconf 54' lang='lat' dir='ltr'><strong>alius_</strong></span> <span class='ocrx_word' id='word_1_737' title='bbox 2616 4634 2739 4686; x_wconf 90' lang='lat' dir='ltr'><strong>inde</strong></span> <span class='ocrx_word' id='word_1_738' title='bbox 2793 4633 3073 4687; x_wconf 88' lang='lat' dir='ltr'><strong>cecidisset</strong></span> <span class='ocrx_word' id='word_1_739' title='bbox 3147 4633 3239 4665; x_wconf 66' lang='lat' dir='ltr'><strong>m&#39;</strong></span> <span class='ocrx_word' id='word_1_740' title='bbox 3283 4635 3357 4689; x_wconf 87' lang='lat' dir='ltr'><strong>lta</strong></span> <span class='ocrx_word' id='word_1_741' title='bbox 3397 4630 3612 4688; x_wconf 69' lang='lat' dir='ltr'><strong>videtur</strong></span> 
     </span>
    </p>
   </div>
   <div class='ocr_carea' id='block_1_91' title="bbox 345 4700 624 4771">
    <p class='ocr_par' dir='ltr' id='par_1_91' title="bbox 345 4700 624 4771">
     <span class='ocr_line' id='line_1_91' title="bbox 345 4700 624 4771; baseline -0.014 -14"><span class='ocrx_word' id='word_1_742' title='bbox 345 4721 444 4757; x_wconf 75' lang='lat' dir='ltr'><strong>ms.</strong></span> <span class='ocrx_word' id='word_1_743' title='bbox 499 4700 624 4771; x_wconf 77' lang='lat' dir='ltr'><strong>July</strong></span> 
     </span>
    </p>
   </div>
   <div class='ocr_carea' id='block_1_92' title="bbox 345 4769 2289 4840">
    <p class='ocr_par' dir='ltr' id='par_1_92' title="bbox 345 4769 2289 4840">
     <span class='ocr_line' id='line_1_92' title="bbox 345 4769 2289 4840; baseline 0.001 -15"><span class='ocrx_word' id='word_1_744' title='bbox 345 4773 446 4806; x_wconf 70' lang='lat'><strong>““</strong></span> <span class='ocrx_word' id='word_1_745' title='bbox 507 4769 627 4825; x_wconf 79' lang='lat' dir='ltr'><strong>Non</strong></span> <span class='ocrx_word' id='word_1_746' title='bbox 689 4769 1470 4840; x_wconf 44' lang='lat' dir='ltr'><strong>sequitur“inconvenientia,</strong></span> <span class='ocrx_word' id='word_1_747' title='bbox 1525 4786 1685 4840; x_wconf 88' lang='lat' dir='ltr'><strong>quam</strong></span> <span class='ocrx_word' id='word_1_748' title='bbox 1735 4789 1858 4827; x_wconf 81' lang='lat' dir='ltr'><strong>mss.</strong></span> <span class='ocrx_word' id='word_1_749' title='bbox 1939 4775 2062 4829; x_wconf 85' lang='lat' dir='ltr'><strong>Bec.</strong></span> <span class='ocrx_word' id='word_1_750' title='bbox 2143 4772 2289 4826; x_wconf 83' lang='lat' dir='ltr'><strong>Gem.</strong></span> 
     </span>
    </p>
   </div>
   <div class='ocr_carea' id='block_1_93' title="bbox 670 4698 3609 4772">
    <p class='ocr_par' dir='ltr' id='par_1_93' title="bbox 670 4698 3609 4772">
     <span class='ocr_line' id='line_1_93' title="bbox 670 4698 3609 4772; baseline 0.001 -17"><span class='ocrx_word' id='word_1_751' title='bbox 670 4701 744 4756; x_wconf 89' lang='lat' dir='ltr'><strong>ita</strong></span> <span class='ocrx_word' id='word_1_752' title='bbox 793 4699 927 4772; x_wconf 87' lang='lat' dir='ltr'><strong>mihi</strong></span> <span class='ocrx_word' id='word_1_753' title='bbox 979 4698 1192 4772; x_wconf 79' lang='lat' dir='ltr'><strong>videtur</strong></span> <span class='ocrx_word' id='word_1_754' title='bbox 1264 4700 1570 4772; x_wconf 59' lang='lat' dir='ltr'><strong>W’Quam</strong></span> <span class='ocrx_word' id='word_1_755' title='bbox 1625 4701 1934 4758; x_wconf 82' lang='lat' dir='ltr'><strong>ceciderunt</strong></span> <span class='ocrx_word' id='word_1_756' title='bbox 1981 4721 2108 4760; x_wconf 79' lang='lat' dir='ltr'><strong>mss.</strong></span> <span class='ocrx_word' id='word_1_757' title='bbox 2161 4705 2280 4758; x_wconf 80' lang='lat' dir='ltr'><strong>Bcc.</strong></span> <span class='ocrx_word' id='word_1_758' title='bbox 2325 4701 2472 4772; x_wconf 73' lang='lat' dir='ltr'><strong>Gem.</strong></span> <span class='ocrx_word' id='word_1_759' title='bbox 2534 4701 2664 4756; x_wconf 89' lang='lat' dir='ltr'><strong>Vict.</strong></span> <span class='ocrx_word' id='word_1_760' title='bbox 2707 4710 2762 4755; x_wconf 88' lang='lat' dir='ltr'><strong>et</strong></span> <span class='ocrx_word' id='word_1_761' title='bbox 2800 4700 2938 4772; x_wconf 12' lang='lat' dir='ltr'><strong>iJoly</strong></span> <span class='ocrx_word' id='word_1_762' title='bbox 2976 4715 3135 4770; x_wconf 87' lang='lat' dir='ltr'><strong>quam</strong></span> <span class='ocrx_word' id='word_1_763' title='bbox 3171 4705 3261 4772; x_wconf 88' lang='lat' dir='ltr'><strong>qui</strong></span> <span class='ocrx_word' id='word_1_764' title='bbox 3301 4704 3609 4759; x_wconf 89' lang='lat' dir='ltr'><strong>ceciderunt</strong></span> 
     </span>
    </p>
   </div>
   <div class='ocr_carea' id='block_1_94' title="bbox 2369 4771 3611 4842">
    <p class='ocr_par' dir='ltr' id='par_1_94' title="bbox 2369 4771 3611 4842">
     <span class='ocr_line' id='line_1_94' title="bbox 2369 4771 3611 4842; baseline 0.002 -17"><span class='ocrx_word' id='word_1_765' title='bbox 2369 4771 2500 4842; x_wconf 85' lang='lat' dir='ltr'><strong>Vict.</strong></span> <span class='ocrx_word' id='word_1_766' title='bbox 2553 4772 2606 4825; x_wconf 75' lang='grc'>5.</span> <span class='ocrx_word' id='word_1_767' title='bbox 2667 4781 2717 4826; x_wconf 84' lang='lat' dir='ltr'><strong>et</strong></span> <span class='ocrx_word' id='word_1_768' title='bbox 2764 4771 2831 4825; x_wconf 80' lang='grc'>15</span> <span class='ocrx_word' id='word_1_769' title='bbox 2882 4787 2988 4825; x_wconf 89' lang='lat' dir='ltr'><strong>non</strong></span> <span class='ocrx_word' id='word_1_770' title='bbox 3037 4771 3297 4842; x_wconf 88' lang='lat' dir='ltr'><strong>sequatur</strong></span> <span class='ocrx_word' id='word_1_771' title='bbox 3359 4778 3611 4829; x_wconf 86' lang='lat' dir='ltr'><strong>inconve-</strong></span> 
     </span>
    </p>
   </div>
   <div class='ocr_carea' id='block_1_95' title="bbox 337 4836 3610 4914">
    <p class='ocr_par' dir='ltr' id='par_1_95' title="bbox 337 4836 3610 4914">
     <span class='ocr_line' id='line_1_95' title="bbox 337 4836 3610 4914; baseline 0.001 -18"><span class='ocrx_word' id='word_1_772' title='bbox 337 4842 546 4914; x_wconf 69' lang='lat' dir='ltr'><strong>nientia</strong></span> <span class='ocrx_word' id='word_1_773' title='bbox 574 4853 734 4909; x_wconf 88' lang='lat' dir='ltr'><strong>quam</strong></span> <span class='ocrx_word' id='word_1_774' title='bbox 765 4836 886 4914; x_wconf 69' lang='lat' dir='ltr'><strong>mss.</strong></span> <span class='ocrx_word' id='word_1_775' title='bbox 927 4836 1171 4914; x_wconf 35' lang='grc' dir='ltr'><strong>Περ-19.</strong></span> <span class='ocrx_word' id='word_1_776' title='bbox 1198 4855 1309 4914; x_wconf 85' lang='lat' dir='ltr'><strong>non</strong></span> <span class='ocrx_word' id='word_1_777' title='bbox 1331 4836 2034 4914; x_wconf 75' lang='lat' dir='ltr'><strong>sequeturinconvenientia</strong></span> <span class='ocrx_word' id='word_1_778' title='bbox 2059 4859 2220 4914; x_wconf 88' lang='lat' dir='ltr'><strong>quam</strong></span> <span class='ocrx_word' id='word_1_779' title='bbox 2241 4859 2340 4897; x_wconf 85' lang='lat' dir='ltr'><strong>ms.</strong></span> <span class='ocrx_word' id='word_1_780' title='bbox 2361 4841 2482 4914; x_wconf 69' lang='lat' dir='ltr'><strong>ngy</strong></span> <span class='ocrx_word' id='word_1_781' title='bbox 2509 4842 2595 4914; x_wconf 73' lang='lat' dir='ltr'><strong>illa</strong></span> <span class='ocrx_word' id='word_1_782' title='bbox 2613 4857 2720 4897; x_wconf 88' lang='lat' dir='ltr'><strong>non</strong></span> <span class='ocrx_word' id='word_1_783' title='bbox 2739 4850 2997 4914; x_wconf 68' lang='lat' dir='ltr'><strong>sequatur</strong></span> <span class='ocrx_word' id='word_1_784' title='bbox 3016 4836 3464 4905; x_wconf 80' lang='lat' dir='ltr'><strong>inconvenientia,</strong></span> <span class='ocrx_word' id='word_1_785' title='bbox 3489 4860 3610 4914; x_wconf 57' lang='lat' dir='ltr'><strong>quas</strong></span> 
     </span>
    </p>
   </div>
   <div class='ocr_carea' id='block_1_96' title="bbox 345 4905 3604 4982">
    <p class='ocr_par' dir='ltr' id='par_1_96' title="bbox 345 4905 3604 4982">
     <span class='ocr_line' id='line_1_96' title="bbox 345 4905 3604 4982; baseline -0 -15"><span class='ocrx_word' id='word_1_786' title='bbox 345 4911 438 4944; x_wconf 78' lang='lat'><strong>&quot;°&quot;</strong></span> <span class='ocrx_word' id='word_1_787' title='bbox 467 4905 814 4982; x_wconf 50' lang='lat' dir='ltr'><strong>Hoc&#39;tiegari</strong></span> <span class='ocrx_word' id='word_1_788' title='bbox 869 4923 966 4982; x_wconf 62' lang='lat' dir='ltr'><strong>ms.</strong></span> <span class='ocrx_word' id='word_1_789' title='bbox 1014 4905 1203 4982; x_wconf 56' lang='lat' dir='ltr'><strong>Cister.</strong></span> <span class='ocrx_word' id='word_1_790' title='bbox 1261 4910 1310 4964; x_wconf 89' lang='lat' dir='ltr'><strong>id</strong></span> <span class='ocrx_word' id='word_1_791' title='bbox 1336 4905 1517 4982; x_wconf 76' lang='lat' dir='ltr'><strong>negari</strong></span> <span class='ocrx_word' id='word_1_792' title='bbox 1593 4911 1684 4982; x_wconf 45' lang='grc'><strong>’8³⁸</strong></span> <span class='ocrx_word' id='word_1_793' title='bbox 1712 4913 1824 4966; x_wconf 92' lang='lat' dir='ltr'><strong>Hoc</strong></span> <span class='ocrx_word' id='word_1_794' title='bbox 1848 4905 2359 4968; x_wconf 66' lang='lat' dir='ltr'><strong>diﬁ&#39;erenilum’mss.</strong></span> <span class='ocrx_word' id='word_1_795' title='bbox 2395 4905 2518 4982; x_wconf 71' lang='grc' dir='ltr'><strong>Βξε.</strong></span> <span class='ocrx_word' id='word_1_796' title='bbox 2551 4910 2700 4982; x_wconf 76' lang='lat' dir='ltr'><strong>Gem.</strong></span> <span class='ocrx_word' id='word_1_797' title='bbox 2739 4905 2872 4982; x_wconf 66' lang='lat' dir='ltr'><strong>Vict.</strong></span> <span class='ocrx_word' id='word_1_798' title='bbox 2903 4911 3026 4982; x_wconf 82' lang='lat' dir='ltr'><strong>July</strong></span> <span class='ocrx_word' id='word_1_799' title='bbox 3056 4915 3224 4967; x_wconf 88' lang='lat' dir='ltr'><strong>omitt.</strong></span> <span class='ocrx_word' id='word_1_800' title='bbox 3247 4916 3350 4969; x_wconf 89' lang='lat' dir='ltr'><strong>hoc</strong></span> <span class='ocrx_word' id='word_1_801' title='bbox 3424 4905 3520 4947; x_wconf 61' lang='lat'><strong>“3&quot;</strong></span> <span class='ocrx_word' id='word_1_802' title='bbox 3543 4917 3604 4966; x_wconf 81' lang='grc' dir='ltr'>Α.</span> 
     </span>
    </p>
   </div>
   <div class='ocr_carea' id='block_1_97' title="bbox 344 4976 3606 5052">
    <p class='ocr_par' dir='ltr' id='par_1_97' title="bbox 344 4976 3606 5052">
     <span class='ocr_line' id='line_1_97' title="bbox 344 4976 3606 5052; baseline -0 -17"><span class='ocrx_word' id='word_1_803' title='bbox 344 4982 398 5035; x_wconf 91' lang='lat' dir='ltr'><strong>In</strong></span> <span class='ocrx_word' id='word_1_804' title='bbox 433 4976 1116 5052; x_wconf 60' lang='lat' dir='ltr'><strong>rationabiliritas._Bec._et</strong></span> <span class='ocrx_word' id='word_1_805' title='bbox 1149 4976 1298 5052; x_wconf 67' lang='lat' dir='ltr'><strong>Gem.</strong></span> <span class='ocrx_word' id='word_1_806' title='bbox 1333 4979 1385 5032; x_wconf 90' lang='lat' dir='ltr'><strong>in</strong></span> <span class='ocrx_word' id='word_1_807' title='bbox 1411 4976 1668 5052; x_wconf 72' lang='lat' dir='ltr'><strong>rationali</strong></span> <span class='ocrx_word' id='word_1_808' title='bbox 1743 4982 1834 5014; x_wconf 65' lang='lat'><strong>&quot;33</strong></span> <span class='ocrx_word' id='word_1_809' title='bbox 1867 4983 1932 5037; x_wconf 88' lang='lat' dir='ltr'><strong>Et</strong></span> <span class='ocrx_word' id='word_1_810' title='bbox 1961 4984 2064 5038; x_wconf 91' lang='lat' dir='ltr'><strong>hoc</strong></span> <span class='ocrx_word' id='word_1_811' title='bbox 2103 4984 2215 5052; x_wconf 88' lang='lat' dir='ltr'><strong>jam</strong></span> <span class='ocrx_word' id='word_1_812' title='bbox 2247 4998 2371 5035; x_wconf 80' lang='lat' dir='ltr'><strong>mss.</strong></span> <span class='ocrx_word' id='word_1_813' title='bbox 2413 4981 2546 5035; x_wconf 83' lang='lat' dir='ltr'><strong>Vict.</strong></span> <span class='ocrx_word' id='word_1_814' title='bbox 2577 4981 2725 5052; x_wconf 83' lang='lat' dir='ltr'><strong>Gem.</strong></span> <span class='ocrx_word' id='word_1_815' title='bbox 2775 4980 2896 5035; x_wconf 88' lang='lat' dir='ltr'><strong>Bec.</strong></span> <span class='ocrx_word' id='word_1_816' title='bbox 2947 4976 3048 5036; x_wconf 80' lang='lat' dir='ltr'><strong>hoc.</strong></span> <span class='ocrx_word' id='word_1_817' title='bbox 3083 4984 3246 5052; x_wconf 89' lang='lat' dir='ltr'><strong>etiam</strong></span> <span class='ocrx_word' id='word_1_818' title='bbox 3323 4985 3423 5052; x_wconf 54' lang='lat' dir='ltr'><strong>mf</strong></span> <span class='ocrx_word' id='word_1_819' title='bbox 3444 4984 3606 5037; x_wconf 76' lang='lat' dir='ltr'><strong>Exul—</strong></span> 
     </span>
    </p>
   </div>
   <div class='ocr_carea' id='block_1_98' title="bbox 343 5046 3602 5116">
    <p class='ocr_par' dir='ltr' id='par_1_98' title="bbox 343 5046 3602 5116">
     <span class='ocr_line' id='line_1_98' title="bbox 343 5046 3602 5116; baseline 0 -11"><span class='ocrx_word' id='word_1_820' title='bbox 343 5060 524 5104; x_wconf 89' lang='lat' dir='ltr'><strong>tantes</strong></span> <span class='ocrx_word' id='word_1_821' title='bbox 550 5046 676 5102; x_wconf 69' lang='lat' dir='ltr'><strong>inst.</strong></span> <span class='ocrx_word' id='word_1_822' title='bbox 710 5047 849 5102; x_wconf 83' lang='lat' dir='ltr'><strong>Vict.</strong></span> <span class='ocrx_word' id='word_1_823' title='bbox 885 5046 939 5101; x_wconf 80' lang='grc'>5.</span> <span class='ocrx_word' id='word_1_824' title='bbox 969 5055 1017 5116; x_wconf 86' lang='lat' dir='ltr'><strong>et</strong></span> <span class='ocrx_word' id='word_1_825' title='bbox 1043 5047 1128 5101; x_wconf 89' lang='lat'><strong>19.</strong></span> <span class='ocrx_word' id='word_1_826' title='bbox 1154 5047 1403 5116; x_wconf 62' lang='lat' dir='ltr'><strong>halantes</strong></span> <span class='ocrx_word' id='word_1_827' title='bbox 1475 5048 1568 5081; x_wconf 49' lang='grc' dir='ltr'><strong>’διο</strong></span> <span class='ocrx_word' id='word_1_828' title='bbox 1601 5050 1808 5116; x_wconf 89' lang='lat' dir='ltr'><strong>Dicam,</strong></span> <span class='ocrx_word' id='word_1_829' title='bbox 1840 5046 2339 5107; x_wconf 67' lang='lat' dir='ltr'><strong>transmufarentur</strong></span> <span class='ocrx_word' id='word_1_830' title='bbox 2378 5051 2860 5106; x_wconf 87' lang='lat' dir='ltr'><strong>immortalitatem.</strong></span> <span class='ocrx_word' id='word_1_831' title='bbox 2897 5068 3022 5106; x_wconf 74' lang='lat' dir='ltr'><strong>mss.</strong></span> <span class='ocrx_word' id='word_1_832' title='bbox 3049 5051 3197 5106; x_wconf 78' lang='lat' dir='ltr'><strong>Gem.</strong></span> <span class='ocrx_word' id='word_1_833' title='bbox 3225 5052 3343 5106; x_wconf 87' lang='lat' dir='ltr'><strong>Bec.</strong></span> <span class='ocrx_word' id='word_1_834' title='bbox 3389 5051 3516 5105; x_wconf 82' lang='lat' dir='ltr'><strong>Vict.</strong></span> <span class='ocrx_word' id='word_1_835' title='bbox 3549 5052 3602 5105; x_wconf 79' lang='grc'>5.</span> 
     </span>
    </p>
   </div>
   <div class='ocr_carea' id='block_1_99' title="bbox 338 5115 3606 5191">
    <p class='ocr_par' dir='ltr' id='par_1_99' title="bbox 338 5115 3606 5191">
     <span class='ocr_line' id='line_1_99' title="bbox 338 5115 3606 5191; baseline 0 -16"><span class='ocrx_word' id='word_1_836' title='bbox 338 5133 389 5174; x_wconf 85' lang='lat' dir='ltr'><strong>et</strong></span> <span class='ocrx_word' id='word_1_837' title='bbox 422 5120 512 5191; x_wconf 75' lang='lat'><strong>1&#39;5.</strong></span> <span class='ocrx_word' id='word_1_838' title='bbox 544 5117 605 5174; x_wconf 89' lang='lat' dir='ltr'><strong>S.</strong></span> <span class='ocrx_word' id='word_1_839' title='bbox 637 5116 799 5191; x_wconf 58' lang='lat' dir='ltr'><strong>Mjch.</strong></span> <span class='ocrx_word' id='word_1_840' title='bbox 832 5127 879 5191; x_wconf 89' lang='lat' dir='ltr'><strong>e_t</strong></span> <span class='ocrx_word' id='word_1_841' title='bbox 935 5115 1095 5191; x_wconf 72' lang='lat' dir='ltr'><strong>editio</strong></span> <span class='ocrx_word' id='word_1_842' title='bbox 1135 5115 1353 5191; x_wconf 66' lang='lat' dir='ltr'><strong>Gothico</strong></span> <span class='ocrx_word' id='word_1_843' title='bbox 1390 5118 1596 5191; x_wconf 22' lang='lat' dir='ltr'><strong>Adicam</strong></span> <span class='ocrx_word' id='word_1_844' title='bbox 1625 5115 1989 5191; x_wconf 74' lang='lat' dir='ltr'><strong>immortalem</strong></span> <span class='ocrx_word' id='word_1_845' title='bbox 2023 5121 3005 5191; x_wconf 37' lang='lat' dir='ltr'><strong>immortalitatemutransmutarentur</strong></span> <span class='ocrx_word' id='word_1_846' title='bbox 3075 5121 3168 5154; x_wconf 73' lang='grc'><strong>⁸⁸⁸⁸</strong></span> <span class='ocrx_word' id='word_1_847' title='bbox 3196 5123 3319 5189; x_wconf 92' lang='lat' dir='ltr'><strong>quia</strong></span> <span class='ocrx_word' id='word_1_848' title='bbox 3353 5133 3606 5191; x_wconf 86' lang='lat' dir='ltr'><strong>poterant</strong></span> 
     </span>
    </p>
   </div>
   <div class='ocr_carea' id='block_1_100' title="bbox 341 5183 3600 5261">
    <p class='ocr_par' dir='ltr' id='par_1_100' title="bbox 341 5183 3600 5261">
     <span class='ocr_line' id='line_1_100' title="bbox 341 5183 3600 5261; baseline 0.001 -18"><span class='ocrx_word' id='word_1_849' title='bbox 341 5190 635 5261; x_wconf 11' lang='lat' dir='ltr'><strong>moriyniss.</strong></span> <span class='ocrx_word' id='word_1_850' title='bbox 661 5183 808 5261; x_wconf 67' lang='lat' dir='ltr'><strong>Geni.</strong></span> <span class='ocrx_word' id='word_1_851' title='bbox 835 5185 961 5261; x_wconf 74' lang='lat' dir='ltr'><strong>Bec.</strong></span> <span class='ocrx_word' id='word_1_852' title='bbox 993 5183 1139 5256; x_wconf 79' lang='lat' dir='ltr'><strong>Joly,</strong></span> <span class='ocrx_word' id='word_1_853' title='bbox 1177 5186 1239 5241; x_wconf 89' lang='lat' dir='ltr'><strong>S.</strong></span> <span class='ocrx_word' id='word_1_854' title='bbox 1270 5185 1432 5240; x_wconf 82' lang='lat' dir='ltr'><strong>Miclt.</strong></span> <span class='ocrx_word' id='word_1_855' title='bbox 1468 5185 1725 5261; x_wconf 80' lang='lat' dir='ltr'><strong>_Vict.13_.</strong></span> <span class='ocrx_word' id='word_1_856' title='bbox 1753 5191 1894 5261; x_wconf 7' lang='lat' dir='ltr'><strong>quia,</strong></span> <span class='ocrx_word' id='word_1_857' title='bbox 1907 5200 2122 5261; x_wconf 85' lang='lat' dir='ltr'><strong>poterat</strong></span> <span class='ocrx_word' id='word_1_858' title='bbox 2154 5193 2290 5248; x_wconf 91' lang='lat' dir='ltr'><strong>mori</strong></span> <span class='ocrx_word' id='word_1_859' title='bbox 2318 5208 2442 5246; x_wconf 75' lang='lat' dir='ltr'><strong>mss.</strong></span> <span class='ocrx_word' id='word_1_860' title='bbox 2477 5189 2611 5246; x_wconf 84' lang='lat' dir='ltr'><strong>Vict.</strong></span> <span class='ocrx_word' id='word_1_861' title='bbox 2640 5194 2696 5247; x_wconf 79' lang='lat'><strong>3.</strong></span> <span class='ocrx_word' id='word_1_862' title='bbox 2737 5191 3058 5261; x_wconf 76' lang='lat' dir='ltr'><strong>et19.quia</strong></span> <span class='ocrx_word' id='word_1_863' title='bbox 3089 5206 3193 5246; x_wconf 92' lang='lat' dir='ltr'><strong>non</strong></span> <span class='ocrx_word' id='word_1_864' title='bbox 3215 5183 3438 5261; x_wconf 76' lang='lat' dir='ltr'><strong>poterat</strong></span> <span class='ocrx_word' id='word_1_865' title='bbox 3465 5194 3600 5246; x_wconf 87' lang='lat' dir='ltr'><strong>mori</strong></span> 
     </span>
    </p>
   </div>
   <div class='ocr_carea' id='block_1_101' title="bbox 341 5257 3604 5330">
    <p class='ocr_par' dir='ltr' id='par_1_101' title="bbox 341 5257 3604 5330">
     <span class='ocr_line' id='line_1_101' title="bbox 341 5257 3604 5330; baseline 0 -16"><span class='ocrx_word' id='word_1_866' title='bbox 341 5257 439 5292; x_wconf 71' lang='grc'>³⁸⁸³</span> <span class='ocrx_word' id='word_1_867' title='bbox 480 5257 863 5330; x_wconf 79' lang='lat' dir='ltr'><strong>Scilicet__ips_i</strong></span> <span class='ocrx_word' id='word_1_868' title='bbox 921 5271 1042 5330; x_wconf 68' lang='lat' dir='ltr'><strong>non</strong></span> <span class='ocrx_word' id='word_1_869' title='bbox 1076 5257 1497 5330; x_wconf 86' lang='lat' dir='ltr'><strong>possent__mori_</strong></span> <span class='ocrx_word' id='word_1_870' title='bbox 1520 5274 1649 5330; x_wconf 74' lang='lat' dir='ltr'><strong>pm.</strong></span> <span class='ocrx_word' id='word_1_871' title='bbox 1679 5257 1832 5330; x_wconf 65' lang='lat' dir='ltr'><strong>eam.</strong></span> <span class='ocrx_word' id='word_1_872' title='bbox 1861 5257 1986 5316; x_wconf 78' lang='lat' dir='ltr'><strong>Bec.</strong></span> <span class='ocrx_word' id='word_1_873' title='bbox 2025 5261 2087 5318; x_wconf 88' lang='lat' dir='ltr'><strong>S.</strong></span> <span class='ocrx_word' id='word_1_874' title='bbox 2123 5263 2283 5316; x_wconf 78' lang='lat' dir='ltr'><strong>Mich.</strong></span> <span class='ocrx_word' id='word_1_875' title='bbox 2316 5262 2503 5316; x_wconf 82' lang='lat' dir='ltr'><strong>Cistcr.</strong></span> <span class='ocrx_word' id='word_1_876' title='bbox 2545 5261 2682 5316; x_wconf 88' lang='lat' dir='ltr'><strong>Vict.</strong></span> <span class='ocrx_word' id='word_1_877' title='bbox 2730 5259 2818 5314; x_wconf 78' lang='grc'>15.</span> <span class='ocrx_word' id='word_1_878' title='bbox 2851 5257 3058 5315; x_wconf 82' lang='lat' dir='ltr'><strong>scilicet</strong></span> <span class='ocrx_word' id='word_1_879' title='bbox 3085 5263 3184 5330; x_wconf 88' lang='lat' dir='ltr'><strong>ipsi</strong></span> <span class='ocrx_word' id='word_1_880' title='bbox 3224 5257 3340 5330; x_wconf 64' lang='lat' dir='ltr'><strong>&#39;non</strong></span> <span class='ocrx_word' id='word_1_881' title='bbox 3386 5272 3604 5330; x_wconf 86' lang='lat' dir='ltr'><strong>possent</strong></span> 
     </span>
    </p>
   </div>
   <div class='ocr_carea' id='block_1_102' title="bbox 341 5325 790 5384">
    <p class='ocr_par' dir='ltr' id='par_1_102' title="bbox 341 5325 790 5384">
     <span class='ocr_line' id='line_1_102' title="bbox 341 5325 790 5384; baseline -0.007 0"><span class='ocrx_word' id='word_1_882' title='bbox 341 5344 452 5384; x_wconf 81' lang='lat' dir='ltr'><strong>non</strong></span> <span class='ocrx_word' id='word_1_883' title='bbox 477 5327 616 5382; x_wconf 89' lang='lat' dir='ltr'><strong>mori</strong></span> <span class='ocrx_word' id='word_1_884' title='bbox 694 5325 790 5358; x_wconf 66' lang='grc'><strong>⁸⁸⁸³</strong></span> 
     </span>
    </p>
   </div>
   <div class='ocr_carea' id='block_1_103' title="bbox 341 5393 1137 5466">
    <p class='ocr_par' dir='ltr' id='par_1_103' title="bbox 341 5393 1137 5466">
     <span class='ocr_line' id='line_1_103' title="bbox 341 5393 1137 5466; baseline -0.006 -13"><span class='ocrx_word' id='word_1_885' title='bbox 341 5397 967 5466; x_wconf 42' lang='grc' dir='ltr'>εἱὺὶιθιῃιιιιεμῐιιιιιιςειιη</span> <span class='ocrx_word' id='word_1_886' title='bbox 1014 5393 1137 5466; x_wconf 66' lang='lat'><strong>_&#39;“_&#39;</strong></span> 
     </span>
    </p>
   </div>
   <div class='ocr_carea' id='block_1_104' title="bbox 818 5323 3602 5400">
    <p class='ocr_par' dir='ltr' id='par_1_104' title="bbox 818 5323 3602 5400">
     <span class='ocr_line' id='line_1_104' title="bbox 818 5323 3602 5400; baseline 0.001 -20"><span class='ocrx_word' id='word_1_887' title='bbox 818 5325 973 5392; x_wconf 84' lang='lat' dir='ltr'><strong>Quod</strong></span> <span class='ocrx_word' id='word_1_888' title='bbox 999 5324 1148 5400; x_wconf 74' lang='lat' dir='ltr'><strong>siita</strong></span> <span class='ocrx_word' id='word_1_889' title='bbox 1180 5341 1275 5400; x_wconf 62' lang='lat' dir='ltr'><strong>ins.</strong></span> <span class='ocrx_word' id='word_1_890' title='bbox 1310 5323 1445 5400; x_wconf 75' lang='lat' dir='ltr'><strong>Vict.</strong></span> <span class='ocrx_word' id='word_1_891' title='bbox 1477 5326 1566 5382; x_wconf 90' lang='lat'><strong>19.</strong></span> <span class='ocrx_word' id='word_1_892' title='bbox 1595 5329 1688 5382; x_wconf 89' lang='lat' dir='ltr'><strong>sed</strong></span> <span class='ocrx_word' id='word_1_893' title='bbox 1719 5330 1764 5384; x_wconf 93' lang='lat' dir='ltr'><strong>si</strong></span> <span class='ocrx_word' id='word_1_894' title='bbox 1796 5329 1868 5384; x_wconf 82' lang='lat' dir='ltr'><strong>ita</strong></span> <span class='ocrx_word' id='word_1_895' title='bbox 1944 5331 2038 5371; x_wconf 65' lang='grc'>³⁸⁸⁵</span> <span class='ocrx_word' id='word_1_896' title='bbox 2069 5331 2502 5400; x_wconf 87' lang='lat' dir='ltr'><strong>Sensibilemque</strong></span> <span class='ocrx_word' id='word_1_897' title='bbox 2531 5341 2785 5396; x_wconf 84' lang='lat' dir='ltr'><strong>naturam</strong></span> <span class='ocrx_word' id='word_1_898' title='bbox 2823 5345 2951 5400; x_wconf 78' lang='lat' dir='ltr'><strong>mss.</strong></span> <span class='ocrx_word' id='word_1_899' title='bbox 2971 5339 3032 5400; x_wconf 82' lang='lat' dir='ltr'><strong>et</strong></span> <span class='ocrx_word' id='word_1_900' title='bbox 3072 5323 3197 5384; x_wconf 69' lang='lat' dir='ltr'><strong>citit.</strong></span> <span class='ocrx_word' id='word_1_901' title='bbox 3222 5323 3602 5387; x_wconf 51' lang='lat' dir='ltr'><strong>GothIinsen-</strong></span> 
     </span>
    </p>
   </div>
   <div class='ocr_carea' id='block_1_105' title="bbox 1179 5395 3598 5474">
    <p class='ocr_par' dir='ltr' id='par_1_105' title="bbox 1179 5395 3598 5474">
     <span class='ocr_line' id='line_1_105' title="bbox 1179 5395 3598 5474; baseline 0.004 -26"><span class='ocrx_word' id='word_1_902' title='bbox 1179 5395 1405 5474; x_wconf 67' lang='lat' dir='ltr'><strong>Quando</strong></span> <span class='ocrx_word' id='word_1_903' title='bbox 1451 5410 1771 5474; x_wconf 68' lang='lat' dir='ltr'><strong>corpoream</strong></span> <span class='ocrx_word' id='word_1_904' title='bbox 1799 5417 1898 5454; x_wconf 79' lang='lat' dir='ltr'><strong>nis.</strong></span> <span class='ocrx_word' id='word_1_905' title='bbox 1943 5400 2070 5474; x_wconf 70' lang='lat' dir='ltr'><strong>Joly</strong></span> <span class='ocrx_word' id='word_1_906' title='bbox 2118 5400 2373 5474; x_wconf 82' lang='lat' dir='ltr'><strong>quoniam</strong></span> <span class='ocrx_word' id='word_1_907' title='bbox 2414 5395 2740 5474; x_wconf 67' lang='lat' dir='ltr'><strong>corpoream</strong></span> <span class='ocrx_word' id='word_1_908' title='bbox 2816 5398 3125 5474; x_wconf 27' lang='lat' dir='ltr'><strong>’“‘_._&#39;tleli‘us</strong></span> <span class='ocrx_word' id='word_1_909' title='bbox 3152 5401 3436 5474; x_wconf 76' lang='lat' dir='ltr'><strong>innovaret</strong></span> <span class='ocrx_word' id='word_1_910' title='bbox 3471 5417 3598 5474; x_wconf 55' lang='lat' dir='ltr'><strong>mssj</strong></span> 
     </span>
    </p>
   </div>
   <div class='ocr_carea' id='block_1_106' title="bbox 341 5462 3602 5534">
    <p class='ocr_par' dir='ltr' id='par_1_106' title="bbox 341 5462 3602 5534">
     <span class='ocr_line' id='line_1_106' title="bbox 341 5462 3602 5534; baseline 0.001 -14"><span class='ocrx_word' id='word_1_911' title='bbox 341 5465 492 5522; x_wconf 82' lang='lat' dir='ltr'><strong>Gem.</strong></span> <span class='ocrx_word' id='word_1_912' title='bbox 513 5462 639 5521; x_wconf 69' lang='lat' dir='ltr'><strong>Bic.</strong></span> <span class='ocrx_word' id='word_1_913' title='bbox 674 5464 811 5520; x_wconf 86' lang='lat' dir='ltr'><strong>Vict.</strong></span> <span class='ocrx_word' id='word_1_914' title='bbox 829 5463 974 5534; x_wconf 79' lang='lat' dir='ltr'><strong>Joly,</strong></span> <span class='ocrx_word' id='word_1_915' title='bbox 1002 5462 1062 5534; x_wconf 83' lang='lat' dir='ltr'><strong>S.</strong></span> <span class='ocrx_word' id='word_1_916' title='bbox 1095 5462 1339 5534; x_wconf 61' lang='grc' dir='ltr'><strong>ΜίσΙιξίη</strong></span> <span class='ocrx_word' id='word_1_917' title='bbox 1363 5462 1565 5520; x_wconf 80' lang='lat' dir='ltr'><strong>melius</strong></span> <span class='ocrx_word' id='word_1_918' title='bbox 1587 5476 1817 5524; x_wconf 90' lang='lat' dir='ltr'><strong>mutaret</strong></span> <span class='ocrx_word' id='word_1_919' title='bbox 1847 5487 1944 5523; x_wconf 81' lang='lat' dir='ltr'><strong>ms.</strong></span> <span class='ocrx_word' id='word_1_920' title='bbox 1968 5462 2156 5526; x_wconf 63' lang='lat' dir='ltr'><strong>Cistch</strong></span> <span class='ocrx_word' id='word_1_921' title='bbox 2181 5486 2246 5526; x_wconf 90' lang='lat' dir='ltr'><strong>ac</strong></span> <span class='ocrx_word' id='word_1_922' title='bbox 2274 5470 2327 5524; x_wconf 92' lang='lat' dir='ltr'><strong>in</strong></span> <span class='ocrx_word' id='word_1_923' title='bbox 2353 5462 2542 5526; x_wconf 74' lang='lat' dir='ltr'><strong>melius</strong></span> <span class='ocrx_word' id='word_1_924' title='bbox 2563 5472 2847 5526; x_wconf 81' lang='lat' dir='ltr'><strong>innovaret</strong></span> <span class='ocrx_word' id='word_1_925' title='bbox 2918 5467 3008 5500; x_wconf 69' lang='grc'>³⁸⁵⁷</span> <span class='ocrx_word' id='word_1_926' title='bbox 3039 5470 3120 5523; x_wconf 84' lang='lat' dir='ltr'><strong>Ad</strong></span> <span class='ocrx_word' id='word_1_927' title='bbox 3145 5470 3390 5525; x_wconf 81' lang='lat' dir='ltr'><strong>eamdem</strong></span> <span class='ocrx_word' id='word_1_928' title='bbox 3419 5473 3602 5525; x_wconf 66' lang='lat' dir='ltr'><strong>muniti</strong></span> 
     </span>
    </p>
   </div>
   <div class='ocr_carea' id='block_1_107' title="bbox 341 5533 3600 5605">
    <p class='ocr_par' dir='ltr' id='par_1_107' title="bbox 341 5533 3600 5605">
     <span class='ocr_line' id='line_1_107' title="bbox 341 5533 3600 5605; baseline 0.002 -17"><span class='ocrx_word' id='word_1_929' title='bbox 341 5553 445 5592; x_wconf 75' lang='lat' dir='ltr'><strong>ms.</strong></span> <span class='ocrx_word' id='word_1_930' title='bbox 467 5535 592 5605; x_wconf 73' lang='lat' dir='ltr'><strong>1on</strong></span> <span class='ocrx_word' id='word_1_931' title='bbox 620 5535 690 5590; x_wconf 87' lang='lat' dir='ltr'><strong>ad</strong></span> <span class='ocrx_word' id='word_1_932' title='bbox 719 5549 840 5590; x_wconf 89' lang='lat' dir='ltr'><strong>eam</strong></span> <span class='ocrx_word' id='word_1_933' title='bbox 855 5533 1054 5605; x_wconf 79' lang='lat' dir='ltr'><strong>mundi</strong></span> <span class='ocrx_word' id='word_1_934' title='bbox 1125 5533 1219 5605; x_wconf 57' lang='lat' dir='ltr'><strong>&quot;f3</strong></span> <span class='ocrx_word' id='word_1_935' title='bbox 1234 5533 1516 5605; x_wconf 64' lang='lat' dir='ltr'><strong>Renovare</strong></span> <span class='ocrx_word' id='word_1_936' title='bbox 1541 5544 1595 5588; x_wconf 90' lang='lat' dir='ltr'><strong>et</strong></span> <span class='ocrx_word' id='word_1_937' title='bbox 1620 5552 1718 5590; x_wconf 80' lang='lat' dir='ltr'><strong>ms.</strong></span> <span class='ocrx_word' id='word_1_938' title='bbox 1749 5536 1880 5592; x_wconf 84' lang='lat' dir='ltr'><strong>Vict.</strong></span> <span class='ocrx_word' id='word_1_939' title='bbox 1900 5540 1987 5593; x_wconf 89' lang='lat'><strong>19.</strong></span> <span class='ocrx_word' id='word_1_940' title='bbox 2014 5549 2300 5596; x_wconf 82' lang='lat' dir='ltr'><strong>renovaret</strong></span> <span class='ocrx_word' id='word_1_941' title='bbox 2331 5549 2387 5595; x_wconf 90' lang='lat' dir='ltr'><strong>et</strong></span> <span class='ocrx_word' id='word_1_942' title='bbox 2458 5541 2553 5572; x_wconf 75' lang='lat'><strong>’“’</strong></span> <span class='ocrx_word' id='word_1_943' title='bbox 2573 5538 2988 5594; x_wconf 78' lang='lat' dir='ltr'><strong>lnstitueritms.</strong></span> <span class='ocrx_word' id='word_1_944' title='bbox 3007 5535 3066 5593; x_wconf 90' lang='lat' dir='ltr'><strong>S.</strong></span> <span class='ocrx_word' id='word_1_945' title='bbox 3095 5537 3256 5593; x_wconf 79' lang='lat' dir='ltr'><strong>Mich.</strong></span> <span class='ocrx_word' id='word_1_946' title='bbox 3289 5541 3600 5597; x_wconf 80' lang='lat' dir='ltr'><strong>instituerat</strong></span> 
     </span>
    </p>
   </div>
   <div class='ocr_carea' id='block_1_108' title="bbox 341 5601 2829 5680">
    <p class='ocr_par' dir='ltr' id='par_1_108' title="bbox 341 5601 2829 5680">
     <span class='ocr_line' id='line_1_108' title="bbox 341 5601 2829 5680; baseline 0 -20"><span class='ocrx_word' id='word_1_947' title='bbox 341 5605 438 5638; x_wconf 77' lang='lat'><strong>’“°</strong></span> <span class='ocrx_word' id='word_1_948' title='bbox 488 5601 782 5676; x_wconf 79' lang='lat' dir='ltr'><strong>oporteret</strong></span> <span class='ocrx_word' id='word_1_949' title='bbox 842 5604 958 5658; x_wconf 90' lang='lat' dir='ltr'><strong>ﬁeri</strong></span> <span class='ocrx_word' id='word_1_950' title='bbox 989 5619 1114 5658; x_wconf 78' lang='lat' dir='ltr'><strong>mss.</strong></span> <span class='ocrx_word' id='word_1_951' title='bbox 1167 5601 1292 5673; x_wconf 79' lang='lat' dir='ltr'><strong>Joly</strong></span> <span class='ocrx_word' id='word_1_952' title='bbox 1333 5601 1468 5657; x_wconf 79' lang='lat' dir='ltr'><strong>Vict.</strong></span> <span class='ocrx_word' id='word_1_953' title='bbox 1518 5605 1604 5659; x_wconf 77' lang='lat'><strong>15.</strong></span> <span class='ocrx_word' id='word_1_954' title='bbox 1633 5617 1844 5674; x_wconf 86' lang='lat' dir='ltr'><strong>oportet</strong></span> <span class='ocrx_word' id='word_1_955' title='bbox 1876 5607 1988 5665; x_wconf 90' lang='lat' dir='ltr'><strong>ﬁeri</strong></span> <span class='ocrx_word' id='word_1_956' title='bbox 2018 5626 2111 5664; x_wconf 83' lang='lat' dir='ltr'><strong>ms.</strong></span> <span class='ocrx_word' id='word_1_957' title='bbox 2153 5609 2284 5665; x_wconf 84' lang='lat' dir='ltr'><strong>Vict.</strong></span> <span class='ocrx_word' id='word_1_958' title='bbox 2317 5611 2402 5665; x_wconf 77' lang='grc'>15.</span> <span class='ocrx_word' id='word_1_959' title='bbox 2440 5618 2686 5680; x_wconf 77' lang='lat' dir='ltr'><strong>Oporteat</strong></span> <span class='ocrx_word' id='word_1_960' title='bbox 2717 5607 2829 5661; x_wconf 88' lang='lat' dir='ltr'><strong>ﬁeri</strong></span> 
     </span>
    </p>
   </div>
  </div>
