3926 6054
399 239 506 297 589

1489 307 1491 309 ι
1561 237 1700 294 CUR
1737 237 1912 292 DEUS
1952 236 2161 293 HOMO.
2205 266 2270 276 -—
2307 236 2436 292 LIB.
2479 237 2518 292 Ι.

3549 252 3654 308 590

399 360 704 419 ventatem,
751 350 848 407 Dei
879 352 1128 419 nuntius,
1159 353 1210 408 id
1246 359 1350 418 est,
1373 350 1594 420 angelus
1609 350 1725 418 ejus
1747 360 1830 404 est
1854 350 1967 399 *⁸⁷⁵-
2008 353 2048 406 Α
2082 347 2182 400 bus
2209 347 2450 417 auge-'05.
2475 347 2565 416 qui
2607 349 2936 415 εεεὶίίοναηι,
2972 361 3326 412 restauraret.
3369 358 3494 416 Bos.
3524 366 3657 422 Cer-

398 445 464 500 Et
485 443 530 498 si
559 442 733 497 malus
762 442 927 498 homo
954 443 1153 498 dicitur
1195 442 1461 503 diabolus.
1519 442 1662 496 sicut
1715 442 1780 496 de
1833 441 1970 496 Juda

397 535 527 590 dicit
550 533 810 589 Dominus
857 543 1079 605 propter
1124 533 1533 590 similitudinem
1580 533 1820 600 malitiae,
1875 549 1974 588 cur

398 639 504 677 non
552 624 717 678 etiam
746 623 922 678 bonus
971 623 1066 657 "7'
1122 624 1286 678 homo
1336 607 1549 678 dicetur
1597 622 1821 694 angelus
1855 622 1969 686 "7‘,

396 716 614 775 propter
665 707 1031 763 imitationem
1059 707 1334 777 justitiaa?
1366 709 1546 775 Quare
1576 725 1882 779 possumus,
1913 718 1970 764 ut

396 809 524 868 puto
549 799 668 863 ⁸⁸⁷⁷.
706 799 890 856 dicere
920 800 1088 855 Deum
1141 801 1491 856 constituisse
1525 804 1772 855 terminos
1803 817 1969 870 popa-

397 891 586 956 lorum,
611 891 772 960 juxta
811 907 1087 947 numerum
1139 893 1432 962 electorum
1479 893 1799 947 hominum:
1847 893 1972 962 quia

400 983 580 1037 tandiu
604 991 765 1037 erunt
785 983 990 1054 populi,
1017 989 1071 1038 et
1093 983 1198 1038 erit
1219 984 1274 1038 in
1300 985 1402 1039 hoc
1425 982 1626 1038 mundo
1689 983 1970 1038 hominum

398 1074 699 1143 procreatio
718 1073 838 1138 ³⁸⁷⁸.
863 1073 1034 1129 donec
1059 1091 1317 1130 nmnerus
1337 1075 1650 1130 eorumdem
1675 1071 1970 1130 electorum

398 1164 674 1219 hominum
717 1165 812 1197 'm
834 1165 1168 1236 compleatur
1196 1174 1290 1232 ;et
1314 1179 1380 1220 eo
1423 1164 1690 1234 completo
1737 1165 1974 1220 cessabit

398 1253 676 1308 hominum
692 1253 784 1288 "3‘
798 1256 1091 1326 generatio,
1123 1271 1242 1325 quae
1267 1254 1326 1309 lit
1351 1255 1404 1310 in
1428 1256 1530 1310 hac
1559 1255 1692 1310 vita.
1717 1253 1786 1310 At
1806 1255 1848 1308 si
1879 1267 1974 1323 per

398 1345 617 1416 angelos
635 1345 752 1411 Dei,
779 1347 1126 1417 intelligimus
1144 1355 1362 1404 sanctos
1384 1347 1606 1417 angelos
1633 1357 1840 1401 tantum
1875 1387 1889 1409 ,
1920 1354 1976 1400 et

396 1449 493 1506 per
507 1435 646 1490 ﬁlios
661 1435 862 1500 -lsrael,
882 1438 1254 1492 tantummodo
1271 1435 1447 1505 justos
1469 1437 1737 1501 homines,
1767 1436 1975 1490 duobus

398 1526 570 1581 modis
594 1525 818 1597 intelligi
842 1536 1019 1597 potest
1038 1530 1163 1598 quia
1180 1529 1445 1582 constituit
1465 1528 1602 1582 Deus
1624 1529 1869 1582 terminos
1884 1543 1976 1597 po-

396 1616 642 1685 pulorum
679 1618 841 1687 juxta
894 1633 1169 1672 numerum
1200 1619 1517 1688 angelorum
1544 1618 1640 1672 Dei
1674 1634 1688 1683 ;
1721 1627 1815 1671 aut
1848 1617 1973 1686 quia

2079 447 2188 492 tum
2221 451 2322 494 est.
2351 442 2479 494 Ans.
2523 439 2685 494 Tales
2734 455 2862 510 ergo
2909 454 3121 512 oportet
3169 462 3288 502 esse
3322 450 3570 511 homines
3597 459 3653 514 in

2081 530 2170 585 illa
2199 532 2417 586 civitate
2437 547 2687 601 superna,
2721 533 2812 600 qui
2841 547 2940 602 pro
2973 537 3178 607 angelis
3223 540 3275 595 in
3330 542 3474 599 illam
3501 563 3656 604 assu-

2077 634 2335 690 mentur,
2390 625 2576 694 quales
2630 624 2710 679 illi
2761 625 2928 682 futuri
2952 627 3046 660 “9'
3076 629 3149 686 ibi
3185 644 3362 699 erant,
3397 652 3494 705 pro
3538 639 3658 709 qni-

2076 717 2176 773 bus
2207 718 2404 772 ibidem
2432 726 2612 783 erunt,
2660 716 2715 771 id
2765 727 2870 783 est,
2927 721 3118 789 quales
3167 740 3309 780 nunc
3359 738 3485 782 sunt
3530 731 3654 785 boni

2077 810 2252 877 angeli
2284 827 2299 874 ;
2331 810 2566 878 alioquin
2598 824 2710 862 non
2747 820 2906 864 erunt
2955 815 3249 870 restaurati
3305 818 3397 887 qni
3444 821 3657 882 cecide-

2080 909 2331 955 ruut:et
2373 912 2630 970 sequetur
2654 905 2781 974 quia
2830 905 2924 937 ““
2976 906 3116 960 Deus
3146 922 3240 962 aut
3306 924 3412 962 non
3458 912 3657 980 poterit

2073 990 2332 1060 perﬁcere
2357 992 2564 1058 bonum
2610 996 2754 1064 quod
2788 995 3034 1066 incmpit,
3088 1007 3182 1051 aut
3221 999 3500 1066 paenitebit
3526 1015 3654 1055 eum

2079 1090 2287 1136 tantum
2316 1081 2514 1137 bonum
2545 1083 2844 1154 iuccepisse,
2872 1104 2885 1139 :
2913 1079 3035 1156 quae
3079 1088 3186 1142 duo
3232 1075 3464 1160 absurda
3501 1078 3651 1144 sunt.

2074 1171 2196 1226 Bos.
2247 1172 2383 1226 Vere
2437 1183 2650 1242 Oportet
2713 1175 2920 1250 ut?"
2970 1176 3225 1249 aequales
3261 1178 3370 1232 sint
3409 1173 3653 1237 honines

2073 1260 2229 1315 bonis
2283 1261 2502 1332 angelis.
2542 1264 2668 1319 Ans.
2699 1263 2832 1319 Boni
2876 1265 3051 1342 angeli
3091 1251 3414 1338 unquamne
3462 1251 3654 1342 pecca—

2074 1353 2322 1407 verunt?
2385 1352 2508 1408 Bos.
2557 1353 2696 1409 Non.
2751 1357 2880 1412 ΑΜ.
2936 1357 3170 1420 Potesne
3236 1345 3478 1431 cogitare
3511 1351 3654 1431 quod

2076 1441 2258 1507 homo,
2289 1443 2384 1513 qui
2416 1443 2708 1513 aliquando
2773 1448 3042 1514 peccavit,
3099 1463 3200 1504 nec
3246 1465 3484 1520 unquam
3543 1451 3653 1507 Deo

2075 1545 2175 1600 pro
2204 1539 2424 1600 peccato
2443 1546 2543 1587 suo
2572 1533 2839 1589 satisfecit
2860 1535 2974 1600 “",
2999 1539 3092 1592 sed
3122 1547 3332 1592 tantum
3358 1539 3654 1610 impunitus

2078 1621 2385 1686 dimittitur,
2423 1622 2647 1692 aequalis
2687 1624 2760 1678 sit
2786 1625 3001 1692 angelo,
3028 1627 3120 1696 qui
3154 1643 3430 1697 nunquam
3455 1645 3654 1698 pecca-

398 1714 581 1762 tantus
633 1709 881 1778 populus,
920 1708 974 1763 id
1019 1717 1126 1774 est,
1169 1716 1248 1762 tot
1305 1707 1554 1762 homines
1604 1715 1968 1771 assumcntur,
2006 1690 2050 1747 Β
2076 1711 2339 1766 vitiBos.
2368 1690 2544 1768 Verba
2603 1713 2706 1770 ista
2763 1690 3008 1786 cogitare
3045 1690 3111 1772 et
3155 1690 3336 1773 dicere
3388 1690 3652 1788 possum;

395 1806 524 1866 quot
550 1806 678 1853 sunt
719 1798 893 1854 sancti
939 1798 1114 1868 angeli
1170 1797 1264 1852 Dei
1318 1797 1412 1830 ⁸⁸⁸¹
1441 1838 1456 1863 ,
1486 1806 1580 1852 aut
1629 1796 1756 1868 quia
1789 1798 1972 1851 tandiu

395 1897 555 1941 erunt
583 1887 784 1958 populi,
842 1889 1013 1944 donec
1054 1902 1315 1944 numerus
1355 1888 1668 1958 angelorum
1700 1886 1792 1942 Dei
1825 1901 1976 1941 com-

395 1978 606 2048 pleatur
655 1994 722 2035 ex
764 1979 1124 2035 hominibus?
1152 1980 1217 2034 Et
1238 1980 1341 2035 hoc
1392 1995 1501 2035 uno
1525 1979 1640 2034 solo
1693 1979 1851 2034 modo
1877 1978 1971 2011 ³⁸⁸³

394 2069 589 2139 ϐιροηί
628 2085 787 2141 posse
820 2071 1010 2126 video:
1037 2068 1319 2125 Constituit
1353 2072 1600 2124 terminos
1639 2070 1969 2140 papulorum,

389 2158 547 2228 juxta
599 2175 871 2213 numerum
939 2159 1172 2229 ﬁliorum
1228 2157 1441 2224 Israel,
1471 2159 1522 2212 id
1564 2167 1666 2226 cst,
1723 2160 1848 2227 quia
1879 2158 1974 2190 uss

395 2246 741 2320 (sicutsupra
768 2249 970 2304 dictum
1021 2247 1126 2312 est)
1160 2249 1343 2304 tandlu
1379 2258 1538 2305 erunt
1563 2249 1742 2320 populi
1787 2249 1840 2304 in
1873 2250 1975 2306 hoc

397 2341 620 2407 saeculo,
646 2339 820 2396 donec
855 2355 1114 2396 numerus
1168 2351 1480 2396 sanctorum
1513 2341 1788 2396 hominum
1816 2356 1972 2396 assu-

396 2438 595 2485 matur.
643 2430 710 2485 Et
749 2430 1018 2502 colligitur
1069 2430 1170 2463 ““
1225 2445 1292 2486 ex
1339 2439 1566 2500 utraque
1606 2432 1964 2488 translatione

395 2521 522 2590 quia
580 2530 660 2576 tot
701 2521 949 2578 homines
989 2522 1482 2589 assumentur'm,
1511 2533 1646 2592 quot
1692 2539 1973 2579 remanse-

398 2621 525 2667 runt
551 2613 751 2684 angeli.
782 2612 936 2668 Unde
984 2619 1162 2667 tamen
1209 2627 1314 2667 non
1368 2617 1614 2684 sequitur
1643 2615 1759 2680 Μ’,
1784 2631 1974 2686 quam-

397 2703 479 2759 vis
517 2705 712 2774 perditi
764 2702 940 2774 angeli
990 2717 1057 2759 ex
1113 2704 1426 2760 hominibus
1477 2707 1816 2773 restaurandi
1866 2708 1976 2762 sint

396 2793 517 2859 Μ’,
567 2803 646 2848 tot
696 2793 916 2864 angelos
963 2793 1230 2848 cecidisse
1276 2803 1408 2862 quot
1463 2804 1969 2864 perseveraverunt.

395 2882 548 2950 Quod
575 2892 753 2938 tamen
784 2884 829 2939 si
858 2880 1059 2940 dicitur
1109 2885 1228 2951 Μ’,
1276 2887 1664 2942 inveniendum
1701 2889 1804 2942 erit
1836 2903 1975 2958 quo-

396 2975 556 3028 modo
580 2982 712 3028 rata:
739 2989 846 3030 non
871 2975 981 3030 sint
1023 2976 1116 3016 ³⁸η
1139 2990 1302 3047 supra
1331 2977 1520 3047 positae
1571 2979 1829 3044 rationes,
1855 2994 1974 3048 qum

393 3066 648 3121 videntur
671 3067 961 3123 ostendere
987 3082 1093 3123 non
1117 3069 1283 3123 fuisse
1307 3072 1360 3124 in
1392 3071 1620 3140 angelis,
1651 3073 1966 3141 priusquam

396 3157 607 3212 illorum
661 3159 877 3228 quidam
926 3159 1202 3224 caderent,
1242 3159 1389 3214 illum
1427 3160 1727 3231 perfectum
1775 3179 1967 3219 nume-

397 3264 539 3313 rum,
563 3264 724 3319 quem
750 3264 913 3319 supra
962 3249 1071 3305 dixi
1097 3265 1112 3315 ;
1141 3259 1194 3304 et
1223 3250 1404 3320 plures
1462 3252 1711 3308 homines
1767 3255 1970 3333 electos

396 3339 631 3404 futuros,
657 3351 820 3409 quam
849 3341 959 3396 sint
983 3341 1109 3396 mali
1134 3341 1332 3411 angeli.
1365 3341 1488 3398 Bos.
1522 3342 1638 3398 Non
1670 3360 1756 3399 me
1797 3348 1970 3416 pumi-

398 3440 473 3484 tet
503 3431 630 3500 quia
654 3432 804 3501 coegi
830 3430 924 3464 “’°
951 3439 1002 3488 te
1029 3441 1091 3487 ut
1127 3433 1193 3489 de
1222 3433 1428 3505 angelis
1457 3435 1569 3490 haec
1595 3437 1806 3492 diceres
1836 3437 1925 3470 ²⁶⁹¹
1950 3455 1966 3506 ;

399 3535 523 3576 nam
549 3535 655 3575 non
688 3519 891 3576 frustra
937 3521 1138 3578 factum
1164 3533 1289 3580 est:
1321 3541 1466 3581 nunc
1508 3525 1621 3580 redi
1655 3527 1722 3582 ad
1749 3527 1802 3582 id
1827 3529 1970 3585 unde

399 3611 628 3682 digressi
652 3626 862 3669 sumus.

788 3701 1018 3760 CAPUT
1035 3702 1158 3758 xux
1204 3702 1325 3776 [al.,
1357 3703 1519 3759 xvm
1531 3705 1569 3779 1.

397 3789 552 3856 Quod
604 3793 758 3847 homo
813 3809 917 3847 non
963 3794 1123 3930 possfit
1175 3792 1370 3872 salvari
1411 3796 1524 3848 sine
1569 3795 1766 3863 peccati
1808 3796 1964 3850 sutis-

1092 3872 1314 3916 actione.

1092 3872 1314 3916 actione.

465 3981 594 4034 Aris.
623 3978 847 4036 Constat
873 3980 1042 4037 Deum
1063 3979 1158 4012 ’δ”
1195 3979 1540 4052 proposuisse
1561 3989 1621 4035 ut
1640 3979 1707 4036 de
1728 3980 1960 4037 homini-

2075 1803 2168 1858 sed
2195 1818 2414 1858 sensum
2446 1817 2634 1859 eorum
2673 1805 2744 1860 ita
2776 1808 3017 1876 cogitare
3053 1822 3302 1876 nequeo;
3334 1809 3477 1864 sicut
3500 1809 3646 1866 falsi—

2076 1902 2241 1950 tatem
2267 1911 2374 1952 non
2413 1912 2631 1966 possum
2683 1896 2982 1968 intelligere
3029 1900 3313 1953 veritatem
3351 1916 3491 1956 esse.
3516 1902 3646 1956 Ans.

2074 1982 2191 2039 Non
2239 1985 2395 2053 decet
2445 2001 2575 2057 ergo
2635 1987 2826 2053 Deum,
2881 1987 3157 2043 hominem
3213 2000 3524 2058 peccantem
3559 1992 3651 2024 “97

2077 2073 2196 2130 sine
2264 2077 2635 2132 satisfactione
2689 2079 2754 2132 ad
2817 2080 3264 2133 restaurationem
3339 2079 3651 2148 angelorum

2075 2179 2353 2220 assumere
2396 2166 2733 2236 perditorum
2791 2167 2902 2230 ³⁸³⁸,
2971 2169 3227 2236 quoniam
3291 2185 3394 2224 non
3449 2173 3654 2238 patitur

2075 2253 2302 2320 veritas,
2337 2269 2463 2310 eum
2516 2254 2681 2310 levari
2714 2255 2780 2309 ad
2830 2257 3193 2320 aequalitatem
3246 2259 3505 2313 bonorum
3535 2260 3648 2314 ω’.

2074 2345 2198 2402 Bos.
2227 2345 2319 2402 Sic
2369 2347 2609 2402 ostendit
2650 2347 2810 2422 ratio.
2861 2348 2989 2402 Ans.
3015 2347 3308 2403 Considera
3360 2350 3525 2404 etiam
3553 2351 3650 2383 "°°

2075 2435 2129 2490 in
2178 2436 2292 2492 solo
2333 2438 2572 2502 homine,
2625 2439 2754 2502 sine
2801 2450 2866 2490 eo
2910 2439 3036 2505 quia
3089 2437 3181 2469 ’δαί
3229 2439 3388 2494 debet
3438 2442 3649 2511 angelis

2078 2527 2307 2597 aquari,
2353 2536 2534 2580 utrmn
2579 2541 2701 2581 eum
2736 2527 2913 2582 taliter
2957 2527 3097 2582 Deus
3137 2529 3204 2583 ad
3257 2529 3648 2599 beatitudinem

2075 2617 2240 2672 ullam
2288 2618 2406 2688 ηοξ,
2452 2616 2535 2670 vel
2567 2683 2570 2687 ‘
2605 2617 2766 2670 talem
2816 2616 3029 2686 qualem
3082 2617 3313 2671 habebat
3362 2629 3648 2689 antequam

2074 2717 2348 2778 peccaret,
2375 2707 2571 2762 debeat
2608 2706 2924 2776 provehere.
2969 2704 3092 2760 Bos.
3119 2705 3216 2760 Dic
3247 2714 3301 2760 tu
3329 2709 3471 2776 quod
3494 2710 3642 2779 cogi-

2087 2812 2170 2857 tas
2221 2801 2362 2875 ""5
2396 2811 2450 2854 et
2501 2815 2600 2870 ego
2649 2799 3003 2853 considerabo
3057 2807 3218 2868 prout
3267 2811 3473 2869 potero.
3519 2802 3645 2856 Aus.

2077 2891 2348 2947 Pouamus
2377 2890 2599 2945 divitem
2652 2889 2888 2958 aliquem
2930 2888 2981 2941 in
3011 2904 3173 2942 manu
3231 2899 3412 2945 tenere
3440 2907 3652 2960 marga-

2080 2981 2241 3037 ritam
2291 2980 2611 3049 pretiosam,
2639 2993 2799 3048 quam
2837 2991 3115 3046 nunquam
3169 2977 3392 3046 pollutio
3423 2979 3528 3034 ulla
3555 2979 3650 3010 ’⁵⁸⁵

2079 3074 2279 3144 tetigit,
2322 3086 2593 3141 quamque
2636 3069 2814 3123 nullus
2874 3068 3014 3123 alius
3080 3069 3248 3136 possit
3296 3085 3549 3126 amovere
3585 3073 3651 3125 de

2079 3179 2238 3218 manu
2271 3161 2410 3231 ejus,
2437 3161 2540 3215 nisi
2567 3159 2683 3229 ipso
2709 3159 2804 3190 ¹⁸⁰⁸
2829 3159 3175 3228 permittente
3201 3175 3215 3211 :
3240 3168 3295 3212 et
3323 3174 3442 3213 eam
3471 3161 3652 3230 dispo-

2078 3263 2171 3308 nat
2239 3252 2533 3308 recondere
2572 3250 2623 3302 in
2672 3250 2985 3303 thesaurum
3035 3263 3212 3313 suum,
3252 3249 3342 3303 ubi
3394 3260 3519 3304 sunt
3557 3252 3651 3324 "f"

2077 3347 2397 3402 charissima
2451 3351 2506 3396 et
2568 3339 2964 3414 pretiosissima
3014 3355 3134 3409 qua:
3190 3341 3446 3408 possidet.
3525 3339 3649 3397 Bos.

2074 3436 2264 3508 Cogito
2324 3433 2446 3493 hoc,
2490 3433 2638 3486 velut
2698 3441 2826 3485 ante
2877 3444 2996 3484 nos.
3044 3431 3170 3485 Axs.
3235 3430 3394 3496 Quid,
3442 3431 3486 3484 si
3538 3431 3650 3501 ipse

2077 3529 2352 3599 permittat
2381 3525 2625 3580 eamdem
2673 3522 3024 3592 margaritam
3055 3523 3124 3578 ab
3149 3522 3330 3592 aliquo
3353 3523 3535 3578 invido
3562 3538 3652 3577 es-

2075 3619 2184 3673 cuti
2226 3620 2292 3674 de
2322 3631 2482 3672 manu
2507 3630 2601 3670 sua
2626 3615 2679 3668 in
2703 3629 2938 3678 caenum,
2974 3629 3096 3668 eum
3147 3616 3433 3684 prohibere
3471 3625 3652 3684 posset

2075 3710 2191 3774 Is”,
2220 3725 2283 3764 ac
2303 3719 2488 3780 postea
2525 3721 2648 3764 eam
2675 3705 2741 3759 de
2761 3717 3168 3768 ccenosumens,
3195 3704 3520 3774 pollutamet
3544 3723 3647 3760 non

2075 3801 2240 3856 lotam
2265 3800 2316 3854 in
2342 3801 2572 3868 aliquem
2607 3799 2786 3856 locum
2835 3809 2995 3849 suum
3017 3795 3276 3849 mundum
3307 3804 3360 3849 et
3398 3795 3644 3859 chartun,

2075 3890 2327 3959 deinceps
2350 3889 2492 3942 illam
2532 3890 2609 3944 sic
2635 3893 2981 3948 servaturus.
3032 3885 3290 3937 recondat
3323 3901 3336 3937 :
3364 3885 3648 3952 putabisne

2076 3984 2228 4039 illum
2280 3981 2626 4051 sapientem?
2685 3982 2812 4038 Bos.
2885 3973 3168 4049 Quomodo
3233 3975 3334 4028 hoc
3385 3975 3646 4044 possum?

1674 4117 1906 4175 VARIE
1943 4119 2344 4178 LECTIONES.

467 4207 559 4280 ⁸⁸1⁸
580 4207 818 4276 Angelus
852 4217 1124 4280 est_._rmss.
1190 4217 1238 4262 et
1293 4207 1420 4262 edit.
1469 4205 1626 4280 Gotlt.
1672 4208 1911 4280 Angelus
1959 4211 2074 4280 ejus
2127 4220 2210 4265 est
2260 4224 2384 4280 mss.
2455 4204 2587 4259 Vict.
2638 4204 2870 4280 Angelus
2922 4205 3015 4262 Dei
3067 4215 3173 4280 est.
3242 4207 3335 4280 "1'
3384 4207 3492 4280 Cur
3537 4225 3640 4264 non

391 4289 478 4333 est
527 4279 698 4332 bonus
743 4294 868 4333 mss.
929 4276 1064 4332 Vict.
1121 4293 1221 4333 cur
1267 4293 1372 4332 non
1429 4278 1594 4331 etiam
1672 4276 1844 4333 borius
1917 4276 2011 4312 “7"
2063 4281 2231 4334 Homo
2277 4278 2473 4331 dicitur
2530 4277 2750 4346 angelus
2812 4291 2936 4330 mss.
2997 4287 3044 4330 et
3099 4279 3196 4331 dit.
3270 4277 3422 4332 Goth.
3481 4281 3643 4334 homo

393 4347 602 4418 dicetur
653 4346 876 4417 angelus
908 4417 917 4418 ί
947 4346 1046 4418 ’δτῗ
1112 4347 1182 4403 Ut
1229 4349 1439 4418 aestimo
1487 4363 1611 4400 mss.
1666 4357 1725 4401 ut
1778 4358 1904 4416 puto
1977 4351 2070 4383 “7'
2124 4350 2406 4418 Hominum
2463 4347 2768 4418 procreatio
2814 4346 3074 4418 nzsaJoty
3123 4349 3424 4418 procreatio
3465 4351 3642 4418 populi

393 4417 488 4448 “7’
538 4415 841 4488 Electorum
905 4417 1200 4488 hominum
1237 4416 1570 4488 compleatur
1643 4415 1789 4488 mss.
1832 4418 1955 4488 Joiy
2005 4430 2052 4473 et
2113 4418 2246 4473 Vict.
2294 4416 2458 4488 emitr.
2515 4416 2788 4488 hominum
2834 4415 2954 4488 3f“?
3008 4416 3268 4488 cessabit
3308 4433 3425 4471 esse
3466 4415 3641 4472 homi-

393 4503 523 4540 num
576 4503 702 4541 mss.
751 4486 890 4540 Vict.
948 4487 1035 4541 19.
1097 4486 1243 4556 omit.
1285 4483 1404 4540 esse
1477 4486 1568 4516 “3‘
1629 4486 1771 4552 Quot
1815 4483 1987 4556 angeli
2033 4490 2122 4544 Dei
2169 4505 2293 4541 mss.
2343 4485 2487 4538 Gem.
2536 4483 2660 4556 Joly
2717 4484 2782 4556 S._
2825 4483 2988 4537 Mic/t.
3049 4484 3178 4556 Vict.
3214 4487 3298 4556 19.
3343 4495 3471 4553 qum
3516 4501 3641 4542 sunt

392 4557 569 4626 sancti
627 4556 800 4626 angeli
830 4556 924 4609 Dei
995 4556 1093 4626 "‘7',
1110 4555 1184 4626 Et
1230 4555 1331 4626 hoc
1361 4570 1472 4626 uno
1511 4556 1669 4626 modo
1703 4573 1824 4610 mss.
1861 4552 1914 4610 et
1945 4574 2050 4613 uno
2076 4558 2188 4612 solo
2219 4557 2378 4610 modo
2421 4570 2516 4606 ms.
2557 4552 2682 4626 Jo_l_y
2708 4552 2900 4626 solum,
2923 4571 3037 4626 pro,
3077 4554 3189 4626 solo
3264 4552 3638 4626 fﬁ'l‘ilioruna

395 4626 525 4689 Dei;
561 4625 688 4679 item
703 4621 845 4695 'quia
875 4641 1001 4695 mss.
1045 4625 1282 4679 ﬁliorum
1314 4624 1500 4688 Israel,
1527 4625 1588 4695 id
1625 4627 1856 4693 estquia
1933 4629 2027 4659 “3"
2054 4629 2117 4681 Et
2146 4626 2419 4695 colligitur
2449 4640 2574 4676 mss.
2612 4621 2746 4695 Vict.
2789 4623 2844 4676 5.
2872 4621 2929 4676 et
2971 4624 3053 4695 1‘9.
3088 4623 3210 4676 Bec.
3238 4623 3401 4695 pem.
3434 4625 3556 4695 Jotg
3587 4639 3642 4682 et

391 4692 845 4766 colligeturUT‘j'
880 4692 983 4748 Tot
1005 4703 1348 4766 assumentur
1377 4692 1694 4766 "£88:__Vicl;
1717 4692 1793 4747 tot
1829 4709 2180 4766 assumuntur
2252 4692 2348 4726 ³⁸⁸⁸
2376 4693 2490 4766 Non
2532 4692 3094 4766 sequiturAnrssrBee.
3135 4704 3182 4746 et
3224 4693 3371 4746 Gem.
3407 4692 3640 4766 non'sc-

392 4760 590 4835 quernr
663 4763 756 4795 m’
787 4763 1308 4835 Res_taurandi_sunt
1330 4779 1452 4816 mss.
1485 4761 1622 4835 Vict.
1643 4761 1800 4835 Gem.
1833 4763 1956 4819 Bec.
1988 4767 2110 4835 Joly
2142 4765 2478 4835 restaurandi
2511 4763 2620 4835 sint
2717 4760 2812 4835 mf
2840 4763 3351 4835 Si‘dicereturmss.
3377 4765 3421 4817 si
3443 4766 3640 4818 dicitur

389 4833 651 4888 “"Rata:
695 4847 801 4886 non
855 4833 964 4886 sint
1011 4831 1286 4886 mss.Vict.
1315 4842 1442 4886 rata:
1458 4833 1566 4886 sint
1635 4832 1734 4895 3‘"
1763 4833 1985 4888 Frustra
2017 4831 2215 4890 factum
2243 4851 2367 4888 mss.
2398 4831 2525 4886 Vict.
2557 4832 2753 4885 frustra
2782 4833 2883 4885 hoc
2903 4832 3099 4885 factum
3173 4832 3262 4864 ¹⁸⁹¹
3296 4833 3408 4888 Hoc
3433 4835 3640 4889 diceres

391 4917 517 4954 mss.
548 4901 684 4970 Vict.
711 4903 769 4958 5.
799 4911 852 4954 et
875 4900 962 4956 l5.
988 4900 1110 4970 .Ioly
1131 4911 1179 4954 et
1216 4900 1401 4970 Cister.
1427 4902 1544 4957 haec
1569 4903 1811 4957 dicentes
1884 4904 1978 4935 ’δ”
2013 4903 2080 4958 In
2118 4921 2242 4958 mss.
2297 4911 2450 4970 caput
2475 4901 2540 4956 19
2585 4901 2842 4968 incipitab
2873 4899 2991 4954 his:
3024 4901 3249 4957 Constat
3283 4903 3470 4963 Deum,
3530 4916 3633 4956 etc.

392 4970 486 5002 ’⁸⁸³
524 4969 724 5042 Quales
776 4970 849 5025 illi
909 4969 1204 5042 ﬁtturi’ms.
1250 4969 1434 5026 Cister.
1461 4973 1606 5042 omit.
1637 4971 1712 5025 illi
1786 4972 1880 5005 “”
1906 4974 1972 5028 Et
1994 4974 2237 5042 sequitur
2267 4969 2390 5042 quia
2416 4987 2539 5042 mss.
2570 4979 2624 5023 et
2655 4980 2910 5038 sequetur
2934 4971 3058 5038 quia
3133 4971 3235 5042 'E”_
3266 4972 3642 5042 Vereoportet

393 5047 464 5112 ut
483 5055 608 5094 mss.
623 5039 765 5095 Vict.
820 5041 964 5095 unde
1014 5048 1230 5110 oportet
1261 5041 1421 5112 quod_
1475 5040 1569 5112 ’Ψ
1593 5041 1696 5096 Pro
1723 5052 1944 5112 peccato
1974 5039 2242 5098 satisfecit
2271 5039 2521 5112 ἠιθέοιῃ
2560 5055 2656 5108 pro
2687 5050 2910 5112 peccato
2948 5057 3045 5094 suo
3077 5039 3338 5112 satisfecit.
3366 5107 3380 5112 _
3413 5040 3500 5112 {‘9’
3535 5041 3640 5112 llo-

395 5108 594 5188 ruinem
620 5119 959 5179 peccatorem
989 5107 1116 5188 mis.
1148 5121 1194 5163 et
1227 5107 1538 5188 εᾱίιλλςξοιίε.
1602 5107 1871 5188 hominem
1909 5123 2221 5188 peccantem
2292 5111 2385 5142 ’⁵⁸⁸
2418 5107 2644 5188 §uinere
2673 5107 3321 5188 ptgditorunrnm._Vict.
3345 5107 3537 5188 ,ψέξει
3574 5111 3636 5164 S.

397 5175 560 5250 {lict}.
594 5175 875 5250 assumere
921 5177 1277 5250 perditorum,
1330 5178 1424 5210 ’⁵⁸⁸
1451 5178 1837 5250 Ᾱίηυειὶῑθιριιι
1898 5175 2209 5250 angelorum
2246 5198 2370 5236 mss.
2413 5175 2683 5250 Gemmet.‘
2712 5177 2958 5250 Beccens.
3005 5177 3134 5250 Vict.
3164 5177 3214 5231 5.
3248 5188 3295 5231 et
3340 5175 3634 5250 1:):LCt'a'tet‘.

394 5246 632 5326 μέρή.
651 5259 698 5326 et
720 5249 845 5318 Joly
871 5245 1933 5326 aequalitatem_beatorum‘mss._§ecc._2.
1955 5245 2087 5307 Vict.
2133 5251 2216 5326 l9_.
2245 5262 2292 5306 et
2322 5251 2448 5326 edit.
2483 5245 2635 5326 Gem.
2661 5245 3018 5326 aequalitatem
3036 5247 3328 5326 bonorum“
3379 5246 3473 5276 ¹⁵⁰⁰
3495 5246 3639 5326 ,ρους

395 5317 780 5397 sideranctianl
794 5314 1047 5397 6:»!on
1075 5318 1439 5397 consideratio
1463 5320 1625 5397 etiam
1695 5321 1792 5397 ff”
1823 5319 2040 5397 Sineeo
2065 5322 2356 5397 quodmss.
2379 5322 2493 5397 sine
2509 5320 2624 5397 .lroc
2647 5314 2770 5386 quia
2845 5319 2938 5397 ’ἥθ’
2969 5319 3048 5373 Ad
3076 5316 3457 5397 beatitudinem
3493 5314 3636 5397 illam

392 5399 520 5466 ritu.
559 5385 706 5466 Gem:
733 5383 1044 5466 Dea-Vict;
1060 5386 1270 5466 ΙοΙεί-ει
1290 5387 1426 5466 “edit
1457 5386 1613 5466 C_otlt.
1645 5389 1710 5444 ad
1736 5383 2124 5466 heati_tudi_ner_h_
2150 5389 2311 5466 ullam
2386 5388 2480 5420 ’⁸⁸³
2510 5389 2601 5466 Dic
2631 5383 2750 5466 qua:
2779 5387 3354 5466 t'ogitas'manuscripta
3385 5383 3636 5466 Gemmet.

395 5449 639 5532 Bccccns.
676 5455 989 5532 ἔρξω-,νῆά
1012 5457 1066 5511 5.
1090 5449 1248 5532 ειῖζξ.
1283 5456 1621 5532 (ςξδιφςείεηδε
1673 5467 1745 5532 εἷςΔ
1765 5459 2189 5532 editio__Cot/cica
2220 5459 2308 5513 dic
2339 5458 2560 5532 lu__quod
2591 5449 2793 5532 cogitas
2818 5449 2914 5532 nis.
2955 5454 3086 5507 Vict.
3131 5455 3215 5532 l9_.
3246 5449 3332 5532 dic
3387 5465 3440 5508 tu
3479 5463 3637 5532 prout

395 5525 618 5604 gggitas
677 5523 781 5556 m‘
809 5523 1092 5604 Nunquam
1129 5527 1352 5604 pollutio
1376 5525 1638 5604 ullarum.
1683 5526 1818 5581 Vict.
1851 5528 1994 5604 nullo
2046 5544 2281 5597 unquam
2315 5523 2533 5599 pollutio
2605 5527 2696 5555 ¹⁶⁰⁸
2866 5525 2980 5591 ipso
3023 5540 3122 5604 ms.
3174 5523 3298 5595 Joly
3360 5541 3464 5579 non
3521 5528 3638 5595 ipso

395 5593 492 5624 ⁸⁸⁸⁸
518 5591 620 5650 Ubi
653 5604 780 5650 sunt
805 5610 902 5648 ms.
931 5591 1056 5664 Joly
1098 5591 1189 5652 ubi
1220 5597 1328 5651 sint
1403 5596 1496 5629 "‘7
1539 5594 1739 5651 Tamen
1785 5597 2076 5663 prohibere
2116 5591 2468 5667 posset'mss.
2503 5612 2623 5650 cum
2667 5594 2952 5663 prohibere
2983 5592 3152 5664 possit
