3926 6054
236 230 334 289 39.1

235 356 360 399 nam
393 351 569 396 nonne
615 345 761 393 esset
794 335 930 390 satis
967 332 1062 367 ⁸⁸⁸⁸
1094 330 1303 394 melius,
1358 338 1415 383 ut
1452 327 1801 397 margaritam
1839 336 1882 390 Α

239 450 396 492 suam
427 431 682 487 mundam
713 435 918 483 teneret
959 433 1014 477 et
1037 430 1280 477 servaret
1313 435 1475 491 quam
1510 418 1810 488 pollutam?

236 528 434 582 ANSEL.
468 522 659 577 Nonne
696 517 948 572 similiter
992 513 1195 568 faceret
1222 513 1385 577 Deus,
1418 510 1510 578 qui
1537 509 1810 564 hominem

238 614 447 686 angelis
480 593 938 666 sociandum'sine
966 603 1062 635 ¹⁸⁰⁹
1097 610 1345 672 peccato,
1370 599 1524 668 quasi
1556 598 1609 651 in
1645 612 1810 651 manu

240 719 363 767 sua,
392 702 608 757 tenebat
650 698 704 751 in
760 690 1052 767 paradiso;
1085 701 1139 746 et
1165 690 1413 762 permisit
1449 700 1507 743 ut
1550 702 1813 744 accensus

240 793 446 850 invidia
504 788 752 844 diabolus
809 801 935 841 eum
977 786 1031 838 in
1059 784 1230 838 lutum
1281 780 1511 851 peccati,
1565 778 1815 849 quamvis

241 882 689 943 consentientem,
716 876 975 945 dejiceret
1001 876 1025 928 ἲ
1053 874 1109 928 Si
1137 873 1283 929 enim
1314 871 1602 941 prohibere
1653 868 1817 924 vellet

242 972 543 1035 diabolum,
593 984 700 1024 non
752 974 938 1037 posset
983 973 1193 1019 tentare
1246 960 1544 1017 hominem.
1601 956 1813 1025 Nonne,

244 1068 488 1136 inquam,
568 1059 818 1115 similiter
892 1057 1118 1121 faceret,
1172 1055 1217 1110 si
1268 1053 1543 1108 hominem
1607 1049 1816 1119 peccati

244 1157 402 1214 sorde
484 1152 833 1215 maculatum,
904 1150 1021 1203 sine
1072 1147 1223 1202 omni
1272 1145 1561 1207 levatione,
1613 1142 1665 1196 id
1713 1149 1816 1208 est,

246 1246 449 1314 absque
469 1241 614 1296 omni
637 1236 1026 1301 satisfactione,
1054 1234 1213 1290 talem
1239 1246 1454 1301 semper
1477 1245 1818 1293 mansurum,

247 1335 437 1389 saltem
471 1333 524 1387 in
560 1329 895 1400 paradisum,
927 1328 995 1383 de
1034 1339 1142 1396 quo
1178 1326 1385 1396 ejectus
1429 1323 1628 1389 fuerat,
1667 1324 1821 1378 redu-

246 1427 444 1482 ceret?
487 1425 613 1478 Bos.
664 1418 1110 1481 Similitudinem,
1165 1416 1211 1470 si
1259 1416 1401 1470 Deus
1440 1414 1542 1470 hoc
1596 1412 1818 1481 faceret,

249 1531 449 1587 negare
471 1530 577 1570 non
610 1513 783 1567 audeo
812 1527 827 1575 ;
857 1516 913 1565 et
939 1508 1142 1563 idcirco
1168 1520 1293 1561 eum
1323 1505 1425 1560 hoc
1450 1504 1631 1559 facere
1662 1516 1824 1574 posse

248 1621 357 1662 non
388 1618 568 1659 annuo
608 1600 725 1675 ⁸⁸⁸9.
761 1598 1047 1653 Videretur
1104 1594 1249 1651 enim
1289 1602 1383 1647 aut
1433 1592 1575 1662 quod
1628 1607 1824 1662 prepo-

248 1705 433 1754 suerat
470 1708 731 1766 peragere
784 1704 893 1745 non
943 1687 1204 1758 potuisse,
1255 1693 1349 1741 aut
1385 1685 1513 1741 boni
1562 1685 1823 1756 propositi

248 1804 371 1843 eum
418 1784 780 1858 paenituisse:
820 1796 941 1852 qua:
969 1780 1020 1834 in
1067 1779 1233 1832 Deum
1279 1778 1477 1833 cadere
1528 1784 1823 1846 nequeunt.

251 1878 398 1933 'l‘cne
469 1876 635 1945 igitur
714 1871 808 1904 ¹⁸¹¹
871 1868 1173 1925 certissime
1231 1867 1356 1935 quia
1437 1864 1553 1919 sine
1611 1861 1825 1919 satisfa-

251 1967 469 2029 ctione,
542 1965 592 2017 id
634 1972 717 2027 est
747 2001 762 2027 ,
819 1961 935 2015 sine
981 1957 1147 2013 debiti
1207 1956 1301 1988 ’δι’
1369 1954 1638 2011 solutione
1664 1968 1827 2023 θροη-

261 2069 419 2114 lanea
456 2096 471 2122 ,
541 2072 641 2112 nec
710 2054 847 2108 Deus
907 2061 1081 2122 potest
1149 2058 1429 2119 peccatum
1505 2046 1827 2116 impunitum

254 2148 550 2209 dimittere,
586 2160 684 2199 nec
712 2154 963 2212 peccator
986 2139 1051 2194 ad
1108 2138 1499 2193 beatitudinem
1528 2136 1612 2191 vel
1639 2135 1827 2199 talem,

254 2237 468 2307 qualem
529 2234 761 2289 habebat
808 2239 1099 2299 antequam
1163 2236 1436 2299 peccaret,
1489 2225 1780 2295 pervenire
1811 2217 1864 2279 ε’

253 2329 367 2401 84
397 2344 499 2382 non
526 2327 671 2380 enim
720 2326 822 2379 hoc
853 2324 1012 2377 modo
1064 2329 1411 2390 repararetur
1456 2318 1617 2375 homo
1640 2317 1721 2373 vel
1752 2327 1833 2373 ta-

258 2422 349 2484 lis,
377 2419 553 2490 qualis
602 2417 781 2472 fuerat
816 2426 940 2469 ante
986 2421 1286 2483 peccatum.
1334 2412 1459 2467 Bos.
1511 2410 1832 2467 Rationibus

255 2512 365 2565 tuis
413 2511 636 2565 omnino
685 2506 784 2540 “”
827 2504 1203 2560 contradicere
1250 2518 1355 2558 non
1408 2517 1647 2573 possum.
1724 2501 1833 2558 Sed

259 2600 387 2669 quid
418 2608 522 2662 est,
575 2597 717 2665 quod
747 2594 981 2647 dicimus
1011 2593 1119 2647 Deo
1147 2607 1163 2645 :
1188 2591 1404 2646 Dimitte
1461 2592 1610 2646 nobis
1659 2591 1832 2646 debita

259 2699 439 2743 nostra
499 2684 713 2754 (Matth.
780 2684 902 2751 vi):
945 2692 1001 2737 et
1045 2681 1222 2736 omnis
1266 2696 1397 2752 gens
1473 2691 1595 2738 orat
1641 2682 1831 2749 Deum,

256 2792 420 2849 quem
447 2777 625 2831 credit
650 2774 772 2840 ""t,
804 2784 862 2829 ut
906 2773 1145 2828 dimittat
1172 2773 1273 2828 sibi
1312 2774 1573 2844 peccata?
1602 2772 1659 2829 Si
1683 2774 1830 2830 enim

258 2871 519 2927 solvimus
567 2868 711 2939 quod
761 2866 1039 2931 debemus,
1070 2881 1170 2922 cur
1215 2881 1437 2922 oramus
1463 2876 1521 2920 ut
1574 2867 1832 2922 dimittat.

257 2962 510 3035 Nunquid
532 2963 670 3017 Deus
686 2961 915 3030 injustus
932 2968 1035 3023 est,
1054 2967 1113 3012 ut
1129 2959 1322 3013 iterum
1341 2959 1519 3029 exigat
1535 2959 1677 3028 quod
1693 2958 1836 3013 solu-

262 3067 378 3112 tum
400 3048 515 3110 est'?
530 3053 594 3108 Si
624 3062 803 3107 autem
824 3065 930 3106 non
961 3049 1241 3114 solvimus,
1264 3064 1360 3104 cur
1388 3050 1590 3103 frustra
1618 3064 1837 3105 oramus

260 3156 323 3202 ut
346 3144 684 3214 faciatquod,
711 3143 837 3211 quia
869 3158 972 3197 non
1001 3142 1273 3208 convenit,
1298 3141 1479 3196 facere
1502 3157 1606 3196 non
1622 3143 1838 3212 potest?

263 3240 392 3294 Ans.
422 3238 524 3305 Qui
552 3251 656 3290 non
679 3234 859 3299 solvit,
888 3233 1090 3289 frustra
1126 3233 1257 3289 dicit
1292 3246 1307 3286 :
1343 3232 1576 3298 Dimitte;
1606 3234 1697 3302 qui
1738 3249 1837 3288 au-

264 3340 374 3384 tem
400 3327 556 3383 solvit
583 3325 698 3390 ”",
726 3323 1030 3393 supplicat;
1061 3323 1315 3392 quoniam
1347 3323 1449 3376 hoc
1480 3323 1655 3391 ipsum
1707 3337 1830 3392 per-

267 3419 405 3472 tinet
447 3417 513 3470 ad
563 3415 908 3477 solutionem,
958 3422 1018 3465 ut
1064 3412 1327 3482 supplicet
1359 3428 1374 3465 :
1405 3426 1530 3465 nam
1551 3411 1693 3465 Deus
1712 3410 1840 3465 nulli

265 3507 557 3577 quidquam
579 3504 758 3567 debet,
791 3502 885 3556 sed
920 3500 1097 3556 omnis
1128 3510 1380 3555 creatura
1413 3498 1487 3553 illi
1538 3500 1699 3554 debet
1730 3515 1743 3552 :
1781 3509 1834 3554 et

267 3599 386 3654 ideo
425 3610 529 3649 non
559 3591 775 3662 expedit
805 3590 1009 3645 homini
1033 3599 1092 3644 ut
1120 3599 1245 3658 agat
1269 3604 1391 3645 cum
1421 3589 1552 3654 Deo,
1582 3590 1842 3659 quemado

268 3689 484 3744 modnm
509 3701 607 3756 par
637 3700 760 3739 cum
788 3681 1043 3753 pari.Sed
1070 3684 1135 3737 de
1158 3682 1258 3737 hoc
1290 3695 1394 3736 non
1416 3690 1499 3736 est
1518 3693 1652 3761 opus
1699 3695 1841 3735 nunc

269 3782 367 3836 tibi
394 3779 489 3817 "“
519 3777 868 3847 respondere.
894 3775 1030 3830 Cum
1062 3776 1205 3829 enim
1235 3786 1531 3843 cognosces
1557 3786 1655 3826 cur
1682 3771 1842 3826 Citrio

269 3883 387 3928 stus
403 3880 646 3925 mortuus
673 3879 775 3934 est,
807 3867 1030 3922 forsitan
1056 3881 1153 3936 per
1185 3876 1237 3921 te
1265 3865 1476 3919 videbis
1503 3865 1648 3933 quod
1696 3878 1842 3932 qua:-

274 3966 369 4019 ris.
393 3962 520 4017 Bos.
552 3959 763 4016 Suflicit
803 3974 931 4027 ergo
961 3958 1092 4013 mihi
1130 3973 1273 4012 nunc
1296 3958 1413 4021 "‘7,
1445 3957 1586 4026 quod
1628 3956 1698 4010 de
1742 3956 1845 4011 hac

277 4052 583 4122 quaestione
620 4051 933 4119 respondes.
956 4048 1114 4115 Quod
1140 4056 1320 4101 autem
1348 4046 1524 4100 nullus
1566 4044 1730 4098 homo
1779 4044 1845 4098 ad

273 4142 663 4197 beatitudinem
724 4139 1005 4209 pervenire
1059 4146 1224 4207 queat
1260 4151 1385 4191 cum
1438 4145 1698 4205 peccato,
1754 4144 1847 4188 aut

268 4232 402 4287 solvi
430 4247 459 4285 a
485 4240 730 4300 peccato,
769 4229 871 4283 nisi
906 4228 1080 4282 solvat
1118 4228 1259 4296 quod
1309 4229 1488 4296 rapuit
1539 4227 1845 4297 peccando,

769 222 827 279 S.
874 218 1170 276 ANSELMI
1209 212 1563 273 CANTUAR.
1597 209 1919 269 ARCIIIEP.
1962 207 2112 267 OPP.
2149 206 2326 265 PARS
2366 207 2404 262 l.
2446 235 2512 246 -
2545 202 2955 261 DOGMATICA.

3384 196 3487 260 $93

2460 344 2469 347 -
2507 317 2735 375 CAPUT
2777 316 2890 372 XX.

1916 462 2067 528 Quod
2134 460 2418 513 secundum
2488 471 2784 509 mensuram
2835 454 3031 528 peccati
3090 461 3346 528 oporteat‘
3382 472 3490 511 esse

1985 530 2447 611 satisfactionem;
2534 541 2624 578 nec
2683 540 2797 578 eam
2853 524 3008 578 homo
3072 539 3164 593 per
3215 540 3268 579 se
3318 524 3493 593 facere

1982 612 2163 669 possit.

1982 732 2109 786 Axs.
2140 730 2254 786 Hoc
2279 742 2494 800 quoque
2523 742 2632 784 non
2659 724 2953 792 dubitabis,
2982 732 3218 796 utputo,
3252 723 3378 795 quia
3410 741 3499 781 se-

1917 823 2151 880 cundum
2200 834 2511 876 mensuram
2544 820 2753 890 peccati
2804 826 3022 889 oportet
3069 817 3493 873 satisfactionem

1920 926 2059 968 esse.
2092 911 2217 967 Bos.
2248 911 2420 967 Aliter
2437 910 2781 980 aliquatenus
2828 908 3197 963 inordinatum
3250 919 3497 963 maneret

1918 1010 2199 1073 peccatum
2233 1019 2247 1055 :
2281 1000 2422 1070 quod
2458 1013 2580 1055 esse
2631 1014 2737 1055 non
2770 1006 2969 1069 potest,
2997 997 3041 1053 si
3075 997 3217 1053 Deus
3244 998 3377 1052 nihil
3406 1013 3493 1051 re-

1919 1092 2119 1161 linquit
2147 1091 2510 1147 inordinatum
2534 1090 2587 1144 in
2618 1104 2782 1160 regno
2804 1104 2924 1143 suo.
2954 1087 3060 1143 Sed
3089 1087 3193 1142 hoc
3240 1095 3325 1142 est
3353 1102 3489 1156 prae—

1921 1184 2170 1240 stitutum
2193 1181 2319 1250 quia
2349 1178 2647 1250 quamlibet
2690 1193 2918 1248 parvum
2964 1177 3061 1209 ’⁸⁸⁸
3113 1176 3499 1232 inconveniens

1923 1271 1980 1326 in
2040 1272 2149 1325 Deo
2201 1268 2531 1340 impossibile
2556 1276 2661 1323 est.
2718 1266 2850 1322 Ans.
2883 1266 2978 1321 Dic
3002 1280 3133 1337 ergo
3164 1265 3292 1335 quid
3324 1263 3498 1319 solves
3554 1280 3569 1287 δ

1921 1364 2035 1419 Deo
2064 1377 2162 1433 pro
2188 1361 2283 1393 ¹⁸¹⁹
2326 1369 2549 1430 peccato
2580 1359 2708 1414 tuo?
2762 1359 2888 1414 Bos.
2941 1354 3347 1420 Paenitentiam,
3404 1371 3501 1411 cor

1922 1454 2219 1510 contritum
2242 1459 2297 1507 et
2326 1450 2714 1515 humilitatem,
2739 1446 3115 1513 abstinentias,
3143 1455 3199 1503 et
3231 1440 3500 1503 multimo-

1924 1546 2022 1601 dos
2045 1543 2262 1598 labores
2283 1542 2545 1611 corporis,
2579 1548 2635 1596 et
2664 1538 3103 1594 misericordiam
3143 1537 3305 1593 dandi
3342 1548 3398 1592 et
3423 1537 3503 1592 dio

1926 1632 2172 1689 mittendi
2197 1640 2253 1686 ct
2278 1629 2664 1687 obedientiam.
2687 1629 2818 1683 Ans.
2870 1626 3009 1694 Quid
3045 1629 3098 1683 in
3115 1614 3214 1682 'his
3252 1625 3501 1682 omnibus

1926 1724 2024 1779 das
2053 1721 2202 1778 Deo?
2233 1721 2357 1776 Bos.
2391 1721 2474 1775 An
2499 1736 2606 1774 non
2640 1720 2846 1773 honoro
2864 1717 3032 1772 Deum
3059 1758 3074 1784 ,
3110 1719 3355 1788 quando,
3381 1733 3503 1787 pro-

1924 1824 2044 1885 pter
2065 1814 2313 1868 timorem
2338 1810 2451 1880 ejus
2474 1821 2529 1866 et
2557 1824 2818 1874 amorem,
2853 1808 2905 1861 in
2934 1808 3112 1863 cordis
3163 1807 3494 1863 contritione

1927 1904 2170 1959 laetitiam
2199 1900 2548 1970 temporalem
2578 1897 2791 1967 abjieio,
2822 1897 2874 1950 in
2895 1897 3243 1952 abstinentiis
3289 1896 3382 1928 ²⁸¹⁰
3445 1908 3501 1950 ει

1928 1990 2203 2045 laboribus
2216 1983 2698 2044 delectationes““
2724 1993 2778 2039 et
2796 1982 3033 2052 quietem
3057 1980 3172 2050 ejus
3193 1983 3317 2037 vitae
3332 1982 3501 2045 calco,

1929 2083 1983 2137 in
2013 2082 2189 2136 dando
2232 2089 2286 2136 et
2344 2077 2659 2135 dimittendo
2680 2090 2802 2145 quae
2836 2090 2954 2130 mea
2988 2083 3115 2130 sunt
3153 2074 3378 2144 largior,
3403 2074 3496 2107 ""

1931 2171 1984 2224 in
2013 2168 2319 2225 obedientia
2350 2168 2614 2235 meipsum
2640 2163 2713 2218 illi
2745 2164 3008 2235 subjicio?
3034 2164 3160 2219 Axs.
3178 2163 3309 2219 Cum
3326 2163 3506 2219 redd's

1929 2259 2133 2331 aliquid
2194 2259 2338 2331 quod
2362 2258 2523 2313 debes
2546 2257 2675 2322 Deo,
2713 2255 2927 2311 etiamsi
2949 2270 3055 2311 non
3107 2254 3365 2326 peccasti,
3401 2269 3504 2308 non

1930 2353 2096 2408 debes
2121 2351 2216 2384 ²⁸¹⁸
2244 2357 2559 2418 computare
2583 2349 2806 2420 hoc'pro
2827 2346 3008 2403 debito
3031 2346 3175 2415 quod
3211 2345 3375 2400 debes
3402 2360 3499 2414 pro

1932 2443 2027 2476 ¹⁸¹⁴⁵
2048 2441 2498 2514 peccato.0mnia
2525 2449 2708 2496 autem
2737 2440 2838 2495 ista
2864 2437 3027 2493 debes
3058 2436 3323 2505 Deo,qu:e
3342 2435 3498 2489 dicis.

1932 2532 2137 2589 Tantus
2164 2546 2394 2602 namque
2424 2532 2583 2587 debet
2608 2544 2729 2585 esse
2755 2529 2810 2585 in
2837 2528 2939 2582 hac
2967 2524 3177 2581 mortali
3202 2523 3313 2578 vita
3328 2538 3502 2586 amor;

1932 2635 2011 2690 et,
2039 2626 2107 2679 ad
2130 2627 2271 2695 quod
2301 2624 2536 2694 pertinet
2560 2622 2758 2691 oratio,
2813 2617 3139 2676 desiderium
3176 2616 3270 2648 ⁸⁸³⁸
3325 2630 3511 2683 pervc-

1936 2714 2121 2770 niendl
2155 2712 2222 2767 ad
2253 2712 2306 2767 id
2341 2712 2409 2765 ad
2431 2711 2574 2781 quod
2601 2709 2777 2766 factus
2801 2723 2898 2775 es;
2923 2717 2977 2764 et
3000 2705 3177 2772 dolor,
3203 2705 3328 2775 quia
3377 2718 3512 2758 non-

1933 2805 2063 2858 dum
2090 2802 2163 2858 ibi
2192 2816 2285 2867 es;
2346 2808 2403 2856 et
2445 2800 2626 2867 timor,
2659 2814 2728 2855 ne
2751 2813 2858 2855 non
2883 2797 3196 2869 pervenias;
3226 2804 3284 2848 ut
3313 2792 3509 2848 nullam

1938 2889 2183 2944 laetitiam
2237 2888 2441 2945 sentire
2464 2888 2823 2955 debeas,nisi
2868 2887 2934 2942 de
2997 2885 3083 2940 his
3103 2899 3224 2953 qua:
3286 2882 3380 2937 tibi
3420 2890 3513 2934 aut

1862 3004 1904 3061 α
1941 2980 2223 3046 auxilium,
2274 2987 2369 3033 aut
2412 2993 2560 3048 spem
2619 2980 2751 3033 dant
2790 2974 3159 3047 perveniendi.
3212 2973 3327 3028 Non
3366 2973 3510 3028 enim

1947 3067 2174 3122 mereris
2199 3067 2397 3122 habere
2425 3067 2569 3138 quod
2606 3082 2709 3121 non
2739 3067 3032 3121 secundum
3057 3065 3198 3135 quod
3224 3072 3327 3127 est,
3366 3076 3516 3116 amas

1956 3154 2052 3186 ¹⁸²⁶
2075 3163 2129 3209 ει
2150 3154 2457 3221 desideras;
2481 3165 2536 3211 et
2560 3154 2627 3210 de
2651 3170 2778 3225 quo,
2807 3156 2932 3223 quia
2955 3154 3191 3209 nondum
3226 3152 3415 3215 habes,
3461 3156 3518 3204 et

1944 3245 2123 3300 adhuc
2152 3254 2330 3299 utrum
2366 3244 2649 3301 habiturus
2675 3245 2749 3300 sis
2778 3260 2846 3299 an
2884 3259 3013 3309 non,
3038 3243 3092 3297 in
3145 3250 3295 3297 tanto
3340 3256 3400 3295 es
3427 3256 3516 3309 pe-

1943 3334 2134 3399 riculo,
2162 3350 2268 3389 non
2295 3335 2442 3389 doles
2474 3335 2590 3387 "’7.
2620 3335 2703 3389 Ad
2724 3336 2867 3404 quod
2891 3334 3058 3389 etiam
3082 3332 3316 3403 pertinet
3360 3331 3514 3399 quie-

1943 3434 2074 3490 tem,
2097 3434 2153 3481 et
2177 3424 2563 3482 delectationes
2608 3425 2965 3492 mundanas',
3023 3438 3143 3493 quae
3170 3421 3410 3476 animum
3449 3422 3516 3474 ab

1943 3520 2032 3578 illa
2062 3536 2189 3576 vera
2242 3518 2425 3587 quiete
2472 3526 2526 3571 et
2557 3516 2913 3572 delectatione
2955 3524 3241 3579 revocant,
3278 3514 3463 3583 fugere
3495 3526 3509 3562 :

1944 3617 2052 3673 nisi
2087 3624 2346 3686 quantum
2369 3612 2436 3667 ad
2469 3613 2825 3666 intentionem
2868 3611 2994 3666 illuc
3043 3610 3390 3681 perveniendi
3422 3625 3515 3665 eo.

1945 3706 2164 3781 gnoscis
2185 3702 2449 3760 suliiccre.
2468 3703 2748 3759 Dationem
2766 3717 2893 3758 vero
2912 3703 2984 3756 ita
3004 3701 3166 3757 debes
3178 3702 3519 3755 considerare

1945 3810 1999 3855 te
2029 3799 2210 3854 facere
2236 3812 2303 3851 ex
2336 3794 2552 3860 debito;
2581 3796 2723 3851 sicut
2749 3792 3005 3866 intelligis
3025 3796 3151 3865 quia
3192 3796 3335 3865 quod
3366 3795 3462 3849 das
3485 3808 3515 3845 a

1950 3900 2005 3947 te
2027 3905 2133 3944 non
2150 3888 2349 3952 habes;
2384 3886 2477 3943 sed
2499 3885 2699 3951 abillo,
2731 3884 2886 3957 cujus
2910 3901 3098 3943 servus
3128 3901 3187 3942 es
3218 3895 3295 3951 tu,
3327 3895 3380 3942 et
3427 3884 3518 3939 ille

1946 3981 2032 4035 cui
2061 3981 2160 4035 das
2190 3998 2202 4033 :
2232 3989 2286 4036 et
2308 3989 2502 4033 natura
2527 3987 2579 4032 te
2625 3978 2781 4032 docet
2802 3987 2862 4031 ut
2887 3992 3152 4033 converso
3183 3986 3297 4042 tuo,
3331 3978 3383 4031 id
3432 3986 3518 4031 est

1948 4071 2114 4126 homo
2146 4070 2351 4125 homini
2401 4069 2593 4134 facias,
2640 4068 2783 4138 quod
2820 4068 2914 4123 tibi
2939 4068 3121 4124 abillo
3168 4069 3248 4123 vis
3271 4068 3421 4132 ﬁeri;
3466 4077 3519 4123 et

1947 4163 2070 4231 quia
2095 4162 2184 4232 qui
2217 4177 2322 4215 non
2354 4159 2467 4214 vult
2488 4160 2619 4215 dare
2644 4160 2786 4229 quod
2821 4160 2999 4224 habet,
3052 4174 3157 4215 non
3189 4159 3347 4214 debet
3372 4159 3517 4213 acci-

1948 4265 2077 4319 pere
2103 4250 2245 4319 quod
2282 4264 2389 4304 non
2420 4249 2602 4305 habet.
2644 4248 2721 4303 De
2751 4249 3062 4304 dimissione
3095 4262 3226 4304 vero
3280 4248 3520 4303 breviter

268 4323 350 4377 sic
380 4329 565 4391 aperte
593 4319 906 4375 monstrasti
933 4358 947 4383 ,
990 4326 1077 4384 ut,
1104 4318 1272 4374 etiam
1301 4318 1345 4372 si
1378 4317 1564 4383 velim,
1590 4332 1695 4372 non
1720 4330 1844 4385 pos-
1874 4333 1921 4393 υ
1953 4317 2049 4369 im
2073 4317 2195 4393 ἀίω
2224 4339 2352 4408 quia
2378 4337 2682 4393 nullatenus
2713 4339 3009 4407 pen-mem
3028 4338 3121 4369 uss
3145 4338 3214 4391 ad
3242 4349 3294 4392 ιε
3341 4336 3517 4390 vim“-

271 4413 372 4467 sim
401 4411 661 4466 dubitare.

1947 4440 2057 4498 cla,
2088 4431 2228 4485 sicut
2255 4445 2416 4500 supra
2456 4431 2693 4484 diximus
2718 4468 2731 4493 ,
2772 4430 3026 4497 quoniam
3058 4443 3156 4485 nec
3188 4437 3243 4483 tu
3286 4439 3407 4482 tuus
3434 4442 3515 4491 es;

1563 4628 1790 4683 VARle
1828 4628 2223 4683 LECTIONLS.

342 4820 437 4854 ’⁵⁸⁸
456 4818 611 4873 Esset
630 4817 731 4873 hoc
753 4795 885 4871 satis
902 4832 998 4869 ms.
1019 4817 1163 4873 omit.
1185 4820 1285 4872 hoc
1347 4818 1443 4850 ¹³⁰⁹
1468 4817 1791 4874 Sociandum
1808 4821 1924 4876 sine
1941 4839 2037 4876 ms.
2054 4820 2244 4874 Vict.5.
2266 4820 2523 4876 sociatum
2543 4822 2658 4875 sine
2714 4820 2805 4853 ’διο
2829 4819 3031 4876 idcirco
3046 4832 3188 4873 eum.
3214 4834 3320 4873 non
3348 4817 3523 4872 abnuo

274 4910 398 4947 mss.
430 4899 486 4944 et
516 4888 737 4942 idcirco.
756 4927 769 4940 .
790 4926 803 4939 .

378 4899 486 4974 ...ει
516 4888 946 4974 itlci‘rco....nnort
975 4901 1156 4974 annuo
1230 4887 1510 4974 ξἰίοίηἸςειιε
1541 4890 1729 4974 igitur,
1757 4899 1862 4944 etc.
1898 4891 1990 4944 Est
2016 4894 2095 4974 "in
2119 4907 2247 4974 mss:
2300 4891 2483 4972 ultima
2521 4907 2683 4974 pars“
2703 4893 2888 4974 capitis
2914 4892 3000 4946 l9.
3076 4888 3169 4970 ’“f
3201 4888 3257 4943 ld
3297 4896 3379 4942 est
3406 4887 3524 4941 sine

272 4960 437 5018 debiti
470 4974 566 5013 ms.
604 4955 740 5011 Vict.
775 4957 858 5012 l9.
882 4957 1027 5009 omit.
1053 4960 1169 5012 sine
1243 4955 1678 5013 umOmnim'odo
1705 4977 1831 5013 mss.
1863 4971 1908 5014 et
1964 4961 2088 5015 edit.
2114 4958 2272 5013 Goth.
2300 4955 2530 5016 omnino
2594 4960 2688 4992 ⁸⁸⁸⁸

2708 4958 2974 5026 Quoniam
3004 4958 3176 5015 credit
3205 4974 3330 5012 mss.
3360 4970 3521 5026 quem

272 5027 974 5110 959d1t_".'.'09.i.amem
1032 5028 1218 5110 εοινίι
1244 5045 1369 5110 παι,
1399 5026 1651 5110 Vict-"19-
1696 5031 1793 5110 ειιξί
1829 5030 2296 5110 “tenebitur.
2349 5029 2633 5110 ἕψω
2672 5030 2767 5085 tibi
2808 5047 2907 5085 ηπε-
2949 5027 3339 5110 οεξμςν-Αμζιίεε
3380 5040 3522 5110 "tne

271 5102 361 5134 ’ω
396 5097 604 5155 Sufﬁcit
648 5097 775 5151 mihi
830 5110 1141 5170 nunc-“mss.
1174 5096 1298 5151 Bec.
1328 5094 1655 5170 GentlAVict.
1680 5094 1805 5168 1on
1846 5109 1892 5152 et
1950 5100 2112 5170 editio
2143 5095 2361 5170 Gothica
2393 5097 2589 5170 sullicit
2625 5114 2753 5170 ergo
2783 5115 2929 5170 nunc
2956 5098 3088 5170 mihi
3161 5094 3257 5128 ¹¹¹¹⁸
3297 5094 3519 5170 Quodli-

273 5239 371 5293 Cat

273 5172 609 5291 betparvum
639 5183 764 5249 mss.
811 5165 1102 5249 quamlibet
1129 5181 1349 5235 parvum
1426 5166 1519 5198 ¹⁶¹⁹
1548 5165 1736 5221 Solves
1768 5164 1863 5235 pro
1889 5184 2013 5222 mss.
2038 5168 2215 5223 solves
2246 5169 2358 5224 Deo
2380 5184 2477 5239 pro
2551 5169 2645 5199 "'°
2690 5164 3050 5225 Abstinentiis
3120 5183 3247 5220 mss.
3288 5175 3335 5219 et
3392 5164 3510 5217 edit.

273 5239 371 5291 Got
418 5277 432 5291 .
461 5253 515 5291 tn
560 5236 900 5291 abstmentns
973 5236 1064 5269 "’“
1105 5237 1501 5291 Delectationes
1548 5249 1645 5288 ms.
1706 5235 1838 5289 Vict.
1866 5236 1952 5290 15.
1981 5237 2416 5291 delectationem.
2492 5234 2585 5269 ’ω
2616 5237 2753 5291 Sunt
2800 5237 3077 5291 largiendo
3118 5253 3245 5290 mss.
3301 5244 3349 5290 et
3389 5234 3510 5286 edit.

418 5277 432 5291 .
461 5238 515 5291 in
560 5236 1064 5310 abstin_entiis_‘_”f_‘
1105 5234 1645 5310 Delectationeshms.
1669 5234 1838 5310 __Vict.
1866 5236 1952 5310 15.
1981 5234 2416 5310 delectationem.
2492 5234 2585 5269 ""
2616 5237 2753 5293 Sunt
2800 5237 3088 5310 largiendo
3118 5253 3245 5310 mss.
3301 5244 3349 5310 et
3389 5234 3515 5286 edit.

274 5308 431 5362 Goth.
460 5316 584 5377 sunt
616 5306 814 5376 largior
844 5304 1124 5377 ίξξυ-Νοη
1154 5305 1316 5360 debes
1346 5322 1444 5359 ms.
1472 5302 1623 5377 _Vict_.
1661 5306 1748 5361 19.
1780 5321 1883 5360 non
1914 5306 2071 5361 debet
2122 5306 2238 5377 4²⁸¹⁶
2278 5306 2604 5376 Computare
2644 5323 2743 5377 pro
2769 5301 2912 5362 mss:
2924 5320 2972 5362 et
3006 5306 3133 5377 edit:
3190 5301 3347 5359 Goth.
3375 5318 3522 5377 com-

275 5386 467 5447 putare
520 5376 621 5447 hoc

667 5373 764 5443 pro
838 5374 933 5405 ²⁵²⁸
984 5375 1224 5429 Pertinet
1257 5388 1416 5429 omne
1453 5374 1783 5429 desiderium
1831 5391 1956 5428 mss.
1996 5375 2231 5443 pertinet
2264 5373 2472 5441 oratio,
2521 5373 2846 5432 desiderium
2902 5377 3044 5441 redit.
3092 5373 3249 5429 Gotlt.

3325 5371 3522 5427 ertinet

278 5442 853 5525 omnin_o_desideriun_t
880 5514 893 5525 _
928 5445 1205 5525 ""Qnod
1227 5460 1305 5523 es,
1339 5458 1647 5525 amas‘mss:
1695 5443 1824 5497 Vict.
1852 5444 1974 5515 Joly
1998 5442 2206 5525 caedit.
2264 5444 2420 5525 (ἔοι-[ι.
2448 5449 2590 5515 quod
2621 5456 2703 5501 est
2732 5462 2883 5501 amas
2952 5446 3047 5499 2""
3072 5443 3188 5499 Non
3211 5442 3394 5499 dolere
3417 5457 3519 5495 ms.

292 5514 422 5575 Vict.
450 5513 534 5566 l5.
559 5522 613 5567 et
672 5528 776 5565 non
807 5514 956 5569 doles
1027 5512 1123 5545 ³⁸³⁸
1150 5513 1470 5569 Dimissioae
1500 5513 1735 5569 breviter
1771 5532 1894 5569 mss.
1919 5512 1963 5570 et
1987 5515 2111 5568 edit.
2137 5515 2290 5570 Gotlt.
2320 5512 2633 5572 dimiésione
2655 5531 2781 5571 vero
2805 5516 3042 5572 breviter
3113 5514 3207 5546 ⁸⁵³⁸
3248 5512 3523 5567 Pertineat

278 5595 402 5635 mss.
428 5592 479 5635 ct
529 5583 649 5634 edit.
680 5580 834 5633 Goth.
855 5583 1084 5649 pertinet
