3926 6054
333 275 437 330 397

1459 271 1598 329 CUR
1639 269 1820 326 DEUS
1865 267 2077 324 HOMO.
2122 300 2189 309 —-
2222 269 2346 324 LIB.
2390 270 2435 324 l.

3486 278 3589 335 398

334 392 538 445 faceret
566 430 580 454 ,
605 387 748 444 fecit.
777 389 903 444 Axs.
927 389 1001 445 ιω
1030 389 1212 453 homo,
1241 387 1330 458 qui
1359 402 1416 442 se
1443 396 1635 457 sponte
1658 384 1914 456 obligavit
1947 385 1990 443 Α
2017 384 2199 439 cordia
2235 382 2343 438 Deo
2375 384 2729 443 attribuatur.
2764 388 2829 441 At
2870 387 2912 443 si
2966 387 3193 443 dimittit
3241 389 3383 458 quod
3411 390 3582 448 invito

339 482 430 535 illo
475 481 654 536 debito
698 481 991 552 "",quod
1036 481 1252 536 solvere
1309 493 1412 534 non
1461 486 1673 548 potest;
1737 485 1788 530 et
1817 491 1913 531 sua

269 628 284 638 ,
338 572 496 643 culpa
517 571 712 640 deiecit
733 587 792 628 se
819 573 872 627 in
900 572 1044 628 hanc
1093 570 1490 641 impotentiam,
1541 579 1600 624 ut
1651 584 1752 624 nec
1786 567 1917 623 illud

336 665 512 732 possit
536 662 772 729 solvere,
804 660 950 732 quod
969 661 1200 716 debebat
1230 669 1357 714 ante
1384 667 1692 729 peccatum,
1750 659 1805 713 id
1836 666 1920 712 est

337 767 407 810 ne
437 762 832 824 peccaret;nec
847 754 950 810 hoc
979 753 1122 824 quod
1145 752 1302 808 debet
1329 751 1424 784 ’⁸⁷⁸
1469 753 1595 824 quia
1627 751 1873 821 peccavit
1901 770 1914 806 :

339 844 723 901 inexcusabilis
749 856 833 902 est
858 846 974 900 ⁸⁸⁷⁸.
999 845 1116 916 Ipsa
1141 861 1375 917 namque
1407 845 1728 917 impotentia
1756 846 1915 918 culpa

339 949 453 1004 est;
494 938 620 1007 quia
669 953 773 992 non
824 937 989 992 debet
1019 952 1139 993 eam
1182 937 1410 1004 habere,
1441 938 1550 992 imo
1605 938 1768 992 debet
1797 952 1916 992 eam

337 1043 445 1084 non
488 1028 726 1083 habere:
759 1044 903 1092 nam,
940 1029 1076 1084 sicut
1105 1027 1261 1100 culpa
1291 1037 1374 1084 est
1403 1044 1510 1084 non
1548 1029 1749 1084 habere
1776 1025 1918 1099 quod

341 1120 502 1174 debet
533 1119 768 1186 habere,
801 1119 875 1174 ita
905 1119 1061 1189 culpa
1097 1129 1181 1175 est
1217 1121 1421 1175 habere
1452 1120 1594 1192 quod
1621 1120 1781 1175 debet
1812 1135 1916 1174 non

338 1213 564 1267 habere.
601 1210 754 1267 Sicut
788 1227 918 1283 ergo
947 1212 1041 1244 ’⁸⁸⁸
1073 1212 1228 1282 culpa
1254 1222 1333 1267 est
1358 1212 1563 1266 homini
1597 1227 1702 1266 non
1719 1211 1920 1266 habere

340 1314 663 1375 potestatem
727 1305 895 1370 illam,
946 1321 1108 1376 quam
1165 1307 1372 1375 accepit
1403 1315 1459 1360 ut
1488 1315 1675 1376 posset
1723 1320 1920 1361 cavere

339 1405 662 1466 peccatum:
697 1397 774 1450 sic
815 1394 973 1466 culpa
1012 1406 1096 1449 est
1139 1395 1212 1450 illi
1261 1395 1462 1450 habere
1509 1396 1916 1465 impotentiam,

339 1503 445 1557 qua
487 1502 586 1541 nec
624 1487 718 1518 ’⁸⁸⁸
746 1486 1071 1554 injustitiam
1099 1497 1673 1557 tenerc,etpeccatum
1703 1501 1916 1551 cavere;

341 1593 443 1633 nec
473 1579 614 1647 quod
643 1593 739 1648 pro
769 1587 990 1647 peccato
1027 1578 1186 1632 debet
1234 1577 1460 1632 reddere
1484 1586 1683 1647 potest.
1717 1575 1920 1652 Sponte

344 1685 582 1740 namque
609 1668 759 1732 fecit,
813 1669 954 1724 unde
996 1668 1235 1738 perdidit
1276 1667 1420 1721 illam
1477 1664 1833 1736 potestatem,
1865 1677 1918 1720 et

345 1737 564 1816 devenit
611 1760 663 1813 in
715 1760 856 1814 hanc
888 1757 1284 1829 impotentiam.
1338 1756 1482 1811 Idem
1521 1756 1664 1810 enim
1689 1764 1772 1810 est
1809 1769 1915 1810 non
1951 1737 1991 1796 Β

345 1855 546 1910 habere
580 1861 926 1923 potestatem,
977 1866 1140 1920 quam
1166 1849 1323 1906 debet
1368 1849 1597 1914 habere;
1639 1858 1693 1904 et
1719 1848 1918 1903 habere

337 1943 734 2015 impotentiam,
761 1958 922 2013 quam
955 1940 1113 1994 debet
1137 1955 1243 1995 non
1308 1939 1531 1994 habere.
1581 1937 1920 2008 Quapropter

337 2035 656 2106 impotentia
692 2032 948 2088 reddendi
975 2031 1087 2086 Deo
1112 2029 1253 2101 quod
1297 2029 1481 2091 debet,
1514 2043 1633 2098 quze
1675 2027 1807 2083 facit
1860 2035 1917 2082 ut

335 2143 443 2182 non
495 2127 721 2191 reddat,
755 2140 860 2180 non
899 2131 1126 2180 excusat
1152 2121 1447 2186 hominem,
1477 2120 1521 2174 si
1557 2136 1662 2174 non
1706 2118 1912 2176 reddit:

334 2219 592 2288 quoniam
610 2215 861 2271 effectum
895 2213 1104 2284 peccati
1137 2212 1234 2246 “3’
1256 2227 1361 2266 non
1385 2219 1608 2265 excusat
1636 2217 1915 2279 peccatum

337 2310 481 2381 quod
519 2307 651 2362 facit
673 2307 793 2360 “‘3.
829 2307 950 2361 Bos.
983 2304 1050 2360 Et
1077 2319 1240 2376 grave
1273 2303 1436 2358 nimis
1458 2312 1559 2367 est,
1587 2310 1640 2357 et
1665 2302 1737 2356 ita
1798 2315 1918 2355 esse

335 2416 557 2457 necesse
584 2409 692 2456 est.
722 2400 852 2453 Axs.
875 2396 1107 2466 lnjastus
1136 2411 1268 2468 ergo
1319 2397 1480 2452 homo
1514 2403 1632 2459 est,
1670 2393 1776 2464 'qui
1812 2408 1918 2448 non

335 2486 515 2546 reddit
547 2490 659 2544 Deo
688 2487 835 2559 quod
868 2487 1052 2544 debet.
1078 2485 1207 2543 Bos.
1235 2483 1409 2542 Nimis
1438 2496 1522 2541 est
1552 2498 1917 2550 verum;nam

335 2587 568 2657 injustas
592 2599 675 2642 est
703 2585 828 2656 quia
854 2601 961 2642 non
989 2585 1168 2641 reddit
1199 2603 1214 2642 :
1246 2594 1302 2642 et
1341 2583 1574 2654 iniustus
1623 2591 1732 2649 est,
1782 2583 1912 2655 quia

335 2679 562 2733 reddere
585 2679 789 2746 nequit.
815 2678 942 2732 Aras.
968 2674 1157 2732 Nullus
1181 2684 1364 2733 autem
1396 2673 1635 2748 iniustus
1658 2674 1918 2732 admitte-

337 2781 426 2826 tur
453 2770 521 2824 ad
550 2769 645 2802 ’⁸⁸⁸
681 2769 1098 2835 beatitudinem;
1145 2769 1402 2849 quoniam
1445 2767 1905 2839 quemadmodum

335 2862 612 2918 beatitudo
643 2871 723 2916 est
751 2858 1097 2926 sufﬁcientia,
1130 2860 1182 2914 in
1213 2875 1318 2929 qua
1356 2859 1503 2914 nulla
1535 2868 1620 2915 est
1663 2859 1914 2929 indigen-

334 2955 407 3008 tia
441 2972 454 3008 :
490 2954 568 3008 sic
596 2952 722 3006 nulli
755 2954 1030 3017 convenit,
1079 2951 1181 3007 nisi
1217 2953 1267 3006 in
1301 2968 1408 3022 quo
1433 2952 1508 3008 ita
1537 2969 1670 3023 pura
1697 2965 1782 3009 est
1825 2954 1914 3023 ju-

332 3047 508 3110 stitia,
538 3053 598 3099 ut
627 3045 771 3099 nulla
811 3045 864 3098 in
893 3060 958 3099 eo
985 3045 1056 3098 sit
1106 3045 1390 3115 injustitia.
1422 3043 1548 3100 Bos.
1599 3045 1714 3100 Non
1744 3048 1917 3104 audeo

337 3139 500 3193 aliter
525 3140 770 3193 credere.
800 3135 929 3190 Ans.
958 3135 1058 3203 Qui
1088 3149 1217 3204 ergo
1255 3149 1360 3189 non
1384 3134 1546 3190 solvit
1577 3136 1685 3191 Deo
1707 3178 1721 3201 ,
1767 3138 1914 3209 quod

332 3236 518 3299 debet,
549 3249 654 3288 non
696 3233 895 3308 poterit
945 3245 1065 3285 esse
1093 3229 1187 3262 ’⁵⁸⁸
1226 3229 1440 3284 beatus.
1477 3228 1604 3285 Bos.
1655 3229 1766 3286 Nec
1811 3231 1914 3297 hoc

335 3325 597 3396 consequi
629 3322 724 3356 ³⁵⁸⁸
750 3336 949 3394 negare
995 3335 1217 3390 possum
1251 3319 1368 3375 ηδτ.
1395 3321 1524 3376 Aus.
1559 3318 1714 3387 Quod
1756 3321 1800 3376 si
1834 3321 1914 3376 vis

334 3421 520 3476 dicere
545 3418 673 3489 quia
697 3417 1015 3473 misericors
1036 3417 1131 3449 ³⁸⁸³
1162 3415 1305 3472 Deus
1329 3415 1555 3472 dimittit
1587 3415 1912 3487 supplicanti

331 3512 476 3582 quod
490 3512 672 3578 debet,
705 3510 908 3566 idcirco
936 3509 1060 3580 quia
1085 3508 1312 3564 reddere
1361 3507 1583 3578 nequit;
1613 3522 1718 3562 non
1734 3513 1914 3578 potest

337 3603 442 3657 dici
469 3602 761 3667 dimittere,
787 3600 892 3668 nisi
919 3609 1012 3653 aut
1040 3600 1164 3666 hoc,
1197 3597 1339 3670 quod
1371 3598 1535 3654 homo
1558 3607 1750 3669 sponte
1793 3598 1916 3653 red-

335 3696 464 3750 dere
492 3693 684 3758 debet,
741 3707 842 3748 nec
885 3699 1082 3762 potest,
1133 3692 1183 3745 id
1215 3701 1298 3746 est
1336 3689 1479 3760 quod
1511 3689 1913 3759 recompensari

333 3785 503 3855 possit
523 3791 750 3854 peccato
777 3784 921 3853 quod
945 3782 1063 3837 fieri
1097 3797 1202 3836 non
1234 3781 1460 3837 deberet
1504 3776 1618 3852 86
1644 3795 1742 3852 pro
1792 3793 1914 3838 con-

333 3874 644 3928 versatione
691 3873 870 3928 omnis
893 3872 993 3939 rei,
1025 3887 1145 3942 quae
1177 3873 1316 3926 Deus
1366 3885 1470 3925 non
1503 3879 1588 3925 est
1618 3887 1631 3923 :
1660 3871 1753 3926 aut
1789 3864 1912 3938 hoc,

335 3966 483 4036 quod
520 3964 794 4036 puniendo
847 3972 967 4018 erat
1014 3963 1292 4018 ablaturus
1340 3963 1535 4029 invito,
1566 3962 1707 4018 sicut
1751 3977 1913 4034 supra

332 4057 467 4122 dixi,
501 4058 552 4111 id
603 4066 686 4112 est
738 4057 1133 4112 beatitudinem
1181 4073 1194 4111 :
1245 4055 1339 4110 sed
1400 4055 1444 4109 si
1500 4051 1726 4108 dimittit
1775 4045 1916 4124 quod

332 4158 524 4218 sponte
549 4147 772 4202 reddere
798 4148 960 4201 debet
993 4150 1154 4201 homo
1182 4186 1196 4210 ,
1234 4146 1354 4200 ideo
1384 4145 1507 4214 quia
1531 4145 1756 4198 reddere
1809 4160 1916 4198 non

331 4249 544 4310 potest;
604 4239 739 4309 quid
788 4247 872 4293 est
905 4238 1066 4298 aliud,
1117 4251 1277 4306 quam
1308 4235 1528 4290 dimittit
1584 4235 1727 4290 Deus
1771 4220 1916 4304 quod

335 4333 538 4388 habere
563 4347 668 4387 non
695 4329 910 4400 potest?
941 4327 1046 4384 Sed
1088 4327 1288 4384 derisio
1313 4335 1492 4392 est,ut
1539 4326 1664 4382 talis
1705 4326 1915 4381 miscri—

2019 486 2137 532 erat
2171 476 2475 547 ablaturus,
2507 491 2728 549 propter
2765 480 3136 550 impotentiam
3163 482 3420 539 reddendi
3449 488 3593 553 quod

2020 582 2211 643 sponte
2240 575 2464 630 reddere
2491 576 2681 644 debet,
2715 575 2922 631 relaxat
2952 576 3090 630 Deus
3111 592 3349 647 poenam,
3382 589 3435 634 et
3464 580 3594 634 facit

2021 665 2239 721 beatum
2300 665 2572 721 hominem
2624 676 2846 740 propter
2883 678 3188 738 peccatum,
3251 671 3376 740 quia
3430 672 3593 727 habet

2020 755 2162 826 quod
2190 756 2351 811 debet
2383 773 2486 810 non
2527 757 2747 813 habere.
2807 756 2941 813 Nam
2987 759 3159 830 ipsam
3219 761 3592 830 impotentiam

2022 847 2312 901 debetnon
2354 847 2575 913 habere,
2603 858 2660 902 et
2688 847 2892 903 idcirco
2939 849 3180 918 quandiu
3228 849 3374 905 illam
3423 852 3585 906 habet

2021 951 2136 992 sme
2160 936 2533 994 satisfactione
2584 947 2990 1009 peccatumvest
3017 939 3135 993 illi:
3178 956 3364 996 verum
3409 941 3594 1010 hujus-

2021 1027 2165 1084 modi
2205 1013 2577 1085 misericordia
2601 1031 2695 1085 Dei
2724 1032 2885 1086 nimis
2911 1031 3006 1063 ’⁸⁸⁸
3021 1043 3105 1087 est
3135 1034 3407 1088 contraria
3430 1033 3598 1103 justi.

1985 1186 1994 1194 ,
2025 1118 2110 1172 tiae
2147 1117 2310 1184 illius,
2358 1133 2480 1189 qua:
2517 1119 2733 1175 nonnisi
2761 1135 2978 1191 pmnam
3009 1122 3274 1191 permittit
3296 1124 3442 1178 reddi
3473 1141 3596 1194 pro-

2022 1218 2142 1282 pter
2186 1221 2490 1282 peccatum.
2538 1211 2901 1283 Quapropter,
2937 1217 3392 1284 quemadmodum
3428 1220 3594 1273 Deum

2023 1297 2128 1358 sibi
2145 1318 2264 1358 esse
2292 1300 2634 1359 Contrarium
2658 1347 2673 1372 ,
2703 1306 2774 1359 ita
2803 1305 2904 1361 hoc
2931 1305 3088 1361 modo
3116 1307 3262 1362 illum
3293 1324 3414 1364 esse
3434 1311 3598 1364 mise-

2024 1393 2289 1449 ricordem
2318 1404 2401 1450 est
2425 1395 2782 1466 impossibile.
2817 1398 2941 1453 Bos.
2969 1398 3147 1454 Aliam
3171 1399 3266 1455 Dei
3295 1401 3563 1457 miscricor
3583 1435 3599 1443 -

2023 1485 2166 1543 diam
2215 1487 2370 1553 video
2415 1502 2536 1542 esse
2559 1489 2948 1557 qumrendam,
3011 1505 3174 1559 quam
3232 1493 3411 1545 istam.
3465 1494 3594 1547 Axs.

2022 1575 2222 1633 Verum
2277 1587 2395 1633 esto
2443 1579 2539 1610 "9°
2575 1579 2843 1633 :dimittit
2874 1580 3015 1635 Deus
3043 1582 3112 1646 ei,
3143 1582 3234 1652 qui
3287 1598 3394 1637 non
3442 1583 3600 1638 solvit

2022 1670 2168 1740 quod
2197 1670 2361 1725 debet
2414 1670 2532 1736 ⁸⁸³⁸,
2591 1669 2793 1725 idcirco
2823 1671 3076 1739 quoniam
3114 1687 3220 1725 non
3250 1681 3431 1742 potest
3477 1674 3596 1726 "9'.

2023 1759 2144 1816 Bos.
2175 1759 2248 1813 lta
2288 1759 2504 1814 vellem.
2539 1761 2669 1814 ANS.
2714 1761 2787 1813 At
2841 1760 3079 1832 quandiu
3113 1777 3220 1816 non
3251 1763 3474 1830 reddet,
3508 1776 3602 1818 aut

2022 1850 2168 1906 volet
2206 1851 2455 1914 reddere,
2489 1863 2583 1905 aut
2608 1867 2712 1906 non
2740 1850 2900 1906 volet.
2928 1853 3034 1908 Sed
3060 1851 3103 1908 si
3130 1853 3273 1910 volet
3322 1856 3418 1886 ’⁸³⁸
3456 1859 3598 1928 quod

2022 1960 2127 1998 non
2166 1946 2388 2016 poterit,
2419 1945 2668 2022 indigens
2690 1947 2794 2002 erit
2835 1965 2847 2000 :
2901 1947 2944 2003 si
2979 1963 3108 2003 vero
3154 1965 3260 2005 non
3304 1951 3472 2019 volet,
3520 1953 3605 2008 in—

2014 2033 2196 2103 justus
2225 2037 2348 2091 erit.
2389 2036 2513 2093 Bos.
2567 2036 2680 2093 lloc
2726 2037 2859 2092 nihil
2891 2038 3098 2094 clarius
3149 2039 3264 2096 ωδ.
3306 2042 3438 2097 ANS.
3473 2040 3602 2096 Sive

2021 2135 2202 2182 autem
2255 2128 2540 2199 indigens,
2601 2129 2716 2183 sive
2774 2117 3020 2199 injustus
3053 2129 3159 2198 sit,
3227 2131 3419 2187 beatus
3493 2149 3599 2187 non

2021 2220 2147 2274 erit.
2197 2219 2320 2274 Bos.
2353 2220 2419 2280 Et
2456 2222 2558 2278 hoc
2589 2231 2837 2291 apertum
2873 2222 2990 2276 ³⁸³⁸.
3021 2223 3150 2277 Ans.
3185 2225 3432 2291 Quandiu
3471 2239 3601 2296 ergo

2023 2329 2130 2369 non
2162 2314 2256 2346 ’⁸⁸³
2279 2315 2486 2380 reddet,
2515 2305 2707 2369 beatus
2731 2330 2851 2369 essre
2883 2299 2989 2370 non
3023 2316 3241 2384 poterit.
3267 2315 3394 2371 Bos.
3422 2316 3480 2371 Si
3505 2333 3596 2369 ra-
3664 2305 3668 2309 “

2024 2404 2223 2459 tionem
2255 2412 2514 2474 sequatur
2538 2402 2942 2473 Deusjustitize,
2975 2420 3079 2460 non
3105 2415 3190 2461 est
3240 2420 3348 2475 qua
3393 2406 3590 2460 evadat

2023 2496 2189 2551 miser
2214 2495 2536 2563 homuncio;
2562 2505 2618 2551 et
2649 2495 3022 2552 misericordia
3045 2497 3139 2551 Dei
3166 2498 3347 2567 perire
3362 2489 3598 2554 videtur.

2019 2587 2150 2644 Axs.
2180 2585 2466 2644 Rationem
2495 2588 2804 2659 postulasti,
2836 2588 3102 2644 rationem
3128 2588 3344 2660 accipe;
3390 2590 3600 2647 iniseri-

2020 2675 2239 2734 cordem
2273 2677 2444 2733 Deum
2467 2693 2588 2734 esse
2615 2685 2722 2734 non
2745 2693 2904 2749 nego,
2923 2666 3012 2748 qui
3037 2678 3600 2748 hominesetjmnenta

2022 2769 2233 2837 salvat,
2283 2771 2742 2840 quemadmodum
2767 2770 3144 2841 multiplicavit
3172 2771 3599 2827 misericordiam

2021 2876 2196 2918 suam.
2231 2857 2340 2916 Nos
2364 2869 2546 2915 autem
2573 2859 2853 2930 loquimur
2892 2863 2959 2916 de
3009 2860 3100 2916 illa
3151 2860 3340 2915 ultima
3383 2861 3597 2918 miseri-

2021 2953 2350 3023 cordia,qua
2379 2961 2499 3024 post
2521 2953 2660 3008 hanc
2686 2953 2853 3008 vitam
2881 2953 3097 3006 beatum
3131 2951 3265 3008 facit
3295 2953 3595 3010 hominem:

2023 3046 2164 3101 hanc
2190 3045 2581 3100 beatitudinem
2629 3043 2758 3099 nulli
2806 3044 2922 3098 dari
2954 3043 3155 3098 debere
3204 3043 3324 3110 ³³⁸⁷,
3362 3046 3466 3100 nisi
3497 3046 3598 3106 illi,

2023 3135 2110 3190 cui
2140 3135 2359 3206 penitus
2392 3133 2613 3188 dimissa
2640 3132 2736 3165 "’3
2763 3141 2889 3187 sunt
2919 3141 3173 3203 peccata;
3200 3139 3301 3188 nec
3354 3132 3496 3186 hanc
3518 3135 3601 3187 di—

2022 3228 2338 3284 missionem
2371 3227 2509 3294 lieri,
2534 3228 2634 3282 nisi
2663 3226 2846 3281 debito
2880 3227 3109 3289 reddito,
3145 3224 3290 3296 quod
3349 3225 3598 3288 debetur,

2021 3335 2122 3390 pro
2149 3327 2377 3392 peccato
2402 3317 2698 3374 secundum
2725 3317 3152 3388 magnitudinem
3179 3317 3412 3388 peccati,
3437 3333 3600 3386 supra

2024 3413 2224 3483 positis
2247 3409 2549 3466 rationibus
2596 3419 2728 3480 puto
2767 3426 2853 3465 me
2894 3409 3225 3465 suflicienter
3266 3411 3599 3466 ostendisse.

2021 3504 2227 3572 Quibus
2254 3505 2298 3559 si
2326 3503 2456 3573 quid
2503 3503 2593 3558 tibi
2616 3504 2831 3558 videtur
2865 3517 3026 3574 posse
3057 3504 3360 3558 rationibus
3404 3504 3599 3575 objici,

2022 3597 2204 3652 dicere
2254 3595 2418 3654 debes
2454 3595 2568 3648 "9’.
2592 3593 2715 3650 Bos.
2772 3595 2884 3666 Ego
2918 3593 3106 3664 utique
3131 3594 3333 3648 nullam
3386 3604 3600 3650 tuarum

2021 3687 2290 3741 rationum
2337 3685 2682 3754 aliquatenus
2739 3685 3004 3739 intirmari
3054 3700 3214 3755 posse
3247 3686 3422 3742 video.
3469 3688 3598 3742 Ans.

2022 3775 2210 3848 Neque
2267 3790 2396 3846 ego,
2446 3776 2491 3830 si
2538 3775 2676 3832 bene
2721 3776 3154 3842 considerentur,
3183 3777 3481 3832 existimo:
3511 3793 3605 3834 ve-

2021 3878 2324 3923 rumtamen
2349 3867 2396 3922 si
2429 3866 2632 3921 veluna
2653 3868 2718 3920 de
2754 3867 3027 3930 omnibus,
3060 3883 3196 3937 quas
3231 3869 3415 3938 posui,
3453 3872 3603 3926 inex-

2023 3957 2298 4030 pugnabili
2348 3958 2584 4034 veritate
2604 3956 2916 4022 roboratur,
2967 3956 3215 4012 sufﬁcere
3268 3959 3443 4014 debet.
3477 3959 3603 4016 Sive

2025 4066 2258 4122 namque
2270 4067 2401 4118 uno,
2416 4052 2532 4108 sive
2544 4051 2787 4121 pluribus
2809 4050 3141 4121 argumentis
3161 4051 3604 4120 veritasincxpu-

2022 4142 2314 4209 gnabiliter
2352 4152 2703 4208 monstretur,
2727 4141 3008 4212 aequaliter
3024 4141 3091 4196 ab
3103 4141 3250 4195 omni
3267 4141 3605 4198 dubitatione

2022 4235 2348 4290 defenditur.
2382 4236 2501 4292 Bos.
2551 4237 2693 4292 Ecce
2724 4236 2797 4290 ita
2831 4244 2919 4290 est
2965 4234 3084 4288 που.
3143 4234 3426 4302 Quomodo
3475 4251 3605 4305 ergo

1974 4348 1979 4354 ·
2027 4329 2205 4384 salvus
2237 4329 2341 4382 erit
2370 4329 2552 4390 homo,
2585 4329 2628 4383 si
2653 4329 2764 4399 ipse
2791 4344 2890 4383 nec
2916 4327 3078 4383 solvit
3115 4327 3260 4396 quod
3288 4327 3480 4394 debet;
3505 4343 3604 4383 nec

1641 4547 1874 4603 VARIIE
1911 4546 2310 4603 LECTIONES.

406 4691 608 4746 ’⁸⁷⁷11Ιὶ
660 4691 840 4747 debito
889 4707 1013 4745 mss.
1078 4698 1126 4742 et
1176 4686 1325 4742 Edit.
1380 4684 1536 4740 Goth.
1584 4683 1674 4740 illo
1729 4683 1911 4739 debito
2059 4683 2156 4751 ’⁸⁷3
2201 4681 2312 4737 Nec
2375 4681 2520 4752 quod
2584 4681 2744 4752 debet
2810 4699 2936 4737 mss.
2996 4693 3043 4738 et
3104 4681 3254 4740 Edit.
3294 4682 3452 4740 Galli.
3509 4701 3608 4739 nec

334 4764 441 4819 hoc
469 4761 614 4834 quod
659 4762 821 4817 debet
964 4761 1058 4792 "7°
1095 4759 1480 4834 lnexeusabilis
1519 4766 1604 4834 est
1662 4755 1937 4834 maluloly
1973 4753 2336 4810 inexcusabile
2387 4751 2473 4807 est
2616 4751 2710 4784 "3°
2743 4752 2896 4808 Sicut
2927 4767 3077 4834 ergo,
3109 4765 3259 4834 etc.,
3322 4771 3486 4826 usque
3539 4755 3609 4834 (ut

332 4820 863 4903 Imc.'Qttapropter,
891 4842 1023 4898 etc.,
1059 4828 1340 4903 ῃιρηιοιῃ
1366 4827 1580 4903 omittit.
1651 4893 1684 4903 Α
1727 4825 1826 4903 "ﬂ
1867 4820 1968 4880 Per
2007 4841 2168 4903 quam
2199 4837 2514 4903 _nec___ntss._
2560 4837 2679 4903 qua
2726 4839 2850 4903 nec_
2970 4820 3369 4903 "ff_Eﬂ‘ect_tis__
3396 4820 3606 4903 peccati

333 4918 465 4956 mu.
487 4893 739 4959 effectum
770 4893 1019 4974 peccati;
1052 4901 1147 4932 ’⁵⁸⁸
1171 4893 1329 4969 Quod
1355 4901 1489 4954 facit
1515 4896 1614 4951 ms.
1645 4893 1704 4950 S.
1733 4893 2083 4974 _l‘lf‘i_ch.nquod
2107 4895 2241 4949 fecit
2313 4893 2760 4974 f"‘_Atlmittitu.r
2784 4894 2850 4974 ad
2888 4910 2987 4974 ms.
3025 4894 3160 4950 Vict.
3190 4905 3237 4949 et
3265 4893 3415 4974 Ειζὶιῖ
3446 4893 3603 4950 Coth.

334 4974 657 5029 admittetur
688 4963 786 5027 ad'
831 4973 926 5008 ’⁸⁸⁸
962 4971 1078 5026 Non
1107 4963 1286 5042 potest
1319 4984 1439 5042 esse
1468 4984 1606 5042 um.
1635 4975 1683 5020 et
1725 4965 1873 5019 Edit.
1906 4963 2063 5020 Goth.
2111 4979 2218 5042 non
2251 4964 2592 5042 poteritesse
2665 4963 2901 5042 ""_Nec
2948 4966 3051 5021 hoc
3087 4966 3344 5035 consequi
3389 4979 3604 5042 possum

334 5060 436 5095 ms.
469 5044 595 5115 Joly
618 5058 716 5098 nec
747 5046 851 5100 hoc
877 5032 1275 5115 consequenter
1348 5041 1441 5075 ⁸⁸⁸⁷
1467 5039 1936 5115 Negare‘possttm.
1969 5052 2066 5088 ma.
2111 5032 2262 5115 Vict.
2267 5035 2383 5115 19..
2403 5048 2502 5088 nec
2523 5034 2778 5115 consequi
2804 5050 3003 5115 negare
3031 5032 3427 5106 possumimss.
3472 5032 3602 5086 Vict.

334 5116 392 5168 3.
419 5124 466 5167 et
498 5103 587 5168 13:
629 5123 684 5167 et
711 5115 814 5170 hoc
837 5103 1105 5182 .consequi
1138 5128 1242 5167 non
1270 5125 1510 5181 possum.
1542 5103 1640 5162 ἷηε.
1784 5106 1944 5182 tilica.
1994 5105 2226 5182 ςεηειέὶιτ
2260 5103 2417 5182 δραι..
2459 5120 2558 5158 nec
2606 5103 2721 5182 hoc
2745 5103 3004 5182 consequi
3032 5103 3523 5182 itegare_‘.poss_u‘m:

335 5183 436 5215 ⁸⁸⁸⁸
466 5187 657 5240 Dicere
690 5185 816 5252 quia
849 5173 1164 5239 miseri-cors
1204 5173 1331 5252 mss.
1365 5182 1580 5252 dicere;
1620 5176 2100 5252 misericors__”°_°
2137 5175 2255 5252 Dei_
2276 5176 2443 5252 nimis
2479 5190 2605 5252 mss.
2637 5173 2882 5252 Beccens.
2929 5173 3184 5252 (lenimen
3228 5173 3356 5228 Vict.
3390 5173 3602 5252 l9LDci

331 5262 421 5307 est
451 5256 612 5310 nimis
684 5243 778 5287 ’5”
804 5254 1000 5310 Verum
1025 5261 1142 5308 esto
1171 5269 1268 5306 ms.
1288 5251 1415 5321 Jon
1445 5243 1767 5321 verumest
1815 5247 1906 5281 ²⁵⁹¹
1928 5246 2192 5321 Dimittat
2223 5245 2364 5300 Deus
2391 5247 2462 5321 ei,
2484 5245 2576 5313 qui
2608 5259 2715 5299 non
2749 5245 2904 5299 solvit
2929 5246 3188 5321 debitum,
3220 5261 3346 5321 mss.
3377 5243 3598 5321 erﬁda.

333 5323 512 5407 (iatn...
527 5326 754 5407 dimittit
781 5327 932 5407 Deus
949 5326 1019 5407 ei,
1049 5324 1141 5407 qui
1168 5312 1466 5406 non'solvit
1505 5319 1652 5389 quod
1685 5319 1848 5407 debet
1921 5318 2017 5407 3‘”
2057 5317 2262 5407 ldclirco
2288 5312 2558 5407 quptlnnon
2600 5326 2800 5407 potest.
2824 5312 3376 5407 tungieh‘etAIolq,
3409 5312 3599 5407 distet:

336 5394 402 5450 S.
433 5395 597 5449 Mich.
630 5406 678 5448 et
705 5394 853 5450 Edit.
890 5384 1279 5450 Gothidcirco
1301 5384 1575 5463 quoniatit
1603 5403 1710 5463 non
1758 5396 1940 5463 potest
1966 5404 2106 5463 mss.
2128 5384 2378 5463 sema.
2408 5384 2531 5463 B_cc.
2568 5384 2992 5463 obgit_t._._idcirco
3064 5385 3158 5416 ⁸⁵⁸⁸
3204 5384 3357 5463 Quod
3385 5386 3429 5440 si
3462 5384 3603 5438 volet
3643 5426 3657 5441 .

333 5481 466 5520 mu.
499 5477 546 5520 et
580 5465 727 5520 Edit.
760 5464 917 5520 Galla.
952 5466 1048 5520 sed
1077 5465 1122 5518 si
1152 5463 1293 5519 volet
1317 5453 1333 5463 ”
1369 5461 1465 5493 ’⁸⁸⁸
1495 5458 1639 5512 Nihil
1661 5453 1866 5513 clarius
1889 5475 1984 5512 ms.
2016 5457 2142 5526 July
2175 5457 2302 5510 mihi
2333 5455 2533 5510 clarius
2607 5456 2702 5488 ’⁸⁸⁵
2736 5455 2847 5510 lloc
2875 5465 3125 5527 apertum
3142 5473 3242 5510 ms.
3284 5453 3418 5527 ἕξει.
3443 5471 3601 5527 aper-

337 5547 452 5589 tum
484 5546 566 5592 est
639 5536 734 5568 ²⁵⁹⁶
761 5536 1011 5604 Quandiu
1043 5550 1147 5604 non
1172 5551 1296 5589 mss.
1339 5541 1386 5588 et
1417 5531 1565 5604 Edit.
1591 5527 2016 5604 Galliaquandiu
2041 5523 2172 5604 ergo
2204 5542 2310 5604 non
2387 5527 2478 5560 ³³³⁷
2515 5527 2652 5604 [lare
2684 5523 3047 5604 debere'mss.
3085 5525 3234 5604 (iam.
3274 5523 3598 5604 βίᾳ-ζώῃ,

338 5605 531 5660 Cister.
579 5605 710 5661 Vict.
745 5595 833 5662 ὦ.
867 5617 913 5659 et
943 5605 1088 5659 Edit.
1118 5603 1274 5659 Goth.
1319 5603 1434 5657 dari
1465 5600 1662 5656 debere
1737 5595 1831 5632 "’9
1860 5597 2082 5652 Penittts
2108 5595 2344 5652 demissa
2375 5613 2473 5651 ms.
2519 5595 2652 5650 Vict.
2682 5599 2767 5651 l9.
2798 5597 2964 5649 0min.
3002 5597 3215 5667 penitus
3287 5596 3382 5630 ’δ”
3413 5598 3600 5652 Dicere

337 5678 566 5732 deberes
597 5689 804 5734 mss..et
832 5675 976 5731 Edit.
1002 5674 1158 5731 Goth.
1201 5677 1381 5731 dicere
1407 5674 1572 5726 debes
1666 5669 1758 5702 "°°
1788 5669 1846 5724 Β.
1877 5669 2016 5724 Ecce
2048 5669 2118 5722 ita
2149 5677 2248 5733 est,
2284 5680 2417 5728 etc.,
2444 5671 2496 5721 in
2523 5683 2647 5720 mss.
2681 5669 2763 5720 hic
2785 5667 2961 5738 incipit
2991 5679 3141 5738 caput
3170 5667 3258 5722 25.
