3916 6054
331 223 435 280 399

863 220 916 275 S.
966 219 1266 276 ANSELMI
1302 212 1652 274 CANTUAR.
1689 212 2006 268 ARCHIEP.
2051 212 2199 268 OPP.
2250 214 2431 269 PARS
2474 215 2608 268 1.-
2638 212 3057 270 DOGMATICA.

3490 216 3600 275 41‘0

330 333 530 391 salvari
561 332 683 398 ¹⁶⁰¹,
712 330 757 386 si
790 349 893 386 non
914 332 1094 397 solvit,
1125 330 1283 386 debet
1306 328 1436 381 ’θυι
1458 335 1552 382 aut
1588 342 1693 396 qua
1740 324 1916 378 fronte
1947 332 1990 387 Α
2021 340 2169 379 (ποθεν
2207 335 2287 379 est
2316 326 2527 394 aliquos
2558 326 2807 380 homines
2840 326 2907 379 ad
2949 323 3347 379 beatitudinem
3400 341 3601 397 perve-

332 441 647 482 asserenms
667 424 765 456 ¹⁶⁰³
792 424 959 479 Deum
987 425 1038 477 in
1074 419 1448 477 misericordia
1487 418 1708 473 divitem
1748 432 1911 487 supra

333 520 633 573 humanum
665 514 761 547 m‘
794 514 1149 577 intellectum,
1183 512 1323 566 hanc
1352 508 1780 565 misericordiam
1833 506 1915 560 fa-

327 624 455 665 cere
486 624 588 663 non
620 606 810 677 posse?
849 606 978 660 Ass.
1030 604 1142 661 lloc
1190 605 1357 660 debes
1382 618 1524 659 nunc
1545 602 1612 656 ab
1654 597 1773 655 illis'
1816 602 1911 632 ’⁸⁸⁵³

330 701 550 768 exigere
576 697 689 768 (qui
730 697 1004 753 Christum
1028 713 1135 753 non
1159 712 1279 754 esse
1300 694 1913 753 creduntnecessarium

331 792 396 845 ad
430 791 574 844 illam
605 790 837 845 salutem
881 789 979 822 ’κθ
1031 789 1290 861 hominis)
1319 802 1552 859 quorum
1587 786 1702 841 vice
1728 785 1917 856 loque-

327 880 434 945 ris;
464 889 521 933 ut
548 879 733 933 dicant
792 878 1026 949 qualiter
1058 880 1218 934 homo
1249 878 1457 933 salvari
1521 878 1642 933 sine
1686 875 1908 932 Christo

326 974 514 1041 possit.
557 972 710 1038 Quod
741 959 785 1026 si
814 986 919 1025 non
940 969 1298 1041 possuntullo
1319 969 1508 1034 modo;
1538 966 1910 1024 desinantnos

327 1063 575 1128 irridere,
607 1072 661 1117 et
687 1062 971 1129 accedant,
1005 1072 1059 1118 et
1090 1063 1328 1134 jungant
1362 1061 1456 1093 ¹⁶⁰⁷
1510 1075 1569 1117 se
1610 1059 1789 1125 nobis,
1816 1060 1910 1130 qui

326 1172 430 1211 non
460 1156 768 1211 dubitamus
790 1155 1068 1211 hominem
1093 1154 1290 1211 salvari
1314 1169 1473 1225 posse
1498 1170 1597 1225 per
1634 1153 1914 1210 Christum
1948 1176 1955 1182 θ

328 1256 422 1301 aut
470 1248 761 1316 desperent
818 1247 925 1302 hoe
956 1246 1067 1302 ullo
1110 1246 1269 1302 modo
1291 1260 1450 1317 posse
1482 1245 1599 1300 ﬁeri
1631 1263 1645 1300 :
1680 1244 1823 1315 quod
1870 1245 1915 1300 si

327 1335 576 1398 horrent,
628 1335 853 1390 credant
902 1335 1183 1390 nobiscum
1216 1335 1268 1389 in
1311 1333 1589 1390 Christum
1618 1343 1679 1388 ut
1704 1334 1916 1405 possint

330 1423 555 1477 salvari.
580 1422 706 1480 Bos.
738 1423 782 1478 A
840 1433 894 1478 te
940 1438 1180 1494 quaeram
1227 1422 1345 1487 “'9,
1379 1423 1521 1479 sicut
1558 1424 1759 1493 inctepi
1796 1424 1911 1492 ²⁶⁰⁹,

327 1515 669 1572 utosteudas
720 1515 851 1571 mihi
902 1530 1012 1586 qua
1064 1514 1277 1570 ratione
1324 1513 1569 1570 salvetur
1616 1515 1778 1571 homo
1817 1529 1917 1585 per

325 1606 627 1662 Christum.

894 1702 1123 1760 CAPUT
1159 1702 1329 1759 XXV.

401 1795 556 1861 Quod
579 1809 643 1848 ex
667 1795 972 1848 necessitate
998 1810 1090 1865 per
1123 1793 1389 1850 Christum
1406 1795 1635 1850 salvetur
1665 1798 1839 1850 homo.

399 1886 530 1937 Axs.
570 1882 759 1937 Nonne
798 1882 1129 1957 sulliciegiter
1178 1883 1446 1953 probatur
1489 1899 1598 1955 per-
1638 1883 1912 1939 Christum

332 1976 607 2031 hominem
660 1991 821 2045 posse
870 1975 1102 2044 salvari;
1136 1990 1259 2032 cum
1312 1977 1477 2033 etiam
1515 1976 1762 2033 inﬁdeles
1804 1994 1910 2033 non

334 2074 537 2134 negent
558 2066 836 2119 hominem
881 2064 990 2120 ullo
1024 2067 1204 2122 'modo
1233 2081 1392 2137 posse
1437 2067 1551 2122 lieri
1576 2068 1819 2134 beatum,
1860 2079 1919 2125 et

328 2153 464 2206 satis
494 2152 867 2207 ostensumsit
918 2154 1044 2222 quia
1080 2154 1125 2208 si
1167 2155 1422 2225 ponimus
1479 2154 1754 2211 Christum
1809 2173 1915 2212 non

326 2258 468 2311 esse,
505 2245 648 2299 nullo
666 2247 824 2299 modo
852 2255 1026 2312 potest
1060 2246 1290 2302 inveniri
1322 2249 1470 2304 salus
1507 2249 1781 2305 hominis?
1810 2250 1919 2304 Aut

324 2337 469 2390 enim
496 2336 909 2406 peerristum,
951 2346 1045 2393 aut
1087 2338 1194 2393 alio
1218 2339 1423 2410 aliquo,
1468 2349 1562 2395 aut
1619 2342 1767 2396 nullo
1820 2342 1917 2373 ¹⁶¹⁰

327 2429 487 2483 modo
513 2431 713 2500 poterit
736 2430 898 2486 homo
927 2432 1111 2488 salvus
1132 2432 1226 2464 ¹⁶¹⁸
1258 2448 1378 2489 esse
1414 2452 1426 2487 :
1469 2444 1804 2505 quapropter
1867 2437 1914 2491 si

328 2520 528 2575 falsum
556 2531 641 2575 est
690 2521 815 2590 quia
860 2521 1032 2587 nullo,
1062 2529 1157 2575 aut
1187 2522 1373 2593 aliquo
1416 2524 1525 2579 alio
1554 2525 1712 2579 modo
1734 2536 1915 2595 potest

333 2612 436 2666 hoc
456 2627 597 2675 esse,
623 2627 847 2666 necesse
873 2621 958 2667 est
989 2612 1103 2667 fleri
1130 2612 1225 2644 "“
1251 2628 1348 2685 per
1374 2613 1673 2671 Christum.
1699 2615 1824 2671 Bos.
1858 2617 1915 2673 Si

325 2703 470 2773 quis,
491 2704 679 2758 videns
710 2704 977 2758 rationem
1000 2704 1127 2775 quia
1156 2703 1263 2760 alio
1278 2704 1438 2760 modo
1461 2720 1567 2760 non
1583 2714 1757 2775 potest
1774 2721 1915 2774 esse,

335 2803 391 2847 et
415 2808 526 2849 non
562 2792 870 2866 intelligens
891 2810 998 2866 qua
1028 2794 1239 2851 ratione
1259 2811 1357 2867 per
1369 2797 1645 2853 Christum
1669 2813 1790 2855 esse
1826 2817 1917 2853 va-

333 2887 441 2941 leat
467 2884 586 2951 ¹⁶¹³,
620 2900 866 2942 asserere
887 2886 1017 2942 velit
1044 2886 1171 2956 quia
1196 2901 1293 2942 nec
1316 2901 1411 2957 per
1457 2886 1755 2955 Christum,
1818 2905 1917 2946 nec

333 2980 443 3037 ullo
476 2981 636 3035 modo
688 2989 852 3050 queat
901 2980 1003 3037 hoc
1026 2995 1149 3036 esse
1178 2981 1342 3051 :quid
1398 2981 1523 3037 huic
1564 2982 1917 3052 respondebi-

2019 416 2171 471 nire?
2210 416 2340 471 Nam
2373 418 2416 470 si
2451 418 2560 472 Deo
2592 426 2677 471 est
2711 416 3107 472 inconveniens
3139 416 3416 470 hominem
3471 435 3597 473 cum

2017 509 2197 581 aliqua
2231 510 2441 565 macula
2466 511 2765 581 perducere
2794 512 2859 565 ad
2894 512 3013 578 hoc,
3037 512 3103 564 ad
3132 512 3273 580 quod
3306 510 3455 565 illmn
3483 511 3603 567 sine

2015 606 2159 659 omni
2186 604 2395 657 macula
2428 604 2551 658 fecit
2580 604 2702 670 ²⁶¹⁷;
2734 621 2801 659 ne
2830 614 2923 657 aut
2949 604 3071 659 boni
3105 605 3323 675 inccepti
3366 605 3599 675 pmuite-

2016 704 2215 761 re,aut
2263 695 2597 766 propositum
2641 695 2868 765 implere
2923 710 3029 749 non
3083 710 3240 767 posse
3290 696 3539 751 videatur
3582 713 3597 750 :

2016 787 2187 842 multo
2215 788 2385 858 magis
2419 800 2639 859 propter
2682 787 2933 842 eamdem
2974 787 3466 843 inconvenientiam
3496 788 3600 841 im-

2014 878 2272 947 possibile
2301 887 2383 933 est
2417 879 2619 932 nullum
2675 877 2951 931 hominem
2983 877 3048 930 ad
3082 877 3185 931 hoc
3242 876 3489 946 provehi,
3529 878 3599 931 ad

2018 969 2160 1038 quod
2192 967 2369 1023 factus
2402 976 2513 1023 est.
2567 967 2908 1038 Quapropter
2930 976 3024 1021 aut
3061 977 3214 1022 extra
3258 969 3416 1024 tidem
3442 969 3605 1024 Chri.

2017 1061 2251 1117 stianam
2279 1062 2604 1137 invenienda
2659 1070 2744 1117 est
2764 1062 2971 1131 peccati
3013 1060 3333 1126 satisfactio,
3382 1063 3598 1132 qualem

2017 1168 2177 1223 supra
2198 1167 2318 1208 esse
2347 1153 2545 1208 debere
2574 1152 2945 1218 ostendimus;
2970 1152 3113 1222 quod
3132 1152 3275 1207 nulla
3324 1154 3462 1208 ratio
3506 1170 3603 1224 po-

2026 1252 2132 1300 test
2154 1244 2442 1299 ostendere
2461 1284 2475 1309 ,
2505 1254 2593 1298 aut
2623 1244 2991 1300 indubitanter
3013 1246 3065 1299 in
3086 1244 3173 1299 illa
3197 1260 3315 1300 esse
3329 1246 3600 1301 credenda

2017 1345 2119 1392 est.
2150 1336 2301 1403 Quod
2326 1338 2469 1390 enim
2494 1336 2799 1391 necessaria
2832 1337 2930 1367 ²⁶¹⁸
2950 1336 3161 1392 ratione
3195 1338 3464 1392 veraciter
3478 1352 3603 1393 esse

2017 1426 2311 1498 colligitur,
2350 1427 2400 1481 id
2430 1428 2481 1481 in
2514 1426 2713 1482 nullam
2737 1428 2895 1482 debet
2920 1427 3114 1483 deduci
3146 1428 3240 1462 ³⁸³⁸
3268 1430 3602 1484 dubietatem

2016 1517 2133 1583 ¹⁶¹⁰,
2162 1517 2327 1572 etiam
2362 1518 2407 1572 si
2433 1518 2877 1587 ratio,quomodo
2903 1518 2997 1550 ³⁸⁸⁸
3026 1518 3117 1584 sit,
3150 1534 3259 1574 non
3282 1518 3602 1590 percipitur.

2014 1607 2141 1663 Bos.
2171 1608 2368 1662 Verum
2394 1617 2476 1663 est
2509 1612 2653 1678 quod
2684 1609 2839 1665 dicis.
2878 1608 3006 1664 Axs.
3033 1608 3172 1677 Quid
3211 1625 3344 1681 ergo
3393 1613 3596 1681 qumris

1946 1699 2278 1771 Bamplius?
2312 1700 2437 1755 Bos.
2498 1700 2613 1755 Non
2664 1700 2866 1756 adhoc
2917 1702 3061 1766 veni,
3092 1711 3151 1756 ut
3199 1702 3416 1758 auferas
3467 1704 3604 1760 mihi

2020 1789 2141 1845 ﬁdei
2166 1790 2554 1844 dubitationem
2579 1790 2712 1857 m';
2746 1791 2838 1845 sed
2870 1802 2923 1845 ut
2954 1790 3214 1846 ostendas
3258 1791 3389 1846 mihi
3442 1794 3605 1846 certi-

2018 1880 2221 1936 tudinis
2249 1894 2383 1935 mea:
2412 1881 2712 1934 rationem:
2750 1890 3084 1951 quapropter
3130 1880 3272 1935 sicut
3318 1894 3403 1935 me
3433 1882 3603 1936 ratio-

2018 1973 2270 2029 nabiliter
2292 1973 2563 2027 deduxisti
2600 1973 2665 2026 ad
2696 1973 2818 2039 hoc,
2850 1982 2908 2027 ut
2939 1974 3151 2028 videam
3180 1973 3452 2028 hominem
3472 1989 3601 2045 pec-

2018 2070 2257 2118 catorem
2281 2061 2387 2116 hoc
2421 2060 2616 2117 debere
2644 2060 2753 2115 Deo
2800 2077 2898 2131 pro
2945 2071 3192 2132 peccato,
3225 2062 3368 2131 quod
3395 2073 3447 2118 et
3489 2066 3605 2119 red-

2019 2155 2148 2210 dere
2176 2152 2272 2184 ¹⁶²⁸
2302 2152 2517 2222 nequit;
2552 2163 2605 2208 et
2629 2152 2732 2206 nisi
2760 2152 3056 2208 reddiderit
3085 2153 3284 2210 salvari
3307 2170 3410 2210 non
3436 2155 3605 2218 valet.

2020 2246 2092 2301 ita
2125 2247 2246 2303 volo
2272 2264 2358 2303 me
2386 2245 2648 2317 perducas
2676 2244 2824 2308 illuc,
2855 2254 2909 2300 ut
2939 2246 3246 2302 rationabili
3276 2249 3608 2303 necessitate

2020 2339 2315 2410 intelligam
2356 2352 2475 2395 esse
2499 2349 2754 2408 oportere
2778 2339 2963 2392 omnia
2996 2338 3107 2408 illa,
3135 2356 3255 2412 qute
3284 2343 3441 2397 nobis
3469 2341 3604 2396 fides

2018 2431 2286 2485 catholica
2331 2432 2397 2486 de
2426 2432 2643 2486 Christo
2667 2431 2891 2486 credere
2943 2431 3207 2502 prmcipit,
3258 2434 3305 2488 si
3354 2433 3606 2489 volumus

2018 2521 2246 2588 salvari;
2275 2531 2329 2576 et
2357 2522 2483 2593 quid
2517 2522 2732 2576 valeant
2758 2521 2862 2553 ’ω
2884 2523 2950 2577 ad
2976 2521 3204 2579 salutem
3228 2524 3497 2591 hominis;
3552 2535 3609 2579 et

2019 2615 2252 2685 qualiter
2282 2614 2425 2669 Deus
2492 2614 2863 2669 misericordia
2923 2614 3094 2670 salvet
3145 2616 3440 2683 hominem,
3477 2633 3602 2673 cum

2020 2721 2126 2761 non
2170 2704 2405 2759 dimittat
2452 2704 2529 2757 illi
2585 2712 2889 2775 peccatum,
2947 2705 3050 2759 nisi
3105 2705 3404 2763 reddiderit
3460 2708 3606 2778 quod

2020 2807 2239 2869 propter
2270 2798 2396 2853 illud
2419 2799 2579 2853 debet
2610 2815 2621 2851 :
2658 2806 2711 2851 et
2738 2805 2790 2850 ut
2820 2798 3081 2853 certiores
3110 2799 3221 2853 sint
3251 2811 3604 2870 argumenta-

2021 2891 2197 2946 tiones
2227 2900 2330 2944 tua:
2356 2928 2372 2955 ,
2406 2889 2485 2944 sie
2510 2904 2538 2941 a
2566 2887 2723 2958 longe
2746 2887 2946 2958 incipe,
2975 2896 3031 2941 ut
3066 2903 3159 2943 eas
3196 2903 3358 2958 supra
3387 2889 3603 2944 firmum

2023 2982 2434 3037 lnndamcntum
2483 2980 2800 3036 constituas.
2856 2979 2987 3034 Ans.
3050 2978 3285 3050 Adjuvet
3345 2994 3606 3035 menum:

334 3074 488 3128 mus?
514 3076 641 3131 Aus.
670 3075 809 3143 Quid
834 3075 1269 3145 respondendum
1301 3074 1395 3107 ’⁸³⁸
1440 3083 1524 3131 est
1559 3076 1658 3139 illi,
1700 3076 1791 3147 qui
1835 3078 1915 3132 id-
1943 3058 1989 3120 (ἶ
2026 3075 2186 3138 Deus,
2211 3074 2333 3143 quia
2363 3082 2416 3127 tu
2442 3070 2751 3126 nullatenus
2782 3070 2910 3125 mihi
2942 3070 3142 3140 parcis,
3171 3086 3269 3125 nec
3286 3071 3607 3126 considesz

326 3162 478 3219 circo
505 3165 702 3220 astruit
728 3180 848 3221 esse
879 3164 1219 3235 impossibile
1244 3164 1389 3237 quod
1413 3180 1635 3222 necesse
1658 3175 1879 3222 esteSsc
1896 3208 1911 3232 ,

240 3328 241 3331 η
326 3254 453 3325 quia
472 3257 645 3313 nescit
668 3258 942 3327 quomodo
992 3257 1099 3312 sit?
1147 3257 1275 3313 Bos.
1324 3255 1460 3325 Quia
1499 3258 1763 3329 insipiens
1797 3268 1906 3313 est.

322 3347 453 3399 Axs.
481 3346 974 3401 Contemnemdnm
1002 3355 1244 3417 estergo
1274 3347 1419 3418 quod
1458 3348 1610 3403 dicit.
1640 3348 1776 3405 Bos.
1806 3349 1884 3402 Ve

329 3449 451 3488 rum
476 3445 589 3501 est;
621 3438 716 3493 sed
736 3438 831 3470 ""
864 3438 966 3493 hoc
989 3439 1162 3508 ipsum
1188 3438 1263 3494 illi
1291 3440 1687 3496 ostendendum
1720 3450 1804 3496 est
1820 3441 1916 3475 ’⁸³⁸

323 3539 427 3592 qua
472 3528 683 3583 ratione
712 3529 804 3593 sit,
860 3528 1005 3598 quod
1056 3537 1211 3599 putat
1242 3529 1595 3601 impossibile.
1646 3531 1777 3587 Aus.
1829 3532 1911 3588 An

324 3630 430 3671 non
464 3616 724 3691 intelligis
770 3633 836 3674 ex
883 3617 970 3674 his
1015 3632 1137 3688 qua
1182 3633 1347 3691 supra
1371 3619 1627 3687 diximus,
1659 3622 1789 3693 quia
1815 3637 1910 3678 ne-

2024 3166 2449 3221 imbecillitatem
2480 3163 2724 3220 scicntia:
2754 3178 2910 3229 mete,
2946 3163 3032 3219 cui
3064 3173 3170 3217 tam
3197 3178 3452 3233 magnum
3470 3178 3607 3232 Opus

2021 3255 2280 3327 injungis.
2332 3253 2578 3309 Tentabo
2628 3262 2836 3318 tamen,
2888 3252 3326 3322 quandoquidem
3384 3252 3603 3320 inca-pi,

2020 3364 2127 3402 non
2159 3347 2213 3401 in
2244 3346 2459 3411 tne,sed
2490 3346 2543 3400 in
2578 3346 2688 3400 Deo
2739 3344 3051 3409 conlidens;
3084 3354 3138 3399 et
3188 3344 3391 3400 faciam
3438 3360 3545 3414 quo
3570 3348 3605 3408 ι,

2022 3440 2139 3511 ipso
2171 3438 2705 3510 adiuvante,potero.
2739 3437 2848 3493 Sed
2875 3454 2944 3493 ne
2970 3438 3246 3493 fastidium
3277 3438 3390 3492 haec
3406 3436 3607 3493 volenti

2021 3531 2202 3602 legere
2259 3530 2422 3585 nimis
2480 3530 2637 3602 longa
2689 3530 3101 3592 continuatione
3158 3537 3451 3600 generetur
3485 3568 3503 3596 ,
3575 3544 3608 3583 ι

2018 3621 2180 3678 dictis
2208 3622 2302 3653 ¹⁶¹⁸
2332 3622 2562 3679 dicenda
2593 3622 2700 3678 alio
2722 3622 2949 3678 exordio
2971 3620 3391 3691 distinguamus.

1323 3758 1736 3874 LIBER
1820 3758 2697 3879 SECUNDUS”.

821 3938 1052 3996 CAPUT
1110 3938 1406 3996 PRIMUM.

466 4028 620 4095 Quod
648 4032 803 4085 homo
826 4049 857 4085 a
886 4031 993 4085 Deo
1023 4032 1195 4101 [actus
1217 4032 1281 4085 sit
1310 4032 1512 4098 justus,
1554 4041 1607 4083 ut
1637 4030 1740 4085 Deo

677 4102 901 4169 fruendo
932 4102 1110 4155 beatus
1144 4102 1234 4132 "'7
1266 4112 1397 4155 esset
1432 4100 1552 4153 ⁸⁸⁸⁸.

395 4187 732 4245 Rationalem
758 4199 1010 4244 naturam
1041 4189 1133 4220 ²⁶²⁹
1157 4208 1185 4244 ιι
1207 4190 1315 4246 Deo
1343 4191 1541 4247 factam
1566 4191 1907 4261 essejnstam

2020 3927 2081 3974 ut
2131 3916 2225 3974 illo
2266 3917 2493 3976 fruendo
2532 3918 2688 3974 beata
2728 3926 2917 3986 esset,
2975 3916 3211 3973 dubitari
3256 3932 3361 3972 non
3421 3915 3601 3970 debet.

2018 4011 2143 4066 Ideo
2199 4025 2432 4081 namque
2496 4011 2771 4066 rationalis
2821 4019 2948 4077 est,
3010 4018 3069 4063 ut
3125 4008 3402 4065 discernat
3462 4008 3609 4062 inter

2029 4101 2235 4171 justum
2261 4112 2314 4156 et
2342 4102 2622 4172 injustum,
2653 4103 2793 4157 inter
2823 4103 2915 4133 ²⁶³⁰
2939 4104 3137 4157 bonum
3169 4110 3224 4155 et
3264 4102 3486 4164 malum,
3530 4101 3605 4152 in-

2028 4203 2112 4248 ter
2141 4193 2234 4225 ¹⁶³¹
2260 4194 2432 4265 majus
2461 4194 2661 4249 bonum
2700 4194 2793 4225 ¹⁶³²
2816 4203 2871 4249 et
2899 4193 3076 4250 minus
3104 4195 3331 4259 bonum;
3366 4191 3605 4261 alioquin

1615 4285 1847 4339 VARIZE
1891 4284 2297 4343 LECTIONES.

395 4374 629 4449 "f‘_Nee
663 4376 861 4449 salvari
916 4374 1062 4449 valet
1116 4392 1251 4449 mss.
1293 4377 1459 4449 omitti.
1518 4377 1659 4431 valet
1771 4378 1899 4449 __"°'
1966 4377 2022 4449 Si
2083 4395 2188 4434 non
2248 4379 2405 4434 solvit
2461 4380 2605 4449 quod
2666 4380 2825 4435 debet
2880 4395 3007 4433 mss.
3064 4377 3187 4431 Bec.
3254 4374 3398 4431 Gem.
3466 4375 3602 4449 l'ici.

324 4446 381 4501 5.
422 4444 547 4515 1on
664 4445 827 4499 Mich.
882 4448 925 4501 si
960 4463 1062 4500 non
1123 4448 1302 4512 solvit,
1365 4448 1524 4501 delzet
1562 4464 1686 4501 mss.
1770 4446 1898 4501 Vict.
1954 4448 2041 4504 l9.
2087 4450 2132 4504 si
2178 4465 2281 4505 non
2324 4444 2574 4515 solvit—ur,
2629 4450 2788 4505 debet
2934 4449 3251 4503 "‘"Frunte
3306 4448 3603 4502 asserimus

323 4533 450 4569 mss.
481 4527 527 4569 et
561 4515 920 4589 Editx‘Coth.
950 4532 1295 4589 asseretntts
1346 4586 1354 4589 Α
1414 4518 1506 4549 ²⁶⁰³
1532 4518 1712 4589 Super
1766 4519 2057 4589 humanum
2118 4537 2243 4576 mss.
2301 4520 2449 4576 Gem.
2507 4520 2631 4574 Bec.
2708 4519 2845 4573 Vict.
2903 4530 2951 4574 et
3013 4520 3138 4589 Jon
3191 4534 3351 4588 supra
3412 4521 3601 4571 huma-

327 4600 453 4657 num
479 4655 490 4657 _
556 4656 559 4657 ν
598 4587 692 4617 ²⁶⁰⁸
722 4585 874 4641 Nune
914 4587 982 4640 ab
1007 4586 1112 4641 illis
1143 4604 1239 4640 ms.
1265 4586 1389 4657 Joly
1419 4588 1486 4642 ab
1528 4585 1631 4642 illis
1688 4606 1814 4643 non.
1965 4588 2060 4621 ²⁶⁰⁶
2090 4591 2173 4645 Ad
2201 4592 2431 4647 salutem
2484 4608 2609 4645 mss.
2648 4600 2695 4644 et
2727 4590 2876 4644 Edit.
2909 4590 3066 4645 Coth.
3099 4585 3164 4642 ad
3200 4585 3341 4643 illam
3369 4589 3598 4644 salutem

324 4654 416 4684 ²⁶⁰⁷
452 4655 520 4710 Ut
547 4656 859 4733 jungant‘se
892 4674 1013 4733 mss.
1046 4667 1091 4709 et
1108 4657 1263 4733 βίω.
1292 4654 1449 4733 gem.
1472 4669 1525 4733 et
1544 4658 1776 4733 iungant
1800 4659 2143 4733 se_ms._.(oly
2168 4671 2225 4716 et
2258 4662 2553 4733 adjungant
2579 4677 2637 4715 se

2786 4661 2879 4693 ²⁶⁰⁸
2909 4661 2950 4714 Α
2984 4668 3038 4715 te
3082 4675 3265 4729 quaero
3308 4676 3433 4712 mss.
3482 4675 3511 4712 a
3548 4672 3602 4715 te

366 4740 562 4778 meram
640 4727 732 4755 "°”
756 4726 908 4778 Sient
948 4728 1120 4793 incepi
1158 4744 1254 4779 ms.
1297 4727 1431 4781 Vict.
1464 4726 1605 4783 sicut
1635 4726 1885 4799 incepisti

324 4740 500 4853 ἎΙὶεΙι.
532 4794 636 4847 alio
667 4794 844 4853 aliquo
868 4806 961 4848 aut
990 4798 1137 4851 nullo
1212 4799 1301 4829 ²⁶¹¹
1328 4798 1535 4853 Poterit
1566 4800 1748 4853 salvus
1772 4816 1885 4853 mss.

1963 4730 2057 4801 3°"
2098 4729 2206 4784 Aut
2244 4729 2549 4801 alioaliqno
2577 4731 2733 4785 modo
2776 4741 2871 4785 aut
2922 4730 3066 4785 nullo
3108 4746 3233 4783 mss.
3288 4729 3481 4801 Cister.
3537 4730 3598 4785 S.

366 4793 844 4870 Iiclt.__a|io_aliqno
868 4806 961 4848 aut
990 4798 1137 4870 nullo
1212 4799 1304 4870 "'1
1328 4798 1535 4870 Poterit
1566 4793 1897 4853 salvus'mss.
1938 4798 2071 4854 Vict.
2107 4802 2293 4855 Cister.
2322 4802 2381 4857 S.
2416 4793 2579 4857 Mich.
2605 4814 2651 4855 et
2687 4802 2831 4855 I'Jdit.
2865 4801 3024 4857 Gotlt.
3055 4801 3255 4870 poterit
3303 4799 3467 4854 homo
3496 4802 3600 4855 sal-

323 4886 423 4925 vus
497 4865 589 4896 ¹⁶¹¹
619 4864 851 4939 Necesse
878 4868 1109 4939 esttieri
1134 4884 1240 4939 ms.
1267 4867 1321 4939 S_.
1360 4868 1522 4939 tilich.
1548 4873 1691 4923 omit.
1725 4880 1847 4939 esti
1885 4871 1981 4903 ’⁸⁸³
2004 4872 2136 4926 Esse
2161 4874 2337 4927 valeat
2369 4891 2491 4927 mss.
2539 4872 2673 4927 Vict.
2706 4887 2825 4926 esse
2848 4873 2991 4926 valet
3056 4864 3159 4901 "6“
3189 4871 3340 4938 Quod
3374 4886 3599 4939 respou-

321 4939 555 4996 dendum
588 4953 711 5012 mss.
743 4935 889 5006 Joly,
936 4934 1067 5012 Vict.
1093 4935 1326 5012 cluilius.
1362 4938 1526 5012 ΜιεΙε.Δ
1556 4952 1603 4994 et
1629 4941 1771 4993 la‘dit.
1807 4938 1963 4995 Goth.
1991 4941 2130 5008 Quid
2159 4944 2596 5012 respondendmn
2672 4943 2764 4973 ²⁶¹⁵
2792 4942 2987 4997 Verum
3012 4950 3112 5007 est,
3139 4934 3232 4995 sed
3263 4956 3360 4993 ms.
3403 4934 3595 4995 Cister.

324 5013 522 5081 Verum
554 5008 769 5077 quidem
792 5016 897 5081 est,
935 5006 1028 5081 sed
1070 5006 1623 5081 Δξῼ⁶ᾼ¹⁶μυθιιιξιιιιιειιιιιιιιι
1656 5020 1739 5065 est
1766 5028 1863 5066 ms.
1895 5006 2475 5081 lolii—respondendum
2499 5023 2580 5069 est
2654 5014 2744 5045 ’⁸³⁷
2770 5013 2899 5069 Sine
2922 5012 3067 5067 omni
3101 5006 3313 5065 macula
3346 5012 3593 5081 l'ecit_ms.

320 5081 445 5151 July
474 5075 592 5151 sine
626 5078 993 5151 Inaenla_t‘et_':it
1029 5147 1037 5151 _
1069 5075 1163 5151 ’°‘_'
1202 5076 1255 5151 ln
1289 5081 1595 5151 necessaria
1632 5098 1755 5134 mss.
1787 5092 1834 5135 et
1873 5075 2021 5135 fidit.
2053 5075 2207 5137 Gotlt.
2256 5085 2422 5137 omitt.
2460 5084 2510 5137 in
2612 5084 2705 5116 ²⁶¹⁹
2737 5084 2868 5139 Duei
2908 5085 3235 5137 dubietatem
3283 5097 3408 5135 mss.
3456 5078 3593 5135 Vict.

319 5146 465 5221 loti],
492 5148 637 5203 Gem.
670 5150 787 5202 Bec.
817 5146 874 5201 S.
912 5146 1075 5221 Mich.
1111 5147 1343 5221 deduci
1374 5150 1469 5221 _’"°
1497 5151 1892 5206 Dultitationem
1923 5170 2020 5206 ms.
2047 5151 2236 5206 Cister.
2266 5155 2455 5209 deduci
2489 5153 2815 5209 dubietatem
2894 5154 2985 5184 ’5“
3010 5153 3170 5206 Ratio
3195 5152 3466 5221 quomodo
3495 5170 3593 5205 ms.

321 5217 512 5295 Cisicr.
548 5222 755 5295 ratione
790 5217 1069 5295 quomodo
1135 5218 1227 5247 ’6"
1258 5217 1384 5295 Mihi
1414 5221 1802 5295 dubitationem
1828 5240 1972 5295 mss.
2004 5222 2153 5278 Gem.
2182 5222 2307 5295 Bec.
2351 5223 2483 5278 Vict.
2521 5225 2645 5295 .loly
2676 5226 2805 5279 mihi
2858 5224 2982 5279 fidei
3030 5217 3421 5295 dubita—tionem
3499 5222 3594 5253 “’3

324 5292 477 5366 Quod
505 5303 557 5345 et
581 5286 824 5344 reddere
849 5306 944 5341 ms.
975 5286 1140 5366 'Vict.
1180 5291 1618 5366 _quod__reddere
1657 5293 1786 5366 f6“
1816 5293 2107 5366 Quomodo
2142 5294 2360 5366 valeant
2381 5312 2480 5366 ms.
2507 5286 2636 5365 Ιοίῇ
2658 5297 2788 5366 quid
2822 5297 3038 5349 valeant
3110 5292 3202 5366 ff”
3244 5292 3536 5366 Generum,
3560 5311 3589 5366 a

323 5364 482 5446 nit-tis
503 5372 965 5446 mssageneretur.
994 5374 1027 5439 ξι
1062 5359 1220 5446 dictis
1282 5359 1388 5440 f‘“
1418 5361 1479 5446 lii
1512 5378 1610 5413 ms.
1644 5361 1791 5446 Gem:
1817 5362 1996 5446 inber
2025 5363 2060 5415 2
2083 5363 2334 5446 Anseh'ni‘
2356 5359 2768 5446 Cantuariensis
2818 5366 3083 5446 episcopi;
3111 5363 3425 5446 blon‘pos'se
3443 5363 3593 5446 “ﬁeri

330 5432 617 5505 hominem
633 5430 871 5505 beatum,
905 5430 1125 5505 nisiper
1150 5430 1421 5505 imminent
1448 5430 1615 5505 boum
1692 5435 1785 5505 ’fi‘”
1817 5434 1882 5487 [ἐι
1906 5434 2095 5488 beatus
2122 5450 2217 5486 ms.
2243 5434 2367 5505 Joly
2388 5437 2527 5490 unde
2556 5437 2746 5492 beatus
2822 5430 2915 5467 ²έ²⁸
2946 5430 3017 5489 In
3038 5434 3184 5487 Edit.
3242 5430 3398 5488 Goth.
3439 5433 3595 5498 Quod

330 5498 502 5552 ΙΙοιιιο
530 5515 557 5550 a
591 5500 697 5553 Deo
722 5504 893 5554 tactus
917 5500 1200 5568 sitjustus,
1237 5511 1293 5553 ut
1326 5500 1433 5553 Deo
1461 5502 1684 5556 favendo
1710 5503 1897 5557 beatus
1926 5515 2062 5558 esset
2147 5506 2237 5536 ’δη
2261 5498 2597 5561 Rationalem
2625 5518 2871 5561 naturam
2926 5523 3021 5559 ms.
3056 5505 3114 5558 S.
3147 5506 3307 5561 Mich.
3356 5505 3591 5557 rationa-

336 5569 777 5645 lem‘creaturam
853 5571 1572 5645 “’°_lnjust‘utn,internus.
1612 5572 1739 5625 Vict.
1769 5574 2264 5645 etJolyiinjustnm,
2296 5588 2347 5629 et
2376 5580 2516 5631 inter
2616 5577 2937 5635 m‘Malum.
2970 5580 3106 5631 inter
3130 5592 3253 5629 mss.
3290 5576 3413 5632 l'ict.
3466 5574 3590 5642 Jon

327 5640 381 5692 δ.
422 5636 579 5690 dficit.
612 5639 832 5705 malum,
868 5652 921 5693 et
944 5636 1085 5696 inter
1130 5641 1405 5712 ""Majus
1429 5642 1623 5697 bonum
1648 5636 2083 5700 mss.(.‘em.'Bec.
2116 5636 2406 5716 Vict.Jo’y
2440 5649 2610 5720 magis
2648 5649 2844 5704 bonum
