3936 6048
378 281 485 339 405

879 285 935 341 S.
985 280 1287 338 ANSEIMI
1323 280 1673 339 CANTUAR.
1709 282 2028 338 ARCHIEP.
2079 282 2227 340 OPP.
2268 284 2449 341 PARS
2491 286 2534 342 1.
2560 316 2633 331 -—
2667 284 3090 344 DOGMATICA.

3538 289 3637 345 ιοι

377 397 554 466 major
589 395 855 452 beneﬂcio
876 396 969 427 ’⁸⁸⁸
1002 396 1174 466 gratia
1219 395 1467 450 debetur.
1511 394 1645 450 Cum
1674 394 1816 449 enim
1848 396 1952 451 ali-
1982 398 2029 458 Α
2059 394 2170 450 Deo
2194 412 2292 468 pro
2317 407 2539 469 peccato
2570 398 2810 455 hominis
2857 398 3057 468 aliquid
3084 397 3259 469 majus
3287 414 3449 473 quam
3479 416 3645 459 omne

294 508 299 512 δ
378 491 501 554 quis
563 503 628 545 ea
684 486 1039 553 necessitate,
1090 488 1176 543 cui
1228 486 1473 556 subjacet
1517 486 1740 552 invitus,
1784 487 1954 544 bene-

375 581 546 647 facit,
577 590 668 635 aut
706 580 874 645 nulla,
905 590 1001 634 aut
1030 579 1208 635 minor
1229 577 1303 633 illi
1336 581 1511 649 gratia
1542 579 1787 636 debetur.
1817 580 1951 636 Cum

374 689 507 731 vero
541 674 656 744 ipse
689 688 749 728 se
779 680 969 742 sponte
1004 673 1317 741 necessitati
1347 672 1718 729 benefaciendi
1751 672 1953 739 subdit,

376 781 475 821 nec
498 766 698 820 invitus
728 780 848 820 eam
871 764 1130 829 sustinet,
1172 773 1299 819 tunc
1332 765 1517 834 utique
1554 765 1801 822 beneﬁcii
1829 780 1956 837 gra-

376 855 506 909 tiam
546 860 788 915 meretur
816 853 1098 923 majorem.
1142 854 1256 910 Non
1298 856 1444 911 enim
1473 856 1589 911 haec
1617 864 1701 912 est
1728 857 1950 911 dicenda

376 944 704 1012 necessitas,
754 944 851 1000 sed
897 946 1111 1015 gratia;
1158 944 1285 1017 quia
1336 943 1484 1001 nullo
1531 953 1758 1018 cogente
1805 944 1952 1000 illam

372 1034 608 1102 suscepit
631 1043 725 1088 aut
765 1043 972 1099 servat,
1015 1035 1110 1091 sed
1144 1036 1333 1106 gratis.
1368 1036 1504 1093 Nam
1543 1036 1587 1094 si
1620 1036 1764 1108 quod
1794 1036 1954 1093 hodie

372 1125 466 1156 “"
493 1134 684 1195 sponte
725 1126 997 1197 promittis
1045 1135 1096 1182 te
1127 1143 1253 1183 cras
1307 1128 1559 1184 daturum
1613 1129 1800 1185 eadem
1831 1144 1953 1185 cras

368 1214 648 1270 voluntate
678 1215 794 1281 das,
826 1217 1074 1286 quamvis
1123 1232 1348 1273 necesse
1395 1219 1468 1274 sit
1496 1227 1549 1274 te
1578 1233 1703 1275 cras
1729 1218 1955 1274 reddere

372 1305 723 1374 promissum,
756 1304 801 1359 si
856 1312 1046 1375 potes,
1083 1317 1173 1362 aut
1199 1307 1420 1363 mentiri
1470 1309 1596 1374 "‘7;
1634 1323 1739 1364 non
1773 1318 1951 1378 tamen

372 1395 550 1452 minus
580 1396 678 1453 tibi
710 1397 869 1454 debet
894 1397 982 1454 ille
1008 1413 1108 1470 pro
1135 1400 1378 1469 impenso
1410 1398 1693 1468 beneficio,
1721 1400 1805 1455 cui
1833 1401 1953 1471 das,

374 1502 537 1556 quam
592 1487 636 1542 si
692 1504 798 1542 non
858 1489 1527 1562 promisisseszquoniam
1566 1501 1618 1547 te
1653 1492 1953 1548 debitorem

372 1588 500 1634 ante
536 1588 751 1653 tempus
775 1580 1010 1651 datiouis
1041 1580 1116 1635 illi
1151 1581 1332 1637 facere
1360 1597 1465 1637 non
1489 1598 1548 1637 es
1575 1592 1796 1640 coactus
1832 1582 1950 1636 ⁸³⁸⁸.

371 1668 503 1723 Tale
522 1677 603 1724 est
631 1684 752 1725 cum
781 1669 903 1740 quis
931 1680 1134 1726 sanctas
1171 1671 1599 1728 conversationis
1636 1683 1952 1744 spontevo-

370 1768 461 1814 vet
484 1760 579 1792 ¹⁶⁹⁹
608 1762 963 1831 propositum.
996 1761 1253 1835 Quamvis
1283 1778 1516 1835 namque
1560 1778 1781 1821 servare
1821 1764 1949 1821 illud

367 1868 433 1908 ex
473 1854 799 1908 necessitate
827 1862 949 1924 post
974 1863 1157 1910 votum
1188 1855 1403 1922 debeat,
1429 1871 1495 1912 ne
1522 1865 1781 1927 apostatze
1799 1855 1951 1912 dam-

370 1944 641 1999 nationem
665 1945 935 2013 incurrat-;
958 1954 1011 2000 et
1038 1945 1161 2002 licet
1175 1946 1289 2019 cogi
1306 1947 1474 2017 possit
1488 1960 1724 2012 servare,
1744 1947 1788 2003 si
1818 1948 1952 2003 nolit

369 2034 497 2088 '5“:
532 2034 577 2090 si
620 2046 798 2089 tamen
845 2050 950 2090 non
989 2030 1190 2091 invitus
1223 2030 1403 2091 servat
1449 2036 1599 2109 quod,
1625 2037 1787 2101 vovit,
1842 2052 1948 2092 non

368 2126 572 2191 minus,
609 2126 702 2182 sed
729 2127 900 2194 magis
928 2135 1116 2199 gratus.
1133 2130 1215 2183 εει
1230 2126 1337 2182 Deo
1359 2143 1520 2198 quam
1565 2127 1609 2183 si
1637 2143 1742 2184 non
1771 2129 1951 2184 vovis-

366 2225 448 2271 set
467 2233 482 2271 :
504 2216 757 2287 quoniam
779 2232 883 2271 non
910 2215 1079 2271 solum
1105 2231 1446 2272 communem
1466 2217 1764 2286 vitam,sed
1785 2219 1949 2274 etiam

367 2309 484 2379 ejus
535 2308 812 2366 licentiam
863 2310 961 2365 sibi
996 2318 1218 2380 propter
1263 2309 1429 2364 Deum
1474 2310 1793 2382 abnegavit;
1852 2326 1952 2367 nec

366 2412 555 2457 sancte
601 2403 782 2459 vivere
825 2402 1086 2459 dicendus
1123 2410 1209 2458 est
1247 2400 1595 2470 necessitate,
1639 2404 1732 2458 sed
1760 2404 1949 2459 eadem

369 2507 475 2561 qua
504 2493 652 2547 vovit
680 2492 951 2547 libertate.
984 2491 1165 2559 Quare
1186 2491 1358 2548 multo
1376 2491 1546 2563 magis
1576 2493 1621 2547 si
1650 2493 1793 2549 Deus
1824 2491 1951 2549 facit

367 2586 567 2639 bonum
600 2583 802 2638 homini
832 2583 974 2653 quod
1027 2583 1269 2653 incuspit,
1303 2584 1429 2640 licet
1474 2598 1580 2640 non
1610 2585 1799 2641 deceat
1825 2601 1947 2641 eum

367 2692 397 2728 ει
430 2675 573 2731 bono
602 2675 838 2745 incoepto
865 2675 959 2706 ³⁸³⁸⁸
985 2674 1237 2740 deficere,
1270 2684 1438 2732 totum
1480 2676 1667 2746 gratiae
1692 2677 1951 2734 debemus

367 2767 682 2837 imputare:
713 2766 840 2837 quia
869 2766 974 2823 hoc
1025 2775 1248 2841 propter
1291 2784 1410 2837 nos,
1467 2786 1573 2827 non
1622 2780 1853 2842 propter
1890 2788 1951 2829 se

369 2858 572 2914 nullius
623 2873 788 2931 egens
819 2859 1063 2930 intzmpit.
1093 2858 1210 2916 Non
1251 2862 1394 2917 enim
1429 2862 1579 2918 illum
1623 2862 1779 2919 latuit
1819 2864 1948 2936 quid

367 2953 531 3008 homo
557 2950 803 3009 facturus
849 2960 991 3017 erat,
1036 2966 1160 3009 cum
1188 2953 1337 3010 illum
1367 2955 1493 3011 fecit
1522 2973 1540 3012 :
1570 2964 1626 3011 et
1651 2963 1828 3013 tamen
1856 2958 1951 3014 bo.

366 3045 535 3100 nitate
563 3059 661 3100 sua
689 3044 838 3100 illum
870 3038 1125 3112 creando,
1157 3054 1348 3116 sponte
1384 3062 1441 3102 se
1470 3057 1530 3103 ut
1554 3047 1836 3119 perliceret
1861 3050 1944 3105 in-
1975 3085 2021 3148 ο

330 3184 339 3192 .
366 3146 605 3208 coeptum
637 3138 837 3193 bonum
864 3138 1017 3208 quasi
1045 3138 1321 3210 obligavit.
1355 3138 1597 3211 Denique
1638 3141 1780 3196 Deus
1816 3141 1949 3198 nihil

365 3228 493 3285 facit
522 3230 867 3297 necessitate,
885 3229 1009 3300 quia
1034 3228 1180 3285 nullo
1208 3231 1366 3286 modo
1393 3231 1625 3302 cogitur,
1651 3242 1743 3287 aut
1766 3233 1953 3309 probi-

365 3324 525 3380 betur
544 3322 748 3393 aliquid
774 3324 972 3378 facere.
995 3323 1061 3378 Et
1077 3338 1198 3378 cum
1216 3324 1446 3380 dicimus
1462 3326 1627 3380 Deum
1652 3326 1854 3397 aliquid
1873 3326 1953 3380 fa-

364 3431 488 3471 cere
509 3416 664 3485 quasi
680 3417 999 3472 necessitate
1019 3417 1219 3499 vitandi
1240 3418 1831 3488 inbonestatem,quam
1846 3420 1953 3475 uti-

365 3524 470 3577 que
484 3524 588 3563 non
611 3508 797 3573 timet;
845 3508 1025 3576 potius
1040 3506 1446 3579 intelligendum
1457 3510 1679 3580 estquia
1700 3510 1799 3565 hoc
1822 3510 1954 3567 facit

367 3597 461 3629 ’δ”
512 3598 837 3654 necessitate
878 3596 1154 3661 servandae
1204 3598 1541 3653 honestatis:
1573 3613 1694 3669 quae
1742 3600 1950 3656 scilicet

366 3686 660 3743 necessitas
685 3701 790 3740 non
841 3695 925 3741 est
951 3683 1093 3740 aliud
1123 3701 1284 3756 quam
1321 3686 1727 3745 immutabilitas
1781 3690 1950 3746 bone-

364 3776 519 3831 statis
543 3776 679 3848 ejus,
706 3791 869 3847 quam
910 3791 941 3832 a
971 3777 1169 3846 seipso,
1195 3785 1250 3833 et
1290 3793 1394 3833 non
1432 3777 1500 3834 ab
1527 3779 1632 3835 alio
1677 3781 1952 3853 habetaet

366 3868 572 3925 idcirco
604 3868 898 3943 improprie
922 3868 1121 3926 dicitur
1141 3870 1460 3927 necessitas.
1486 3871 1738 3929 Dicamus
1767 3880 1965 3943 tamen,

364 3959 598 4032 ""quia
612 3960 1328 4039 necesseestutbonitasDei
1356 3973 1576 4033 propter
1600 3965 1948 4023 immutabili-

363 4064 525 4112 tatem
540 4070 691 4111 suam
707 4055 1028 4125 perliciatde
1041 4055 1258 4110 homine
1278 4054 1419 4124 quod
1437 4056 1676 4127 incoapit;
1700 4057 1963 4127 quamvis.

365 4153 538 4202 totum
561 4144 632 4200 sit
651 4145 820 4214 gratia
844 4144 1042 4200 bonum
1060 4144 1202 4217 quod
1218 4142 1349 4215 facit
1373 4144 1484 4199 "“.
1513 4143 1640 4201 Bos.
1673 4145 1942 4204 Concedo.

974 4252 1201 4310 CAPUT
1242 4252 1332 4311 Vl.

367 4348 519 4415 Quod
556 4345 992 4417 satisfactionem.
1022 4363 1118 4416 per
1151 4363 1310 4417 quam
1355 4348 1593 4402 salvetur
1631 4349 1808 4415 homo.
1839 4365 1943 4405 non

695 4418 858 4488 possit
901 4417 1076 4486 facere
1110 4417 1213 4472 nisi
1241 4416 1383 4473 Deus
1422 4417 1598 4472 homo.

432 4510 564 4566 Axs.
592 4509 707 4567 lioc
744 4519 926 4566 autem
983 4509 1097 4566 ﬁeri
1146 4508 1351 4581 nequit,
1391 4509 1498 4566 nisi
1529 4510 1602 4566 sit
1646 4509 1739 4582 qui
1768 4509 1946 4568 solvat

2057 489 2199 559 quod
2246 501 2444 558 praeter
2480 488 2649 544 Deum
2692 497 2777 545 est
2819 489 2934 544 Μ’.
2959 489 3084 544 Bos.
3133 490 3210 544 ita
3238 501 3472 549 constat.
3507 493 3641 551 Axs.

2057 578 2206 635 illum
2234 595 2472 652 quoque,
2518 583 2608 652 qui
2640 583 2707 638 de
2750 599 2848 639 suo
2886 584 3087 654 poterit
3120 584 3232 639 Deo
3260 584 3391 641 dare
3417 585 3644 657 aliquid,

2055 673 2197 743 quod
2210 683 2428 743 superet
2439 689 2598 733 omne
2612 674 2707 707 ’⁸⁸⁸
2725 676 2869 745 quod
2884 676 2983 732 sub
2996 673 3106 730 Deo
3125 683 3233 741 est,
3247 662 3506 744 majorem
3520 670 3647 735 esse

2057 781 2277 823 necesse
2315 776 2399 822 est
2450 783 2613 838 quam
2662 783 2823 823 omne
2853 768 2996 838 quod
3043 783 3149 824 non
3193 776 3277 825 est
3316 769 3478 825 Deus.
3511 769 3642 826 Bos.

2057 857 2275 928 Nequeo
2322 860 2439 931 88
2488 875 2709 931 negare.
2758 862 2887 916 Axs.
2936 860 3080 919 Nihil
3124 869 3308 917 autem
3343 872 3427 918 est
3475 877 3643 932 supra

2056 966 2218 1011 omne
2246 953 2389 1022 quod
2420 951 2562 1008 Deus
2592 966 2698 1008 non
2750 961 2835 1009 est
2864 952 2985 1019 ’“",
3027 952 3131 1009 nisi
3170 954 3334 1011 Deus.
3382 954 3508 1011 Bos.
3534 955 3644 1011 Ve-

2055 1057 2176 1098 rum
2199 1053 2301 1100 est.
2335 1043 2465 1098 Aus.
2496 1042 2614 1099 Non
2643 1059 2776 1115 ergo
2823 1053 3001 1114 potest
3045 1045 3186 1103 hanc
3207 1044 3640 1105 satisfactionem

2059 1134 2261 1201 facere,
2303 1135 2410 1192 nisi
2441 1137 2602 1192 Deus.
2634 1136 2757 1192 Dos.
2789 1135 2881 1193 Sic
2906 1137 3178 1208 sequitur.
3211 1137 3343 1196 ΔΜ.
3385 1138 3491 1195 Sed
3541 1153 3643 1196 nec

2058 1229 2250 1284 facere
2270 1228 2414 1283 illam
2446 1228 2625 1294 debet,
2655 1228 2756 1284 nisi
2790 1229 2983 1296 homo;
3010 1229 3249 1302 alioquin
3281 1245 3387 1286 non
3419 1229 3640 1295 satisfa-

2057 1320 2131 1376 cit
2161 1320 2342 1377 homo.
2377 1319 2500 1376 Bos.
2531 1319 2649 1377 Non
2678 1320 2893 1377 videtur
2931 1321 3135 1392 aliquid
3163 1321 3383 1392 justius.
3419 1321 3546 1378 Axs.
3580 1320 3642 1378 Si

2055 1426 2207 1483 ergo.
2256 1410 2399 1468 sicut
2429 1421 2673 1478 constat,
2708 1428 2932 1471 necesse
2980 1423 3066 1477 est
3113 1422 3173 1469 ut
3218 1414 3285 1470 de
3328 1414 3642 1473 hominibus

2056 1503 2394 1583 perﬁciatur,
2421 1504 2510 1559 illa
2541 1519 2776 1576 superna
2823 1505 3046 1573 civitas;
3079 1521 3182 1564 nec
3203 1506 3306 1564 hoc
3330 1522 3448 1564 esse
3473 1507 3638 1572 valet,

2057 1599 2159 1655 nisi
2184 1599 2280 1654 ﬁat
2304 1599 2561 1671 prmdicta
2586 1598 2910 1664 satisfactio,
2938 1616 3100 1672 quam
3122 1615 3224 1656 nec
3248 1610 3430 1671 potest
3456 1598 3642 1657 facere

2059 1691 2161 1746 nisi
2188 1692 2349 1758 Deus,
2385 1706 2487 1748 nec
2515 1691 2675 1747 debet
2706 1690 2811 1747 nisi
2854 1692 3046 1756 homo;
3074 1706 3296 1749 necesse
3315 1699 3402 1748 est
3425 1700 3485 1749 ut
3512 1707 3643 1748 eant

2053 1781 2219 1837 faciat
2257 1781 2402 1837 Deus
2426 1781 2612 1839 homo.
2640 1780 2767 1849 Bos.
2801 1780 3126 1839 Benedictus
3172 1782 3351 1837 Deus:
3381 1780 3495 1850 jam
3522 1796 3642 1837 ma.

2052 1889 2217 1944 gnum
2244 1873 2499 1945 quiddam
2527 1871 2835 1929 invenimus
2862 1872 2928 1926 de
2975 1872 3081 1928 hoc
3120 1872 3264 1943 quod
3301 1871 3637 1942 quaerimus:

2050 1980 2382 2037 prosequere
2431 1965 2597 2037 igitur
2640 1972 2701 2020 ut
2730 1964 3024 2035 incmpisti.
3081 1962 3255 2035 Spero
3308 1965 3453 2019 enim
3508 1964 3645 2034 quia

2054 2061 2195 2116 Deus
2219 2075 2318 2116 nos
2337 2057 2628 2127 adiuvabit.
2652 2059 2789 2121 ANS.
2808 2057 3241 2128 Investigandum
3267 2066 3351 2115 est
3371 2056 3468 2091 “°'
3488 2071 3634 2113 nunc

2053 2152 2323 2223 quomodo
2353 2150 2526 2223 possit
2554 2150 2667 2207 fieri
2701 2151 2842 2206 Deus
2868 2150 3033 2205 homo
3062 2150 3180 2204 εσυ.

2655 2240 2885 2303 CAPUT
2923 2239 3035 2296 Vll.

2055 2330 2209 2398 Quod
2238 2346 2444 2387 necesse
2465 2330 2531 2385 sit
2553 2330 2791 2401 eumdem
2820 2330 2989 2401 ipsum
3007 2346 3116 2385 esse
3135 2328 3419 2400 perfectum
3441 2325 3641 2393 Deum,

2457 2452 2460 2456 Α
2498 2409 2547 2455 et
2577 2400 2863 2471 perfectum
2897 2401 3180 2461 hominem.
3584 2431 3593 2438 ~

2070 2558 2077 2565 ο
2124 2492 2312 2549 Divina
2346 2492 2491 2549 enim
2528 2500 2724 2548 natura
2752 2493 2849 2525 "7"
2872 2500 2942 2548 -et
2991 2492 3227 2548 humana
3271 2505 3379 2548 non
3411 2499 3639 2562 possIznt

2052 2584 2106 2661 in
2130 2583 2361 2641 invicem
2393 2583 2486 2617 ""l
2526 2582 2746 2649 mutari,
2801 2591 2861 2637 ut
2892 2582 3074 2639 divina
3121 2580 3218 2638 fiat
3249 2581 3504 2647 humana,
3548 2579 3637 2633 vel

2050 2678 2287 2733 humana
2320 2673 2541 2743 divina;
2573 2690 2674 2731 nec
2703 2673 2777 2730 ita
2818 2672 3073 2740 misceri,
3105 2681 3164 2728 ut
3194 2672 3438 2742 quaedam
3471 2671 3636 2726 tertia

2051 2769 2122 2844 sit
2147 2782 2216 2824 ex
2242 2767 2472 2835 duabus,
2525 2781 2647 2838 quae
2687 2780 2789 2822 nec
2818 2765 2997 2822 divina
3038 2764 3109 2820 sit
3133 2763 3376 2830 omnino,
3405 2776 3507 2818 nec
3531 2761 3636 2817 bu-

2050 2873 2232 2915 mana.
2261 2857 2504 2928 Denique
2529 2856 2575 2915 si
2607 2855 2724 2914 fieri
2768 2862 2952 2928 posset
2997 2862 3060 2911 ut
3100 2853 3269 2909 altera
3311 2853 3363 2910 in
3404 2852 3634 2908 alteram

2049 2936 2485 3013 converteretur,
2506 2954 2600 3003 aut
2624 2954 2764 3003 esset
2796 2954 3005 3002 tantum
3034 2944 3195 3008 Deus,
3226 2951 3281 2999 et
3302 2957 3408 2998 non
3433 2940 3634 3007 homo;

2051 3049 2146 3095 aut
2169 3038 2341 3096 solum
2372 3039 2535 3094 homo
2560 3046 2615 3092 et
2643 3036 2944 3091 nonDeus:
2982 3042 3078 3091 aut
3103 3033 3146 3093 si
3175 3030 3537 3089 miscerentur
3559 3031 3635 3087 ita

2052 3142 2112 3188 ut
2146 3147 2214 3189 ex
2235 3129 2442 3188 duabus
2467 3128 2736 3201 corruptis
2766 3128 2922 3183 fieret
2954 3127 3198 3198 quaedam
3229 3124 3387 3182 tertia
3416 3124 3632 3195 (quem-

2054 3224 2340 3280 admodum
2372 3223 2438 3279 de
2468 3222 2678 3278 duobus
2709 3218 3002 3275 individuis
3037 3215 3360 3272 animalibus
3388 3217 3634 3271 diversa-

2055 3329 2174 3369 rum
2202 3315 2504 3384 specierum
2531 3311 2774 3369 masculo
2802 3320 2857 3366 et
2884 3309 3084 3364 femina
3111 3308 3356 3364 nascitur
3384 3307 3629 3367 tertium.

2052 3403 2196 3475 quod
2220 3420 2319 3460 nec
2342 3402 2514 3473 patris
2552 3403 2840 3473 integram,
2877 3415 2977 3456 nec
3006 3400 3198 3455 matris
3237 3407 3419 3455 servat
3469 3407 3632 3453 natu-

2052 3511 2191 3564 ram,
2218 3496 2314 3553 sed
2340 3510 2408 3551 ex
2426 3503 2659 3565 utraque
2688 3495 2901 3553 tertiam
2926 3493 3023 3527 ¹⁶⁷¹
3052 3491 3321 3563 mistam),
3349 3506 3449 3547 nec
3471 3491 3634 3547 homo

2051 3596 2219 3655 esset,
2247 3602 2348 3643 nec
2378 3585 2542 3643 Deus.
2582 3585 2700 3642 Non
2718 3584 2892 3656 igitur
2914 3593 3091 3656 potest
3117 3584 3233 3640 fieri
3262 3584 3426 3641 homo
3466 3583 3631 3645 Deus,

2051 3696 2214 3753 quem
2260 3680 2574 3750 quaerimus,
2605 3694 2670 3734 ex
2714 3678 2896 3734 divina
2944 3685 3000 3733 et
3027 3677 3264 3733 humana
3294 3682 3509 3741 natura,
3539 3683 3636 3729 aut

2049 3772 2399 3831 conversione
2429 3771 2654 3841 alterius
2681 3770 2735 3826 in
2764 3770 3014 3836 alteram,
3036 3780 3130 3825 aut
3150 3767 3458 3837 corruptiva
3480 3780 3634 3823 com-

2050 3864 2304 3922 mistione
2347 3864 2637 3934 utriusque
2683 3863 2735 3919 in
2775 3862 3015 3926 tertiam,
3064 3860 3193 3931 quia
3220 3860 3338 3915 btec
3381 3857 3496 3913 fieri
3533 3870 3635 3911 ne-

2048 3966 2285 4028 queunt;
2315 3965 2410 4012 aut
2431 3956 2475 4012 si
2504 3955 2619 4010 fieri
2644 3954 2906 4021 valerent,
2937 3952 3072 4009 nihil
3096 3952 3289 4021 adhoc
3313 3953 3461 4023 quod
3478 3966 3632 4021 quat-

2049 4053 2221 4115 rimus
2271 4050 2535 4109 valerent.
2592 4048 2687 4082 ¹⁶⁷³
2738 4044 2799 4104 Si
2854 4055 3038 4103 autem
3085 4044 3326 4116 quolibet
3370 4043 3629 4099 modnita

2047 4141 2303 4212 conjungi
2329 4140 2580 4195 dicuntur
2601 4139 2684 4194 ha-
2706 4139 2824 4203 duae
2852 4146 3060 4192 natura;
3087 4136 3332 4205 integrae,
3358 4142 3418 4188 ut
3448 4143 3629 4187 tamen

2044 4231 2189 4288 alius
2214 4231 2285 4287 sit
2304 4230 2484 4297 homo,
2503 4230 2643 4285 alius
2667 4232 2737 4285 sit
2755 4229 2898 4283 Deus
2913 4227 3030 4295 Μ’,
3043 4236 3100 4283 et
3114 4242 3218 4282 non
3238 4226 3379 4282 idem
3393 4224 3465 4280 sit
3489 4223 3633 4279 Deus

2050 4322 2143 4356 ’⁸⁷⁵
2170 4323 2259 4392 qui
2300 4331 2355 4377 ct
2392 4321 2587 4388 homo;
2619 4320 2959 4392 impossibile
3005 4329 3090 4376 est
3130 4327 3191 4374 ut
3219 4316 3380 4373 ambo
3430 4315 3634 4371 faciant

1979 4455 2024 4510 Β
2052 4414 2193 4485 quod
2242 4413 2359 4470 ﬁeri
2418 4425 2642 4489 necesse
2683 4420 2787 4469 cst.
2849 4409 2985 4465 Nam
3042 4408 3185 4464 Deus
3245 4420 3356 4462 non
3427 4403 3629 4469 faciet,

2052 4515 2180 4583 quia
2237 4528 2346 4570 non
2411 4504 2657 4576 debebit;
2719 4517 2776 4565 et
2844 4507 3007 4564 homo
3068 4519 3176 4560 non
3242 4501 3436 4569 faciet,
3501 4497 3632 4570 quia

1655 4647 1889 4706 νΑιιιΑε
1928 4647 2331 4711 LECTIONES.
2378 4625 2383 4629 ’

434 4777 529 4811 ⁸⁸⁵⁸
557 4776 727 4854 θίέιὲοε
750 4792 816 4832 ex
840 4778 1108 4854 ὺθῃεῇςιρ
1141 4794 1267 4836 mss.
1310 4789 1359 4836 et
1401 4779 1565 4854 _Edit.
1621 4780 1778 4854 Goth.
1822 4783 1990 4854 omitt.
2034 4795 2113 4854 ex
2257 4779 2453 4854 ³⁸1⁸»δί
2472 4779 2632 4854 “quid
2686 4775 2848 4854 hodie
2891 4790 3017 4830 mss.
3065 4770 3632 4854 νὶειτοιιρινηίξεξςτ.

362 4849 406 4901 si
432 4848 576 4916 quod
603 4838 765 4903 hodie
864 4917 873 4920 _
909 4847 1001 4880 ³⁸⁸⁷
1026 4847 1082 4903 Si
1107 4865 1213 4904 non
1241 4851 1446 4920 poteris
1476 4860 1571 4906 aut
1593 4868 1697 4906 nou
1718 4852 1804 4908 vis
1829 4838 2194 4910 tnentirivmss.
2217 4863 2265 4908 et
2293 4850 2440 4920 Edit.
2462 4838 2618 4905 Goth.
2667 4848 2711 4904 si
2739 4856 2895 4917 potes
2929 4853 3023 4900 aut
3071 4838 3290 4920 melitiri
3334 4838 3353 4842 ⁷
3395 4841 3489 4920 ²⁶⁸ξ
3519 4838 3633 4897 Nec

361 4911 587 4994 coactus
606 4917 937 4994 msgpmitt.
963 4934 1071 4994 nec
1110 4911 1332 4994 coactus
1404 4990 1436 4994 __
1470 4921 1565 4994 ’θεέ
1595 4921 1784 4994 ΔἚῖργιει
1836 4940 1961 4978 mss.
1988 4934 2036 4979 et
2095 4923 2241 4994 ΕιιὶιΣ
2288 4917 2454 4994 Catii.
2522 4928 2715 4990 sponte
2740 4911 3001 4994 '_vove_t_-_
3028 4913 3170 4994 __’“°
3193 4911 3384 4994 Posset
3411 4911 3485 4994 tsi
3531 4927 3630 4965 no-

363 4989 422 5042 lit
447 5005 571 5063 nus.
601 4986 823 5063 eLEdit.
854 4984 1018 5063 (ἔουι.Δ
1042 4989 1233 5063 possit,
1260 4990 1305 5063 si
1332 4990 1499 5063 nolit”
1537 4991 1629 5063 ξ⁶⁶ι
1662 4991 1809 5048 Bono
1837 4994 2052 5063 incepto
2075 5010 2172 5049 ms.
2203 4991 2331 5063 Joly
2372 4993 2516 5063 bono
2553 4982 2834 5063 proposito
2907 4985 3002 5019 ’⁸⁸⁸
3028 4984 3121 5041 ES!
3139 4983 3300 5063 quod
3320 4982 3453 5063 facit
3502 4998 3629 5063 mss.

363 5031 422 5113 ἕί
443 5031 1505 5129 Eii}."béiil'Eiiﬁifﬁ’ﬁé'ia3(“Fin
1537 5031 2229 5121 ῡίυίιῖἶῖι’ἐ”ιὲὶὶἴέι¹ἷ’ἱτίἑῖἷέἷ
2244 5031 2859 5117 ἓᾶίι’.’”ὰ’ὄιιιῗ’ἄίἱὶᾘῖιῖς
2882 5031 3120 5129 tamen:
3139 5031 3451 5108 ίῖῖῖῐςὲἇᾱῖ
3487 5031 3634 5121 quas

363 5129 491 5206 fecit
510 5131 859 5206 bonumst”.
884 5125 1033 5206 Geni.
1059 5128 1360 5206 Bec._l~'ict.
1382 5126 1510 5203 Joly
1530 5131 1752 5206 attigit.
1780 5131 1936 5188 Goth.
1966 5135 2139 5206 gratia
2170 5134 2370 5206 bonum
2397 5132 2545 5206 quod
2559 5130 2689 5206 facit
2763 5128 2860 5161 ’⁸⁸³
2892 5126 3045 5195 Quod
3068 5125 3454 5206 Deus-inopum}.
3501 5137 3630 5206 rtus.

361 5212 408 5253 et
441 5199 583 5254 It'dit.
611 5198 765 5255 Gotlt.
791 5202 934 5271 quod
958 5209 1155 5271 praeter
1183 5200 1350 5271 Deum
1380 5193 1501 5257 est'
1537 5202 1630 5233 ’“°
1653 5202 1884 5271 Superat
1911 5193 2072 5261 omne
2096 5221 2223 5258 mss.
2249 5213 2297 5257 et
2322 5193 2473 5256 Edit.
2502 5199 2657 5255 Gotlt.
2680 5208 2899 5269 superet
2917 5193 3089 5252 omne
3162 5195 3256 5227 ’⁸⁸⁷
3278 5193 3423 5271 Nihil
3447 5201 3629 5247 autem

362 5280 446 5324 cst
469 5272 609 5340 quod
643 5264 988 5339 super'omne
1016 5270 1090 5324 sit
1108 5270 1423 5340 quudDens
1450 5285 1556 5328 non
1586 5282 1669 5328 est
1698 5264 1817 5327 nias.
1865 5283 1913 5327 et
1941 5274 2086 5328 Edit.
2115 5272 2270 5328 Goth.
2298 5272 2430 5327 nihil
2461 5280 2640 5326 autem
2678 5264 2764 5326 est
2787 5283 2951 5338 supra
2972 5265 3316 5340 omnequod
3348 5264 3492 5319 Deus
3521 5276 3631 5316 non

363 5350 445 5395 est
489 5336 612 5376 ""3
647 5336 1081 5413 Investigaiidum
1125 5336 1212 5396 est
1249 5339 1476 5413 Inrmss.
1524 5343 1608 5397 hic
1642 5342 1823 5411 incipit
1868 5354 2023 5413 caput
2062 5345 2115 5398 7.
2192 5342 2284 5375 ’⁸³³
2315 5343 2595 5413 Quomodo
2623 5341 2790 5413 possit
2818 5336 2936 5409 fieri
2969 5338 3107 5393 Deus
3143 5336 3324 5413 bomo‘
3339 5350 3464 5388 mss.
3496 5346 3632 5413 quo-

364 5413 523 5481 πηοείο
548 5412 716 5481 Ροεείι
741 5405 875 5467 ese.
893 5411 1032 5481 Deus
1061 5410 1223 5466 homo
1296 5412 1389 5443 "7°
1430 5410 1615 5467 Divina
1645 5405 1835 5467 natura
1863 5405 1990 5468 mss.
2021 5425 2069 5468 et
2102 5413 2248 5470 Edit.
2282 5405 2438 5468 66th.
2490 5405 2677 5467 Divina
2708 5411 2851 5467 enim
2896 5406 3094 5481 natura
3164 5405 3258 5449 '9'“
3288 5405 3631 5481 Possunt_in-

364 5474 699 5537 \‘icem'mss.
729 5492 777 5535 et
811 5481 954 5536 Edit.
980 5480 1135 5536 Goth.
1162 5492 1384 5550 possunt
1431 5482 1483 5536 in
1526 5482 1756 5539 invicem
1795 5501 1894 5537 ms.
1929 5481 2055 5550 Joly
2094 5492 2316 5587 possunt
2357 5482 2425 5537 ab
2454 5483 2683 5538 invicem
2761 5482 2855 5513 ³⁸⁷³
2894 5479 2998 5535 Sed
3032 5493 3097 5533 ex
3142 5485 3372 5587 utraque
3410 5474 3628 5555 tertiam

364 5562 468 5587 mu
521 5561 567 5587 ιι
596 5551 715 5587 HAS:
769 5550 903 5587 amt.
968 5551 1061 5587 amt
1098 5567 1162 5587 mp
1204 5563 1431 5587 nummus
1469 5553 1684 5587 tantum
1726 5554 1949 5587 m:vlnm
2025 5556 2090 5587 ut
2149 5554 2355 5587 νηιοιιοι
2430 5552 2486 5587 ξε
2524 5569 2630 5587 ..ιη
2678 5551 2914 5587 ινιῙΔΙιΔηΙ
2981 5548 3037 5587 Ri
3114 5546 3210 5579 ³⁸7⁵
3242 5546 3259 5587 Ι
3290 5558 3308 5587 ι
3336 5560 3458 5587 mum
3489 5545 3628 5587 alme

363 5562 490 5622 mss.
520 5561 567 5603 et
591 5551 736 5622 Edit.
769 5550 926 5622 Got‘lt.
967 5551 1061 5607 sed
1098 5545 1172 5607 ex'
1204 5563 1431 5622 utraque
1469 5553 1684 5622 tertiam
1726 5554 1951 5609 mixtam
2023 5545 2119 5588 ³⁵⁷³
2149 5554 2381 5608 Valeret.
2430 5552 2489 5609 Si
2524 5569 2646 5622 mss.
2678 5551 2939 5609 valerent.
2981 5548 3039 5605 Si
3114 5546 3220 5622 “"f_
3242 5545 3309 5622 Ut
3336 5560 3458 5622 cum
3488 5545 3628 5598 alius

365 5618 434 5681 sit
457 5619 638 5683 homo,
661 5621 797 5674 alius
832 5607 969 5675 licus
997 5638 1122 5676 mss.
1151 5632 1207 5677 ut
1230 5607 1408 5677 tamen
1436 5607 1576 5676 alius
1603 5607 1673 5677 sit
1696 5607 1879 5686 homo,
1903 5607 2064 5680 alius
2108 5625 2179 5679 sit
2202 5607 2355 5678 Dens
2405 5607 2504 5677 ms.
2543 5621 2672 5678 Vict.
2704 5622 2790 5679 i9.
2818 5607 2899 5678 -ιιι
2945 5628 3124 5677 tamen
3153 5617 3297 5674 aliud
3332 5616 3405 5672 sit
3426 5616 3587 5671 homo
3606 5653 3626 5679 ,

366 5686 509 5742 aliud
542 5689 611 5743 sit
641 5690 779 5743 Deus
852 5690 945 5720 "7“
979 5691 1041 5745 Et
1074 5710 1176 5747 non
1211 5695 1349 5750 idem
1379 5694 1450 5750 sit
1474 5693 1613 5748 Deus
1641 5710 1764 5747 mss.
1797 5693 1923 5761 .Ioly
1948 5704 2003 5750 et
2036 5697 2173 5751 idem
2214 5694 2282 5748 sit
2314 5693 2453 5747 Deus
