3926 6054
372 234 476 290 ωδ

1502 233 1639 290 CIIII
1677 235 1859 292 DEUS
1900 235 2108 291 ll0.\l0.
2151 267 2220 276 ——
2249 235 2375 290 LIB.
2419 235 2480 288 II.

3531 229 3646 286 ιοδ

375 367 480 405 non
513 347 710 420 poterit
748 363 761 400 :
801 352 859 400 ut
890 360 1022 417 ergo
1044 346 1138 380 ’⁸⁷⁸
1159 345 1263 402 hoc
1289 345 1452 403 faciat
1484 348 1625 403 Deus
1650 350 1834 412 homo,
1862 365 1957 404 ne-
1991 355 2036 410 A
2069 363 2175 402 non
2207 347 2258 401 in
2287 348 2432 402 illam
2465 346 2780 416 dignitatem
2823 359 2984 414 quam
3035 344 3345 400 habiturum
3390 356 3505 400 erat
3532 348 3644 416 Μ’,

370 453 526 496 cesso
565 446 646 492 est
669 435 920 490 eumdem
970 437 1146 506 ipsum
1190 451 1308 492 esse
1338 437 1636 506 perfectum
1684 439 1871 502 Deum,
1905 447 1960 493 et.

371 531 670 602 perlectum
718 528 1025 594 hominem,
1071 529 1162 598 qui
1225 529 1362 584 hanc
1408 529 1835 585 satisfactionem
1876 531 1957 584 fa-

371 634 560 677 cturus
583 629 666 675 est
692 637 708 676 :
732 621 988 690 quoniam
1020 635 1144 674 eam
1176 619 1354 674 facere
1387 635 1491 674 non
1522 630 1723 691 potest,
1748 621 1850 675 nisi
1869 636 1960 676 ve-

371 731 466 770 rus
489 715 632 768 Deus
670 713 794 778 ²⁶⁷⁷;
824 727 922 767 nec
953 713 1132 776 debet,
1165 712 1264 766 nisi
1296 727 1458 768 verus
1481 714 1663 768 homo.
1693 713 1787 746 ³⁵⁷⁸
1810 713 1958 780 Quo-

373 809 516 862 niam
562 823 710 878 ergo,
772 817 986 862 servata
1034 807 1345 876 integritate
1391 807 1671 876 utriusque
1727 815 1956 870 naturae,

371 912 594 953 necesse
620 906 702 953 est
737 898 964 952 inveniri
995 898 1160 952 Deum
1194 897 1496 964 hominem;
1525 915 1629 952 non
1663 899 1839 952 minus
1865 913 1959 952 ne-

370 1006 523 1046 cesse
573 998 657 1046 est
705 991 805 1045 has
837 991 970 1044 duas
1003 1001 1227 1045 naturas
1273 991 1514 1062 integras
1568 993 1861 1046 convenire
1905 991 1956 1046 in

369 1098 533 1135 unam
583 1095 892 1151 personam,
938 1081 1397 1150 quemadmodum
1443 1096 1640 1151 corpus
1683 1090 1737 1134 et
1779 1082 1958 1135 anima

372 1173 656 1228 rationalis
705 1173 1034 1228 conveniunt
1067 1172 1118 1226 in
1149 1189 1315 1226 unum
1362 1173 1636 1226 hominem
1667 1191 1678 1226 :
1705 1173 1956 1239 quoniam

373 1263 533 1317 aliter
566 1263 679 1318 fieri
712 1265 902 1333 nequit
943 1271 1000 1316 ut
1036 1264 1176 1318 idem
1208 1263 1322 1334 ipse
1345 1264 1414 1318 sit
1439 1263 1712 1334 perfectus
1743 1265 1882 1318 Deus
1903 1272 1959 1318 et

369 1352 643 1422 perfectus
695 1355 877 1408 homo.
935 1353 1060 1408 Bos.
1112 1353 1310 1408 Totum
1376 1354 1508 1409 mihi
1581 1355 1757 1424 placet
1813 1355 1958 1426 quod

369 1445 525 1499 dicis.
1105 1441 1111 1448 ’

963 1535 1194 1594 CAPUT
1238 1535 1369 1592 VIII.

369 1646 527 1712 Quod
564 1664 628 1701 ex
663 1665 847 1718 genere
890 1649 1040 1713 Adae,
1085 1658 1133 1701 et
1185 1649 1249 1702 de
1293 1650 1490 1715 virgine
1546 1651 1739 1719 femina
1791 1650 1956 1704 Deum

607 1728 841 1787 oporteat
872 1721 966 1754 "7’
1000 1735 1266 1773 assumere
1301 1721 1395 1752 “3°
1433 1722 1718 1776 hominem.

439 1811 569 1864 Aus.
614 1811 802 1866 Restat
848 1828 991 1868 nunc
1020 1829 1264 1884 quaerere
1303 1815 1442 1870 unde
1477 1824 1530 1868 et
1573 1815 1843 1884 quomodo
1872 1830 1957 1870 as-

366 1915 544 1958 sumet
571 1906 714 1960 Deus
758 1905 1050 1960 humanam
1096 1916 1370 1962 naturam.
1402 1909 1510 1962 Aut
1541 1908 1682 1962 enim
1715 1915 1957 1962 assumet

366 2012 489 2050 eam
542 1997 608 2051 de
654 1997 824 2051 Adam
863 1998 978 2063 ⁸⁸⁸⁸,
1032 2007 1129 2053 aut
1184 2000 1348 2055 faciet
1405 2015 1602 2054 novum
1656 2001 1952 2067 hominem,

368 2088 824 2160 quemadmodum
875 2088 1002 2143 fecit
1038 2090 1208 2144 Adam
1265 2093 1331 2145 de
1370 2090 1516 2145 nullo
1561 2090 1669 2145 alio
1715 2092 1952 2146 homine.

368 2177 477 2231 Sed
523 2178 566 2232 si
596 2194 792 2234 novum
823 2179 1101 2234 hominem
1156 2181 1287 2236 facit
1317 2182 1411 2214 ’⁸⁸³
1446 2197 1550 2235 non
1575 2197 1642 2236 ex
1688 2181 1819 2236 Adae
1858 2197 1954 2251 ge-

370 2286 527 2332 nere,
563 2286 666 2324 non
695 2271 990 2340 pertinebit
1017 2271 1083 2324 ad
1113 2286 1280 2342 genus
1328 2275 1657 2336 humanum,
1683 2273 1826 2342 quod
1859 2289 1956 2327 na-

371 2369 484 2414 tum
511 2368 595 2416 est
618 2360 685 2416 de
714 2361 885 2415 Adam
916 2379 929 2416 :
962 2377 1131 2431 quare
1158 2377 1262 2417 non
1287 2363 1502 2418 debebit
1525 2362 1620 2395 ³⁸⁸³
1641 2361 1958 2418 satisfacere

371 2466 469 2520 pro
496 2467 582 2512 eo,
611 2453 738 2520 quia
765 2467 872 2506 non
902 2452 1007 2506 erit
1034 2453 1101 2510 de
1126 2467 1192 2508 eo
1225 2453 1340 2507 "3".
1371 2455 1524 2508 Sicut
1571 2454 1714 2508 enim
1748 2467 1954 2510 reetum

367 2551 453 2594 est
481 2550 538 2594 ut
565 2556 663 2610 pro
691 2541 846 2611 culpa
873 2541 1111 2597 hominis
1168 2543 1329 2598 homo
1371 2543 1710 2608 satisfaciat;
1763 2545 1834 2598 ita
1863 2560 1954 2599 ne-

369 2648 526 2688 cesse
555 2642 638 2689 est
665 2641 726 2688 ut
767 2633 1113 2690 satisfaciens
1143 2635 1283 2690 idem
1320 2636 1389 2689 sit
1427 2636 1518 2704 qui
1565 2646 1821 2704 peccator
1864 2645 1956 2690 aut

367 2724 612 2794 ejusdem
665 2726 930 2797 generis:
971 2727 1132 2784 aliter
1193 2743 1428 2797 namque
1473 2745 1575 2785 nec
1615 2730 1810 2797 Adam,
1855 2745 1957 2786 nec

366 2831 538 2882 genus
557 2814 674 2881 ejus
689 2815 1029 2873 satisfaceret
1051 2831 1152 2887 pro
1175 2832 1252 2872 se.
1275 2818 1369 2850 ’⁸⁸⁸
1386 2818 1525 2889 Ergo
1546 2818 1689 2875 sicut
1705 2819 1879 2874 Adam
1901 2827 1957 2875 et

369 2907 479 2963 Era
533 2915 816 2976 peccatum
855 2908 910 2964 in
941 2923 1130 2965 omnes
1161 2909 1407 2965 homines
1453 2919 1806 2982 propagatum
1833 2920 1953 2976 est;

370 2999 446 3051 ita
474 2996 672 3065 nullus,
703 2999 808 3060 nisi
833 2999 916 3074 vel
945 2999 1070 3069 ipsi,
1097 2999 1180 3053 vel
1209 3000 1301 3069 qui
1329 3001 1398 3056 de
1423 2999 1528 3055 illis
1559 3001 1822 3066 nascitur,
1855 3015 1954 3069 pro

2062 440 2245 495 si'non
2290 448 2568 510 peccasset
2595 438 2788 502 Adam,
2836 446 2891 491 et
2921 437 3042 492 ideo
3079 451 3183 491 non
3208 439 3417 510 integre
3443 451 3647 495 restan-

2063 533 2292 595 rabitnr,
2336 539 2390 586 et
2416 529 2510 584 Dei
2539 529 2874 600 propositum
2924 529 3157 584 deiicere
3203 528 3499 598 videbitur,
3527 547 3649 601 quae
3685 520 3695 529 ’

2062 625 2168 678 duo
2220 622 2659 678 inconvenientia
2691 629 2856 676 sunt:
2907 634 3036 692 ergo
3079 635 3304 676 necesse
3350 631 3526 677 estut
3581 624 3646 678 de

2063 716 2232 769 Adam
2259 724 2568 768 assumatur
2590 713 2772 777 homo,
2801 727 2898 782 per
2919 727 3078 781 quem
3112 721 3449 767 restauretur
3476 731 3647 784 genus

2063 805 2209 859 Adae.
2244 803 2337 837 "9°
2368 805 2491 858 Bos.
2548 802 2602 858 Si
2634 803 2898 858 rationem
2943 803 3241 872 sequimur,
3286 805 3426 859 sicut
3454 821 3648 875 propo—

2063 897 2292 958 suimus,
2326 895 2427 948 hoc
2463 894 2846 948 inevitabiliter
2875 904 3089 964 oportet
3125 910 3267 950 esse.
3318 896 3462 963 Assa
3499 899 3648 952 luve-

2063 989 2322 1058 stigemus
2369 1002 2509 1041 nunc
2532 995 2712 1040 utrum
2757 988 3079 1042 assumenda
3126 988 3250 1041 sita
3304 989 3415 1042 Deo
3447 1001 3639 1043 natura

2064 1081 2296 1136 hominis
2323 1078 2390 1133 de
2415 1087 2571 1146 patre
2610 1085 2663 1132 et
2700 1077 2768 1132 de
2826 1086 3001 1132 matre
3054 1077 3181 1143 Μ’,
3213 1079 3354 1133 sicut
3393 1079 3482 1132 alii
3521 1092 3648 1134 sunt

2062 1171 2313 1224 homines
2345 1169 2472 1234 ’6”;
2505 1177 2596 1222 aut
2630 1168 2698 1224 de
2744 1167 2864 1222 viro
2893 1169 3014 1224 sine
3067 1169 3284 1234 femina,
3334 1180 3425 1224 aut
3455 1171 3521 1227 de
3572 1173 3650 1226 fe-

2064 1262 2206 1314 mina
2239 1261 2356 1315 sine
2381 1260 2516 1315 viro.
2554 1257 2686 1312 Nam
2715 1273 3042 1329 quocunque
3069 1260 3229 1316 modo
3257 1277 3320 1315 ex
3365 1262 3450 1316 his
3477 1264 3649 1319 tribus

2063 1353 2236 1406 modis
2264 1353 2354 1416 sit,
2395 1352 2459 1406 de
2495 1352 2666 1404 Adam
2692 1359 2746 1405 et
2769 1350 2876 1405 Eva
2903 1352 3030 1418 erit,
3055 1352 3120 1407 de
3141 1354 3338 1422 quibus
3363 1363 3447 1408 est
3470 1355 3650 1410 omnis

2063 1443 2224 1498 homo
2249 1442 2531 1511 utriusque
2567 1455 2760 1507 sexus;
2811 1456 2910 1498 nec
2940 1442 3134 1513 aliquis
3162 1445 3353 1499 modus
3381 1460 3446 1499 ex
3475 1447 3648 1501 tribus

2061 1533 2145 1588 his
2184 1533 2393 1586 facilior
2439 1544 2521 1587 est
2550 1533 2660 1587 Deo
2686 1548 2848 1602 quam
2887 1533 2975 1587 alii
3021 1534 3136 1597 “'3,
3169 1547 3226 1588 ut
3268 1549 3334 1589 eo
3361 1536 3519 1590 modo
3555 1551 3648 1605 po-

2064 1627 2169 1680 tiss
2195 1626 2390 1680 debeat
2423 1623 2649 1680 assumi.
2706 1625 2829 1680 Bos.
2886 1625 3030 1681 Bene
3073 1626 3342 1695 procedis.
3388 1628 3516 1680 ‘Ass.
3550 1627 3648 1681 Ve-

1934 1725 1951 1742 '
1993 1697 2035 1752 Β
2065 1735 2182 1772 rum
2241 1732 2344 1771 non
2373 1727 2455 1772 est
2479 1732 2614 1785 opus
2644 1716 2815 1770 multo
2842 1716 3046 1781 labore,
3083 1725 3142 1771 ut
3182 1719 3506 1773 ostendatur
3523 1719 3650 1789 quia

2066 1809 2316 1864 urundius
2378 1819 2434 1863 et
2483 1809 2765 1863 honestius
2813 1811 3189 1878 procrealiitur
3243 1811 3406 1864 homo
3447 1809 3536 1864 ilie
3583 1811 3648 1866 de

2061 1902 2176 1957 solo
2223 1903 2342 1956 viro
2399 1901 2483 1956 vel
2536 1900 2758 1966 femina,
2796 1917 2960 1969 quam
3012 1903 3078 1955 de
3123 1901 3219 1933 '3“
3267 1902 3649 1957 commistione

2059 1994 2364 2063 utriusque,
2399 1993 2541 2047 sicut
2563 2008 2754 2047 omnes
2780 1993 2869 2046 alii
2905 1993 2996 2046 lilii
3034 1993 3334 2047 hominum.
3374 1993 3496 2049 Bos.
3524 1993 3652 2048 Sut-

2062 2085 2194 2140 licit.
2215 2086 2344 2139 Axs.
2374 2085 2479 2138 Aut
2500 2099 2628 2151 ergo
2652 2086 2716 2138 de
2747 2085 2860 2139 solo
2886 2085 3022 2148 viro,
3058 2094 3151 2138 aut
3183 2086 3250 2140 de
3292 2085 3406 2140 sola
3438 2085 3636 2140 femina

2062 2176 2420 2230 assumendus
2476 2185 2580 2230 est.
2637 2175 2762 2230 Bos.
2835 2175 3064 2230 Aliunde
3098 2191 3207 2230 non
3269 2183 3462 2241 potest.
3515 2178 3646 2231 Ans.

2060 2267 2304 2335 Quatuor
2334 2267 2508 2322 modis
2551 2276 2731 2338 potest
2766 2265 2906 2320 Deus
2943 2266 3124 2321 facere
3153 2251 3459 2333 hominem;
3499 2268 3648 2322 vide-

2060 2360 2183 2414 licet
2211 2368 2305 2413 aut
2331 2359 2398 2414 de
2425 2359 2544 2414 viro
2573 2369 2630 2414 et
2654 2357 2721 2413 de
2755 2358 2975 2423 femina,
3025 2359 3168 2414 sicut
3219 2359 3474 2413 assiduus
3521 2374 3648 2413 usus

2060 2459 2364 2515 monstrat;
2390 2459 2482 2504 aut
2505 2465 2606 2505 nec
2631 2452 2696 2504 de
2724 2449 2841 2504 viro
2863 2465 2962 2505 nec
2989 2451 3056 2505 de
3083 2450 3307 2515 femina,
3331 2451 3471 2504 sicut
3493 2466 3649 2523 crea-

2058 2543 2134 2594 vit
2193 2542 2394 2604 Adam;
2450 2549 2546 2594 aut
2593 2539 2663 2595 de
2710 2540 2826 2593 viro
2875 2539 2993 2594 sine
3048 2539 3274 2602 femina,
3329 2539 3471 2594 sicut
3523 2540 3652 2594 fecit

2059 2633 2258 2698 Evam;
2293 2641 2387 2685 aut
2405 2630 2473 2686 de
2493 2629 2696 2685 femina
2726 2631 2844 2685 sine
2879 2630 3025 2695 viro,
3062 2631 3205 2700 quod
3233 2631 3470 2684 nondum
3496 2629 3644 2684 fecit.

2060 2728 2132 2784 Ut
2184 2729 2350 2799 igitur
2392 2727 2536 2782 hunc
2583 2742 2798 2797 quoque
2837 2728 3056 2782 modum
3113 2727 3307 2798 probet
3336 2743 3446 2781 suae
3474 2726 3649 2795 sultja-

2060 2834 2187 2876 cere
2212 2820 2494 2889 potestati,
2523 2829 2578 2874 et
2606 2821 2674 2874 ad
2713 2821 2815 2874 hoc
2845 2820 3020 2889 ipsum
3065 2831 3202 2888 Opus
3241 2817 3463 2873 dilatum
3492 2831 3645 2884 esse;

2059 2914 2193 2970 nihil
2243 2911 2661 2969 convenientius
2703 2926 2866 2981 quam
2905 2920 2964 2965 ut
3006 2912 3072 2966 de
3121 2909 3324 2966 femina
3371 2911 3488 2965 siue
3529 2911 3648 2966 vim

2059 2999 2300 3062 assumat
2354 3005 2504 3060 illum
2541 3003 2816 3058 hominem
2873 3017 3035 3074 quem
3078 3003 3390 3072 quaerimus.
3453 3001 3644 3058 Utrum

369 3097 600 3158 peccato
631 3089 911 3142 hominum
957 3087 1275 3144 satisfacere
1308 3089 1487 3144 debet.
1518 3088 1784 3156 Quoniam
1823 3107 1955 3160 ergo
1983 3077 2024 3134 ο
2057 3106 2236 3149 autem
2269 3096 2337 3150 de
2361 3095 2591 3163 virgine,
2639 3104 2734 3148 aut
2776 3093 2843 3148 de
2880 3110 2984 3148 non
3029 3094 3239 3164 virgine
3285 3095 3500 3164 dignius
3541 3095 3644 3149 hoe

368 3177 446 3231 illi
477 3186 772 3246 nequeunt,
817 3193 1043 3234 necesse
1065 3187 1152 3234 est
1193 3188 1250 3232 ut
1290 3178 1357 3234 de
1387 3178 1492 3233 illis
1524 3180 1595 3234 sit
1623 3180 1713 3250 qui
1747 3181 1849 3234 hoc
1878 3180 1956 3234 fa-

368 3270 499 3323 ciet.
528 3269 776 3338 Amplius
803 3287 817 3322 :
847 3268 1194 3334 sicutAdam,
1221 3277 1276 3325 et
1310 3278 1483 3325 totum
1510 3285 1679 3340 genus
1701 3269 1817 3338 ejus
1839 3270 1952 3338 “3‘,

368 3375 467 3428 per
517 3375 575 3415 se
607 3361 846 3415 stetisset
878 3360 996 3415 sine
1024 3362 1423 3415 sustentatione
1471 3361 1698 3416 alterius
1739 3371 1957 3416 creatu-

368 3467 472 3514 ml,
495 3451 541 3506 si
569 3466 674 3506 non
701 3461 1023 3522 peccasset:
1069 3453 1144 3507 ita
1167 3462 1382 3523 Oportet
1426 3465 1482 3507 ut
1514 3454 1559 3508 si
1591 3455 1730 3509 idem
1784 3470 1956 3524 genus

367 3544 606 3613 resurgit
633 3544 726 3576 ⁸⁸⁸⁷
749 3553 870 3614 post
897 3559 1107 3610 casum,
1161 3560 1257 3614 per
1287 3560 1346 3600 se
1378 3554 1627 3614 resurgat
1666 3555 1721 3599 et
1752 3546 1975 3602 releve--

369 3645 477 3692 tur.
505 3637 640 3692 Nam
681 3653 778 3708 per
806 3652 1186 3708 quemcunque
1226 3639 1276 3692 in
1325 3647 1530 3692 statum
1587 3654 1745 3693 suum
1795 3639 1958 3693 resti-

368 3736 577 3794 tuatur,
612 3744 708 3798 per
754 3729 926 3792 illum,
960 3730 1146 3799 utique
1195 3731 1384 3793 stabit,
1433 3745 1530 3798 per
1559 3745 1720 3798 quem
1753 3738 1954 3784 statum

367 3835 526 3874 suum
574 3817 1121 3890 recuperabit.‘Deus
1155 3822 1347 3887 etiam,
1401 3822 1616 3890 quando
1659 3822 1955 3876 humanam

366 3921 622 3966 naturam
659 3914 913 3982 primitus
936 3911 1062 3967 fecit
1084 3913 1136 3968 in
1166 3913 1282 3969 solo
1311 3915 1513 3978 Adam,
1545 3927 1646 3968 nec
1671 3912 1954 3978 feminam,

364 4013 425 4058 ut
457 4003 525 4058 de
551 4013 782 4073 utroque
814 4021 944 4060 sexu
969 4005 1742 4075 multiplicarenturhomines,
1775 4004 1957 4060 facere

364 4096 537 4151 voluit
561 4097 664 4152 nisi
697 4099 764 4152 de
794 4099 945 4168 ipso,
969 4107 1155 4168 aperte
1181 4099 1277 4130 ⁸⁸⁸⁸
1307 4098 1631 4153 monstravit
1653 4112 1712 4154 se
1743 4098 1955 4154 nonnisi

366 4189 437 4243 de
485 4189 656 4243 Adam
687 4191 923 4245 voluisse
971 4192 1153 4247 facere
1199 4191 1342 4262 quod
1387 4191 1454 4246 de
1491 4191 1728 4245 humana
1760 4199 1955 4246 natura

365 4280 615 4335 facturus
643 4292 782 4336 erat.
807 4282 1149 4353 Quapropter
1172 4284 1216 4338 si
1239 4298 1410 4354 genus
1433 4283 1562 4338 Adae
1594 4299 1691 4352 per
1719 4283 1953 4352 aliquem

367 4371 642 4428 relevatur
671 4375 966 4440 hominem,
997 4375 1087 4445 qui
1120 4390 1226 4430 non
1276 4376 1346 4430 sit
1394 4375 1460 4430 de
1499 4370 1689 4430 eo'dem
1721 4390 1948 4446 genere;

2061 3187 2176 3250 fiat,
2205 3201 2312 3239 non
2341 3195 2426 3240 est
2448 3201 2587 3254 opus
2612 3184 2922 3252 disputare;
2969 3183 3061 3237 sed
3106 3183 3224 3237 sine
3251 3183 3398 3236 omni
3429 3183 3647 3236 dubita-

2060 3280 2206 3334 tione
2231 3279 2325 3311 ’πο
2358 3278 2714 3332 asserendum
2743 3285 2827 3331 est
2851 3277 2975 3346 quia
3017 3277 3081 3330 de
3111 3277 3322 3345 virgine
3353 3275 3518 3330 Deum
3547 3277 3642 3329 hn-

2059 3369 2258 3423 minem
2285 3369 2380 3400 ²⁸⁹⁸
2421 3368 2568 3422 nasci
2599 3377 2832 3436 Oportet.
2865 3367 2990 3420 Bos.
3037 3366 3348 3421 Secundum
3385 3367 3640 3437 placitum

2058 3461 2237 3515 cordis
2268 3460 2369 3516 mei
2411 3460 2670 3530 loqueris.
2720 3459 2847 3514 Ans.
2879 3459 3042 3515 Estne
3090 3459 3320 3515 solidum
3350 3459 3454 3516 hoc
3499 3463 3644 3528 quod

2058 3551 2322 3617 diximus;
2370 3560 2462 3605 aut
2515 3566 2712 3605 vanum
2756 3550 2981 3619 aliquid,
3033 3550 3177 3605 sicut
3225 3550 3440 3605 nubes:
3498 3551 3640 3620 quod

2057 3641 2243 3696 dixisti
2275 3643 2433 3697 nobis
2464 3642 2708 3696 infideles
2750 3641 3024 3709 obiicere?
3059 3642 3179 3696 Bos.
3219 3640 3364 3696 Nihil
3392 3640 3638 3697 solidius.

2056 3733 2182 3785 Aus.
2221 3731 2390 3800 Pinge
2421 3733 2588 3802 igitur
2635 3747 2740 3786 non
2787 3747 2951 3802 super
2997 3734 3178 3786 fictam
3206 3734 3500 3787 vanitatem
3524 3734 3639 3793 "".

2058 3823 2151 3877 sed
2181 3838 2346 3891 super
2373 3822 2599 3876 solidam
2630 3823 2942 3888 veritatem,
2965 3832 3019 3877 et
3047 3823 3134 3877 dic
3159 3823 3286 3891 quia
3322 3823 3479 3876 valde
3507 3837 3654 3877 con-

2057 3915 2206 3969 venit
2228 3922 2287 3968 ut
2329 3915 2779 3983 quemadmodum
2814 3914 3047 3967 hominis
3071 3921 3438 3983 peccatum-et
3475 3929 3642 3968 causa

2057 4013 2258 4060 nostra:
2283 4004 2646 4058 damnationis
2662 4003 2874 4056 initium
2897 4002 3235 4072 sumpsit"m
3251 4019 3279 4056 a
3308 4001 3538 4068 femina;
3565 4003 3636 4056 ita

2057 4093 2322 4149 medicina
2372 4094 2606 4162 peccati,
2636 4102 2691 4148 et
2727 4105 2892 4148 causa
2940 4100 3141 4148 nostrae
3177 4091 3498 4148 salvationis
3545 4091 3639 4124 ’⁸⁸⁸

2060 4201 2315 4246 nascatur
2345 4192 2413 4247 de
2443 4191 2687 4245 femina:
2735 4207 2800 4246 ac
2836 4207 2906 4246 ne
2954 4191 3207 4246 mulieres
3250 4191 3540 4261 desperent
3583 4205 3640 4245 se

2056 4285 2331 4354 pertinuere
2361 4285 2429 4338 ad
2458 4294 2660 4340 sortem
2707 4285 3014 4352 beatorum,
3043 4285 3298 4354 quoniam
3345 4285 3412 4340 de
3440 4283 3640 4338 femina

2059 4385 2268 4431 tantum
2320 4376 2519 4431 malum
2555 4377 2841 4447 processit,
2883 4384 3097 4447 oportet
3140 4386 3198 4430 ut
3237 4377 3303 4430 ad
3334 4374 3635 4431 reforman-
3727 4392 3729 4395 ·

1696 4505 1923 4562 νΑΒΙιΕ
1961 4505 2363 4564 LECTIONES.

437 4622 554 4698 _""_'-
597 4622 731 4688 Quia
802 4638 911 4698 non
970 4623 1242 4698 poterit,‘
1280 4631 1339 4698 ut
1408 4636 1728 4698 ergo_mss.
1787 4621 1952 4693 Joly,
2004 4623 2172 4698 Gem.
2242 4623 2364 4678 Bee.
2445 4623 2504 4677 S.
2574 4623 2738 4698 dficit.
2796 4637 2854 4698 et
2917 4624 3078 4698 Edit.
3121 4623 3274 4698 Galli.
3347 4628 3472 4698 quia
3537 4646 3640 4684 non

366 4693 627 4756 debebit;
699 4703 754 4746 et
826 4691 986 4746 homo
1045 4710 1147 4765 non
1199 4691 1420 4765 faciet;
1455 4691 1610 4765 fquia
1675 4709 1779 4747 non
1845 4691 2061 4763 poterit.
2127 4696 2195 4750 Ut
2251 4711 2379 4765 ergo
2417 4693 2712 4765 ms._Vict.
2788 4695 2872 4749 19.
2939 4697 3083 4764 quod
3141 4697 3320 4753 facere
3366 4691 3490 4753 ἰιοιι
3550 4703 3643 4756 de-

366 4766 538 4837 bebit,
603 4765 878 4837 et__hom_o
909 4781 1043 4837 non
1109 4763 1306 4828 faciet,
1340 4764 1498 4837 _quia
1559 4780 1664 4819 non
1731 4767 1947 4837 poterit.
2012 4765 2098 4837 Ut,
2139 4782 2268 4837 ergo
2319 4763 2350 4837 ’ν
2413 4766 2504 4797 ⁸⁸⁷⁷
2541 4763 2651 4818 Nisi
2693 4765 2764 4837 sit
2791 4763 2967 4821 verus
3006 4766 3145 4821 Deus
3175 4785 3300 4822 mu.
3331 4771 3434 4824 nisi
3482 4785 3642 4825 verus

365 4835 508 4909 Deus
652 4834 751 4909 "ff
811 4833 942 4909 Nisi
989 4835 1059 4909 s_it
1122 4848 1281 4888 verus
1339 4835 1503 4909 homo
1551 4833 1802 4909 _mss._’et
1860 4835 2004 4890 Edit.
2073 4833 2232 4909 Galli.
2305 4836 2420 4909 nisi_
2469 4851 2632 4909 verus
2707 4835 2867 4890 homo
3011 4837 3104 4909 'f?’
3165 4837 3334 4893 Deum
3393 4851 3644 4909 oporteat

376 4903 659 4974 Vict.'mss.
687 4903 773 4959 15.
802 4915 848 4958 et
882 4903 1163 4974 19.7Deum
1189 4905 1474 4974 oportebat
1548 4905 1642 4937 ’⁵⁸³
1680 4903 1907 4960 Sumere
1933 4923 2056 4962 mss.
2090 4918 2137 4962 et
2167 4905 2316 4961 Edit.
2376 4906 2535 4964 Goth.
2567 4921 2844 4960 assumere
2987 4907 3079 4940 ἐει
3109 4909 3239 4963 Eam
3292 4903 3462 4964 Adam
3513 4927 3638 4965 mss.

363 4987 412 5029 et
439 4973 588 5046 Edit.
619 4972 777 5046 (ἓοιΙιἶ
801 4990 923 5029 eam
957 4973 1025 5028 de
1045 4972 1238 5029 Adam
1284 4975 1386 5046 7"”
1415 4972 1700 5046 llominem
1752 4975 1916 5030 faciet
1960 4994 2086 5032 mss.
2143 4975 2280 5031 Vict.
2340 4975 2496 5033 Gem.
2530 4975 2655 5031 Bec.
2683 4989 2729 5030 et
2752 4976 2874 5046 .loly
2906 4977 3178 5035 hominem
3205 4979 3335 5035 facit
3408 4980 3502 5012 ’⁸⁸⁸
3524 4981 3642 5034 Non

365 5045 585 5099 debebit
611 5062 711 5098 ms.
739 5045 928 5099 Cisler.
958 5061 1065 5099 non
1099 5045 1320 5115 habebit
1396 5046 1490 5077 ³⁸⁸⁵
1521 5046 1594 5100 De
1625 5045 1713 5099 illo
1744 5063 1841 5103 ms.
1869 5046 2062 5101 Cister.
2085 5047 2151 5101 de
2175 5063 2240 5102 eo
2314 5049 2407 5080 ’⁸⁸⁵
2432 5046 2739 5102 Satisfaciet
2764 5045 2862 5115 pro
2887 5063 2945 5104 se
2971 5065 3097 5104 mss.
3142 5048 3272 5103 Vict.
3299 5049 3646 5109 satisfaceret

363 5132 464 5189 pro
498 5131 557 5169 se
633 5115 728 5147 ³⁸⁸⁸
763 5115 944 5171 Genus
971 5115 1088 5189 ejus
1115 5114 1424 5189 m_s.Cister.
1462 5131 1631 5189 genus
1665 5117 1958 5189 humanum
2001 5118 2127 5189 “’3?”
2166 5117 2348 5174 Genus
2389 5114 3016 5189 resurget__mss.ggeuus
3055 5121 3286 5189 resurgit
3359 5121 3452 5152 ’⁸⁸⁸
3492 5120 3644 5176 Unde

365 5187 481 5256 ipse
511 5196 698 5255 aperte
728 5203 852 5240 mss.
885 5196 931 5238 et
964 5185 1106 5238 Edit.
1137 5185 1294 5240 Goth.
1322 5189 1491 5241 omitt.
1519 5188 1660 5240 unde
1686 5187 1800 5256 ipse
1875 5189 1967 5221 "3’
1997 5187 2291 5244 llabiturus
2331 5199 2450 5244 erat
2476 5185 2599 5242 mss.
2641 5187 2776 5241 Vict.
2805 5185 2929 5242 Bcc.
2957 5188 3104 5243 Gem.
3135 5189 3195 5244 S.
3214 5185 3391 5244 ’Μὴ-ὠ.
3419 5201 3464 5244 et
3498 5191 3642 5246 Edi'.

365 5203 378 5239 ι
408 5203 481 5240 ise
511 5203 698 5255 aperte
728 5203 852 5240 mss.
885 5203 931 5238 et
964 5203 1106 5238 eau.
1137 5203 1294 5240 eam.
1322 5203 1491 5241 omni.
1519 5203 1660 5240 unue
1686 5203 1800 5256 ipse
1876 5203 1967 5221 ὀυ’
1997 5203 2291 5244 uamturus
2331 5203 2450 5244 erat
2476 5206 2599 5242 mss.
2646 5203 2776 5241 νισι.
2805 5203 2929 5242 nec.
2957 5203 3104 5243 ueni.
3135 5203 3195 5244 δ.
3229 5203 3391 5244 aucti.
3419 5203 3464 5244 et
3498 5203 3642 5246 cur.

363 5203 523 5310 (syth.
555 5257 864 5328 habiturum
887 5265 1027 5328 erat,
1076 5257 1172 5328 ν²⁶⁹ο
1204 5257 1625 5312 Restauraretur
1646 5273 1816 5328 genus
1846 5257 1974 5315 Adae
2009 5277 2134 5314 mss.
2163 5260 2578 5315 restaurandum
2607 5269 2684 5313 est
2717 5273 2885 5325 genus
2912 5259 3041 5313 Adae
3073 5257 3216 5311 Edit.
3247 5258 3404 5314 Gotli.
3435 5271 3644 5316 restau-

364 5327 890 5410 tt'eturlgenus'A‘dze.
943 5327 1034 5410 ’Ψ
1057 5327 1138 5410 De
1168 5337 1320 5410 patre
1342 5339 1395 5382 et
1421 5338 1594 5409 matre
1612 5327 1921 5410 Ῑζιὲε.Λνὶει.
1952 5331 2198 5410 depatre
2224 5339 2279 5410 e_t
2310 5331 2377 5410 de
2401 5338 2575 5385 matre
2647 5329 2740 5410 1°"
2773 5329 2926 5410 Sicut
2957 5330 3047 5410 alii
3083 5330 3326 5410 homines
3347 5348 3474 5386 mss.
3505 5331 3640 5410 V_t°c_t.

363 5396 490 5450 Bec.
522 5395 669 5450 Gem.
693 5395 819 5472 .1er
846 5397 1110 5472 sicut_a_lii
1141 5395 1267 5472 sunt
1291 5399 1538 5454 homines
1562 5399 1706 5472 μέθη
1739 5397 1912 5472 Quam
1943 5395 2059 5472 alii,
2094 5418 2192 5472 ins.
2233 5399 2587 5472 ,ΙοιιιλιιιίιιιιΔ
2616 5399 2763 5472 alius
2808 5399 2920 5472 ff”
2952 5400 3125 5472 Quam
3151 5410 3236 5472 __ut_.
3273 5401 3344 5472 de
3393 5420 3490 5457 ms.
3517 5402 3642 5472 Joly

363 5482 528 5534 quam
561 5468 704 5535 quod
732 5468 798 5538 de
871 5468 973 5538 “9f
996 5469 1370 5537 Disputatione
1399 5485 1524 5522 mss.
1562 5467 1696 5538 Vicit.
1738 5469 1882 5538 Joly,
1932 5467 2056 5526 Bec.
2103 5468 2250 5526 Gem.
2283 5467 2503 5525 et'Edit.
2546 5468 2702 5524 Goth.
2734 5469 3070 5523 dubitatione
3145 5469 3238 5500 ²⁶⁹⁶
3269 5471 3434 5526 Deum
3465 5483 3520 5528 et
3547 5467 3643 5528 ho:

365 5538 567 5607 minem
594 5554 719 5591 mss.
751 5537 893 5607 Joly,
937 5536 1068 5591 Vict.
1095 5536 1154 5594 3.
1177 5549 1224 5593 et
1259 5540 1344 5593 15.
1377 5549 1425 5592 et
1457 5539 1601 5593 Edit.
1626 5537 1782 5594 Goth.
1812 5536 1976 5595 Deum
2019 5543 2288 5596 hominem
2333 5559 2430 5595 ms.
2476 5539 2608 5594 Vict.
2647 5539 2732 5594 19.
2770 5540 3040 5592 hominem
3075 5539 3237 5594 Deum
3314 5543 3404 5576 ³⁸³⁷
3433 5545 3641 5598 Fictam

365 5606 928 5686 vzuiitatetnnmsL’S.
985 5607 1147 5686 Min/1.
1176 5609 1910 5686 _siccam_'vanitat_em__"‘9"
1950 5612 2430 5686 Initiumsumpsit
2472 5609 2778 5686 m3:._Vict.
2821 5607 2946 5679 Joly
2995 5620 3042 5686 et
3094 5610 3281 5686 Cister.
3316 5616 3640 5686 principium

366 5679 596 5748 Sumpsit
669 5677 763 5708 ¹⁶⁹⁹
790 5677 997 5733 Nostra:
1031 5679 1220 5734 salutis
1245 5698 1366 5734 mss.
1404 5678 1534 5735 Vict.
1562 5680 1704 5750 Joly,
1737 5679 1923 5736 Gisler.
1973 5679 2030 5738 S.
2061 5682 2222 5738 Mich.
2254 5693 2300 5737 et
2326 5677 2472 5737 Edit.
2499 5679 2655 5738 Goth.
2695 5689 2894 5735 nostrae
2918 5677 3267 5739 ’5;ιινδιίοιιίε.
