3936 6048
287 189 392 245 407

799 184 855 241 S.
889 185 1187 242 ANSELMI
1231 183 1584 240 CANTUAR.
1625 176 1941 236 ARCHIEP.
1985 180 2140 237 OPP.
2191 183 2377 240 PARS
2403 183 2444 239 Ι.
2487 215 2555 224 ——-
2595 180 3012 239 DOGMATICA.

3455 177 3562 242 408

283 309 406 362 dam
443 321 595 378 spem
643 321 854 372 earum,
908 308 974 362 de
1009 306 1236 361 muliere
1268 315 1475 362 tantum
1523 304 1720 358 bonum
1749 314 1877 370 pro-
1903 301 1952 361 A
1980 313 2105 353 nam
2146 297 2271 355 Filii
2317 309 2728 372 peccaverunt,
2755 300 2846 370 qui
2878 313 3005 356 vera
3055 293 3234 353 Patris
3265 299 3564 357 similitudo

284 402 464 456 cedat.
504 401 671 472 Pinge
709 411 764 455 et
792 399 895 454 hoc
919 401 1016 432 ¹⁷⁰⁰
1045 419 1058 452 :
1091 399 1148 454 Si
1184 401 1337 470 virgo
1376 406 1515 463 erat,
1546 413 1668 467 qum
1696 411 1862 452 causa

289 494 393 548 fuit
415 495 652 548 humano
677 491 862 562 generi
895 491 1061 546 totius
1100 492 1264 556 mali;
1302 490 1470 545 multo
1507 491 1679 559 magis
1707 490 1865 544 decet

288 594 348 639 ιιι
377 585 533 654 virgo
553 583 646 647 sit,
673 598 792 652 quae
815 599 978 638 causa
999 583 1104 636 erit
1135 583 1299 638 totius
1328 583 1476 638 boni.
1513 583 1626 636 Hoc
1648 596 1864 652 quoque

287 676 486 745 pinge:
518 673 575 729 Si
620 673 833 738 mulier,
872 688 1032 742 quam
1065 671 1194 727 fecit
1223 671 1364 727 Deus
1394 673 1458 726 de
1485 671 1601 726 viro
1631 670 1751 726 sine
1789 669 1868 725 fe-

287 767 454 833 mina,
479 765 622 822 facta
648 774 729 821 est
758 765 827 820 de
853 764 1090 834 virgine;
1125 764 1378 820 convenit
1400 763 1494 795 ’τοι
1524 762 1680 818 valde
1709 762 1869 816 utvir

285 879 524 934 quoque,
550 863 641 934 qui
669 863 760 918 fiet
787 863 854 919 de
884 861 1104 926 femina,
1129 863 1248 917 sine
1277 862 1394 916 viro
1422 861 1516 914 liat
1543 860 1611 915 de
1633 859 1861 929 virgine.

288 956 394 1011 Sed
423 957 490 1012 de
520 957 748 1028 picturis
769 957 888 1022 "°’,
932 970 1051 1025 qua:
1083 966 1313 1024 possunt
1356 954 1500 1025 pingi
1551 968 1714 1023 super
1742 954 1868 1018 hoc,

286 1049 413 1117 quia
454 1050 597 1105 Deus
640 1050 804 1110 homo
849 1051 915 1103 de
956 1050 1166 1120 virgine
1216 1047 1442 1102 muliere
1477 1046 1629 1103 nasci
1673 1046 1867 1110 debet,

289 1142 391 1195 ista
427 1157 572 1199 nunc
597 1141 886 1197 suﬂlciant.
923 1139 1050 1196 Bos.
1093 1139 1259 1196 Valde
1288 1140 1524 1211 pulchrae
1550 1148 1605 1194 et
1635 1139 1874 1194 rationa-

289 1233 426 1289 biles
454 1243 579 1290 sunt
608 1235 723 1290 istae
742 1235 988 1306 pictum.

812 1327 926 1398 39
961 1323 1194 1382 CAPUT
1231 1323 1356 1379 1x-

288 1443 446 1509 Quod
476 1460 679 1499 necesse
700 1444 768 1498 sit
794 1445 1022 1527 Verbum
1045 1444 1239 1504 solum,
1268 1452 1314 1496 et
1339 1439 1598 1494 hominem
1628 1439 1684 1494 in
1707 1454 1868 1493 unam

780 1532 1052 1570 convenire
1081 1529 1380 1582 personam.

355 1602 486 1658 Aris.
525 1602 681 1658 Nunc
702 1618 918 1673 quoque
939 1602 1289 1674 qumrendum
1317 1608 1402 1656 est
1425 1600 1479 1654 in
1506 1613 1611 1669 qua
1639 1612 1868 1668 persona

289 1694 462 1759 Deus,
502 1696 596 1765 qui
638 1705 723 1752 est
772 1705 883 1751 tres
930 1710 1211 1766 personae,
1265 1693 1541 1749 hominem
1603 1699 1866 1746 assumat.
1897 1676 1945 1738 Β

285 1785 477 1840 Plures
516 1785 662 1840 enim
707 1794 951 1856 personae
981 1793 1256 1856 nequeunt
1300 1798 1464 1837 unum
1508 1781 1868 1850 enmdemquc

287 1875 560 1932 hominem
585 1891 865 1932 assumere
893 1877 942 1931 in
985 1877 1246 1932 unitatem
1276 1873 1656 1945 personaam’.
1689 1873 1870 1940 Quare

287 1966 342 2020 in
373 1982 479 2020 una
510 1981 741 2036 persona
773 1976 982 2022 tantum
1013 1968 1116 2023 hoc
1138 1967 1252 2023 ﬁeri
1283 1983 1504 2024 necesse
1531 1978 1634 2025 est.
1671 1966 1778 2022 Sed
1804 1968 1871 2024 de

288 2058 392 2112 hac
421 2058 629 2113 unitate
663 2073 908 2128 persona:
955 2060 1048 2114 Dei
1095 2071 1152 2116 et
1202 2061 1438 2117 hominis
1453 2061 1549 2095 ’⁷⁸⁸
1581 2069 1635 2117 et
1675 2060 1726 2115 in
1763 2074 1869 2130 qua

287 2161 522 2214 persona
547 2146 641 2202 Dei
675 2151 778 2204 hoc
818 2149 992 2218 magis
1030 2149 1146 2205 fieri
1178 2160 1457 2220 oporteat,
1491 2150 1542 2206 in
1575 2149 1651 2222 Iv,
1683 2150 1757 2206 al.
1791 2148 1868 2221 iv]

283 2237 510 2306 epistola
541 2239 607 2295 de
636 2238 1014 2296 Incarnatione
1042 2241 1202 2298 Verbi
1250 2244 1317 2298 ad
1359 2243 1637 2299 dominum
1675 2255 1869 2313 papam

289 2329 568 2385 Urbanum
596 2331 802 2386 directa
822 2373 840 2400 ,
867 2342 1129 2403 quantum
1174 2335 1243 2390 ad
1288 2345 1610 2405 praesentem
1641 2333 1870 2390 investi—

289 2421 562 2490 gationem
587 2423 837 2481 suﬂicerc
862 2437 993 2496 puto
1010 2468 1024 2490 ,
1067 2427 1278 2484 locutus
1304 2443 1422 2484 sum
1438 2429 1555 2483 ⁷⁷⁸⁸.
1589 2428 1714 2484 Bos.
1739 2427 1873 2485 Bre—

290 2517 430 2570 viter
459 2524 638 2571 tamen
670 2517 758 2572 hic
805 2520 1073 2590 tange'm
1121 2536 1220 2575 cur
1251 2521 1430 2590 potius
1471 2537 1703 2592 persona
1747 2520 1871 2576 Filii

289 2605 480 2660 debeat
518 2607 785 2662 incarnari
803 2609 920 2672 ⁸⁷⁸⁷,
945 2625 1109 2678 quam
1151 2610 1329 2666 Patris
1357 2621 1450 2667 aut
1480 2611 1714 2683 Spiritus
1741 2626 1873 2668 sau-

290 2696 508 2752 cti"°'?
532 2699 660 2754 Aas.
687 2697 744 2754 Si
769 2699 1022 2770 quaelibet
1051 2701 1156 2756 alia
1179 2718 1406 2770 persona
1438 2704 1868 2772 incarnetur”°’,

290 2795 452 2842 erunt
476 2790 582 2844 duo
613 2789 707 2846 lilii
738 2790 792 2846 in
830 2789 1128 2860 Trinitate,
1157 2793 1328 2851 Filius
1365 2796 1575 2851 scilicet
1617 2797 1750 2864 Dei,
1779 2797 1872 2866 qui

291 2889 351 2932 et
391 2887 520 2936 ante
563 2881 995 2938 incarnationem
1033 2885 1202 2941 Filius
1229 2895 1345 2953 est;
1394 2898 1448 2943 et
1492 2888 1612 2954 ille,
1645 2891 1736 2960 qui
1777 2904 1874 2959 per

294 2971 724 3028 incarnationem
773 2974 919 3031 illius
951 2977 1057 3032 erit
1081 2979 1319 3050 Virginis
1347 2996 1361 3033 :
1395 2988 1452 3035 et
1472 2981 1579 3036 erit
1606 2981 1658 3035 in
1687 2996 1873 3051 perso-

294 3063 379 3118 nis
399 3103 415 3129 ,
450 3079 571 3134 qua:
602 3081 818 3136 seraper
844 3070 1081 3138 aequales
1124 3042 1247 3126 esse
1274 3073 1502 3138 debent,
1533 3042 1872 3144 iannalitas
1897 3042 1943 3106 Ο

291 3154 588 3210 scciuidum
618 3157 932 3228 dignitatem
965 3161 1335 3217 nativitatum.
1378 3163 1512 3233 Dign
1539 3179 1688 3220 orem
1719 3181 1875 3220 nam—

291 3257 396 3313 que
422 3245 760 3301 nativitatem
791 3248 1010 3305 habebit
1040 3259 1198 3307 natus
1224 3267 1290 3307 ex
1338 3253 1480 3317 Deo,
1507 3269 1670 3324 quam
1716 3265 1873 3311 natus

289 3347 358 3388 ex
391 3333 631 3404 Virgine.
661 3338 790 3392 Item
831 3357 842 3392 :
872 3341 917 3394 si
960 3341 1119 3396 Pater
1150 3342 1313 3398 fuerit
1342 3344 1685 3410 incarnatus,
1713 3356 1875 3400 erunt

293 3431 400 3482 duo
422 3439 644 3497 nepotes
689 3431 742 3484 in
773 3430 1069 3492 Triuitate;
1101 3435 1228 3504 quia
1259 3434 1421 3492 Pater
1451 3437 1557 3492 erit
1586 3452 1751 3508 nepos
1781 3454 1874 3508 pa-

293 3529 507 3576 rentum
533 3519 772 3592 Virginis
798 3539 897 3592 per
927 3526 1199 3582 hominem
1239 3538 1620 3600 assumptum;
1661 3539 1717 3585 et
1743 3531 1876 3586 Ver-

294 3615 456 3683 lmm,
486 3633 611 3674 cum
660 3616 796 3672 nihil
845 3617 1043 3674 habeat
1085 3620 1152 3674 de
1198 3621 1446 3688 homine,
1494 3638 1660 3694 nepos
1693 3633 1873 3680 tamen

292 3712 398 3766 erit
427 3711 699 3783 Virginis,
722 3712 849 3783 quia
864 3713 960 3746 ’⁷η
989 3712 1080 3768 lilii
1105 3712 1222 3781 ejus
1249 3715 1354 3770 erit
1391 3716 1534 3771 illius
1569 3734 1582 3771 :
1618 3731 1737 3786 quae
1759 3731 1875 3772 om-

295 3804 381 3858 nia
411 3805 844 3860 inconvenientia
875 3815 1035 3873 sunt,
1065 3822 1164 3863 nec
1205 3808 1256 3862 in
1302 3807 1683 3865 incarnatione
1712 3809 1872 3866 Verbi

296 3895 636 3966 contingunt.
673 3894 768 3950 Est
791 3903 847 3950 et
875 3895 1019 3950 aliud
1048 3912 1148 3952 cur
1178 3897 1350 3967 magis
1379 3899 1669 3954 conveniat
1699 3899 1878 3954 incar-

297 3986 413 4041 nari
452 3987 621 4053 Filio,
648 4003 810 4058 quam
835 3988 956 4043 aliis
983 3990 1229 4059 personis
1260 4007 1272 4043 :
1305 3989 1430 4058 quia
1462 3992 1875 4048 convenientius

294 4089 454 4134 sonat
495 4079 688 4135 Filium
739 4081 1047 4150 supplicare
1083 4079 1271 4146 Patri,
1305 4095 1465 4147 quam
1497 4082 1656 4137 aliam
1690 4098 1877 4154 perso-

295 4187 419 4225 nam
453 4173 670 4227 alii’m.
703 4175 836 4229 item
871 4192 884 4228 :
939 4174 1140 4241 Homo,
1172 4189 1272 4243 pro
1297 4189 1406 4244 quo
1446 4185 1564 4231 erat
1589 4187 1870 4247 oraturus;

295 4261 572 4331 diabolus,
619 4281 778 4335 quem
827 4275 949 4321 erat
989 4274 1426 4336 expugnaturus;
1455 4269 1640 4323 'ambo
1681 4269 1873 4328 falsam

1969 390 2210 446 creditur
2229 393 2344 448 ’7".
2377 393 2458 449 llli
2496 395 2713 464 itaque,
2759 392 2843 458 cui
2892 391 3182 462 specialius
3214 391 3274 446 lit
3333 393 3563 464 injuria,

1967 484 2380 540 convenientius
2403 486 2724 540 attribuitur
2751 485 2928 555 enlpm
2953 484 3192 539 vindicta
3211 525 3225 549 ,
3260 495 3355 540 aut
3383 486 3566 541 indul-

1967 579 2176 647 gentia.
2209 579 2576 649 Quapropter,
2611 593 2736 632 cum
2789 580 2924 632 ratio
2954 593 3052 633 nos
3084 577 3410 635 inevitabilis
3439 595 3566 650 per-

1968 670 2184 726 duxerit
2206 671 2272 724 ad
2304 672 2426 732 hoc,
2459 679 2517 724 ut
2546 685 2771 726 necesse
2810 670 2882 724 sit
2906 670 3147 724 divinam
3182 679 3238 726 et
3267 671 3563 727 humanam

1971 772 2221 816 naturam
2260 763 2512 835 iu,unam
2562 762 2856 817 convenire
2903 777 3188 832 personam
3243 782 3255 817 :
3307 779 3408 819 nec
3462 765 3564 820 hoc

1971 853 2086 908 fieri
2119 855 2290 924 possit
2334 854 2387 910 in
2421 854 2666 926 pluribus
2707 857 2955 925 personis
2984 854 3112 920 Dei,
3142 865 3196 910 et
3231 857 3332 910 hoc
3364 872 3562 912 conve-

1972 949 2212 1004 nientius
2239 949 2353 1005 fieri
2379 958 2564 1018 pateat
2589 949 2640 1003 in
2665 963 2893 1019 persona
2917 947 3106 1014 Verbi,
3135 963 3296 1018 quam
3321 951 3374 1004 in
3398 949 3520 1005 aliis
3542 991 3560 1014 ,

1972 1055 2195 1095 necesse
2223 1053 2308 1094 eSt
2359 1038 2597 1094 Verbum
2640 1038 2808 1094 Deum
2864 1046 2920 1093 et
2970 1038 3244 1094 hominem
3293 1039 3348 1093 in
3398 1055 3562 1094 unam

1973 1131 2264 1187 convenire
2293 1145 2603 1200 personam.
2643 1129 2769 1184 Bos.
2805 1127 2898 1183 Sic
2928 1137 3012 1183 est
3055 1129 3141 1182 via
3161 1169 3175 1192 ,
3208 1145 3314 1199 qua
3341 1145 3427 1184 tuc
3457 1131 3560 1183 du-

1971 1224 2084 1290 cis,
2119 1222 2360 1292 undique
2413 1221 2622 1276 munita
2670 1220 2912 1284 ratione,
2948 1228 3007 1274 ut
3041 1235 3215 1291 neque
3260 1221 3327 1274 ad
3377 1222 3564 1276 dexte-

1969 1330 2117 1380 ram,
2167 1328 2344 1384 neque
2388 1314 2454 1368 ad
2482 1313 2760 1368 sinistram
2793 1311 3006 1366 videam
3042 1326 3128 1366 me
3163 1313 3232 1367 ab
3267 1311 3357 1366 illa
3403 1328 3563 1383 posse

1969 1406 2264 1462 declinare.
2304 1406 2428 1461 Axs.
2461 1404 2577 1459 Non
2609 1419 2710 1474 ego
2748 1413 2802 1459 te
2850 1404 3027 1468 duco;
3071 1405 3165 1458 sed
3199 1404 3288 1458 ille
3309 1445 3324 1468 ,
3357 1406 3423 1458 de
3454 1421 3564 1474 quo

1971 1496 2265 1567 loquimur,
2299 1496 2417 1551 sine
2447 1510 2556 1566 quo
2586 1493 2720 1550 nihil
2765 1508 3090 1563 possumus,
3123 1508 3222 1549 nos
3254 1493 3403 1549 ducit
3443 1493 3564 1549 ubi-

1975 1604 2187 1660 cunque
2216 1588 2359 1643 viam
2392 1587 2638 1643 veritatis
2671 1596 2940 1642 tenemus.

2595 1721 2825 1779 CAPUT
2863 1720 2932 1777 Χ.

1973 1839 2127 1908 Quod
2149 1840 2286 1892 idem
2313 1837 2467 1892 homo
2481 1835 2576 1908 '7"
2599 1851 2702 1889 non
2727 1850 2792 1908 ea;
2829 1832 3001 1908 debito
3037 1833 3296 1888 moriatur
3317 1848 3337 1887 :
3359 1842 3407 1886 et
3433 1847 3566 1908 quo-

2043 1911 2198 1964 modo
2228 1911 2391 1977 possit
2423 1907 2498 1962 vel
2528 1923 2630 1977 non
2652 1906 2812 1973 possit
2831 1903 2927 1977 ’_’“
2949 1919 3163 1977 peccare
3184 1917 3211 1977 :_
3238 1912 3285 1956 et
3319 1919 3414 1956 cur
3439 1903 3562 1966 ille,

2043 1980 2120 2035 vel
2145 1973 2365 2048 angelus
2390 1977 2454 2059 de
2482 1994 2578 2059 sua
2591 1975 2804 2045 justitia
2832 1973 3133 2028 laudandus
3164 1973 3268 2039 sit;
3295 1988 3411 2026 cum
3440 1989 3563 2043 pec-

2045 2066 2164 2104 rare
2185 2066 2291 2103 non
2309 2058 2533 2118 possint.
2599 2115 2606 2120 ᾗ

2043 2161 2174 2217 Aus.
2203 2159 2400 2216 Utrum
2431 2167 2614 2216 autem
2645 2159 2808 2215 homo
2834 2156 2924 2213 ille
2951 2157 3024 2213 sit
3051 2157 3350 2212 moriturus
3375 2169 3442 2210 es
3469 2154 3562 2210 de-

1972 2252 2122 2316 bito.”
2166 2252 2309 2309 sicut
2350 2265 2541 2307 omnes
2591 2249 2681 2305 alii
2699 2249 2794 2283 ³⁷³⁸
2823 2249 3072 2304 homines
3097 2264 3163 2304 ex
3201 2247 3387 2303 debito
3435 2262 3556 2302 mo-

1973 2345 2209 2412 riuntur,
2240 2359 2346 2400 non
2372 2343 2704 2414 investigare
2718 2343 2814 2374 ³⁷η
2844 2342 3104 2398 debemus
3135 2357 3150 2395 :
3187 2339 3280 2395 sed
3306 2339 3351 2395 si
3388 2339 3562 2394 Adam

1972 2437 2273 2492 moriturus
2297 2450 2402 2491 non
2427 2449 2578 2499 erat,
2611 2433 2657 2489 si
2687 2448 2792 2489 non
2822 2440 3132 2504 peccasset,
3173 2432 3343 2492 multo
3390 2431 3564 2500 magis

1973 2532 2077 2586 iste
2107 2539 2337 2586 mortem
2361 2529 2471 2600 pati
2501 2543 2604 2582 non
2629 2527 2866 2592 debebit,
2896 2525 2949 2580 in
2980 2540 3090 2596 quo
3115 2533 3400 2596 peccatum
3430 2539 3554 2579 esse

1972 2639 2080 2680 non
2110 2622 2342 2693 poterit,
2375 2620 2498 2691 quia
2532 2621 2675 2675 Deus
2702 2619 2936 2674 erit'm.
2969 2617 3094 2675 Bos.
3123 2617 3180 2674 In
3215 2619 3318 2672 hoc
3358 2617 3479 2672 volo
3505 2626 3562 2672 to

1973 2713 2372 2786 aliquantulum
2400 2711 2634 2776 morari;
2670 2711 2784 2766 sive
2812 2710 2957 2766 enim
2998 2709 3212 2764 dicatur
3238 2722 3424 2778 posse,
3448 2709 3566 2763 sive

1974 2823 2082 2864 non
2116 2821 2277 2878 posse
2307 2819 2570 2876 peccare,
2597 2803 2650 2858 in
2681 2813 2910 2872 utroque
2939 2801 3069 2856 mihi
3113 2815 3221 2856 non
3257 2815 3422 2870 parva
3466 2815 3564 2854 na-

1975 2902 2143 2958 scitur
2169 2900 2422 2971 qutestio.
2469 2897 2604 2952 Nam
2637 2897 2682 2951 si
2716 2911 2821 2950 non
2855 2908 3014 2965 posse
3060 2907 3289 2964 peccare
3337 2893 3558 2957 dicitur,

1975 2992 2191 3050 dimcile
2219 2991 2368 3047 credi
2410 2991 2611 3046 debere
2632 2988 2850 3043 videtur
2881 3004 2893 3039 :
2921 2995 2990 3040 'ut
3021 2986 3163 3042 enim
3183 2983 3280 3016 ³⁷¹⁸
3312 2984 3560 3054 aliquan-

1977 3084 2145 3139 tulum
2175 3083 2367 3152 loquar
2395 3095 2501 3136 non
2533 3079 2693 3150 quasi
2739 3077 2808 3132 de
2851 3076 2972 3142 illo,
3001 3077 3092 3147 qui
3124 3091 3400 3145 nunquam
3446 3074 3564 3131 fueo

1974 3177 2172 3242 rit'm,
2223 3177 2365 3230 sicut
2408 3174 2675 3228 hactenus
2708 3170 2974 3237 fecimus,
3019 3168 3113 3224 sed
3162 3167 3308 3223 velut
3351 3167 3418 3222 de
3461 3182 3558 3232 eo,

1975 3284 2134 3339 quem
2159 3274 2214 3320 et
2237 3264 2390 3334 cujus
2421 3263 2558 3318 facta
2582 3261 2854 3324 novimus,
2880 3260 3004 3330 quis
3037 3268 3199 3331 neget
3221 3257 3367 3313 illum
3393 3258 3560 3312 multa

1972 3357 2215 3428 potuisse
2245 3354 2458 3416 facere,
2491 3367 2611 3422 quas
2650 3361 2874 3421 peccata
2921 3348 3187 3405 dicimus?
3215 3347 3454 3419 Quippe,
3503 3358 3564 3404 ut

1973 3450 2077 3506 alia
2113 3457 2357 3511 taceam,
2405 3442 2678 3513 quomodo
2721 3442 2968 3496 dicemus
3012 3455 3134 3496 eum
3181 3455 3288 3494 non
3321 3440 3561 3510 potuisse

1975 3536 2194 3594 mentiri
2231 3553 2246 3590 :
2275 3535 2417 3604 quod
2446 3545 2662 3600 semper
2688 3537 2972 3599 peccatum
2999 3531 3122 3584 est?
3149 3529 3284 3586 Cum
3313 3531 3457 3584 enim
3486 3530 3555 3585 di-

1975 3635 2066 3684 cat
2100 3623 2305 3680 Judzeis
2335 3623 2403 3677 de
2426 3620 2588 3676 Patre
2619 3637 2632 3673 :
2663 3618 2725 3673 Si
2764 3619 2948 3674 dixero
2977 3620 3102 3690 quia
3146 3636 3248 3673 mm
3273 3619 3384 3674 scio
3407 3635 3558 3686 cum,

1975 3736 2065 3776 cro
2093 3717 2282 3775 similis
2300 3715 2395 3748 ²⁷²⁰
2423 3714 2563 3769 vobis
2591 3710 2818 3765 mendax
2855 3712 3037 3784 (Joan.
3068 3728 3164 3767 Vin
3183 3753 3198 3779 ,
3221 3713 3315 3784 55)
3345 3730 3358 3768 :
3387 3725 3443 3770 et
3478 3715 3564 3770 in-

1978 3821 2060 3868 ter
2086 3811 2201 3866 haec
2228 3809 2393 3864 verba
2421 3806 2566 3862 dicat
2604 3823 2618 3860 :
2670 3825 2773 3863 non
2819 3809 2926 3864 scio
2968 3824 3086 3862 eum
3120 3807 3288 3876 :quis
3333 3821 3457 3860 eum
3485 3807 3562 3861 di-

1975 3903 2166 3960 cat'm
2208 3902 2426 3958 easdem
2460 3910 2572 3956 tres
2602 3899 2914 3970 nequivisse
2963 3899 3209 3970 proferre
3254 3898 3519 3953 dictiones
3542 3935 3559 3960 ,

1974 3995 2089 4051 sive
2113 3993 2236 4049 aliis
2270 3994 2478 4058 verbis,
2529 4000 2588 4047 ut
2617 3992 2696 4049 sic
2723 3992 2963 4056 diceret,
3013 4005 3117 4043 non
3149 3990 3256 4044 scio
3293 3989 3564 4043 summ“!

1975 4086 2127 4154 Quod
2173 4085 2219 4140 si
2251 4085 2486 4148 faceret,
2518 4091 2578 4137 ut
2623 4083 2737 4153 ipse
2781 4083 2889 4145 ait,
2924 4089 3070 4135 esset
3119 4079 3383 4145 mendax,
3415 4079 3559 4148 quod

1974 4189 2058 4237 est
2110 4193 2232 4235 esse
2281 4187 2645 4248 peccatorem.
2691 4175 2892 4244 Quare,
2938 4174 3194 4244 quoniam
3228 4173 3332 4228 hoc
3356 4172 3556 4243 potuit,

1973 4283 2203 4342 peccare
2256 4267 2450 4337 potuit.
2497 4265 2628 4320 Aus.
2686 4265 2752 4320 Et
2820 4265 2923 4320 hoc
2985 4265 3166 4320 dicere
3232 4263 3436 4332 petuit;
3503 4270 3562 4315 et

295 4353 704 4411 similitudinem
754 4354 851 4412 Dei
893 4371 992 4426 per
1033 4357 1305 4427 propriam
1356 4359 1687 4416 voluntatem
1735 4377 1874 4432 praa-
1909 4374 2206 4460 Dpeccare
2259 4347 2374 4414 non'
2441 4357 2638 4428 potuit.
2695 4356 2816 4412 Bos.
2876 4353 2986 4411 Hoc
3037 4353 3393 4410 ostende’m.
3426 4352 3557 4407 Axs.

294 4457 658 4517 sumpserant.
693 4448 844 4505 Unde
879 4449 1032 4519 quasi
1079 4448 1366 4520 specialius
1394 4450 1657 4507 adversus
1683 4468 1869 4524 perso-
1910 4445 1950 4460 ν
1988 4454 2178 4512 Omnis
2236 4460 2476 4524 potestas
2525 4450 2769 4520 sequitur
2823 4447 3173 4505 voluntatem.
3225 4446 3361 4503 Cum
3413 4445 3559 4501 enim

1593 4649 1827 4707 VARIE
1862 4649 2262 4708 LECTIONES.

365 4755 852 4846 έτῗέὲἓπὶεθεὶἓξῑεε
870 4767 1078 4846 Απὲξξίέέ
1109 4757 1443 4846 sidit-"fio":-
1465 4763 1636 4846 ,νίηεε
1665 4773 1729 4846 ει.
1747 4764 1852 4821 hoc
1905 4764 2255 4846 ‘1".‘meins
2283 4763 2424 4846 tae.“
2445 4762 2646 4846 estde.
2665 4761 2875 4846 virens
2907 4761 3268 4846 °°"Xe'.'“"‘"
3293 4759 3419 4834 ’σιν
3454 4761 3558 4819 τοι·

295 4829 613 4904 minaestde
639 4829 848 4904 virgine
867 4833 1159 4904 ;_convenit
1200 4832 1296 4863 ’⁷⁸⁸
1311 4833 1416 4888 Sed
1446 4829 1513 4888 de
1534 4829 1871 4904 picturisms.
1917 4835 2106 4890 Cister.
2149 4836 2242 4890 sed
2265 4837 2409 4904 etde
2455 4829 2679 4904 picturis
2723 4831 2906 4904 q".°'ln
2932 4829 3410 4904 unitatepersona}
3428 4849 3554 4888 mss.

295 4851 613 4883 mmaestue
643 4851 881 4896 Vlrgllw;
908 4851 1159 4883 convenit
1201 4851 1416 4888 aeu
1446 4851 1513 4888 ae
1534 4851 1871 4904 picturisms.
1917 4851 2106 4890 uster.
2149 4851 2242 4890 seu
2265 4851 2319 4889 et
2343 4851 2409 4889 ue
2491 4851 2679 4889 icturis
2748 4851 2906 4899 "f-m
2932 4851 3138 4886 unitate
3165 4851 3410 4902 persona:
3428 4851 3554 4888 mss.

291 4911 338 4954 et
365 4898 508 4954 Edit.
535 4898 692 4954 Coth.
726 4898 778 4952 in
811 4898 1072 4952 unitatem
1096 4915 1337 4968 personae
1398 4905 1494 4935 ²⁷⁰⁸
1525 4904 1808 4961 Hominis:
1840 4906 1892 4960 in
1923 4923 2046 4960 mss.
2094 4914 2141 4959 et
2165 4905 2307 4959 Edit.
2342 4851 2496 4958 GOIX.
2531 4902 2767 4959 hominis
2798 4921 2812 4957 :
2847 4913 2901 4957 et
2929 4903 2981 4956 in
3054 4902 3152 4934 ³⁷⁸⁸
3183 4903 3417 4958 Locutus
3436 4919 3556 4959 sum

291 4987 409 5046 ms._
437 4968 572 5024 Vict.
719 4983 845 5046 quas
865 4969 1070 5024 locutus
1089 4985 1267 5046 _sum__
1291 4973 1386 5046 ’ξε
1414 4973 1525 5046 Hoc
1555 4985 1712 5046 tange
1739 4993 1862 5030 mss.
1905 4974 2034 5030 Vict.
2079 4975 2203 5046 [aly
2235 4985 2302 5046 et;
2328 4975 2493 5046 Edit_._
2514 4973 2676 5046 Galli.
2699 4973 2987 5046 hicutange
3059 4973 3153 5046 ""_”
3181 4972 3348 5046 Debet
3379 4973 3559 5046 incarj

295 5042 564 5114 μηνί-τηις.
597 5040 790 5094 debeat
833 5039 1115 5114 iucarnari
1144 5043 1289 5114 _A"°'-f_
1317 5044 1384 5097 Et
1430 5039 1675 5114 Spiritus
1705 5047 1879 5102 sancti
1915 5063 2040 5099 mss.
2068 5039 2214 5098 Geni.
2269 5044 2390 5098 Bec.
2449 5043 2587 5098 Vict.
2638 5043 2700 5114 ὃς
2748 5039 3055 5114 ΜὶσΙιῘειιιι
3102 5041 3337 5111 Spiritus
3383 5044 3556 5098 sancti

291 5111 386 5146 'm
411 5112 790 5186 lncarnaretur
825 5119 1033 5186 mss-aet
1069 5109 1212 5166 Edit.
1248 5111 1406 5186 Galli.
1438 5109 1750 5186 incarnetur
1893 5117 1990 5148 ²⁷¹⁰
2038 5116 2273 5186 Virginis
2297 5155 2311 5179 ,
2353 5114 2478 5186 quia
2517 5131 2615 5168 ms.
2664 5113 2789 5186 .loly
2835 5113 3092 5186 Virginis,
3144 5109 3240 5186 per
3281 5114 3554 5186 hominem

292 5183 802 5254 assumplum,qnia
876 5181 1293 5254 ’“fPersonam
1321 5184 1432 5237 alii.
1471 5185 1600 5239 Item
1632 5203 1730 5239 ms.
1773 5186 1907 5240 Vict.
1941 5187 2025 5242 19.
2062 5181 2601 5254 βοιῖδοιιθιη.Ἰιειίιηι
2665 5184 2770 5254 ᾖξ’
2804 5181 3045 5239 creditur
3072 5181 3171 5238 ms.
3203 5183 3327 5254 Joly
3357 5183 3556 5239 dicitur
3599 5231 3602 5234 .

292 5253 387 5284 ⁸⁷³³
418 5245 587 5308 Homo
614 5245 754 5305 ide-iu
784 5269 918 5324 mss._
950 5250 1084 5324 Vict.
1109 5262 1157 5306 et
1196 5253 1339 5324 Edit.
1371 5253 1528 5324 Gpth.
1565 5256 1704 5310 idem
1735 5257 1895 5311 homo
2045 5245 2140 5288 i7“
2173 5255 2284 5309 Non
2322 5256 2493 5324 possit
2530 5245 2826 5309 mss.'Vict.
2873 5255 2954 5308 19.
2995 5266 3040 5308 et
3076 5254 3220 5307 Edit.
3255 5245 3412 5307 GvotIt.
3449 5271 3552 5308 non

292 5325 501 5395 possint
572 5324 667 5355 ‘7"
699 5321 958 5395 Sicutalii
989 5339 1113 5395 mss.
1143 5334 1189 5377 et
1222 5323 1365 5377 Edit.
1395 5321 1551 5378 Gotli.
1585 5327 1720 5380 sicut
1749 5342 1937 5382 omnes
1967 5325 2056 5380 alii
2133 5327 2225 5357 ²⁷¹⁶
2257 5321 2408 5381 Nunc
2444 5326 2770 5395 investigare
2807 5341 2904 5379 ms.
2943 5325 3066 5393 Joly
3097 5340 3200 5378 non
3230 5325 3556 5395 investigare

293 5393 384 5426 ³⁷⁸⁷
415 5392 556 5448 Deus
581 5395 686 5448 erit
707 5410 801 5447 ms.
843 5391 981 5446 Vict.
1006 5392 1092 5448 19.
1126 5395 1272 5446 omit.
1303 5395 1426 5448 erit.
1577 5397 1670 5431 ³⁷⁸⁸
1701 5396 1907 5452 Dicitur
1933 5437 1948 5462 ,
1993 5408 2050 5450 ut
2089 5397 2232 5452 enim
2271 5413 2395 5450 mss.
2437 5405 2484 5450 et
2530 5391 2674 5448 [ἱάίιῖ
2719 5393 2875 5448 Goth.
2911 5391 3126 5456 dicitur,
3170 5391 3383 5449 diliicile
3405 5391 3555 5449 credi

291 5463 488 5535 debere
517 5464 748 5535 videtur.
784 5463 855 5518 Ut
884 5463 1026 5535 enim
1104 5465 1198 5535 ’Ψ
1236 5463 1520 5534 Nunquam
1565 5467 1760 5522 fuisset
1806 5485 1931 5522 mss.
1965 5481 2011 5522 et
2067 5467 2210 5520 Edit.
2244 5466 2400 5520 (loth.
2435 5480 2708 5535 nunquam
2741 5464 2902 5535 fuerit
2971 5465 3066 5496 ²⁷²⁰
3105 5465 3163 5519 Εἰ
3193 5465 3382 5519 similis
3426 5482 3552 5518 mss.

289 5541 338 5585 ct
372 5531 515 5607 Edit.
548 5531 898 5607 Goth._omit_t.
927 5534 975 5586 ei
1054 5535 1145 5607 3”?
1177 5534 1310 5588 Eum
1346 5531 1487 5607 dicat
1515 5552 1641 5607 mss.
1668 5537 1791 5607 Joly
1825 5537 1955 5593 Vict.
2013 5538 2064 5595 5.
2115 5551 2157 5593 et
2203 5538 2288 5593 19.
2340 5554 2462 5593 eum
2511 5531 2653 5592 dicet
2727 5536 2820 5567 ³⁷²²
2861 5534 2974 5592 Non
3013 5536 3124 5591 scio
3155 5549 3276 5590 cum
3307 5551 3403 5588 ms.
3429 5535 3556 5606 July

292 5602 474 5657 nescio
495 5617 620 5656 eum
692 5604 786 5634 ’⁷³³
820 5602 929 5658 lloc
947 5606 1170 5661 ostende
1202 5621 1297 5660 ms.
1345 5603 1474 5661 Vict.
1513 5606 1595 5661 19.
1631 5602 1780 5662 omit:
1824 5609 1924 5663 hoc
